price,volume,timestamp
109.6875,1,14:20:03.380626885
109.7031,1,14:20:12.506488246
109.7031,1,14:20:12.571229745
109.6875,25,14:20:17.524722987
109.6875,3,14:20:19.573722744
109.6875,25,14:20:31.413387237
109.6875,62,14:20:58.218129916
109.6875,1,14:21:08.285175360
109.6875,1,14:21:11.037512257
109.6875,11,14:21:17.233706370
109.6875,12,14:21:25.369368293
109.6875,4,14:21:25.372932768
109.6875,100,14:21:25.373447837
109.6875,2,14:21:25.375208289
109.6875,4,14:21:25.375715134
109.6875,1,14:21:25.378541472
109.6875,1492,14:21:25.379204943
109.6875,1,14:21:25.380741495
109.6875,1,14:21:25.380822046
109.6875,7,14:21:25.381090197
109.6875,3,14:21:25.384442807
109.6875,20,14:21:25.384476530
109.6875,40,14:21:25.384522249
109.6875,40,14:21:25.384563645
109.6875,80,14:21:25.384684076
109.6875,1,14:21:25.384684076
109.6875,74,14:21:25.384736129
109.6875,63,14:21:25.385102716
109.6875,5,14:21:25.385265007
109.6875,1,14:21:25.385318397
109.6875,3,14:21:25.385531934
109.6875,27,14:21:25.385866206
109.6875,6,14:21:25.385893458
109.6875,10,14:21:25.385923445
109.6875,5,14:21:25.385954002
109.6875,1,14:21:25.385999319
109.6875,1,14:21:25.386103020
109.6875,1,14:21:25.386120294
109.6875,6,14:21:25.386241212
109.6875,5,14:21:25.386511391
109.6875,10,14:21:25.386624772
109.6875,1,14:21:25.386650936
109.6875,1,14:21:25.386772608
109.6875,3,14:21:25.386839144
109.6875,1,14:21:25.386960584
109.6875,1,14:21:25.387013055
109.6875,3,14:21:25.387028625
109.6875,2,14:21:25.387570685
109.6875,1,14:21:25.390056256
109.6875,1,14:21:25.390126427
109.6875,1,14:21:25.390618270
109.6875,1,14:21:25.390861542
109.6875,1,14:21:25.391036803
109.6875,1,14:21:25.391206797
109.6875,1,14:21:25.392201966
109.6875,2,14:21:25.392422809
109.6875,1,14:21:25.392504263
109.6875,1,14:21:25.392524340
109.6875,5,14:21:25.392646224
109.6875,1,14:21:25.393072940
109.6875,1,14:21:25.394405959
109.6875,1,14:21:25.395151168
109.6875,1,14:21:25.400399350
109.6875,3,14:21:25.410178648
109.6875,7,14:21:25.433212075
109.6875,16,14:21:27.172369183
109.6875,9,14:21:33.041939659
109.6875,1,14:21:36.416829188
109.6875,450,14:21:38.023888323
109.6875,1,14:21:38.024163631
109.6875,1,14:21:38.024503024
109.6875,1,14:21:38.024663020
109.6875,1,14:21:38.025107372
109.7031,10,14:21:43.253550601
109.6875,1,14:21:54.193105106
109.6875,1,14:22:02.117881541
109.7031,1,14:22:22.100298295
109.7031,1,14:22:30.084103315
109.6875,1,14:22:35.436271469
109.7031,1,14:22:37.023666678
109.6875,1,14:22:53.176715419
109.7031,1,14:22:59.734522064
109.6875,1,14:23:03.622450850
109.6875,1,14:23:04.310860894
109.7031,3,14:23:13.669837524
109.7031,2,14:23:17.920743477
109.6875,1,14:23:18.038128514
109.6875,1,14:23:18.461745581
109.7031,100,14:23:31.329976226
109.7031,1,14:23:36.056963010
109.7031,19,14:23:37.298981524
109.7031,25,14:23:37.299362736
109.7031,6,14:23:38.110736841
109.7031,6,14:23:38.110872194
109.7031,7,14:23:38.110975264
109.7031,6,14:23:38.427081488
109.7031,6,14:23:38.921662581
109.6875,1,14:23:44.235291653
109.6875,200,14:23:45.933505148
109.6875,1,14:23:47.564283774
109.7031,13,14:23:48.005881694
109.7031,2,14:23:54.217040711
109.6875,1,14:24:05.672827491
109.6875,150,14:24:09.022545011
109.7031,2,14:24:12.378280564
109.6875,2,14:24:29.857260336
109.7031,2,14:24:30.564672161
109.6875,1,14:24:35.235360768
109.7031,1,14:24:48.701132751
109.6875,1,14:25:00.010535530
109.6875,2,14:25:00.103816210
109.7031,2,14:25:06.861099043
109.7031,1,14:25:09.418938058
109.6875,47,14:25:13.113752912
109.6875,1,14:25:15.010939630
109.6875,1,14:25:23.519613341
109.6875,49,14:25:25.941352040
109.6875,1,14:25:26.186548490
109.6875,1,14:25:30.012209699
109.6875,12,14:25:32.874059744
109.6875,49,14:25:39.315147243
109.7031,3,14:25:39.960513605
109.7031,2,14:25:43.183490316
109.6875,1,14:25:45.011474198
109.6875,49,14:25:52.691029036
109.6875,200,14:25:58.454175417
109.6875,1,14:25:58.455339843
109.6875,1,14:25:58.455784611
109.6875,1,14:26:00.012102963
109.7031,2,14:26:01.369892923
109.6875,1,14:26:03.915042791
109.6875,2,14:26:04.778338164
109.6875,48,14:26:06.065557089
109.6875,9,14:26:09.077128143
109.6875,1,14:26:12.041044578
109.6875,1,14:26:13.088635245
109.6875,1,14:26:15.012260764
109.6875,1,14:26:17.044013340
109.6875,8,14:26:17.224828420
109.6875,51,14:26:19.167409721
109.6875,9,14:26:23.356538859
109.6875,1,14:26:30.012759262
109.6875,50,14:26:33.088220888
109.7031,2,14:26:37.666334727
109.6875,1,14:26:45.012141776
109.6875,53,14:26:46.735037260
109.6875,1,14:27:00.013451142
109.6875,51,14:27:01.200444473
109.6875,1,14:27:15.012596622
109.6875,48,14:27:15.119716755
109.6875,47,14:27:28.221763979
109.6875,1,14:27:30.012061513
109.7031,2,14:27:32.174270177
109.6875,15,14:27:33.977675652
109.6875,47,14:27:41.050945869
109.6875,1,14:27:45.012958159
109.7031,1,14:27:50.310418953
109.6875,44,14:27:53.878419673
109.6875,1,14:28:00.012587274
109.6875,53,14:28:05.887702553
109.7031,2,14:28:08.471719135
109.6875,1,14:28:15.013712500
109.6875,48,14:28:20.354039988
109.6875,19,14:28:20.468950826
109.6875,24,14:28:21.796267147
109.6875,15,14:28:26.568515131
109.7031,2,14:28:26.632814040
109.6875,1,14:28:30.013887807
109.6875,1,14:28:32.466068352
109.6875,51,14:28:33.455134473
109.6875,1,14:28:33.466025594
109.6875,1,14:28:41.460845769
109.6875,200,14:28:41.959666029
109.6875,1,14:28:41.959845591
109.6875,137,14:28:41.960097788
109.6875,1,14:28:41.961194942
109.6875,1,14:28:41.961362162
109.6875,1,14:28:41.961758170
109.7031,2,14:28:44.818288699
109.6875,1,14:28:45.014636428
109.6875,32,14:28:45.555371380
109.6875,53,14:28:47.375016139
109.6875,2,14:28:52.142452493
109.6875,1,14:28:56.239911523
109.7031,13,14:28:58.006148069
109.7031,3,14:28:59.906165594
109.6875,1,14:29:00.014133898
109.6875,46,14:29:01.841036185
109.6875,1,14:29:01.841111177
109.6875,47,14:29:02.395099509
109.7031,1,14:29:02.954644640
109.6875,1,14:29:08.043635209
109.6875,48,14:29:14.397036938
109.6875,1,14:29:15.014903337
109.7031,3,14:29:21.140898276
109.7031,1,14:29:23.803087254
109.6875,45,14:29:27.497480598
109.6875,1,14:29:30.015565648
109.7031,4,14:29:39.301114923
109.6875,21,14:29:39.779921042
109.6875,1,14:29:45.011283279
109.6875,48,14:29:45.512901348
109.6875,1,14:29:50.011242822
109.6875,1,14:29:50.519060397
109.7031,4,14:29:57.462201488
109.7031,1,14:30:02.792012939
109.7031,1,14:30:02.822664932
109.6875,6,14:30:10.061057288
109.7031,10,14:30:10.945868211
109.6875,13,14:30:26.963631483
109.6875,1,14:30:28.934662840
109.7031,3,14:30:36.771170800
109.6875,2,14:31:15.806590646
109.6875,12,14:31:25.174396497
109.6875,1,14:31:45.005844697
109.7031,318,14:31:55.213035079
109.6875,65,14:32:11.395145126
109.7031,13,14:32:12.006225330
109.6875,5,14:32:14.892990144
109.6875,5,14:32:14.899089266
109.6875,2,14:32:14.901307148
109.6875,65,14:32:14.902179997
109.6875,78,14:32:14.902464678
109.6875,36,14:32:14.902712453
109.6875,1,14:32:14.902875890
109.6875,5,14:32:14.903066639
109.6875,78,14:32:14.903274883
109.6875,1,14:32:14.903444000
109.6875,1,14:32:14.903573301
109.6875,5,14:32:14.903802827
109.6875,1,14:32:14.903802827
109.6875,34,14:32:14.903856770
109.6875,1,14:32:14.904054239
109.6875,1,14:32:14.904140897
109.6875,70,14:32:14.904537155
109.6875,1,14:32:14.905022583
109.6875,3,14:32:14.905067265
109.6875,3,14:32:14.905114969
109.6875,78,14:32:14.905146726
109.6875,16,14:32:14.905245822
109.6875,1,14:32:14.905277919
109.6875,1,14:32:14.905499449
109.6875,1,14:32:14.905811210
109.6875,2,14:32:14.905909807
109.6875,1,14:32:14.905960070
109.6875,1,14:32:14.906071708
109.6875,1,14:32:14.906123783
109.6875,1,14:32:14.906216591
109.6875,257,14:32:14.906893462
109.6875,7,14:32:14.907555824
109.6875,100,14:32:14.907754794
109.6875,7,14:32:14.907861334
109.6875,1,14:32:14.907904183
109.6875,1,14:32:14.908043494
109.6875,1,14:32:14.908097720
109.6875,1,14:32:14.908510899
109.6875,73,14:32:14.908520540
109.6875,78,14:32:14.908632595
109.6875,1,14:32:14.908738667
109.6875,3,14:32:14.908833409
109.6875,5,14:32:14.908875908
109.6875,140,14:32:14.909004529
109.6875,49,14:32:14.909050600
109.6875,1,14:32:14.909232729
109.6875,28,14:32:14.909473638
109.6875,4,14:32:14.910540118
109.6875,25,14:32:14.910653048
109.6875,51,14:32:14.912925613
109.6875,1,14:32:14.913513900
109.6875,1,14:32:14.913816427
109.6875,4,14:32:14.914118200
109.6875,2,14:32:14.914325721
109.6875,1,14:32:14.914670704
109.6875,2,14:32:14.914869191
109.6875,2,14:32:14.914950303
109.6875,2,14:32:14.915055073
109.6875,1,14:32:14.915212577
109.6875,41,14:32:14.917273223
109.6875,2,14:32:14.919832997
109.6875,928,14:32:14.920219427
109.6875,1,14:32:14.922168299
109.6875,2,14:32:14.922214482
109.6875,5,14:32:14.923784513
109.6875,1,14:32:14.927358266
109.6875,1,14:32:14.927555680
109.6875,1,14:32:14.927629407
109.6875,2,14:32:14.927718721
109.6875,1,14:32:14.927740395
109.6875,1,14:32:14.927764639
109.6875,1,14:32:14.928181348
109.6875,61,14:32:14.928627437
109.6875,143,14:32:14.928721697
109.6875,44,14:32:14.928822704
109.6875,3,14:32:14.928950087
109.6875,1,14:32:14.929482158
109.6875,1,14:32:14.929641192
109.6875,5,14:32:14.935937146
109.6875,6,14:32:14.936130539
109.6875,3,14:32:14.942160875
109.6875,46,14:32:15.920285314
109.6875,381,14:32:16.069134873
109.6875,10,14:32:16.189369787
109.6875,6,14:32:43.234454750
109.6719,1,14:32:43.942454527
109.6719,1,14:32:43.942466934
109.6719,1,14:32:46.412341885
109.6875,1,14:32:51.440866192
109.6719,87,14:32:54.724925480
109.6719,37,14:32:58.088300473
109.6719,1,14:32:58.090073751
109.6719,2,14:32:58.092184536
109.6719,194,14:32:58.092994741
109.6719,7,14:32:58.094339830
109.6719,1,14:32:58.094482646
109.6719,1,14:32:58.094576865
109.6719,5,14:32:58.094576865
109.6719,1,14:32:58.094617605
109.6719,1,14:32:58.094732123
109.6719,3,14:32:58.094782578
109.6719,1,14:32:58.094816156
109.6719,6,14:32:58.095002502
109.6719,20,14:32:58.095002502
109.6719,5,14:32:58.095100758
109.6719,1,14:32:58.095398549
109.6719,80,14:32:58.095398549
109.6719,14,14:32:58.095667656
109.6719,1,14:32:58.096236213
109.6719,8,14:32:58.096468283
109.6719,14,14:32:58.096557647
109.6719,1,14:32:58.096687522
109.6719,5,14:32:58.096853810
109.6719,2,14:32:58.096936564
109.6719,1,14:32:58.096936564
109.6719,1,14:32:58.097246142
109.6719,1,14:32:58.097705966
109.6719,1,14:32:58.099418995
109.6719,4,14:32:58.099812037
109.6719,3,14:32:58.100174860
109.6719,17,14:32:58.100300562
109.6719,1,14:32:58.100510864
109.6719,1,14:32:58.106517429
109.6719,13,14:32:58.185129176
109.6719,2,14:32:58.266866675
109.6719,2,14:32:58.266915613
109.6719,94,14:33:00.975358631
109.6719,1,14:33:00.975795027
109.6719,2,14:33:00.976587520
109.6719,2,14:33:00.979454435
109.6719,9,14:33:00.980021829
109.6719,12,14:33:01.015165665
109.6719,1,14:33:01.015369813
109.6719,35,14:33:07.157717959
109.6875,2,14:33:08.712460416
109.6719,1,14:33:13.588968503
109.6875,1,14:33:24.489698711
109.6719,2,14:33:31.013653298
109.6719,25,14:33:35.250372007
109.6875,1,14:33:40.339053165
109.6719,1,14:33:42.806488266
109.6719,2,14:33:52.105071988
109.6719,13,14:33:52.135372807
109.6875,2,14:33:56.083137419
109.6875,1,14:33:56.164367154
109.6719,1,14:33:58.487985718
109.6875,1,14:34:13.020809160
109.6719,3,14:34:19.417408566
109.6719,23,14:34:23.043243105
109.6875,1,14:34:31.992707616
109.6875,1,14:34:35.699814087
109.6719,6,14:34:38.342054683
109.6719,12,14:34:39.172962893
109.6719,12,14:34:39.173197445
109.6719,1,14:34:39.192123007
109.6719,13,14:34:39.197272730
109.6719,13,14:34:39.197626788
109.6719,3,14:34:39.209370670
109.6719,12,14:34:39.265951141
109.6719,13,14:34:39.291318792
109.6719,12,14:34:39.325605947
109.6719,13,14:34:39.359486928
109.6719,12,14:34:39.375244925
109.6719,20,14:34:39.404591773
109.6719,13,14:34:39.404619175
109.6719,12,14:34:39.433613701
109.6719,13,14:34:39.466674291
109.6719,12,14:34:39.499639758
109.6875,1,14:34:39.501128224
109.6719,13,14:34:39.525195464
109.6719,1,14:34:40.346337066
109.6719,12,14:34:40.371454190
109.6719,1,14:34:45.006078425
109.6719,113,14:34:45.146282491
109.6719,1,14:34:45.151708882
109.6719,1,14:34:45.152141819
109.6719,1,14:34:45.153183948
109.6719,190,14:34:45.153482905
109.6719,50,14:34:45.153665299
109.6719,33,14:34:45.153665299
109.6719,1,14:34:45.153694656
109.6719,1,14:34:45.153789129
109.6719,2,14:34:45.153817536
109.6719,1,14:34:45.153817536
109.6719,4,14:34:45.154407717
109.6719,100,14:34:45.156173235
109.6719,2,14:34:45.157751238
109.6719,1,14:34:45.157840894
109.6719,6,14:34:45.157846612
109.6719,1,14:34:45.157901665
109.6719,1,14:34:45.159267745
109.6719,1,14:34:45.159346831
109.6719,1,14:34:45.159461189
109.6719,1,14:34:45.159826576
109.6719,1,14:34:45.163131973
109.6719,4,14:34:45.166967365
109.6875,1,14:34:45.167242590
109.6719,2,14:34:45.167348228
109.6719,5,14:34:45.167719605
109.6719,13,14:34:45.175801259
109.6719,54,14:34:45.177682084
109.6719,12,14:34:45.202296101
109.6719,1,14:34:45.228089130
109.6719,12,14:34:45.293678241
109.6719,300,14:34:47.629148866
109.6719,41,14:34:47.726524472
109.6719,2,14:34:47.731081200
109.6719,2,14:34:47.731116701
109.6719,25,14:34:55.478469367
109.6719,1,14:35:03.793111029
109.6875,1,14:35:09.780403305
109.6719,1,14:35:19.149479010
109.6719,5,14:35:22.926998821
109.6875,1,14:35:26.809018913
109.6719,2,14:35:30.448478999
109.6719,33,14:35:44.186525780
109.6875,1,14:35:44.991703200
109.6875,1,14:35:49.487784670
109.6875,1,14:36:06.514882872
109.6875,3,14:36:16.482099124
109.6875,1,14:36:23.568320447
109.6719,1,14:36:35.708457475
109.6875,1,14:36:40.596766159
109.6875,3,14:36:45.271425240
109.6875,1,14:36:57.625242419
109.6719,2,14:37:19.380053451
109.6875,1,14:37:20.303179175
109.6875,1,14:37:29.992085625
109.6875,1,14:37:37.331429969
109.6719,70,14:37:50.785592279
109.6719,150,14:37:53.201648746
109.6875,1,14:37:54.384642285
109.6719,451,14:38:08.701141250
109.6875,1,14:38:10.755636059
109.6875,1,14:38:11.413332176
109.6719,1,14:38:22.154221354
109.6719,2,14:38:27.819621527
109.6719,1,14:38:27.967911451
109.6719,1,14:38:31.035526522
109.6875,1,14:38:34.091261809
109.6719,100,14:38:39.253925362
109.6719,100,14:38:47.628991838
109.6875,1,14:38:48.886665613
109.6875,13,14:38:51.005519540
109.6875,1,14:38:51.119455917
109.6875,1,14:38:59.050814342
109.6875,24,14:39:03.180402361
109.6719,1,14:39:07.288197192
109.6875,1,14:39:08.172899710
109.6719,1,14:39:09.200449526
109.6875,3,14:39:17.047241473
109.6719,11,14:39:19.395195635
109.6875,1,14:39:21.991500122
109.6719,2,14:39:22.134398222
109.6875,1,14:39:25.200100916
109.6875,64,14:39:27.505732824
109.6719,2,14:39:30.508338190
109.6719,50,14:39:31.434676558
109.6719,59,14:39:37.601393340
109.6875,1,14:39:39.257192766
109.6719,10,14:39:41.401394387
109.6875,1,14:39:42.228472337
109.6719,1,14:39:42.392866459
109.6875,1,14:39:42.481353964
109.6719,1,14:39:44.129899305
109.6719,17,14:39:58.009807747
109.6719,6,14:40:00.819587772
109.6719,128,14:40:00.839826370
109.6719,100,14:40:00.840013394
109.6719,6,14:40:00.840070889
109.6719,5,14:40:00.840543769
109.6719,2,14:40:00.840619541
109.6719,1,14:40:00.841225127
109.6719,3,14:40:00.841421415
109.6719,2,14:40:00.841505156
109.6719,6,14:40:00.841619900
109.6719,7,14:40:00.841998164
109.6719,2,14:40:00.842170151
109.6719,1,14:40:00.842460780
109.6719,10,14:40:00.842589689
109.6719,10,14:40:00.842748450
109.6719,7,14:40:00.842896867
109.6719,12,14:40:00.843433091
109.6719,3,14:40:00.844092381
109.6719,1,14:40:00.844427345
109.6719,15,14:40:00.844837311
109.6719,1,14:40:00.844873587
109.6719,1,14:40:00.844905883
109.6719,105,14:40:00.845140934
109.6719,8,14:40:00.845253352
109.6719,1,14:40:00.845253352
109.6719,1,14:40:00.845337335
109.6719,1,14:40:00.845370901
109.6719,1,14:40:00.845412136
109.6719,3,14:40:00.845561877
109.6719,1,14:40:00.845688315
109.6719,39,14:40:00.845724891
109.6719,260,14:40:00.845936579
109.6719,1,14:40:00.846453277
109.6719,5,14:40:00.846536034
109.6719,129,14:40:00.846790657
109.6719,10,14:40:00.847476334
109.6719,1,14:40:00.847697421
109.6719,59,14:40:00.847982828
109.6719,1,14:40:00.847997421
109.6719,1,14:40:00.848084536
109.6719,4,14:40:00.848124719
109.6719,2,14:40:00.848139520
109.6719,1,14:40:00.848235451
109.6719,41,14:40:00.848530286
109.6719,6,14:40:00.848584911
109.6719,3,14:40:00.848667715
109.6719,1,14:40:00.848694765
109.6719,12,14:40:00.848734444
109.6719,83,14:40:00.849757152
109.6719,4,14:40:00.849874876
109.6719,5,14:40:00.850026306
109.6719,20,14:40:00.850073539
109.6719,3,14:40:00.850096291
109.6719,3,14:40:00.850142583
109.6719,60,14:40:00.850271646
109.6719,2,14:40:00.850338290
109.6719,10,14:40:00.850382179
109.6719,23,14:40:00.850522454
109.6719,2,14:40:00.850522454
109.6719,7,14:40:00.850549392
109.6719,14,14:40:00.850575725
109.6719,5,14:40:00.850612894
109.6719,1,14:40:00.850656818
109.6719,13,14:40:00.850779669
109.6719,3,14:40:00.850815295
109.6719,1,14:40:00.850846482
109.6719,3,14:40:00.850888953
109.6719,2,14:40:00.850918107
109.6719,148,14:40:00.851122222
109.6719,70,14:40:00.855162294
109.6719,1,14:40:00.858034109
109.6719,21,14:40:00.859620186
109.6719,5,14:40:00.861283531
109.6719,4,14:40:00.861829417
109.6719,12,14:40:00.862417315
109.6719,34,14:40:00.862922329
109.6719,88,14:40:00.862954775
109.6719,2,14:40:00.863246186
109.6719,25,14:40:00.863353574
109.6719,4,14:40:00.863493365
109.6719,1,14:40:00.863826530
109.6719,42,14:40:00.864113361
109.6719,1,14:40:00.864378080
109.6719,123,14:40:00.864444584
109.6719,1,14:40:00.864743025
109.6719,1,14:40:00.864838093
109.6719,310,14:40:00.865368997
109.6719,114,14:40:00.865804410
109.6719,1,14:40:00.867796876
109.6719,107,14:40:00.867914679
109.6719,28,14:40:00.868452725
109.6719,39,14:40:00.868698417
109.6719,2,14:40:00.868721697
109.6719,39,14:40:00.868785133
109.6719,1,14:40:00.869006161
109.6719,70,14:40:00.869075106
109.6719,5,14:40:00.869146765
109.6719,70,14:40:00.869178609
109.6719,5,14:40:00.869230607
109.6719,5,14:40:00.869326894
109.6719,3,14:40:00.869402454
109.6719,5,14:40:00.869433168
109.6719,1,14:40:00.870510767
109.6719,28,14:40:00.871121581
109.6719,78,14:40:00.871370689
109.6719,12,14:40:00.876809064
109.6719,2,14:40:00.877613502
109.6719,12,14:40:00.891186512
109.6719,78,14:40:00.891439548
109.6719,2,14:40:00.891499018
109.6719,1,14:40:00.891515312
109.6719,6,14:40:00.891766834
109.6719,62,14:40:00.891833209
109.6719,70,14:40:00.891989693
109.6719,3,14:40:00.892046872
109.6719,23,14:40:00.892108432
109.6719,70,14:40:00.892323236
109.6719,39,14:40:00.892440000
109.6719,5,14:40:00.892524267
109.6719,7,14:40:00.892643985
109.6719,1,14:40:00.892721541
109.6719,3,14:40:00.892759599
109.6719,140,14:40:00.893061967
109.6719,39,14:40:00.893243258
109.6719,12,14:40:00.893433095
109.6719,12,14:40:00.900832828
109.6719,1819,14:40:02.175632891
109.6719,15,14:40:02.177958016
109.6719,1,14:40:02.178171759
109.6719,1,14:40:02.178342370
109.6719,3,14:40:02.178582894
109.6719,1,14:40:02.178949707
109.6719,1,14:40:02.179064333
109.6719,12,14:40:02.179236215
109.6719,4,14:40:02.248704096
109.6719,4,14:40:02.249498716
109.6719,1,14:40:02.249576053
109.6719,2,14:40:02.249652656
109.6719,1,14:40:02.249787384
109.6719,3,14:40:02.249787384
109.6719,1,14:40:02.249826855
109.6719,1,14:40:02.250005610
109.6719,21,14:40:02.250337332
109.6719,1,14:40:02.250377643
109.6719,1,14:40:02.250437941
109.6719,500,14:40:10.402284241
109.6563,25,14:40:15.969588910
109.6563,200,14:40:15.969605217
109.6563,1,14:40:15.993660336
109.6719,1,14:40:21.960948567
109.6719,39,14:40:23.770161206
109.6719,39,14:40:23.770307622
109.6719,9,14:40:23.770353513
109.6719,5,14:40:23.771292243
109.6719,5,14:40:23.771411215
109.6719,18,14:40:23.771499564
109.6719,28,14:40:23.772916174
109.6719,26,14:40:23.772978245
109.6719,50,14:40:23.772978245
109.6719,2,14:40:23.773102120
109.6719,22,14:40:23.773102120
109.6719,40,14:40:23.773172463
109.6719,2,14:40:23.774289503
109.6719,36,14:40:23.774289503
109.6719,1,14:40:23.774415366
109.6719,44,14:40:23.774663255
109.6719,34,14:40:23.774746380
109.6719,22,14:40:23.774812691
109.6719,1,14:40:23.774858701
109.6719,138,14:40:23.775345752
109.6719,137,14:40:23.775527977
109.6719,57,14:40:23.775611885
109.6719,4,14:40:23.775743792
109.6719,1,14:40:23.775798951
109.6719,3,14:40:23.775840325
109.6719,7,14:40:23.776506479
109.6719,1,14:40:23.776599658
109.6719,2,14:40:23.776615646
109.6719,2,14:40:23.776705917
109.6719,1,14:40:23.776730221
109.6719,2,14:40:23.776877453
109.6719,1,14:40:23.776916814
109.6719,13,14:40:23.777381329
109.6719,2,14:40:23.777554366
109.6719,44,14:40:23.777554366
109.6719,1,14:40:23.777622834
109.6719,34,14:40:23.777793427
109.6719,38,14:40:23.777837415
109.6719,22,14:40:23.777909009
109.6719,1,14:40:23.778092524
109.6719,1,14:40:23.778241612
109.6719,1,14:40:23.778376367
109.6719,1,14:40:23.778630979
109.6719,2,14:40:23.778869234
109.6719,4,14:40:23.778923100
109.6719,1,14:40:23.779189858
109.6719,38,14:40:23.780459704
109.6719,1,14:40:23.781749590
109.6719,1,14:40:23.781810720
109.6719,1,14:40:23.781953872
109.6719,1,14:40:23.806641528
109.6719,38,14:40:23.848316009
109.6719,1,14:40:23.848673706
109.6719,1,14:40:23.848705761
109.6719,38,14:40:23.848930095
109.6719,1,14:40:23.849158430
109.6719,1,14:40:23.849189822
109.6719,2,14:40:23.849268947
109.6719,38,14:40:23.849625040
109.6719,1,14:40:23.849709100
109.6719,1,14:40:23.849857596
109.6719,2,14:40:23.856725555
109.6719,2,14:40:23.915093268
109.6719,2,14:40:23.923052184
109.6719,2,14:40:23.963158912
109.6719,5,14:40:23.999955797
109.6719,1,14:40:24.000341207
109.6719,1,14:40:24.000761740
109.6719,1,14:40:24.027598636
109.6719,2,14:40:24.027844561
109.6719,4,14:40:24.027949222
109.6719,15,14:40:24.028027617
109.6719,19,14:40:24.028099680
109.6719,1,14:40:24.028151476
109.6719,2,14:40:24.028151476
109.6719,6,14:40:24.028178715
109.6719,5,14:40:24.028234249
109.6719,1,14:40:24.028301335
109.6719,1,14:40:24.028331486
109.6719,1,14:40:24.028364485
109.6719,1,14:40:24.028413573
109.6719,3,14:40:24.028790890
109.6719,5,14:40:25.826950905
109.6719,1,14:40:25.828809202
109.6563,1,14:40:27.354531933
109.6563,50,14:40:34.235394161
109.6719,1,14:40:38.988224634
109.6563,25,14:40:41.456910282
109.6719,1,14:40:42.304350972
109.6719,350,14:40:45.158917180
109.6719,9,14:40:45.165491065
109.6719,4,14:40:45.166356437
109.6719,1,14:40:45.166377336
109.6719,1,14:40:45.166412607
109.6719,1,14:40:45.166584639
109.6719,24,14:40:45.166605910
109.6719,1,14:40:45.166676804
109.6719,8,14:40:45.166746671
109.6719,3,14:40:45.166833758
109.6719,1,14:40:45.167056233
109.6719,1,14:40:45.167370662
109.6719,1,14:40:45.167678620
109.6719,1,14:40:45.168112177
109.6719,3,14:40:45.171811318
109.6719,2,14:40:45.175555601
109.6719,1,14:40:45.175620648
109.6719,1,14:40:45.176749100
109.6563,1,14:40:45.610064035
109.6719,1,14:41:00.048592234
109.6563,43,14:41:07.109715423
109.6563,1,14:41:11.269441799
109.6719,1,14:41:13.992242927
109.6719,1,14:41:30.631495947
109.6563,1,14:41:36.920797110
109.6563,23,14:41:45.887965209
109.6719,5,14:41:45.910956987
109.6719,140,14:41:47.583962474
109.6719,121,14:41:47.584749232
109.6719,1,14:41:47.586249656
109.6719,1,14:41:47.586381834
109.6719,19,14:41:47.586381834
109.6719,5,14:41:48.715923539
109.6719,5,14:41:52.339042136
109.6719,1,14:41:53.587618551
109.6719,5,14:41:54.385549690
109.6563,1,14:42:02.564710184
109.6563,1,14:42:14.285097486
109.6719,1,14:42:16.569096460
109.6563,2,14:42:22.111357915
109.6563,2,14:42:25.292262681
109.6563,1,14:42:28.197547325
109.6719,6,14:42:34.912866714
109.6719,1,14:42:35.245649119
109.6719,5,14:42:35.245878122
109.6719,7,14:42:35.255625365
109.6719,14,14:42:35.255916852
109.6719,5,14:42:35.256082612
109.6719,1,14:42:35.256160691
109.6719,1,14:42:35.256213430
109.6719,18,14:42:35.256248539
109.6719,3,14:42:35.256419701
109.6719,1,14:42:35.256489273
109.6719,1,14:42:35.256704979
109.6719,4,14:42:35.256774322
109.6719,4,14:42:35.321503369
109.6719,41,14:42:35.321760968
109.6719,1,14:42:35.321973615
109.6719,4,14:42:35.322024746
109.6719,4,14:42:35.330240297
109.6719,8,14:42:35.366882171
109.6719,3,14:42:35.408814321
109.6719,1,14:42:35.410407831
109.6719,5,14:42:35.422052078
109.6719,2,14:42:35.430831561
109.6719,1,14:42:35.457583267
109.6719,1,14:42:39.524609599
109.6563,1,14:42:43.790068127
109.6719,2,14:42:45.298473505
109.6719,400,14:42:49.724259387
109.6719,1,14:42:49.725160311
109.6719,3,14:42:49.725684308
109.6719,2,14:42:49.725755606
109.6719,2,14:42:49.726669787
109.6719,2,14:42:49.726854434
109.6719,2,14:42:49.726886662
109.6719,2,14:42:49.726902099
109.6719,6,14:42:49.726954571
109.6719,8,14:42:49.727001945
109.6719,93,14:42:49.727262506
109.6719,1,14:42:49.727648114
109.6719,20,14:42:49.727853600
109.6719,1,14:42:49.728216669
109.6719,2,14:42:49.728325088
109.6719,1,14:42:49.728377402
109.6719,76,14:42:49.728475740
109.6719,1,14:42:49.728514996
109.6719,1,14:42:49.728550369
109.6719,1,14:42:49.728623177
109.6719,1,14:42:49.728626537
109.6719,1,14:42:49.728656711
109.6719,1,14:42:49.728719246
109.6719,1,14:42:49.728751413
109.6719,1,14:42:49.728789854
109.6719,1,14:42:49.728861795
109.6719,1,14:42:49.728895512
109.6719,1,14:42:49.728966442
109.6719,1,14:42:49.728995706
109.6719,1,14:42:49.729038731
109.6719,1,14:42:49.729077726
109.6719,1,14:42:49.729122746
109.6719,1,14:42:49.729160708
109.6719,1,14:42:49.729229291
109.6719,25,14:42:49.729235999
109.6719,3,14:42:49.729258758
109.6719,1,14:42:49.729350452
109.6719,2,14:42:49.729403007
109.6719,1,14:42:49.729449706
109.6719,2,14:42:49.729773238
109.6719,70,14:42:49.729794638
109.6719,1,14:42:49.730263780
109.6719,1,14:42:49.730387658
109.6719,11,14:42:49.730642641
109.6719,3,14:42:49.730750340
109.6719,11,14:42:49.730856492
109.6719,1,14:42:49.730897501
109.6719,1,14:42:49.730971413
109.6719,1,14:42:49.730991698
109.6719,1,14:42:49.731051025
109.6719,1,14:42:49.731078209
109.6719,1,14:42:49.731139794
109.6719,1,14:42:49.731179270
109.6719,1,14:42:49.731227825
109.6719,1,14:42:49.731256196
109.6719,1,14:42:49.731291390
109.6719,1,14:42:49.731304184
109.6719,1,14:42:49.731333528
109.6719,1,14:42:49.731387930
109.6719,1,14:42:49.731419419
109.6719,1,14:42:49.731452565
109.6719,1,14:42:49.731496790
109.6719,1,14:42:49.731509178
109.6719,1,14:42:49.731532686
109.6719,3,14:42:49.731560010
109.6719,1,14:42:49.731700362
109.6719,14,14:42:49.731828326
109.6719,61,14:42:49.732124585
109.6719,1,14:42:49.732124585
109.6719,34,14:42:49.732220732
109.6719,1,14:42:49.732250543
109.6719,1,14:42:49.732542599
109.6719,1,14:42:49.732582705
109.6719,1,14:42:49.732606952
109.6719,1,14:42:49.732642986
109.6719,1,14:42:49.732700504
109.6719,2,14:42:49.732764198
109.6719,6,14:42:49.732815568
109.6719,232,14:42:49.734993571
109.6719,1,14:42:49.735199812
109.6719,2,14:42:49.735740728
109.6719,28,14:42:49.736753853
109.6719,1,14:42:49.738891326
109.6719,1,14:42:49.739034869
109.6719,1,14:42:49.739055506
109.6719,1,14:42:49.739082086
109.6719,1,14:42:49.742955856
109.6719,5,14:42:49.756317107
109.6719,1,14:42:49.779383755
109.6875,1,14:42:58.027950496
109.6875,1,14:42:59.519761115
109.6875,1,14:43:02.432750531
109.6719,100,14:43:02.605685558
109.6719,1,14:43:02.606436336
109.6719,3,14:43:04.137608480
109.6719,2,14:43:04.892929170
109.6719,74,14:43:10.497537104
109.6719,95,14:43:10.497578744
109.6719,12,14:43:10.497718209
109.6719,1,14:43:10.498493530
109.6719,10,14:43:10.498595561
109.6719,1,14:43:10.498628589
109.6719,5,14:43:10.498704926
109.6719,1,14:43:10.498868952
109.6719,1,14:43:10.499522133
109.6719,1,14:43:10.499571366
109.6719,2,14:43:10.500526886
109.6719,71,14:43:10.515197588
109.6719,70,14:43:10.515338096
109.6719,39,14:43:10.515404962
109.6719,39,14:43:10.515479834
109.6719,39,14:43:10.515920569
109.6719,1,14:43:10.515963462
109.6719,14,14:43:10.515996554
109.6719,1,14:43:10.516039006
109.6719,1,14:43:10.516077337
109.6719,1,14:43:10.516175572
109.6719,122,14:43:10.516415082
109.6719,50,14:43:10.516663503
109.6719,1,14:43:10.516704786
109.6719,12,14:43:10.516740582
109.6719,1,14:43:10.516814927
109.6719,1,14:43:10.516940397
109.6719,1,14:43:10.516966225
109.6719,78,14:43:10.517182399
109.6719,1,14:43:10.517708832
109.6719,2,14:43:10.519895056
109.6719,41,14:43:10.521581934
109.6719,145,14:43:10.521709779
109.6719,1,14:43:10.522294506
109.6719,1,14:43:10.522464823
109.6719,88,14:43:10.522496417
109.6719,476,14:43:10.522548149
109.6719,1,14:43:10.522871879
109.6719,1,14:43:10.522993035
109.6719,2,14:43:10.523207667
109.6719,17,14:43:10.523267421
109.6719,2,14:43:10.523499416
109.6719,1,14:43:10.523526175
109.6719,20,14:43:10.523964625
109.6719,1,14:43:10.523995545
109.6719,13,14:43:10.524020405
109.6719,1,14:43:10.524056175
109.6719,1,14:43:10.524077126
109.6719,89,14:43:10.524105429
109.6719,2,14:43:10.524359994
109.6719,1,14:43:10.524401857
109.6719,1,14:43:10.524422017
109.6719,20,14:43:10.526543551
109.6719,1,14:43:10.526939591
109.6719,1,14:43:10.527063482
109.6719,5,14:43:10.527099137
109.6719,2,14:43:10.527205654
109.6719,2,14:43:10.533157381
109.6719,13,14:43:10.538346359
109.6719,7,14:43:10.538627571
109.6719,162,14:43:10.538769138
109.6719,100,14:43:10.546969067
109.6719,1,14:43:10.571707508
109.6719,118,14:43:12.220622629
109.6719,31,14:43:12.224678867
109.6719,1,14:43:13.025621675
109.6719,1,14:43:15.028798720
109.6563,25,14:43:16.852921763
109.6563,1,14:43:19.350372484
109.6563,1,14:43:24.958132550
109.6563,193,14:43:26.506417160
109.6563,1,14:43:30.162103369
109.6719,13,14:43:31.006590696
109.6563,1,14:43:31.213759690
109.6563,1,14:43:44.958685469
109.6719,14,14:43:53.898268860
109.6719,17,14:44:00.121464489
109.6719,117,14:44:02.292458629
109.6719,1,14:44:02.301457874
109.6719,1,14:44:02.301888634
109.6719,3,14:44:02.304401847
109.6719,2,14:44:02.305063479
109.6719,1,14:44:02.310559216
109.6719,2,14:44:02.310739578
109.6719,3,14:44:02.310864665
109.6719,3,14:44:02.311169177
109.6719,2,14:44:02.311233165
109.6719,1,14:44:02.311269108
109.6719,1,14:44:02.311588503
109.6719,8,14:44:02.311917294
109.6719,1,14:44:02.311998018
109.6719,13,14:44:02.312264345
109.6719,1,14:44:02.312611849
109.6719,3,14:44:02.312914398
109.6719,1,14:44:02.313355656
109.6719,22,14:44:02.313523198
109.6719,1,14:44:02.313630579
109.6719,1,14:44:02.313690901
109.6719,6,14:44:02.313886392
109.6719,1,14:44:02.314029301
109.6719,1,14:44:02.314141361
109.6719,1,14:44:02.314266992
109.6719,1,14:44:02.314348917
109.6719,46,14:44:02.314590996
109.6719,1,14:44:02.314902183
109.6719,1,14:44:02.315067767
109.6719,1,14:44:02.315200112
109.6719,1,14:44:02.315252213
109.6719,15,14:44:02.315327325
109.6719,1,14:44:02.315367053
109.6719,1,14:44:02.315398702
109.6719,1,14:44:02.315478854
109.6719,1,14:44:02.315506944
109.6719,74,14:44:02.315590072
109.6719,60,14:44:02.315715252
109.6719,1,14:44:02.315834647
109.6719,1,14:44:02.315901659
109.6719,1,14:44:02.315966463
109.6719,92,14:44:02.324769812
109.6719,1,14:44:02.324995743
109.6719,4,14:44:02.325047088
109.6719,14,14:44:02.326070862
109.6719,1,14:44:02.326099733
109.6719,1,14:44:02.326134154
109.6719,1,14:44:02.326174999
109.6719,1,14:44:02.326213483
109.6719,1,14:44:02.326250540
109.6719,1,14:44:02.326282307
109.6719,1,14:44:02.326311437
109.6719,1,14:44:02.326345102
109.6719,1,14:44:02.326382273
109.6719,1,14:44:02.326421410
109.6719,1,14:44:02.326453866
109.6719,1,14:44:02.326493716
109.6719,1,14:44:02.326533048
109.6719,1,14:44:02.326560879
109.6719,1,14:44:02.326608252
109.6719,1,14:44:02.326637783
109.6719,1,14:44:02.326674170
109.6719,1,14:44:02.326707749
109.6719,1,14:44:02.326744367
109.6719,1,14:44:02.326776928
109.6719,1,14:44:02.326812637
109.6719,2,14:44:02.326865544
109.6719,1,14:44:02.326972592
109.6719,131,14:44:02.328799993
109.6719,1,14:44:02.330064895
109.6719,1,14:44:02.330242128
109.6719,4,14:44:02.330242128
109.6719,1,14:44:02.330745379
109.6719,5,14:44:02.330883046
109.6719,2,14:44:02.331074122
109.6719,17,14:44:02.331497097
109.6719,1,14:44:02.333305012
109.6719,2,14:44:02.357274436
109.6719,158,14:44:04.581384398
109.6719,1,14:44:04.581780326
109.6719,1,14:44:04.581981347
109.6719,15,14:44:05.768754502
109.6719,1,14:44:05.768998247
109.6719,13,14:44:05.769093116
109.6719,1,14:44:05.769316676
109.6719,1,14:44:05.770148779
109.6719,138,14:44:05.771445864
109.6719,2,14:44:05.771944248
109.6719,4,14:44:05.773200398
109.6719,2,14:44:05.774221101
109.6719,2,14:44:05.774570187
109.6719,1,14:44:05.775072840
109.6875,24,14:44:13.843105631
109.6719,15,14:44:18.035151837
109.6719,78,14:44:20.193296308
109.6719,1,14:44:20.193594139
109.6719,5,14:44:20.193853357
109.6719,33,14:44:20.194027028
109.6719,11,14:44:20.194078481
109.6719,2,14:44:20.194111346
109.6719,6,14:44:20.194174544
109.6719,3,14:44:20.194207687
109.6719,140,14:44:20.194467154
109.6719,34,14:44:20.194615177
109.6719,5,14:44:20.194662349
109.6719,78,14:44:20.195019205
109.6719,1,14:44:20.195148634
109.6719,150,14:44:20.195503895
109.6719,1,14:44:20.195554497
109.6719,20,14:44:20.195876409
109.6719,1,14:44:20.195937674
109.6719,1,14:44:20.196029627
109.6719,1,14:44:20.196124734
109.6719,8,14:44:20.196315263
109.6719,3,14:44:20.196388803
109.6719,1,14:44:20.196440808
109.6719,7,14:44:20.196531107
109.6719,1,14:44:20.196624979
109.6719,1,14:44:20.196715229
109.6719,1,14:44:20.196763963
109.6719,1,14:44:20.196779719
109.6719,4,14:44:20.196849456
109.6719,1,14:44:20.196959963
109.6719,1,14:44:20.197136735
109.6719,5,14:44:20.197358122
109.6719,22,14:44:20.197480207
109.6719,51,14:44:20.197588786
109.6719,66,14:44:20.197662650
109.6719,30,14:44:20.197705028
109.6719,40,14:44:20.197741123
109.6719,1,14:44:20.197890203
109.6719,1,14:44:20.198111462
109.6719,54,14:44:20.198416627
109.6719,4,14:44:20.198562351
109.6719,1,14:44:20.198847243
109.6719,1,14:44:20.199016766
109.6719,1,14:44:20.199105078
109.6719,1,14:44:20.199149403
109.6719,38,14:44:20.199304327
109.6719,1,14:44:20.199616427
109.6719,35,14:44:20.199645038
109.6719,1,14:44:20.199719142
109.6719,1,14:44:20.199758192
109.6719,1,14:44:20.199833459
109.6719,1,14:44:20.199902938
109.6719,88,14:44:20.200129263
109.6719,4,14:44:20.200565655
109.6719,1,14:44:20.201299027
109.6719,1,14:44:20.201346187
109.6719,30,14:44:20.201365396
109.6719,47,14:44:20.202645848
109.6719,66,14:44:20.202722518
109.6719,1,14:44:20.202806481
109.6719,1,14:44:20.203047789
109.6719,1,14:44:20.203093105
109.6719,1,14:44:20.203769742
109.6719,9,14:44:20.210496240
109.6719,1,14:44:20.210913516
109.6719,116,14:44:20.213605864
109.6719,1,14:44:20.213682908
109.6719,1,14:44:20.213742459
109.6719,1,14:44:20.213810396
109.6719,1,14:44:20.213841546
109.6719,1,14:44:20.213876154
109.6719,1,14:44:20.213951641
109.6719,1,14:44:20.214020000
109.6719,1,14:44:20.214083288
109.6719,1,14:44:20.214160263
109.6719,1,14:44:20.214201448
109.6719,1,14:44:20.214231957
109.6719,1,14:44:20.214258805
109.6719,1,14:44:20.214330778
109.6719,1,14:44:20.214358916
109.6719,1,14:44:20.214391681
109.6719,1,14:44:20.214414322
109.6719,1,14:44:20.214459868
109.6719,33,14:44:20.214911302
109.6719,1,14:44:20.215616593
109.6719,1,14:44:20.215638177
109.6719,20,14:44:20.215674034
109.6719,13,14:44:20.216740295
109.6719,2,14:44:20.219640975
109.6719,100,14:44:29.847343090
109.6719,1,14:44:29.847772209
109.6875,21,14:44:33.779498324
109.6875,130,14:44:35.681488794
109.6719,1,14:44:36.050285681
109.6719,39,14:44:42.523848354
109.6719,10,14:44:42.524192371
109.6719,40,14:44:42.524372416
109.6719,5,14:44:42.524413243
109.6719,70,14:44:42.524638495
109.6719,1,14:44:42.524816153
109.6719,3,14:44:42.524939624
109.6719,78,14:44:42.525215486
109.6719,1,14:44:42.525409272
109.6719,1,14:44:42.525551007
109.6719,1,14:44:42.525583663
109.6719,40,14:44:42.525731765
109.6719,1,14:44:42.525769049
109.6719,89,14:44:42.526051637
109.6719,1,14:44:42.552470359
109.6719,43,14:44:42.595016044
109.6719,1,14:44:42.595219817
109.6719,1,14:44:42.595318223
109.6719,78,14:44:42.595601287
109.6719,1,14:44:42.595768398
109.6719,2,14:44:42.595829966
109.6719,1,14:44:42.595860482
109.6719,1,14:44:42.595882809
109.6719,3,14:44:42.595914475
109.6719,1,14:44:42.595952129
109.6719,2,14:44:42.595977641
109.6719,1,14:44:42.596013241
109.6719,1,14:44:42.596040835
109.6719,1,14:44:42.596071243
109.6719,40,14:44:42.596102626
109.6719,14,14:44:42.596150585
109.6719,1,14:44:42.596189955
109.6719,20,14:44:42.596232055
109.6719,1,14:44:42.596289317
109.6719,1,14:44:42.596323747
109.6719,50,14:44:42.596395496
109.6719,1,14:44:42.596428328
109.6719,1,14:44:42.596506483
109.6719,1,14:44:42.596538494
109.6719,1,14:44:42.596637984
109.6719,1,14:44:42.596642538
109.6719,1,14:44:42.603978439
109.6719,1,14:44:42.604173538
109.6719,37,14:44:42.604421967
109.6719,1,14:44:42.605492844
109.6719,1,14:44:42.606597961
109.6719,24,14:44:42.610255558
109.6719,14,14:44:42.623999892
109.6719,1,14:44:42.633685212
109.6719,252,14:44:43.470929809
109.6719,100,14:44:43.471133189
109.6719,1,14:44:43.471327289
109.6719,78,14:44:43.471437918
109.6719,1,14:44:43.471468134
109.6719,1,14:44:43.471500384
109.6719,1,14:44:43.471527210
109.6719,1,14:44:43.471562090
109.6719,1,14:44:43.471590200
109.6719,1,14:44:43.471627429
109.6719,1,14:44:43.471649705
109.6719,1,14:44:43.471686176
109.6719,1,14:44:43.471718798
109.6719,1,14:44:43.471749682
109.6719,1,14:44:43.471774797
109.6719,1,14:44:43.471832252
109.6719,1,14:44:43.471872190
109.6719,1,14:44:43.471906082
109.6719,1,14:44:43.471941589
109.6719,1,14:44:43.471959750
109.6719,1,14:44:43.471988624
109.6719,1,14:44:43.472018339
109.6719,1,14:44:43.472045837
109.6719,1,14:44:43.472079026
109.6719,1,14:44:43.472106969
109.6719,50,14:44:43.472152678
109.6719,27,14:44:43.472214072
109.6719,2,14:44:43.472306794
109.6719,1,14:44:43.472357032
109.6719,1,14:44:43.472628400
109.6719,1,14:44:43.472720408
109.6719,1,14:44:43.472770176
109.6719,1,14:44:43.472820004
109.6719,2,14:44:43.472897295
109.6719,1,14:44:43.473007512
109.6719,2,14:44:43.473111049
109.6719,1,14:44:43.473296628
109.6719,12,14:44:43.474934220
109.6719,1,14:44:43.475041767
109.6719,1,14:44:43.475117407
109.6719,175,14:44:43.475343140
109.6719,15,14:44:43.481820253
109.6719,3,14:44:43.504467993
109.6719,12,14:44:43.506946469
109.6719,82,14:44:43.523050659
109.6719,1,14:44:43.523212454
109.6719,1,14:44:43.523244711
109.6719,1,14:44:43.523312620
109.6719,1,14:44:43.523341573
109.6719,1,14:44:43.564972475
109.6719,1,14:44:43.564987108
109.6719,1,14:44:43.565004658
109.6719,1,14:44:43.565878550
109.6719,39,14:44:43.566468491
109.6719,57,14:44:43.566587410
109.6719,1,14:44:43.566661654
109.6719,1,14:44:43.566762302
109.6719,1,14:44:43.566782196
109.6719,3,14:44:43.567001882
109.6719,1,14:44:43.567039873
109.6719,1,14:44:43.567662103
109.6719,1,14:44:43.567753161
109.6719,1,14:44:43.567812749
109.6719,1,14:44:43.567948749
109.6719,1,14:44:44.454865764
109.6719,2,14:44:44.454987693
109.6719,1,14:44:44.455117939
109.6719,8,14:44:44.455144243
109.6719,2,14:44:44.455493245
109.6719,1,14:44:44.455613411
109.6719,164,14:44:44.812698500
109.6719,1,14:44:50.049613420
109.6563,10,14:44:58.388764884
109.6719,31,14:45:00.480034835
109.6719,4,14:45:00.483337042
109.6563,1,14:45:01.620095964
109.6719,200,14:45:05.362990592
109.6719,2,14:45:05.364947989
109.6719,2,14:45:05.365013942
109.6719,10,14:45:10.983606097
109.6719,1,14:45:10.983912887
109.6719,1,14:45:15.085636612
109.6719,4,14:45:22.747925003
109.6719,3,14:45:22.762707366
109.6719,3,14:45:22.960662485
109.6719,1,14:45:23.257062185
109.6719,1,14:45:23.271915003
109.6719,1,14:45:23.511304207
109.6563,1,14:45:27.159333207
109.6719,59,14:45:32.534457262
109.6563,1,14:45:36.044847962
109.6719,1,14:45:45.765580168
109.6563,1,14:45:52.651060070
109.6563,10,14:46:06.638494723
109.6719,2,14:46:17.145712230
109.6563,1,14:46:18.045540119
109.6719,13,14:46:19.004482766
109.6719,400,14:46:40.136983421
109.6719,3,14:47:18.865360779
109.6719,1,14:47:29.949905819
109.6719,1,14:47:34.297042359
109.6563,2,14:47:38.724300625
109.6563,1,14:47:43.171101178
109.6563,700,14:47:59.773017499
109.6719,1,14:48:02.364612967
109.6563,1,14:48:03.663316138
109.6719,1,14:48:19.744126522
109.6719,1,14:48:34.145519390
109.6719,1,14:48:48.075478773
109.6719,52,14:48:51.429855101
109.6719,14,14:48:56.337428635
109.6719,13,14:48:57.005919047
109.6563,1,14:49:01.635444247
109.6719,5,14:49:01.698721830
109.6563,1,14:49:08.046210374
109.6563,25,14:49:25.098025823
109.6719,5,14:49:25.122303499
109.6563,25,14:49:26.639785361
109.6719,6,14:49:28.215152100
109.6719,3,14:49:28.709512396
109.6563,5,14:49:35.896126377
109.6563,1,14:49:44.401678104
109.6719,1,14:49:52.960054421
109.6563,1,14:49:54.742637527
109.6563,1,14:49:56.464046716
109.6719,1,14:49:59.927553912
109.6719,5,14:50:02.182664233
109.6563,2,14:50:03.488064009
109.6719,50,14:50:06.517389501
109.6719,7,14:50:06.541326236
109.6563,1,14:50:09.370041174
109.6563,1,14:50:09.663906545
109.6719,49,14:50:13.905650315
109.6719,3408,14:50:19.116115558
109.6719,4,14:50:19.128858860
109.6719,9,14:50:19.129540522
109.6719,43,14:50:19.129593282
109.6719,1,14:50:19.129622306
109.6719,100,14:50:19.139798376
109.6719,9,14:50:19.142435194
109.6719,20,14:50:19.143093496
109.6719,1,14:50:19.157969699
109.6719,9,14:50:19.174430196
109.6875,52,14:50:21.146938281
109.6719,10,14:50:28.549064541
109.6875,47,14:50:28.830207799
109.6875,46,14:50:35.777353228
109.6875,46,14:50:42.574669376
109.6875,150,14:50:48.831576158
109.6875,1,14:50:49.082305908
109.6875,2,14:50:49.082570165
109.6875,1,14:50:49.082756202
109.6875,39,14:50:49.082895604
109.6875,1,14:50:49.082926247
109.6875,39,14:50:49.083169305
109.6875,1,14:50:49.083375783
109.6875,3,14:50:49.083408865
109.6875,2,14:50:49.083596210
109.6875,150,14:50:49.083979638
109.6875,1,14:50:49.084220248
109.6875,104,14:50:49.084324428
109.6875,40,14:50:49.084580495
109.6875,1,14:50:49.084611462
109.6875,1,14:50:49.084846007
109.6875,2,14:50:49.084998571
109.6875,2,14:50:49.085079046
109.6875,23,14:50:49.085170221
109.6875,1,14:50:49.085232207
109.6875,12,14:50:49.085279379
109.6875,1,14:50:49.085358817
109.6875,140,14:50:49.085499499
109.6875,20,14:50:49.085650647
109.6875,17,14:50:49.085695919
109.6875,1,14:50:49.085782167
109.6875,3,14:50:49.085782167
109.6875,1,14:50:49.085852613
109.6875,80,14:50:49.085852613
109.6875,1,14:50:49.085888649
109.6875,39,14:50:49.086294590
109.6875,50,14:50:49.086757380
109.6875,30,14:50:49.087325775
109.6875,32,14:50:49.087368123
109.6875,2,14:50:49.087432059
109.6875,36,14:50:49.087432059
109.6875,1,14:50:49.087473660
109.6875,39,14:50:49.087544036
109.6875,4,14:50:49.087575937
109.6875,3,14:50:49.087612504
109.6875,88,14:50:49.088036098
109.6875,150,14:50:49.088222971
109.6875,1,14:50:49.088261509
109.6875,41,14:50:49.088534757
109.6875,12,14:50:49.088777671
109.6875,19,14:50:49.089033951
109.6875,100,14:50:49.089281521
109.6875,1,14:50:49.089846761
109.6875,3,14:50:49.089941828
109.6875,19,14:50:49.089941828
109.6875,15,14:50:49.090024460
109.6875,3,14:50:49.090051629
109.6875,3,14:50:49.090105482
109.6875,16,14:50:49.090138872
109.6875,51,14:50:49.090170281
109.6875,1,14:50:49.090235111
109.6875,1,14:50:49.090331606
109.6875,1,14:50:49.090450661
109.6875,40,14:50:49.090450661
109.6875,1,14:50:49.090491080
109.6875,11,14:50:49.090587892
109.6875,13,14:50:49.090640255
109.6875,1,14:50:49.090777957
109.6875,2,14:50:49.090925810
109.6875,1,14:50:49.090992719
109.6875,17,14:50:49.091093570
109.6875,1,14:50:49.091142269
109.6875,44,14:50:49.091290706
109.6875,1,14:50:49.091411973
109.6875,4,14:50:49.091439987
109.6875,70,14:50:49.091569976
109.6875,25,14:50:49.091638557
109.6875,20,14:50:49.091695287
109.6875,1,14:50:49.091695287
109.6875,20,14:50:49.091715835
109.6875,70,14:50:49.091734735
109.6875,12,14:50:49.091758111
109.6875,3,14:50:49.091843012
109.6875,40,14:50:49.091903359
109.6875,80,14:50:49.091964758
109.6875,3,14:50:49.091964758
109.6875,2,14:50:49.091996938
109.6875,1,14:50:49.092011019
109.6875,1,14:50:49.092038728
109.6875,1,14:50:49.092138279
109.6875,1,14:50:49.092172097
109.6875,31,14:50:49.092231897
109.6875,1,14:50:49.092270230
109.6875,1,14:50:49.092300698
109.6875,1,14:50:49.092364168
109.6875,1,14:50:49.092389103
109.6875,1,14:50:49.092415862
109.6875,1,14:50:49.092442122
109.6875,1,14:50:49.092494583
109.6875,1,14:50:49.092508267
109.6875,1,14:50:49.092531138
109.6875,1,14:50:49.092598138
109.6875,1,14:50:49.092626129
109.6875,1,14:50:49.092659412
109.6875,1,14:50:49.092697490
109.6875,1,14:50:49.092779998
109.6875,1,14:50:49.092808347
109.6875,1,14:50:49.092841788
109.6875,1,14:50:49.092872406
109.6875,1,14:50:49.092910387
109.6875,90,14:50:49.093022630
109.6875,1,14:50:49.093022630
109.6875,1,14:50:49.093086285
109.6875,39,14:50:49.093185945
109.6875,1,14:50:49.093276629
109.6875,2,14:50:49.093276629
109.6875,1,14:50:49.093299349
109.6875,3,14:50:49.093469182
109.6875,20,14:50:49.093519485
109.6875,2,14:50:49.093653499
109.6875,1,14:50:49.093730304
109.6875,3,14:50:49.093819721
109.6875,39,14:50:49.093819721
109.6875,1,14:50:49.093912382
109.6875,1,14:50:49.093952619
109.6875,8,14:50:49.094042810
109.6875,3,14:50:49.094073694
109.6875,1,14:50:49.094168496
109.6875,90,14:50:49.094442489
109.6875,150,14:50:49.094989290
109.6875,26,14:50:49.095160174
109.6875,1,14:50:49.095314350
109.6875,24,14:50:49.095433257
109.6875,1,14:50:49.096047538
109.6875,1,14:50:49.096111143
109.6875,1,14:50:49.096198335
109.6875,42,14:50:49.096307557
109.6875,68,14:50:49.096579012
109.6875,1,14:50:49.096653692
109.6875,3,14:50:49.096715376
109.6875,160,14:50:49.097294943
109.6875,26,14:50:49.097779333
109.6875,9,14:50:49.097922632
109.6875,1,14:50:49.098035070
109.6875,11,14:50:49.098112684
109.6875,20,14:50:49.098282022
109.6875,1,14:50:49.098446093
109.6875,40,14:50:49.098627459
109.6875,1,14:50:49.098698171
109.6875,1,14:50:49.098742949
109.6875,1,14:50:49.098819012
109.6875,6,14:50:49.099095753
109.6875,2,14:50:49.099173534
109.6875,1,14:50:49.099235804
109.6875,6,14:50:49.099360818
109.6875,44,14:50:49.099825576
109.6875,1,14:50:49.099994114
109.6875,1,14:50:49.100060912
109.6875,61,14:50:49.100252250
109.6875,50,14:50:49.102048018
109.6875,51,14:50:49.102365566
109.6875,20,14:50:49.102394582
109.6875,1,14:50:49.102447203
109.6875,1,14:50:49.102471847
109.6875,100,14:50:49.102608996
109.6875,3,14:50:49.102644935
109.6875,20,14:50:49.102667054
109.6875,28,14:50:49.102726722
109.6875,5,14:50:49.102790410
109.6875,2,14:50:49.102883676
109.6875,6,14:50:49.103067558
109.6875,20,14:50:49.103099789
109.6875,1,14:50:49.103248679
109.6875,2,14:50:49.103271825
109.6875,58,14:50:49.103307908
109.6875,1,14:50:49.104563140
109.6875,1,14:50:49.104730805
109.6875,1,14:50:49.105519873
109.6875,5,14:50:49.105604044
109.6875,7,14:50:49.105702862
109.6875,3,14:50:49.105722575
109.6875,1,14:50:49.105795574
109.6875,11,14:50:49.105828845
109.6875,4,14:50:49.105937840
109.6875,1,14:50:49.105998391
109.6875,25,14:50:49.106066972
109.6875,1,14:50:49.106095341
109.6875,44,14:50:49.106128500
109.6875,1,14:50:49.106159268
109.6875,4,14:50:49.106200207
109.6875,1,14:50:49.106383049
109.6875,189,14:50:49.106406425
109.6875,20,14:50:49.107128459
109.6875,1,14:50:49.107259313
109.6875,5,14:50:49.107280690
109.6875,68,14:50:49.107320188
109.6875,1,14:50:49.107724737
109.6875,1,14:50:49.107789685
109.6875,1,14:50:49.107853988
109.6875,16,14:50:49.107920114
109.6875,11,14:50:49.108030442
109.6875,1,14:50:49.108057819
109.6875,2,14:50:49.108080258
109.6875,57,14:50:49.108130809
109.6875,12,14:50:49.108182448
109.6875,1,14:50:49.108202110
109.6875,20,14:50:49.108220920
109.6875,57,14:50:49.108416408
109.6875,100,14:50:49.108455772
109.6875,4,14:50:49.108474045
109.6875,1,14:50:49.108496125
109.6875,20,14:50:49.108573496
109.6875,1,14:50:49.108621139
109.6875,5,14:50:49.108671092
109.6875,6,14:50:49.108765820
109.6875,1,14:50:49.108810077
109.6875,25,14:50:49.108838177
109.6875,38,14:50:49.108971517
109.6875,1,14:50:49.109007553
109.6875,2,14:50:49.109395992
109.6875,39,14:50:49.109676063
109.6875,3,14:50:49.110490421
109.6875,27,14:50:49.110601608
109.6875,56,14:50:49.110664335
109.6875,24,14:50:49.110844870
109.6875,4,14:50:49.110869254
109.6875,1,14:50:49.110889012
109.6875,20,14:50:49.110913396
109.6875,1,14:50:49.111356563
109.6875,1,14:50:49.111402254
109.6875,1,14:50:49.111673434
109.6875,1,14:50:49.111863204
109.6875,35,14:50:49.112229730
109.6875,1,14:50:49.112646202
109.6875,4,14:50:49.112682187
109.6875,1,14:50:49.112849192
109.6875,1,14:50:49.112903497
109.6875,1,14:50:49.112954900
109.6875,1,14:50:49.112980388
109.6875,1,14:50:49.113049334
109.6875,1,14:50:49.113335077
109.6875,1,14:50:49.113377161
109.6875,1,14:50:49.113617399
109.6875,1,14:50:49.113913271
109.6875,1,14:50:49.114235015
109.6875,76,14:50:49.114612639
109.6875,20,14:50:49.114736414
109.6875,1,14:50:49.115031799
109.6875,1,14:50:49.115065838
109.6875,2,14:50:49.115281292
109.6875,20,14:50:49.115375691
109.6875,100,14:50:49.115841147
109.6875,39,14:50:49.115977271
109.6875,1,14:50:49.116085980
109.6875,1,14:50:49.116102854
109.6875,26,14:50:49.116265296
109.6875,3,14:50:49.116469934
109.6875,4,14:50:49.116493470
109.6875,1,14:50:49.116535503
109.6875,5,14:50:49.116563036
109.6875,6,14:50:49.116591770
109.6875,1,14:50:49.117823814
109.6875,1,14:50:49.118144099
109.6875,1,14:50:49.118346227
109.6875,2,14:50:49.118396388
109.6875,1,14:50:49.118456031
109.6875,1,14:50:49.118570830
109.6875,24,14:50:49.119379592
109.6875,8,14:50:49.119520113
109.6875,1,14:50:49.119645342
109.6875,2,14:50:49.119667710
109.6875,1,14:50:49.119749628
109.6875,2,14:50:49.120139892
109.7031,2,14:50:49.120212684
109.7031,1,14:50:49.120223536
109.6875,1,14:50:49.120418074
109.6875,2,14:50:49.120515225
109.6875,2,14:50:49.120781713
109.6875,2,14:50:49.121462697
109.6875,3,14:50:49.122337911
109.6875,3,14:50:49.123067193
109.6875,3,14:50:49.123832389
109.6875,3,14:50:49.124403837
109.6875,3,14:50:49.125466272
109.6875,1,14:50:49.125650733
109.6875,3,14:50:49.126144688
109.6875,2,14:50:49.126926464
109.6875,1,14:50:49.128139996
109.6875,8,14:50:49.129209914
109.6875,1,14:50:49.129359009
109.6875,2,14:50:49.129436550
109.6875,1,14:50:49.130408544
109.6875,39,14:50:49.131733889
109.6875,42,14:50:49.132070714
109.6875,20,14:50:49.132748936
109.6875,1,14:50:49.133743942
109.6875,19,14:50:49.149128943
109.6875,1,14:50:49.149342131
109.6875,1,14:50:49.152916088
109.6875,1,14:50:49.156908428
109.6875,1,14:50:49.157099059
109.6875,6,14:50:49.167171434
109.6875,51,14:50:49.371703359
109.6875,1,14:50:49.371972965
109.6875,6,14:50:49.438388407
109.6875,157,14:50:52.138282904
109.6875,140,14:50:52.138993610
109.6875,100,14:50:52.139588598
109.6875,1,14:50:52.139677927
109.6875,84,14:50:52.139780371
109.6875,1,14:50:52.139853351
109.6875,17,14:50:52.139894604
109.6875,7,14:50:52.139924716
109.6875,1,14:50:52.140017982
109.6875,18,14:50:52.140047429
109.6875,13,14:50:52.140148525
109.6875,44,14:50:52.140170673
109.6875,39,14:50:52.140206853
109.6875,4,14:50:52.140353215
109.6875,20,14:50:52.140482852
109.6875,1,14:50:52.140549992
109.6875,53,14:50:52.140704617
109.6875,1,14:50:52.140740486
109.6875,1,14:50:52.140763613
109.6875,1,14:50:52.140813009
109.6875,1,14:50:52.140836891
109.6875,1,14:50:52.140860703
109.6875,1,14:50:52.140886415
109.6875,1,14:50:52.140912762
109.6875,1,14:50:52.140933566
109.6875,1,14:50:52.140965416
109.6875,1,14:50:52.140999512
109.6875,1,14:50:52.141018613
109.6875,1,14:50:52.141040508
109.6875,1,14:50:52.141065904
109.6875,1,14:50:52.141092129
109.6875,1,14:50:52.141126235
109.6875,1,14:50:52.141162194
109.6875,1,14:50:52.141181935
109.6875,1,14:50:52.141218015
109.6875,1,14:50:52.141239591
109.6875,1,14:50:52.141257255
109.6875,1,14:50:52.141287518
109.6875,10,14:50:52.141438798
109.6875,1,14:50:52.141614011
109.6875,47,14:50:52.141736394
109.6875,4,14:50:52.142512423
109.6875,1,14:50:52.142536510
109.6875,39,14:50:52.143039710
109.6875,12,14:50:52.143581145
109.6875,1,14:50:52.144202339
109.6875,37,14:50:52.144910151
109.6875,1,14:50:52.144964587
109.6875,1,14:50:52.145050496
109.6875,39,14:50:52.145240432
109.6875,61,14:50:52.145402897
109.6875,1,14:50:52.145462847
109.6875,1,14:50:52.145516573
109.6875,26,14:50:52.145705274
109.6875,1,14:50:52.146016535
109.6875,1,14:50:52.146188474
109.6875,1,14:50:52.146214747
109.6875,1,14:50:52.146733234
109.6875,1,14:50:52.147893136
109.6875,1,14:50:52.211774002
109.6875,1,14:50:52.211819674
109.6875,1,14:50:53.817068418
109.6875,5,14:50:53.818984639
109.6875,2,14:50:56.179342744
109.6875,53,14:50:56.908875615
109.6875,750,14:50:56.925818919
109.6875,1,14:50:56.926891766
109.6875,1,14:50:56.926967233
109.6875,1,14:50:56.927055339
109.6875,1,14:50:56.927126209
109.6875,1,14:50:56.927199173
109.6875,1,14:50:56.927245789
109.6875,1,14:50:56.927298897
109.6875,1,14:50:56.927364329
109.6875,1,14:50:56.927437274
109.6875,1,14:50:56.927492002
109.6875,1,14:50:56.927571232
109.6875,1,14:50:56.927646238
109.6875,1,14:50:56.927682879
109.6875,1,14:50:56.927712457
109.6875,3,14:50:56.928158799
109.6875,1,14:50:56.928280923
109.6719,50,14:50:57.106284681
109.6875,45,14:51:04.740182871
109.6875,1,14:51:04.740375055
109.6875,60,14:51:06.209128790
109.6875,66,14:51:06.209250700
109.6875,2,14:51:06.209316330
109.6875,1,14:51:06.209689361
109.6875,10,14:51:06.209975063
109.6875,40,14:51:06.210310884
109.6875,2,14:51:06.210361624
109.6875,1,14:51:06.210613643
109.6875,127,14:51:06.210667528
109.6875,6,14:51:06.210770599
109.6875,1,14:51:06.210780085
109.6875,1,14:51:06.210807403
109.6875,1,14:51:06.210852867
109.6875,1,14:51:06.210897287
109.6875,1,14:51:06.210937642
109.6875,2,14:51:06.210991705
109.6875,1,14:51:06.211034889
109.6875,3,14:51:06.211100477
109.6875,1,14:51:06.211172284
109.6875,1,14:51:06.211235927
109.6875,25,14:51:06.211345922
109.6875,22,14:51:06.211381494
109.6875,1,14:51:06.211534752
109.6875,75,14:51:06.211658812
109.6875,1,14:51:06.211875025
109.6875,145,14:51:06.212156067
109.6875,24,14:51:06.213136049
109.6875,8,14:51:06.216393004
109.6875,1,14:51:06.217610366
109.6875,8,14:51:06.226947831
109.6875,9,14:51:06.238526128
109.6875,8,14:51:06.249991792
109.6875,8,14:51:06.262890362
109.6875,8,14:51:06.274296787
109.6875,8,14:51:06.285737389
109.6875,8,14:51:06.297102546
109.6875,8,14:51:06.308490061
109.6875,8,14:51:06.321888427
109.6875,8,14:51:06.369235755
109.6875,8,14:51:06.380695653
109.6875,24,14:51:06.386748213
109.6875,8,14:51:06.392235498
109.6875,8,14:51:06.403663686
109.6875,8,14:51:06.415101538
109.6875,1,14:51:06.420416974
109.6875,8,14:51:06.426706447
109.6875,8,14:51:06.438199914
109.6875,8,14:51:06.450001697
109.6875,24,14:51:06.599797398
109.6875,1,14:51:06.631701890
109.6875,5,14:51:07.010870541
109.6875,24,14:51:07.128848817
109.6875,1,14:51:07.160728009
109.6875,24,14:51:08.128969105
109.6875,1,14:51:08.160830299
109.7031,1,14:51:08.211262405
109.6875,24,14:51:09.087744439
109.7031,14,14:51:09.161273167
109.6875,24,14:51:09.218854476
109.6875,24,14:51:09.349066921
109.6875,24,14:51:09.479073659
109.7031,53,14:51:11.389580256
109.7031,500,14:51:11.396938248
109.7031,4,14:51:15.266838021
109.7031,1,14:51:18.421252230
109.7031,50,14:51:19.220820045
109.7031,8,14:51:19.857013908
109.7031,52,14:51:26.608966724
109.7031,2,14:51:30.428078843
109.7031,8,14:51:31.347755405
109.7031,48,14:51:34.293549793
109.7031,13,14:51:39.005586784
109.7031,1000,14:51:39.013407057
109.7031,35,14:51:41.022306654
109.7031,75,14:51:41.022330347
109.7031,27,14:51:41.022591628
109.7031,1,14:51:41.023075119
109.7031,1,14:51:41.023703084
109.7031,17,14:51:41.023715448
109.7031,1,14:51:41.023735155
109.7031,1,14:51:41.024133857
109.7031,1,14:51:41.024498293
109.7031,1,14:51:41.024628013
109.7031,1,14:51:41.024871450
109.7031,2,14:51:41.026912867
109.7031,1,14:51:41.032856417
109.7031,1,14:51:41.033374619
109.7031,10,14:51:41.034656882
109.7031,12,14:51:41.034806727
109.7031,1,14:51:41.035345756
109.7031,1,14:51:41.035544874
109.7031,1,14:51:41.036271688
109.7031,38,14:51:41.036599989
109.7031,153,14:51:41.036818637
109.7031,2,14:51:41.036856222
109.7031,1,14:51:41.037010121
109.7031,5,14:51:41.037290215
109.7031,31,14:51:41.037518881
109.7031,1,14:51:41.037582826
109.7031,9,14:51:41.037729446
109.7031,1,14:51:41.037756957
109.7031,78,14:51:41.037948593
109.7031,187,14:51:41.038516009
109.7031,1,14:51:41.039203591
109.7031,1,14:51:41.039279233
109.7031,18,14:51:41.039338632
109.7031,62,14:51:41.039394046
109.7031,23,14:51:41.039428987
109.7031,13,14:51:41.039582095
109.7031,5,14:51:41.039711684
109.7031,44,14:51:41.039824182
109.7031,39,14:51:41.039878337
109.7031,3,14:51:41.039878337
109.7031,2,14:51:41.039940418
109.7031,2,14:51:41.040063102
109.7031,16,14:51:41.040172439
109.7031,1,14:51:41.040235417
109.7031,15,14:51:41.040235417
109.7031,4,14:51:41.040250888
109.7031,80,14:51:41.040310240
109.7031,20,14:51:41.040310240
109.7031,1,14:51:41.040336033
109.7031,6,14:51:41.040366981
109.7031,1,14:51:41.040406050
109.7031,4,14:51:41.040482883
109.7031,1,14:51:41.040482883
109.7031,50,14:51:41.040608000
109.7031,10,14:51:41.040738566
109.7031,176,14:51:41.041828718
109.7031,357,14:51:41.047225211
109.7031,1,14:51:41.051087382
109.7031,70,14:51:41.051159063
109.7031,70,14:51:41.051206162
109.7031,169,14:51:41.051356191
109.7031,2,14:51:41.051389478
109.7031,1,14:51:41.051447210
109.7031,1,14:51:41.051478890
109.7031,1,14:51:41.051537388
109.7031,1,14:51:41.051560947
109.7031,19,14:51:41.051635182
109.7031,1,14:51:41.051947582
109.7031,1,14:51:41.051963803
109.7031,12,14:51:41.052060180
109.7031,1,14:51:41.052468504
109.7031,1,14:51:41.052837237
109.7031,1,14:51:41.052937553
109.7031,1,14:51:41.052988294
109.7031,1,14:51:41.053055972
109.7031,2,14:51:41.053118332
109.7031,150,14:51:41.053214897
109.7031,94,14:51:41.053340244
109.7031,2,14:51:41.053526631
109.7031,2,14:51:41.053622870
109.7031,2,14:51:41.053683044
109.7031,14,14:51:41.053720962
109.7031,6,14:51:41.054334395
109.7031,8,14:51:41.054358421
109.7031,1,14:51:41.054638628
109.7031,2,14:51:41.054680760
109.7031,1,14:51:41.055186513
109.7031,1,14:51:41.055242205
109.7031,1,14:51:41.055790840
109.7031,10,14:51:41.056120117
109.7031,1,14:51:41.056344415
109.7031,4,14:51:41.057228619
109.7031,1,14:51:41.057251615
109.7031,1,14:51:41.057274361
109.7031,1,14:51:41.057424152
109.7031,1,14:51:41.057455087
109.7031,1,14:51:41.057679015
109.7031,71,14:51:41.058344322
109.7031,22,14:51:41.058783195
109.7031,1,14:51:41.059023072
109.7031,1,14:51:41.059205776
109.7031,1,14:51:41.059324911
109.7031,80,14:51:41.060679345
109.7031,20,14:51:41.060699778
109.7031,1,14:51:41.060724786
109.7031,1,14:51:41.060740709
109.7031,1,14:51:41.060976637
109.7031,1,14:51:41.062052883
109.7031,82,14:51:41.062085485
109.7031,151,14:51:41.062137095
109.7031,1,14:51:41.062610027
109.7031,12,14:51:41.062679459
109.7031,1,14:51:41.062759816
109.7031,1,14:51:41.062979769
109.7031,3,14:51:41.063021906
109.7031,1,14:51:41.063045190
109.7031,1,14:51:41.065008024
109.7031,1,14:51:41.065024293
109.7031,1,14:51:41.126853087
109.7031,1,14:51:41.132050798
109.7031,44,14:51:41.132353114
109.7031,1,14:51:41.152157645
109.7031,1,14:51:41.152209556
109.7031,10,14:51:41.992138394
109.7031,130,14:51:45.815016873
109.7031,1,14:51:45.815416644
109.7031,1,14:51:45.815528774
109.7031,12,14:51:47.004750031
109.7031,45,14:51:47.741421453
109.7031,1489,14:51:48.253451896
109.7031,54,14:51:48.261798345
109.7031,11,14:51:48.262461694
109.7031,11,14:51:48.262622068
109.7031,1,14:51:48.268856734
109.7031,1,14:51:48.271582076
109.7031,20,14:51:48.272656011
109.7031,1,14:51:48.358896177
109.7031,12,14:51:48.359051147
109.7031,1,14:51:48.359806980
109.7031,1,14:51:48.359831127
109.7031,1,14:51:48.359865560
109.7031,14,14:51:48.359884802
109.7031,46,14:51:48.360584736
109.7031,5,14:51:48.360710979
109.7031,4,14:51:48.360764346
109.7031,1,14:51:48.360783963
109.7031,1,14:51:48.361365856
109.7031,78,14:51:50.238457685
109.7031,44,14:51:50.238533319
109.7031,1,14:51:50.238578705
109.7031,1,14:51:50.238920232
109.7031,1,14:51:50.239949251
109.7031,1,14:51:50.240473086
109.7031,1,14:51:50.240573644
109.7031,59,14:51:50.240626494
109.7031,32,14:51:50.240700271
109.7031,1,14:51:50.240786103
109.7031,1,14:51:50.240847970
109.7031,1,14:51:50.240914954
109.7031,1,14:51:50.240955118
109.7031,1,14:51:50.241038818
109.7031,1,14:51:50.241114890
109.7031,1,14:51:50.241235687
109.7031,1,14:51:50.241272391
109.7031,1,14:51:50.241357497
109.7031,2,14:51:50.241357497
109.7031,1,14:51:50.241393076
109.7031,1,14:51:50.241468593
109.7031,1,14:51:50.241560861
109.7031,5,14:51:50.241598650
109.7031,1,14:51:50.241629052
109.7031,38,14:51:50.241671180
109.7031,1,14:51:50.241747284
109.7031,1,14:51:50.241787041
109.7031,12,14:51:50.241866195
109.7031,1,14:51:50.241903416
109.7031,44,14:51:50.241903416
109.7031,1,14:51:50.241991106
109.7031,39,14:51:50.242227764
109.7031,1,14:51:50.242764099
109.7031,2,14:51:50.242905710
109.7031,1,14:51:50.242944931
109.7031,3,14:51:50.243006433
109.7031,4,14:51:50.243075907
109.7031,1,14:51:50.243410207
109.7031,1,14:51:50.243471780
109.7031,1,14:51:50.243596889
109.7031,3,14:51:50.243984011
109.7031,1,14:51:52.681818250
109.7031,1,14:51:52.682086783
109.7031,82,14:51:52.682187444
109.7031,21,14:51:52.682288451
109.7031,1,14:51:52.682313610
109.7031,10,14:51:52.682633831
109.7031,1,14:51:52.683102909
109.7031,1,14:51:52.683151576
109.7031,1,14:51:52.683987778
109.7031,1,14:51:52.684233015
109.7031,1,14:51:52.684257076
109.7188,47,14:51:54.391291603
109.7031,143,14:51:58.058937866
109.7031,3,14:51:58.062119816
109.7031,2,14:51:58.062181759
109.7031,1,14:51:58.062474610
109.7031,1,14:51:59.027826720
109.7031,1,14:51:59.028335715
109.7031,1,14:52:00.072213936
109.7031,4,14:52:00.093327212
109.7031,38,14:52:00.101974113
109.7031,100,14:52:00.102768794
109.7031,86,14:52:00.103274062
109.7031,1,14:52:00.103351196
109.7031,6,14:52:00.103682975
109.7031,4,14:52:00.103797602
109.7031,1,14:52:00.103843510
109.7031,4,14:52:00.104005581
109.7031,12,14:52:00.104031078
109.7031,1,14:52:00.104062484
109.7031,9,14:52:00.104096830
109.7031,1,14:52:00.104147302
109.7031,1,14:52:00.104249409
109.7031,1,14:52:00.104318668
109.7031,3,14:52:00.104413621
109.7031,1,14:52:00.104638128
109.7031,1,14:52:00.105192878
109.7031,1,14:52:00.105368363
109.7031,1,14:52:00.105471703
109.7031,84,14:52:00.106239472
109.7031,12,14:52:00.106719428
109.7031,1,14:52:00.115530552
109.7031,215,14:52:00.116448744
109.7031,1,14:52:01.834358874
109.7031,1,14:52:01.834625606
109.7031,1,14:52:04.884991326
109.7031,14,14:52:06.418107637
109.7031,1,14:52:07.059059665
109.7031,6,14:52:07.190491239
109.7031,1,14:52:07.190802013
109.7031,25,14:52:07.191033380
109.7031,5,14:52:07.191797556
109.7031,2,14:52:07.191891062
109.7031,1,14:52:07.191931872
109.7031,1,14:52:07.192081129
109.7031,1,14:52:07.192118023
109.7031,5,14:52:07.192323957
109.7031,13,14:52:07.192745789
109.7031,1,14:52:07.192889370
109.7031,1,14:52:07.193005225
109.7031,50,14:52:07.193945941
109.7031,3,14:52:07.193992624
109.7031,1,14:52:07.194022215
109.7031,3,14:52:07.194278400
109.7031,1,14:52:07.194330598
109.7031,1,14:52:07.195567395
109.7031,1,14:52:07.195599542
109.7031,53,14:52:07.838947208
109.7031,1,14:52:07.839243774
109.7031,700,14:52:12.958364696
109.7031,1,14:52:12.959059327
109.7031,1,14:52:12.959473585
109.7031,500,14:52:12.965497352
109.7031,1,14:52:12.965990645
109.7031,1,14:52:12.966127962
109.7031,1,14:52:12.966194319
109.7031,2,14:52:12.966459063
109.7031,1,14:52:12.966494184
109.7031,1,14:52:12.966523168
109.7031,13,14:52:12.966906641
109.7031,1,14:52:12.967006239
109.7031,3,14:52:12.967399859
109.7031,1,14:52:12.967542190
109.7031,1,14:52:12.969718550
109.7031,1,14:52:13.006909335
109.7031,20,14:52:14.252221068
109.7031,2,14:52:14.252402890
109.7031,12,14:52:14.252477886
109.7031,4,14:52:14.252660259
109.7031,1,14:52:14.252687936
109.7031,1,14:52:14.252707936
109.7031,1,14:52:14.252731316
109.7031,1,14:52:14.252752292
109.7031,1,14:52:14.252777810
109.7031,1,14:52:14.252798031
109.7031,1,14:52:14.252819087
109.7031,1,14:52:14.252843062
109.7031,1,14:52:14.252872330
109.7031,1,14:52:14.252890743
109.7031,1,14:52:14.252911265
109.7031,1,14:52:14.252939884
109.7031,1,14:52:14.252966360
109.7031,1,14:52:14.252998531
109.7031,1,14:52:14.253026272
109.7031,1,14:52:14.253052993
109.7031,1,14:52:14.253103182
109.7031,1,14:52:14.253132518
109.7031,1,14:52:14.253192420
109.7031,1,14:52:14.253257703
109.7031,1,14:52:14.253282798
109.7031,1,14:52:14.253317590
109.7031,7,14:52:14.253502564
109.7031,1,14:52:14.253545629
109.7031,1,14:52:14.253611526
109.7031,1,14:52:14.253967488
109.7031,1,14:52:14.254090483
109.7031,6,14:52:14.254315882
109.7031,1,14:52:14.254443421
109.7031,12,14:52:14.687380386
109.7031,1,14:52:14.687582969
109.7031,1,14:52:15.005107472
109.7031,250,14:52:15.122524891
109.7031,20,14:52:15.124760082
109.7031,50,14:52:15.125467059
109.7031,1,14:52:15.127838618
109.7188,51,14:52:15.669166321
109.7188,16,14:52:16.288194612
109.7031,44,14:52:16.431216226
109.7031,39,14:52:16.431253148
109.7031,437,14:52:16.431590890
109.7031,1,14:52:16.431692847
109.7031,1,14:52:16.431927101
109.7031,1,14:52:16.432141829
109.7031,39,14:52:16.432753483
109.7031,6,14:52:16.433094066
109.7031,1,14:52:16.433226206
109.7031,8,14:52:16.433422910
109.7031,5,14:52:16.705114561
109.7031,1,14:52:16.705313481
109.7031,541,14:52:17.029893188
109.7031,32,14:52:17.033501552
109.7031,316,14:52:17.034557797
109.7031,21,14:52:17.034585359
109.7031,1,14:52:17.037419160
109.7031,71,14:52:17.037794335
109.7031,21,14:52:17.037935180
109.7031,5,14:52:17.037999636
109.7031,1,14:52:17.038013057
109.7031,9,14:52:17.038046811
109.7031,21,14:52:17.038063414
109.7031,39,14:52:17.038175489
109.7031,1,14:52:17.039434346
109.7031,1,14:52:17.039485385
109.7031,16,14:52:17.039775477
109.7031,63,14:52:17.039909108
109.7031,1,14:52:17.040159430
109.7031,1,14:52:17.040538119
109.7031,10,14:52:17.040579480
109.7031,1,14:52:17.040692177
109.7031,1,14:52:17.041493693
109.7031,1,14:52:17.041590841
109.7031,1,14:52:17.041637521
109.7031,304,14:52:17.041954061
109.7031,4,14:52:17.042223721
109.7031,1,14:52:17.042301733
109.7031,20,14:52:17.042363616
109.7031,80,14:52:17.042390982
109.7031,1,14:52:17.042429505
109.7031,1,14:52:17.042503785
109.7031,1,14:52:17.042532831
109.7031,9,14:52:17.043147705
109.7031,1,14:52:17.043202765
109.7031,1,14:52:17.043240397
109.7031,1,14:52:17.043552372
109.7031,1,14:52:17.044546421
109.7031,1,14:52:17.044762028
109.7031,4,14:52:17.059773924
109.7031,1,14:52:17.060001478
109.7031,16,14:52:17.152488595
109.7031,5,14:52:17.154717331
109.7031,131,14:52:17.650342725
109.7031,1,14:52:17.653091894
109.7031,75,14:52:18.542815153
109.7031,8,14:52:18.543125204
109.7031,39,14:52:18.543169665
109.7031,32,14:52:18.543321515
109.7031,2,14:52:18.544683165
109.7031,380,14:52:18.546113693
109.7031,3,14:52:18.547848548
109.7031,1,14:52:18.547868583
109.7031,24,14:52:18.547981325
109.7031,1,14:52:18.548254853
109.7031,5,14:52:18.548627005
109.7031,1,14:52:18.549986196
109.7031,1,14:52:18.550587288
109.7188,1,14:52:22.577919315
109.7188,13,14:52:23.858514857
109.7031,1,14:52:28.794450157
109.7188,48,14:52:29.854730189
109.7188,8,14:52:34.797499684
109.7188,47,14:52:36.946693516
109.7031,39,14:52:40.579567338
109.7031,6,14:52:40.579890086
109.7031,1,14:52:40.579890086
109.7031,39,14:52:40.580006319
109.7188,53,14:52:43.891913367
109.7031,300,14:52:44.573643972
109.7188,45,14:52:51.723242320
109.7188,13,14:52:52.061891050
109.7188,3,14:52:53.739066079
109.7188,43,14:52:58.372746572
109.7031,78,14:52:58.811186589
109.7031,47,14:52:58.812347393
109.7031,10,14:52:58.812408904
109.7031,39,14:52:58.812508916
109.7031,70,14:52:58.812785638
109.7031,70,14:52:58.813371820
109.7031,1746,14:52:58.814399627
109.7031,1,14:52:58.816782701
109.7031,1519,14:52:58.831019069
109.7031,1,14:52:58.831806351
109.7031,39,14:52:58.832004253
109.7031,39,14:52:58.832085445
109.7031,1,14:52:58.832085445
109.7031,2,14:52:58.832139966
109.7031,1,14:52:58.832302201
109.7031,6,14:52:58.832362740
109.7031,1,14:52:58.832362740
109.7031,1,14:52:58.832444815
109.7031,27,14:52:58.832532698
109.7031,17,14:52:58.832545803
109.7031,35,14:52:58.832558798
109.7031,1,14:52:58.832599235
109.7031,126,14:52:58.832664654
109.7031,83,14:52:58.832702043
109.7031,16,14:52:58.832799619
109.7031,80,14:52:58.832885381
109.7031,40,14:52:58.832938022
109.7031,20,14:52:58.832938022
109.7031,1,14:52:58.833781482
109.7031,15,14:52:58.833886783
109.7031,33,14:52:58.834013234
109.7031,65,14:52:58.834080385
109.7031,18,14:52:58.834141307
109.7031,13,14:52:58.834343462
109.7031,20,14:52:58.834466498
109.7031,1,14:52:58.834529923
109.7031,3,14:52:58.834583479
109.7031,23,14:52:58.835662672
109.7031,1,14:52:58.835684631
109.7031,1,14:52:58.835718718
109.7031,1,14:52:58.835788607
109.7031,40,14:52:58.836206334
109.7031,1,14:52:58.836293216
109.7031,39,14:52:58.836521201
109.7031,39,14:52:58.836597069
109.7031,2,14:52:58.836689940
109.7031,1,14:52:58.836734825
109.7031,18,14:52:58.836782397
109.7031,5,14:52:58.836840072
109.7031,7,14:52:58.836840072
109.7031,10,14:52:58.836897961
109.7031,51,14:52:58.837058806
109.7031,25,14:52:58.837140263
109.7031,140,14:52:58.837432951
109.7031,3,14:52:58.837668306
109.7031,8,14:52:58.837731191
109.7031,80,14:52:58.837790350
109.7031,20,14:52:58.837831150
109.7031,2,14:52:58.837872464
109.7031,6,14:52:58.838105332
109.7031,6,14:52:58.838169410
109.7031,40,14:52:58.838256266
109.7031,18,14:52:58.838389396
109.7031,14,14:52:58.838448002
109.7031,1,14:52:58.838716314
109.7031,35,14:52:58.839045041
109.7031,3,14:52:58.839169910
109.7031,1,14:52:58.839375009
109.7031,1,14:52:58.839621798
109.7031,1,14:52:58.840691078
109.7031,1,14:52:58.842283865
109.7031,1,14:52:58.842461369
109.7031,1,14:52:58.842640762
109.7031,2,14:52:58.842691108
109.7031,1,14:52:58.843526459
109.7031,2,14:52:58.843642299
109.7031,40,14:52:58.843665259
109.7031,13,14:52:58.843727897
109.7031,1,14:52:58.844048419
109.7031,16,14:52:58.844082297
109.7031,1,14:52:58.844109661
109.7031,122,14:52:58.844139235
109.7031,2,14:52:58.844277716
109.7031,1,14:52:58.845380638
109.7031,1,14:52:58.846075109
109.7031,39,14:52:58.846185456
109.7031,39,14:52:58.846223541
109.7031,1,14:52:58.846397548
109.7031,1,14:52:58.846428067
109.7031,1,14:52:58.846917328
109.7031,1,14:52:58.846960701
109.7031,32,14:52:58.847416599
109.7031,1,14:52:58.847480718
109.7031,1,14:52:58.847500331
109.7031,1,14:52:58.847945214
109.7031,56,14:52:58.847969278
109.7031,1,14:52:58.848083763
109.7031,1,14:52:58.848139733
109.7031,1,14:52:58.848171551
109.7031,1,14:52:58.848275211
109.7031,1,14:52:58.848314248
109.7031,1,14:52:58.848331878
109.7031,1,14:52:58.848391696
109.7031,1,14:52:58.848740619
109.7031,1,14:52:58.848895835
109.7031,76,14:52:58.850722245
109.7031,1,14:52:58.852812493
109.7031,8,14:52:58.890439654
109.7031,3,14:52:58.891397222
109.7031,1,14:53:00.060094093
109.7031,2,14:53:00.060338380
109.7031,3,14:53:00.097897334
109.7031,20,14:53:02.664970464
109.7031,17,14:53:02.665005608
109.7031,16,14:53:02.665044687
109.7031,1,14:53:02.665224789
109.7031,164,14:53:02.665556480
109.7031,1,14:53:02.665584115
109.7031,100,14:53:02.665805070
109.7031,2,14:53:02.666113262
109.7031,10,14:53:02.666186336
109.7031,10,14:53:02.666312597
109.7031,3,14:53:02.666493829
109.7031,1,14:53:02.666626398
109.7031,1,14:53:02.666731345
109.7031,1,14:53:02.666765470
109.7031,71,14:53:02.667594246
109.7031,39,14:53:02.672180053
109.7031,39,14:53:02.672771453
109.7031,21,14:53:02.673391960
109.7031,1,14:53:02.722429830
109.6875,1,14:53:05.670300584
109.7031,46,14:53:11.820777024
109.7031,6,14:53:15.121403724
109.7031,3,14:53:15.122577088
109.7031,28,14:53:15.127611212
109.7031,2,14:53:15.133385313
109.7031,3,14:53:15.141393689
109.7031,3,14:53:15.145339365
109.7031,6,14:53:15.155711127
109.7031,3,14:53:15.164394608
109.7031,8,14:53:15.166402837
109.7031,12,14:53:15.403549831
109.7031,4,14:53:15.404247569
109.7031,1,14:53:15.405328510
109.7031,12,14:53:15.406465899
109.7031,1,14:53:15.406761931
109.7031,1,14:53:15.406964700
109.7031,1,14:53:15.407306821
109.7031,47,14:53:18.619912893
109.7031,25,14:53:19.647567075
109.7031,43,14:53:25.565087925
109.7031,2747,14:53:30.700958925
109.7031,2,14:53:30.704013399
109.7031,2,14:53:30.710311827
109.7031,7,14:53:30.710460396
109.7031,53,14:53:30.710665549
109.7031,2,14:53:30.710843255
109.7031,53,14:53:30.711822005
109.7031,52,14:53:30.712042965
109.7031,47,14:53:30.712296622
109.7031,53,14:53:30.714451846
109.7031,1,14:53:30.717250839
109.7031,1,14:53:30.717451110
109.7031,1,14:53:30.718063772
109.7031,1,14:53:30.718196811
109.7031,1,14:53:30.718396873
109.7031,9,14:53:30.722059654
109.7031,25,14:53:30.723565812
109.7031,20,14:53:30.723586990
109.7031,102,14:53:30.732289063
109.7031,1,14:53:30.732578419
109.7031,1,14:53:30.736718067
109.7031,9,14:53:30.753177272
109.7188,45,14:53:31.919468461
109.7188,46,14:53:38.568357744
109.7031,10,14:53:41.493095878
109.7031,9,14:53:41.494252013
109.7031,1,14:53:41.494395664
109.7031,1,14:53:41.494526889
109.7031,10,14:53:41.494666214
109.7031,12,14:53:41.495107384
109.7031,55,14:53:41.495208593
109.7031,1,14:53:41.495255761
109.7031,1,14:53:41.495444229
109.7031,19,14:53:41.495474854
109.7031,140,14:53:41.495524260
109.7031,29,14:53:41.495824266
109.7031,1,14:53:41.496049197
109.7031,27,14:53:41.496591708
109.7031,2,14:53:41.496637357
109.7031,1,14:53:41.496679236
109.7031,1,14:53:41.496788740
109.7031,8,14:53:41.496884646
109.7031,5,14:53:41.497945259
109.7031,1,14:53:41.498074366
109.7031,1,14:53:41.498184172
109.7031,1,14:53:41.498481602
109.7031,29,14:53:41.498556974
109.7031,40,14:53:41.498736756
109.7031,51,14:53:41.498743912
109.7031,1,14:53:41.498773470
109.7031,19,14:53:41.498798975
109.7031,1,14:53:41.498866724
109.7031,30,14:53:41.498968412
109.7031,120,14:53:41.499166778
109.7031,1,14:53:41.499221691
109.7031,2,14:53:41.499271180
109.7031,1,14:53:41.499589721
109.7031,1,14:53:41.499630599
109.7031,1,14:53:41.499832654
109.7031,1,14:53:41.499882200
109.7031,1,14:53:41.500200389
109.7031,1,14:53:41.500336830
109.7031,3,14:53:41.500476638
109.7031,9,14:53:41.500966735
109.7031,3,14:53:41.500996805
109.7031,29,14:53:41.501013404
109.7031,11,14:53:41.501037603
109.7031,8,14:53:41.501064762
109.7031,3,14:53:41.501085869
109.7031,79,14:53:41.501909841
109.7031,1,14:53:41.502275999
109.7031,2,14:53:41.502355751
109.7031,1,14:53:41.502612579
109.7031,59,14:53:41.502646323
109.7031,42,14:53:41.503325867
109.7031,1,14:53:41.503369999
109.7031,1,14:53:41.504049721
109.7031,4,14:53:41.558678402
109.7031,7,14:53:41.558776129
109.7031,1,14:53:41.558981305
109.7031,106,14:53:41.956745765
109.7031,568,14:53:42.238406986
109.7031,1,14:53:42.238761869
109.7031,39,14:53:42.238801848
109.7031,39,14:53:42.240915197
109.7031,1,14:53:42.242470825
109.7031,39,14:53:43.547400117
109.7031,7,14:53:43.547599750
109.7031,3,14:53:43.547635997
109.7031,1,14:53:43.547687617
109.7031,1,14:53:43.547724095
109.7031,1,14:53:43.547836899
109.7031,1,14:53:43.547869447
109.7031,1,14:53:43.547895737
109.7031,1,14:53:43.547958602
109.7031,1,14:53:43.548026750
109.7031,1,14:53:43.548091863
109.7031,72,14:53:43.548156247
109.7031,1,14:53:43.548198239
109.7031,1,14:53:43.548223830
109.7031,1,14:53:43.548254845
109.7031,1,14:53:43.548316721
109.7031,1,14:53:43.548377743
109.7031,1,14:53:43.548447099
109.7031,1,14:53:43.548473246
109.7031,1,14:53:43.548518549
109.7031,1,14:53:43.548551647
109.7031,1,14:53:43.548579146
109.7031,2,14:53:43.548625978
109.7031,1,14:53:43.548664939
109.7031,39,14:53:43.548918049
109.7031,1,14:53:43.549179619
109.7031,1,14:53:43.549210566
109.7031,2,14:53:43.549392749
109.7031,1,14:53:43.549418468
109.7031,32,14:53:43.549514892
109.7031,20,14:53:43.549824809
109.7031,2,14:53:43.549901477
109.7031,1,14:53:43.549981315
109.7031,1,14:53:43.550086277
109.7031,1,14:53:43.550179098
109.7031,1,14:53:43.550201988
109.7031,1,14:53:43.550250302
109.7031,1,14:53:43.550442514
109.7031,1,14:53:43.550810464
109.7031,22,14:53:43.550897269
109.7031,1,14:53:43.551021774
109.7031,20,14:53:43.551407180
109.7031,1,14:53:43.551508048
109.7031,1,14:53:43.551557547
109.7031,3,14:53:43.551641252
109.7031,1,14:53:43.552030915
109.7031,1,14:53:43.552079460
109.7031,1,14:53:43.552202771
109.7031,1,14:53:43.552384889
109.7031,3,14:53:43.552404679
109.7031,1,14:53:43.552434833
109.7031,1,14:53:43.552728818
109.7031,3,14:53:43.553381127
109.7031,1,14:53:44.041517588
109.7031,7,14:53:44.046417341
109.7031,1,14:53:44.048622352
109.7031,1,14:53:44.048696091
109.7031,1,14:53:44.257666375
109.7031,1,14:53:46.785090827
109.7031,86,14:53:46.785859784
109.7031,1,14:53:46.786270864
109.7031,1,14:53:46.786499847
109.7031,3,14:53:46.786572540
109.7031,1,14:53:46.786572540
109.7031,5,14:53:46.786614192
109.7031,2,14:53:46.786685345
109.7031,1,14:53:46.786717580
109.7031,2,14:53:46.786749702
109.7031,1,14:53:46.786777184
109.7031,1,14:53:46.786858281
109.7031,2,14:53:46.786858281
109.7031,2,14:53:46.786911488
109.7031,1,14:53:46.787028373
109.7031,3,14:53:46.787769018
109.7031,1,14:53:46.787885197
109.6875,1,14:53:47.388036095
109.7031,43,14:53:51.722051805
109.7031,1,14:53:51.722207992
109.7031,1,14:53:51.722480243
109.7031,253,14:53:54.723174359
109.7031,100,14:53:54.723510506
109.7031,15,14:53:54.723577593
109.7031,25,14:53:54.725324892
109.7031,1,14:53:54.725365997
109.7031,2,14:53:54.725502269
109.7031,4,14:53:54.725527056
109.7031,18,14:53:54.725585272
109.7031,1,14:53:54.725649203
109.7031,1,14:53:54.725679354
109.7031,1,14:53:54.725698858
109.7031,1,14:53:54.725723921
109.7031,9,14:53:54.725751278
109.7031,105,14:53:54.725844338
109.7031,1,14:53:54.725954418
109.7031,1,14:53:54.725986127
109.7031,1,14:53:54.726022250
109.7031,1,14:53:54.726058664
109.7031,1,14:53:54.726133945
109.7031,1,14:53:54.726170659
109.7031,1,14:53:54.726188414
109.7031,1,14:53:54.726221191
109.7031,1,14:53:54.726256831
109.7031,1,14:53:54.726296525
109.7031,1,14:53:54.726335824
109.7031,1,14:53:54.726377527
109.7031,1,14:53:54.726405966
109.7031,1,14:53:54.726441104
109.7031,1,14:53:54.726470698
109.7031,1,14:53:54.726519911
109.7031,1,14:53:54.726604896
109.7031,1,14:53:54.726647011
109.7031,1,14:53:54.726683796
109.7031,3,14:53:54.726782506
109.7031,27,14:53:54.726782506
109.7031,2,14:53:54.726887963
109.7031,1,14:53:54.726935539
109.7031,70,14:53:54.727164456
109.7031,1,14:53:54.727250531
109.7031,1,14:53:54.727339627
109.7031,2,14:53:54.727571386
109.7031,2,14:53:54.727662580
109.7031,1,14:53:54.727705030
109.7031,1,14:53:54.727826936
109.7031,1,14:53:54.727965297
109.7031,1,14:53:54.728600628
109.7031,3,14:53:54.728827666
109.7031,12,14:53:54.729892741
109.7031,5,14:53:54.729932070
109.7031,22,14:53:54.730594637
109.7031,4,14:53:54.731251712
109.7031,1,14:53:54.731982741
109.7031,2,14:53:54.732008806
109.7031,100,14:53:54.732139337
109.7031,1,14:53:54.732691383
109.7031,1,14:53:54.732800681
109.7031,1,14:53:54.732856590
109.7031,1,14:53:54.734784126
109.7031,1,14:53:54.734833201
109.7031,1,14:53:54.734856803
109.7031,3,14:53:54.734991980
109.7031,1,14:53:54.735126104
109.7031,1,14:53:54.735244721
109.7031,1,14:53:54.735326339
109.7031,727,14:53:56.723923719
109.7031,999,14:53:56.727297223
109.7031,1,14:53:56.729200603
109.7031,1,14:53:56.729256764
109.7031,2,14:53:56.729316679
109.7031,331,14:53:56.729404888
109.7031,2,14:53:56.730587946
109.7031,1,14:53:56.730840966
109.7031,1,14:53:56.730931056
109.7031,100,14:53:56.731206749
109.7031,1,14:53:56.731232193
109.7031,1,14:53:56.731261496
109.7031,39,14:53:56.731533383
109.7031,20,14:53:56.732978017
109.7031,73,14:53:56.733027361
109.7031,1,14:53:56.733313278
109.7031,1,14:53:56.733545660
109.7031,2,14:53:56.733943115
109.7031,1,14:53:56.734514541
109.7031,1,14:53:56.734765458
109.7031,23,14:53:56.734798725
109.7031,1,14:53:56.735307411
109.7031,41,14:53:56.735531150
109.7031,1,14:53:56.735756940
109.7031,1,14:53:56.735791900
109.7031,1,14:53:57.284715160
109.7031,46,14:53:58.077809433
109.7031,1,14:53:58.078107980
109.7031,1,14:53:58.078160714
109.7031,4,14:54:01.611242501
109.7031,44,14:54:04.872911421
109.7031,1,14:54:04.873160509
109.7031,1,14:54:04.873244526
109.7031,1,14:54:04.889214781
109.7031,52,14:54:11.375482455
109.7031,1,14:54:11.375654604
109.7031,1,14:54:11.375702328
109.7031,49,14:54:19.058512084
109.7031,52,14:54:26.299887906
109.7031,8,14:54:27.203578645
109.6875,2,14:54:29.740651051
109.6875,8,14:54:29.748125951
109.6875,6,14:54:29.938651484
109.7031,43,14:54:33.982968267
109.7031,4,14:54:34.120593060
109.7031,45,14:54:40.336926799
109.7031,2,14:54:41.038981477
109.7031,50,14:54:45.820307670
109.7031,50,14:54:46.986977745
109.7031,1,14:54:47.957231138
109.7031,44,14:54:54.374331276
109.7031,1,14:55:00.010388491
109.7031,1,14:55:00.049754097
109.7031,44,14:55:00.875806942
109.7031,1,14:55:01.791638695
109.7031,1,14:55:05.033038273
109.7031,47,14:55:07.377109149
109.7031,1,14:55:08.039290365
109.7031,10,14:55:10.985592966
109.7031,1,14:55:11.043965401
109.7031,1,14:55:13.024420835
109.7031,48,14:55:13.608164031
109.7031,43,14:55:14.322751007
109.7031,1,14:55:15.010460432
109.7031,1,14:55:15.039288827
109.7031,1,14:55:18.037409281
109.7031,1,14:55:20.035327710
109.7031,47,14:55:20.677342844
109.7031,5,14:55:22.665538651
109.7031,98,14:55:22.665782106
109.7031,17,14:55:22.666110736
109.7031,140,14:55:22.667454664
109.7031,7,14:55:22.667777420
109.7031,47,14:55:22.667906739
109.7031,2,14:55:22.668636314
109.7031,1,14:55:22.668990302
109.7031,100,14:55:22.669002160
109.7031,76,14:55:22.669244812
109.7031,150,14:55:22.669269869
109.7031,119,14:55:22.669458388
109.7031,2,14:55:22.669535756
109.7031,100,14:55:22.669827640
109.7031,1,14:55:22.670098059
109.7031,1,14:55:22.670133093
109.7031,1,14:55:22.670160479
109.7031,37,14:55:22.670290657
109.7031,40,14:55:22.670373964
109.7031,2,14:55:22.670423512
109.7031,1,14:55:22.670489330
109.7031,1,14:55:22.670652879
109.7031,40,14:55:22.670826547
109.7031,131,14:55:22.670990454
109.7031,4,14:55:22.671288690
109.7031,1,14:55:22.671481964
109.7031,1,14:55:22.671966307
109.7031,3,14:55:22.674232186
109.7031,13,14:55:22.674896286
109.7031,1,14:55:22.675470951
109.7031,29,14:55:22.675611039
109.7031,1,14:55:22.677606789
109.7031,1,14:55:22.677783074
109.7031,8,14:55:22.678082862
109.7031,3,14:55:22.678278623
109.7031,1,14:55:22.678300038
109.7031,44,14:55:22.678367931
109.7031,1,14:55:22.680064003
109.7031,49,14:55:22.680207315
109.7031,49,14:55:22.680526819
109.7031,20,14:55:22.680690339
109.7031,44,14:55:22.681272658
109.7031,1,14:55:22.681374039
109.7031,17,14:55:22.681484671
109.7031,1,14:55:22.681673277
109.7031,80,14:55:22.681727460
109.7031,18,14:55:22.681810470
109.7031,2,14:55:22.681838551
109.7031,6,14:55:22.681930380
109.7031,1,14:55:22.681962392
109.7031,120,14:55:22.682018052
109.7031,1,14:55:22.682433212
109.7031,1,14:55:22.682650020
109.7031,49,14:55:22.682776154
109.7031,1,14:55:22.682885058
109.7031,1,14:55:22.682922886
109.7031,1,14:55:22.683006804
109.7031,1,14:55:22.683037176
109.7031,49,14:55:22.683075916
109.7031,1,14:55:22.683177554
109.7031,1,14:55:22.683217116
109.7031,102,14:55:22.683300945
109.7031,2,14:55:22.683635019
109.7031,1,14:55:22.683952162
109.7031,1,14:55:22.684106379
109.7031,12,14:55:22.684982911
109.7031,1,14:55:22.685453391
109.7031,1,14:55:22.685515867
109.7031,48,14:55:22.685522481
109.7031,12,14:55:22.685817460
109.7031,1,14:55:22.686005735
109.7031,1,14:55:22.686067468
109.7031,38,14:55:22.686234243
109.7031,5,14:55:22.686298490
109.7031,1,14:55:22.686368335
109.7031,1,14:55:22.686411638
109.7031,1,14:55:22.686491835
109.7031,1,14:55:22.686571609
109.7031,1,14:55:22.686628327
109.7031,1,14:55:22.686779470
109.7031,1,14:55:22.686863990
109.7031,1,14:55:22.687788111
109.7031,1,14:55:22.707810079
109.7031,1,14:55:23.038941195
109.7031,1,14:55:25.028005574
109.7031,25,14:55:25.480401729
109.7031,52,14:55:25.921232125
109.7031,4,14:55:25.921560942
109.7031,13,14:55:26.005674651
109.7031,44,14:55:27.622393950
109.7031,2,14:55:27.622787939
109.7031,1,14:55:28.031028114
109.7031,1,14:55:30.010455488
109.7031,1,14:55:30.011135281
109.7031,12,14:55:30.031338062
109.7031,1,14:55:30.031580333
109.7031,1,14:55:30.034577632
109.7031,1,14:55:30.045174505
109.7031,185,14:55:30.045591789
109.7031,92,14:55:30.045853052
109.7031,70,14:55:30.045894353
109.7031,62,14:55:30.046003136
109.7031,80,14:55:30.046216896
109.7031,11,14:55:30.049353055
109.7031,1,14:55:30.049474389
109.7031,1,14:55:30.050528823
109.7031,1,14:55:30.050579446
109.7031,1,14:55:30.050663857
109.7031,45,14:55:30.053171140
109.7031,1,14:55:30.053412277
109.7031,1,14:55:30.053455299
109.7031,1,14:55:30.053670929
109.7031,6,14:55:30.054025911
109.7031,21,14:55:30.059183357
109.7031,1,14:55:30.059324160
109.7031,1,14:55:30.059448792
109.7031,69,14:55:30.076409767
109.7031,1,14:55:30.076560952
109.7031,2,14:55:30.076599282
109.7031,1,14:55:30.076661619
109.7031,1,14:55:30.076693072
109.7031,49,14:55:30.076950173
109.7031,1,14:55:30.077138218
109.7031,205,14:55:30.077412607
109.7031,140,14:55:30.078092749
109.7031,43,14:55:30.080255067
109.7031,1,14:55:30.080634516
109.7031,1,14:55:30.080990881
109.7031,859,14:55:30.912167256
109.7031,50,14:55:30.925245576
109.7031,1,14:55:30.925590086
109.7031,1,14:55:30.926058636
109.7031,6,14:55:30.926280937
109.7031,1,14:55:30.926303142
109.7031,10,14:55:31.024134531
109.7031,579,14:55:31.024771503
109.7031,1,14:55:31.026950033
109.7031,1,14:55:31.028288288
109.7031,1,14:55:31.743592987
109.7031,1,14:55:31.743789247
109.7031,816,14:55:32.021228857
109.7031,1,14:55:32.025230871
109.7031,2,14:55:32.025248670
109.7031,5,14:55:32.025274776
109.7031,1,14:55:32.026489453
109.7031,2,14:55:32.071192334
109.7188,3,14:55:32.196321155
109.7188,1,14:55:33.031941483
109.7188,2,14:55:33.344801718
109.7031,49,14:55:33.570538830
109.7031,1,14:55:33.570779632
109.7031,2,14:55:33.582899233
109.7031,49,14:55:35.022127116
109.7031,1,14:55:35.022372779
109.7031,1,14:55:35.022492788
109.7031,49,14:55:35.022781024
109.7031,100,14:55:35.023325335
109.7031,12,14:55:35.023543698
109.7031,1,14:55:35.023602957
109.7031,1,14:55:35.023720911
109.7031,15,14:55:35.023720911
109.7031,1,14:55:35.023750281
109.7031,1,14:55:35.023815176
109.7031,1,14:55:35.023845771
109.7031,1,14:55:35.023898214
109.7031,1,14:55:35.023963885
109.7031,1,14:55:35.023998223
109.7031,1,14:55:35.024049459
109.7031,1,14:55:35.024081162
109.7031,1,14:55:35.024141032
109.7031,1,14:55:35.024173349
109.7031,1,14:55:35.024234601
109.7031,1,14:55:35.024267767
109.7031,1,14:55:35.024330684
109.7031,1,14:55:35.024372345
109.7031,1,14:55:35.024413901
109.7031,3,14:55:35.024525993
109.7031,1,14:55:35.024558091
109.7031,1,14:55:35.024622823
109.7031,5,14:55:35.024663474
109.7031,1,14:55:35.024766238
109.7031,1,14:55:35.024895569
109.7031,2,14:55:35.032188391
109.7031,2,14:55:35.032463760
109.7031,49,14:55:35.032850039
109.7031,100,14:55:35.033281001
109.7031,5,14:55:35.033330999
109.7031,1,14:55:35.033372248
109.7031,1,14:55:35.033461671
109.7031,2,14:55:35.033532238
109.7031,1,14:55:35.033588723
109.7031,1,14:55:35.033664551
109.7031,1,14:55:35.033764287
109.7031,49,14:55:35.033826360
109.7031,2,14:55:35.033893856
109.7031,1,14:55:35.034018674
109.7031,1,14:55:35.034055459
109.7031,38,14:55:35.034141317
109.7031,1,14:55:35.034326085
109.7031,1,14:55:35.034364012
109.7031,282,14:55:35.035775199
109.7031,8,14:55:35.035999939
109.7031,1,14:55:35.036066328
109.7031,3,14:55:35.036127238
109.7031,134,14:55:35.036511079
109.7031,2,14:55:35.037016952
109.7031,1,14:55:35.038052355
109.7031,1,14:55:35.038525693
109.7031,1,14:55:35.038548311
109.7031,1,14:55:35.045834628
109.7031,803,14:55:35.621241579
109.7188,250,14:55:36.093836615
109.7188,1,14:55:38.036485534
109.7188,1,14:55:40.031215854
109.7188,1,14:55:43.041348619
109.7188,1,14:55:45.011832189
109.7188,1,14:55:45.024179091
109.7188,50,14:55:47.866426194
109.7188,1,14:55:48.025316139
109.7031,12,14:55:48.638678633
109.7031,98,14:55:48.638782135
109.7031,6,14:55:48.638854854
109.7031,47,14:55:48.638915677
109.7031,47,14:55:48.639573419
109.7031,6,14:55:48.639622197
109.7031,6,14:55:48.639832054
109.7031,47,14:55:48.640176640
109.7031,6,14:55:48.640554411
109.7031,140,14:55:48.640890296
109.7031,1449,14:55:48.641672370
109.7031,1,14:55:51.021982588
109.7031,500,14:55:52.641262778
109.7031,1,14:55:52.641470811
109.7031,1,14:55:52.641570234
109.7031,1,14:55:52.641679142
109.7031,1,14:55:52.641730929
109.7031,20,14:55:52.641823247
109.7031,34,14:55:52.641920164
109.7031,1,14:55:52.642701700
109.7031,1,14:55:52.643089532
109.7031,1,14:55:53.033686066
109.7031,25,14:55:54.289619998
109.7031,1,14:55:54.289784347
109.7031,1,14:55:54.289833660
109.7031,25,14:55:54.474059873
109.7031,1,14:55:54.474272421
109.7031,255,14:55:54.636239873
109.7031,1,14:55:54.636528756
109.7031,1,14:55:54.636586437
109.7031,1,14:55:54.636640304
109.7031,129,14:55:54.636793005
109.7031,4,14:55:54.637071359
109.7031,1,14:55:54.637131463
109.7031,1,14:55:54.637192631
109.7031,19,14:55:54.637293222
109.7031,4,14:55:54.637548054
109.7031,1,14:55:54.637629607
109.7031,5,14:55:54.800612687
109.7031,5,14:55:54.965768345
109.7031,55,14:55:55.124336128
109.7031,1,14:55:55.124454720
109.7031,1,14:55:55.124555157
109.7031,1,14:55:55.124600402
109.7031,1,14:55:55.124835332
109.7031,49,14:55:55.125171230
109.7031,1,14:55:55.125327448
109.7031,1,14:55:55.125351713
109.7031,1,14:55:55.125378156
109.7031,49,14:55:55.255701066
109.7031,1,14:55:55.255784742
109.7031,1,14:55:55.255846529
109.7031,19,14:55:55.256014369
109.7031,1,14:55:55.256140656
109.7031,3,14:55:55.256205973
109.7031,1,14:55:55.256290279
109.7031,1,14:55:55.256330593
109.7031,80,14:55:55.256624717
109.7031,4,14:55:55.256691026
109.7031,1,14:55:55.257785605
109.7031,2,14:55:55.257878320
109.7031,1,14:55:55.258466710
109.7031,2,14:55:55.258944160
109.7031,1,14:55:55.259130506
109.7031,37,14:55:55.259310448
109.7031,202,14:55:55.259764678
109.7031,5,14:55:55.289994797
109.7031,2,14:55:55.290198156
109.7031,250,14:55:55.388486376
109.7031,1,14:55:55.388654059
109.7031,1,14:55:55.388688582
109.7031,1,14:55:55.388787365
109.7031,1,14:55:55.388838236
109.7031,1,14:55:55.388925009
109.7031,19,14:55:55.388982635
109.7031,1,14:55:55.389020287
109.7031,1,14:55:55.389035344
109.7031,1,14:55:55.389103579
109.7031,1,14:55:55.389124795
109.7031,1,14:55:55.389150844
109.7031,1,14:55:55.389191911
109.7031,1,14:55:55.389224883
109.7031,1,14:55:55.389246334
109.7031,1,14:55:55.389276622
109.7031,1,14:55:55.389306604
109.7031,1,14:55:55.389340221
109.7031,1,14:55:55.389365464
109.7031,1,14:55:55.389400506
109.7031,1,14:55:55.389441476
109.7031,1,14:55:55.389505949
109.7031,1,14:55:55.389538468
109.7031,1,14:55:55.389614469
109.7031,17,14:55:55.389652140
109.7031,16,14:55:55.389681703
109.7031,1,14:55:55.389735985
109.7031,8,14:55:55.389838192
109.7031,25,14:55:55.389883021
109.7031,1,14:55:55.390282176
109.7031,1,14:55:55.390336318
109.7031,1,14:55:55.390457283
109.7031,1,14:55:55.390503536
109.7031,55,14:55:55.445486405
109.7031,1,14:55:55.445676642
109.7031,6,14:55:55.605507464
109.7031,66,14:55:55.775459916
109.7031,1,14:55:55.775565409
109.7031,1,14:55:55.775643129
109.7031,1,14:55:55.775689108
109.7031,1,14:55:55.775778745
109.7031,2,14:55:55.775870081
109.7031,6,14:55:55.934218249
109.7031,1,14:55:55.934411312
109.7031,1,14:55:56.028300614
109.7031,66,14:55:56.092534131
109.7031,1,14:55:56.092769333
109.7031,1,14:55:56.092802411
109.7031,2,14:55:56.092893009
109.7031,1,14:55:56.092933403
109.7031,1,14:55:56.092988921
109.7031,6,14:55:56.254008305
109.7031,774,14:55:56.385103796
109.7031,1,14:55:56.388446734
109.7188,1,14:55:58.034687945
109.7031,979,14:55:59.694641772
109.7031,1,14:56:00.010843667
109.7031,1,14:56:01.036433415
109.7031,1,14:56:03.031840668
109.7031,1,14:56:03.970846644
109.7031,1,14:56:06.024855010
109.7031,1,14:56:08.028224191
109.7031,43,14:56:10.030660426
109.7031,1,14:56:11.037772374
109.7031,1,14:56:13.044157585
109.7031,5,14:56:14.903428046
109.7031,1,14:56:14.936083328
109.7031,1,14:56:15.011172113
109.7031,1,14:56:16.030778505
109.7031,43,14:56:16.385415044
109.7031,53,14:56:17.736212959
109.7031,1,14:56:17.797410994
109.7031,1,14:56:18.026410596
109.7031,2,14:56:20.871392998
109.7031,1,14:56:21.026273926
109.7031,1,14:56:22.544102690
109.7031,51,14:56:22.738571394
109.7031,1,14:56:23.022717662
109.7031,2,14:56:24.074267174
109.7031,1,14:56:25.301518669
109.7031,1,14:56:26.026817896
109.7031,1,14:56:28.023919618
109.7031,2,14:56:28.445338035
109.7031,1,14:56:30.010781466
109.7031,46,14:56:30.274035002
109.7031,1,14:56:31.020742257
109.7031,44,14:56:31.331516878
109.7031,1,14:56:33.027438092
109.6875,450,14:56:33.857592955
109.7031,1,14:56:36.029573593
109.6875,770,14:56:36.283554466
109.7031,44,14:56:37.072194047
109.7031,1,14:56:38.058070682
109.7031,8,14:56:38.567821722
109.7031,1,14:56:41.031838188
109.7031,47,14:56:42.617292939
109.7031,1,14:56:43.027208282
109.7031,50,14:56:43.573936283
109.7031,4,14:56:43.931753420
109.7031,1,14:56:45.011742145
109.7031,1,14:56:46.027827931
109.7031,1,14:56:48.031543077
109.7031,43,14:56:50.962644456
109.7031,1,14:56:51.030922963
109.7031,1,14:56:53.021167359
109.7031,46,14:56:54.673356648
109.7031,1,14:56:56.022943352
109.7031,43,14:56:57.318731286
109.7031,2,14:56:57.893975603
109.7031,1,14:56:58.027531825
109.7031,1,14:57:00.012466806
109.7031,1,14:57:01.029522569
109.7031,1,14:57:01.916167049
109.7031,1,14:57:03.030104485
109.7031,45,14:57:03.670294116
109.7031,1,14:57:06.032428674
109.7031,48,14:57:06.472237030
109.7031,1,14:57:08.024909445
109.7031,53,14:57:10.320556883
109.6875,14,14:57:10.879420192
109.7031,1,14:57:11.026722094
109.6875,1,14:57:11.994345199
109.7031,1,14:57:13.021520296
109.7031,5,14:57:14.239337316
109.7031,1,14:57:14.906207765
109.7031,1,14:57:15.011809295
109.7031,1,14:57:15.780623571
109.7031,1,14:57:16.025626404
109.7031,2,14:57:16.830592612
109.7031,1,14:57:17.868748454
109.7031,1,14:57:18.030348007
109.7031,50,14:57:18.150472413
109.7031,53,14:57:18.784420781
109.7031,2,14:57:18.859906103
109.7031,1,14:57:19.897761473
109.7031,1,14:57:21.029066797
109.7031,1,14:57:21.252616129
109.7031,1,14:57:23.030480539
109.7031,44,14:57:25.539815406
109.7031,1,14:57:26.025310241
109.7031,1,14:57:28.025017504
109.7031,1,14:57:30.012179518
109.7031,7,14:57:30.829416717
109.7031,1,14:57:31.030973325
109.7031,48,14:57:32.041960222
109.7031,47,14:57:32.380391731
109.7031,72,14:57:32.694384882
109.7031,1,14:57:33.034789362
109.7031,3,14:57:33.110615576
109.7031,1,14:57:36.026497834
109.6875,2,14:57:37.678083422
109.7031,1,14:57:38.026209096
109.6875,1,14:57:38.431534801
109.7031,52,14:57:39.135190842
109.7031,1,14:57:41.025239760
109.7031,1,14:57:43.031825561
109.7031,4,14:57:44.418963549
109.7031,43,14:57:44.436539972
109.7031,1,14:57:45.011135517
109.7031,1,14:57:46.033598862
109.7031,48,14:57:46.819033266
109.7031,13,14:57:48.005788266
109.7031,1,14:57:48.022652539
109.7031,1,14:57:51.045043832
109.7031,1,14:57:53.038664038
109.7031,50,14:57:53.911671538
109.7031,43,14:57:55.467307769
109.7031,1,14:57:56.034755675
109.6875,3,14:57:56.490883848
109.7031,1,14:57:58.034335001
109.7031,17,14:58:00.009618030
109.7031,31,14:58:00.009645899
109.7031,1,14:58:00.011039454
109.7031,1,14:58:01.034586969
109.7031,47,14:58:01.300275679
109.7031,1,14:58:03.036134441
109.7031,23,14:58:03.038559853
109.6875,318,14:58:03.354290836
109.6875,2,14:58:04.188254833
109.7031,18,14:58:04.190883224
109.6875,1,14:58:05.261932376
109.7031,20,14:58:05.264921857
109.7031,1,14:58:06.025337698
109.6875,2,14:58:06.279434630
109.7031,44,14:58:06.497589423
109.6875,1,14:58:07.598103177
109.7031,1,14:58:08.035429069
109.7031,47,14:58:08.246162659
109.6875,2,14:58:09.201796741
109.7031,1,14:58:10.033209716
109.6875,8,14:58:12.774086299
109.7031,2,14:58:12.781068772
109.7031,1,14:58:13.033027712
109.7031,1,14:58:13.921242343
109.7031,1,14:58:15.011363127
109.7031,1,14:58:15.030517038
109.7031,47,14:58:15.191487193
109.7031,2,14:58:15.205634514
109.7031,5,14:58:15.721757722
109.6875,3,14:58:15.836907591
109.7031,1,14:58:16.464517979
109.7031,52,14:58:17.783097455
109.7031,91,14:58:17.785813788
109.7031,41,14:58:17.785859146
109.6875,8,14:58:17.886009447
109.7031,1,14:58:17.893512213
109.7031,37,14:58:18.033657979
109.7031,1,14:58:18.039777613
109.6875,6,14:58:19.535231109
109.7031,19,14:58:19.537562516
109.7031,1,14:58:20.033234428
109.7031,46,14:58:22.136021041
109.7031,22,14:58:22.138748686
109.7031,20,14:58:22.138863252
109.7031,1,14:58:23.032137940
109.6875,12,14:58:24.941814656
109.7031,20,14:58:24.944332480
109.7031,1,14:58:25.024745558
109.7031,37,14:58:25.032679302
109.7031,3,14:58:26.075959645
109.6875,4,14:58:27.047859472
109.7031,1,14:58:28.038119732
109.7031,4,14:58:28.052571344
109.7031,52,14:58:28.932684258
109.7031,1,14:58:29.025434382
109.7031,6,14:58:29.438418044
109.7031,1,14:58:30.011158330
109.7031,1,14:58:30.040002051
109.7031,51,14:58:31.122114733
109.7031,38,14:58:32.033519888
109.6875,11,14:58:32.051558039
109.6875,4,14:58:32.792884194
109.7031,1,14:58:33.025150160
109.7031,1,14:58:35.027383617
109.7031,10,14:58:36.488324425
109.7031,79,14:58:36.491169503
109.7031,46,14:58:36.491197379
109.7031,51,14:58:36.617283628
109.7031,2,14:58:37.405739472
109.7031,5,14:58:37.406312684
109.7031,1,14:58:37.406415226
109.7031,1,14:58:37.406963931
109.7031,1932,14:58:37.407501559
109.7031,1,14:58:37.408299965
109.7031,17,14:58:37.409269620
109.7031,1,14:58:37.409377089
109.7031,1,14:58:37.409482859
109.7031,1,14:58:37.409617501
109.7031,1,14:58:37.410014786
109.7031,1,14:58:37.410114645
109.7031,1,14:58:37.410327896
109.7031,1,14:58:37.410443464
109.7031,19,14:58:37.410443464
109.7031,100,14:58:37.410608919
109.7031,73,14:58:37.410608919
109.7031,39,14:58:37.410639185
109.7031,2,14:58:37.410749335
109.7031,5,14:58:37.410749335
109.7031,1,14:58:37.410841603
109.7031,5,14:58:37.410841603
109.7031,3,14:58:37.410923710
109.7031,100,14:58:37.411003968
109.7031,6,14:58:37.411116626
109.7031,186,14:58:37.411207562
109.7031,1,14:58:37.411207562
109.7031,1,14:58:37.411335370
109.7031,49,14:58:37.411335370
109.7031,769,14:58:37.411642452
109.7031,7,14:58:37.412080802
109.7031,34,14:58:37.412119363
109.7031,1,14:58:37.412133712
109.7031,24,14:58:37.412133712
109.7031,1,14:58:37.412162807
109.7031,1,14:58:37.412221337
109.7031,9,14:58:37.412706322
109.7031,10,14:58:37.412766086
109.7031,10,14:58:37.413090505
109.7031,5,14:58:37.413354454
109.7031,88,14:58:37.413354454
109.7031,23,14:58:37.413378624
109.7031,1,14:58:37.413476130
109.7031,2,14:58:37.413476130
109.7031,1,14:58:37.413605965
109.7031,2,14:58:37.413645813
109.7031,53,14:58:37.413861580
109.7031,700,14:58:37.414174044
109.7031,12,14:58:37.414443356
109.7031,3,14:58:37.414456287
109.7031,51,14:58:37.414508948
109.7031,1,14:58:37.414559777
109.7031,49,14:58:37.414700052
109.7031,17,14:58:37.414842852
109.7031,82,14:58:37.414842852
109.7031,4,14:58:37.415061294
109.7031,45,14:58:37.415071387
109.7031,35,14:58:37.415104952
109.7031,7,14:58:37.415147443
109.7031,1,14:58:37.415195911
109.7031,16,14:58:37.415225707
109.7031,10,14:58:37.415242037
109.7031,1,14:58:37.415301792
109.7031,3,14:58:37.415441625
109.7031,13,14:58:37.415441625
109.7031,1,14:58:37.415480669
109.7031,31,14:58:37.415532904
109.7031,1,14:58:37.415603237
109.7031,1,14:58:37.415669344
109.7031,1,14:58:37.415722149
109.7031,1,14:58:37.416045211
109.7031,1,14:58:37.416239052
109.7031,3,14:58:37.416269261
109.7031,13,14:58:37.416269261
109.7031,1,14:58:37.416302894
109.7031,73,14:58:37.416433123
109.7031,1,14:58:37.416564601
109.7031,1,14:58:37.416642475
109.7031,2,14:58:37.416668577
109.7031,1,14:58:37.422169008
109.7031,1,14:58:37.422477655
109.7031,1,14:58:37.422589830
109.7031,1,14:58:37.423288014
109.7031,2,14:58:37.423511608
109.7031,1,14:58:37.423641461
109.7031,1,14:58:37.423680831
109.7031,1,14:58:37.424372927
109.7031,1,14:58:37.425699841
109.7031,1,14:58:37.425808035
109.7031,2,14:58:37.427514287
109.7188,1,14:58:38.031606287
109.7188,21,14:58:38.034219229
109.7188,37,14:58:39.034485594
109.7188,1,14:58:40.037275238
109.7188,19,14:58:40.040219774
109.7188,1,14:58:43.028512223
109.7188,28,14:58:43.031430380
109.7188,52,14:58:44.153514528
109.7188,49,14:58:44.205349802
109.7188,4,14:58:45.001973417
109.7188,1,14:58:45.011661327
109.7188,1,14:58:45.030900950
109.7188,38,14:58:46.031980113
109.7188,1,14:58:48.030721148
109.7188,1,14:58:50.036838251
109.7188,50,14:58:51.838110692
109.7031,5,14:58:51.854783594
109.7188,37,14:58:53.033092872
109.7188,1,14:58:53.037367047
109.7188,91,14:58:55.011525036
109.7188,46,14:58:55.011605271
109.7188,1,14:58:55.026102723
