bidVolume,bidPrice,askVolume,askPrice,timestamp
27,110.51,26,110.52,13:00:00.002874228
25,110.51,26,110.52,13:00:00.003025479
26,110.51,26,110.52,13:00:00.103738690
28,110.51,26,110.52,13:00:00.103897154
26,110.51,26,110.52,13:00:01.385679955
28,110.51,26,110.52,13:00:01.385907689
26,110.51,26,110.52,13:00:01.457158254
25,110.51,26,110.52,13:00:01.476846881
22,110.51,26,110.52,13:00:01.548939033
24,110.51,26,110.52,13:00:02.174898492
26,110.51,26,110.52,13:00:02.175001124
27,110.51,26,110.52,13:00:02.175125821
25,110.51,26,110.52,13:00:02.209992290
24,110.51,26,110.52,13:00:02.210070530
25,110.51,26,110.52,13:00:02.471044009
26,110.51,26,110.52,13:00:02.471189017
27,110.51,26,110.52,13:00:02.472701403
26,110.51,26,110.52,13:00:02.478108843
25,110.51,26,110.52,13:00:02.478278922
24,110.51,26,110.52,13:00:02.478345386
24,110.51,51,110.52,13:00:02.485569673
22,110.51,51,110.52,13:00:02.679702218
21,110.51,51,110.52,13:00:02.679849551
20,110.51,51,110.52,13:00:02.680110208
19,110.51,51,110.52,13:00:02.680207290
20,110.51,51,110.52,13:00:02.687178408
22,110.51,51,110.52,13:00:02.687331928
20,110.51,51,110.52,13:00:02.687811137
19,110.51,51,110.52,13:00:02.687966430
19,110.51,52,110.52,13:00:02.723897980
20,110.51,52,110.52,13:00:02.802064885
21,110.51,52,110.52,13:00:02.803432109
22,110.51,52,110.52,13:00:02.803591652
21,110.51,52,110.52,13:00:02.813336538
20,110.51,52,110.52,13:00:02.813408234
19,110.51,52,110.52,13:00:02.813481226
18,110.51,52,110.52,13:00:02.813546551
17,110.51,52,110.52,13:00:02.813663907
18,110.51,52,110.52,13:00:02.901385635
21,110.51,52,110.52,13:00:02.901476082
22,110.51,52,110.52,13:00:02.901581961
26,110.51,52,110.52,13:00:03.126487500
26,110.51,51,110.52,13:00:03.126665095
26,110.51,52,110.52,13:00:05.125741655
26,110.51,51,110.52,13:00:05.810345164
26,110.51,53,110.52,13:00:05.821212459
22,110.51,53,110.52,13:00:06.124253657
19,110.51,53,110.52,13:00:06.124323699
18,110.51,53,110.52,13:00:06.124434416
17,110.51,53,110.52,13:00:06.124587571
18,110.51,53,110.52,13:00:06.124659786
20,110.51,53,110.52,13:00:06.124824777
19,110.51,53,110.52,13:00:06.124895657
17,110.51,53,110.52,13:00:06.125001919
18,110.51,53,110.52,13:00:06.125292166
20,110.51,53,110.52,13:00:06.125481903
19,110.51,53,110.52,13:00:06.125668198
17,110.51,53,110.52,13:00:06.126008153
18,110.51,53,110.52,13:00:06.126231586
19,110.51,53,110.52,13:00:06.126231586
20,110.51,53,110.52,13:00:06.126424844
21,110.51,53,110.52,13:00:06.126877374
20,110.51,53,110.52,13:00:06.141229336
19,110.51,53,110.52,13:00:06.141370817
20,110.51,53,110.52,13:00:06.141444488
21,110.51,53,110.52,13:00:06.141580302
20,110.51,53,110.52,13:00:06.143264672
19,110.51,53,110.52,13:00:06.143342464
18,110.51,53,110.52,13:00:06.143342464
21,110.51,53,110.52,13:00:06.143604800
24,110.51,53,110.52,13:00:06.143860045
25,110.51,53,110.52,13:00:06.144008565
25,110.51,52,110.52,13:00:06.389699499
26,110.51,52,110.52,13:00:12.242898643
46,110.51,52,110.52,13:00:12.243201560
26,110.51,52,110.52,13:00:12.243645547
26,110.51,27,110.52,13:00:13.186252402
26,110.51,43,110.52,13:00:14.030974624
26,110.51,58,110.52,13:00:14.031126813
26,110.51,43,110.52,13:00:14.394828218
26,110.51,27,110.52,13:00:14.394895712
26,110.51,45,110.52,13:00:17.226980551
26,110.51,58,110.52,13:00:17.227091284
26,110.51,40,110.52,13:00:17.238070493
26,110.51,27,110.52,13:00:17.238220816
26,110.51,30,110.52,13:00:17.842096395
26,110.51,50,110.52,13:00:18.052119129
26,110.51,61,110.52,13:00:18.052256091
25,110.51,61,110.52,13:00:20.102194747
22,110.51,61,110.52,13:00:20.102194747
19,110.51,61,110.52,13:00:20.102298873
21,110.51,61,110.52,13:00:20.102838071
20,110.51,61,110.52,13:00:21.117620011
18,110.51,61,110.52,13:00:21.117633694
20,110.51,61,110.52,13:00:21.118779173
18,110.51,61,110.52,13:00:21.124544040
19,110.51,61,110.52,13:00:21.125063718
20,110.51,61,110.52,13:00:21.125131414
19,110.51,61,110.52,13:00:21.138230299
20,110.51,61,110.52,13:00:21.138502068
28,110.51,61,110.52,13:00:23.628837074
32,110.51,61,110.52,13:00:27.310981465
33,110.51,61,110.52,13:00:29.288844625
25,110.51,61,110.52,13:00:30.000954713
30,110.51,61,110.52,13:00:30.500605988
30,110.51,64,110.52,13:00:30.500800030
121,110.51,64,110.52,13:00:30.500881672
121,110.51,53,110.52,13:00:30.553762569
121,110.51,33,110.52,13:00:30.553817968
121,110.51,31,110.52,13:00:30.553955075
121,110.51,29,110.52,13:00:30.554027497
121,110.51,28,110.52,13:00:30.554027497
121,110.51,25,110.52,13:00:30.554714379
121,110.51,19,110.52,13:00:30.554798428
151,110.51,19,110.52,13:00:30.554915078
151,110.51,18,110.52,13:00:30.555129330
151,110.51,17,110.52,13:00:30.558569171
151,110.51,16,110.52,13:00:30.558851100
151,110.51,15,110.52,13:00:30.558851100
151,110.51,14,110.52,13:00:30.558990060
151,110.51,7,110.52,13:00:30.559016930
151,110.51,6,110.52,13:00:30.559016930
151,110.51,5,110.52,13:00:30.559016930
151,110.51,3,110.52,13:00:30.559016930
151,110.51,1,110.52,13:00:30.559016930
147,110.51,1,110.52,13:00:30.559174566
147,110.51,83,110.53,13:00:30.559174566
2,110.52,83,110.53,13:00:30.559263020
2,110.52,97,110.53,13:00:30.559423004
2,110.52,81,110.53,13:00:30.559511311
2,110.52,93,110.53,13:00:30.559511311
2,110.52,91,110.53,13:00:30.559511311
2,110.52,88,110.53,13:00:30.559511311
147,110.51,88,110.53,13:00:30.559615180
149,110.51,88,110.53,13:00:30.559707921
149,110.51,86,110.53,13:00:30.559983009
147,110.51,86,110.53,13:00:30.560156171
121,110.51,86,110.53,13:00:30.570632874
116,110.51,86,110.53,13:00:30.637881894
141,110.51,86,110.53,13:00:30.670909654
141,110.51,66,110.53,13:00:30.672229662
5,110.52,66,110.53,13:00:30.718402654
7,110.52,66,110.53,13:00:30.718586162
5,110.52,66,110.53,13:00:30.718833586
6,110.52,66,110.53,13:00:30.792692262
4,110.52,66,110.53,13:00:39.395687236
4,110.52,64,110.53,13:00:39.395763130
1,110.52,64,110.53,13:00:39.396016587
144,110.51,64,110.53,13:00:39.396032327
144,110.51,66,110.53,13:00:39.396112103
140,110.51,66,110.53,13:00:39.396474406
115,110.51,66,110.53,13:00:39.397584637
115,110.51,5,110.52,13:00:39.397601818
115,110.51,7,110.52,13:00:39.397857484
115,110.51,13,110.52,13:00:39.397960127
115,110.51,7,110.52,13:00:39.408557358
115,110.51,2,110.52,13:00:39.411870659
115,110.51,3,110.52,13:00:39.415211031
115,110.51,4,110.52,13:00:39.415313863
115,110.51,3,110.52,13:00:39.419915146
115,110.51,2,110.52,13:00:39.419985255
117,110.51,2,110.52,13:00:39.482956617
117,110.51,63,110.53,13:00:39.483308418
1,110.52,63,110.53,13:00:39.483308418
117,110.51,63,110.53,13:00:39.483520981
117,110.51,73,110.53,13:00:39.484589082
143,110.51,73,110.53,13:00:39.499917658
145,110.51,73,110.53,13:00:39.566069738
119,110.51,73,110.53,13:00:42.711504972
119,110.51,65,110.53,13:00:42.712089810
119,110.51,73,110.53,13:00:42.715300224
117,110.51,73,110.53,13:00:42.776351092
115,110.51,73,110.53,13:00:42.776475108
5,110.52,73,110.53,13:00:42.856194221
3,110.52,73,110.53,13:00:44.889371616
125,110.51,73,110.53,13:00:44.889682317
145,110.51,73,110.53,13:00:44.889696905
145,110.51,20,110.52,13:00:44.889786096
151,110.51,20,110.52,13:00:44.889786096
143,110.51,20,110.52,13:00:44.889952172
141,110.51,20,110.52,13:00:44.890291525
141,110.51,73,110.53,13:00:44.890633971
2,110.52,73,110.53,13:00:44.977507297
5,110.52,73,110.53,13:00:44.977945111
3,110.52,73,110.53,13:00:46.404653914
1,110.52,73,110.53,13:00:46.404733804
149,110.51,73,110.53,13:00:46.404877763
149,110.51,21,110.52,13:00:46.404877763
143,110.51,21,110.52,13:00:46.404877763
123,110.51,21,110.52,13:00:46.404877763
119,110.51,21,110.52,13:00:46.405138850
119,110.51,67,110.53,13:00:46.405652787
115,110.51,67,110.53,13:00:46.405738374
2,110.52,67,110.53,13:00:46.491520763
4,110.52,67,110.53,13:00:46.491869886
2,110.52,67,110.53,13:00:46.529890931
119,110.51,67,110.53,13:00:46.529990035
136,110.51,67,110.53,13:00:46.530131690
145,110.51,67,110.53,13:00:46.530227235
141,110.51,67,110.53,13:00:46.530375964
141,110.51,63,110.53,13:00:46.530519436
3,110.52,63,110.53,13:00:46.613023099
5,110.52,63,110.53,13:00:46.613293063
5,110.52,83,110.53,13:00:46.642735997
5,110.52,63,110.53,13:00:46.828481175
6,110.52,63,110.53,13:00:47.858090157
7,110.52,63,110.53,13:00:47.861058327
6,110.52,63,110.53,13:00:47.901442652
5,110.52,63,110.53,13:00:47.901594449
5,110.52,113,110.53,13:00:48.064905929
5,110.52,108,110.53,13:00:51.000880585
5,110.52,107,110.53,13:00:51.001211423
5,110.52,105,110.53,13:00:51.001211423
5,110.52,103,110.53,13:00:51.001211423
5,110.52,98,110.53,13:00:51.001355628
5,110.52,96,110.53,13:00:51.001377768
5,110.52,94,110.53,13:00:51.001395439
5,110.52,92,110.53,13:00:51.001410770
5,110.52,91,110.53,13:00:51.001427031
5,110.52,90,110.53,13:00:51.001445611
5,110.52,89,110.53,13:00:51.001460830
5,110.52,88,110.53,13:00:51.001460830
5,110.52,74,110.53,13:00:51.001481172
5,110.52,62,110.53,13:00:51.001560535
5,110.52,60,110.53,13:00:51.001574513
5,110.52,50,110.53,13:00:51.001589105
5,110.52,17,110.53,13:00:51.001607826
6,110.52,17,110.53,13:00:51.002040473
8,110.52,17,110.53,13:00:51.002058920
12,110.52,17,110.53,13:00:51.002076843
12,110.52,23,110.53,13:00:51.002076843
33,110.52,23,110.53,13:00:51.002633765
35,110.52,23,110.53,13:00:51.002787663
35,110.52,28,110.53,13:00:51.002921095
14,110.52,28,110.53,13:00:51.013189188
14,110.52,53,110.53,13:00:51.013352727
12,110.52,53,110.53,13:00:53.475106776
8,110.52,53,110.53,13:00:53.475469045
8,110.52,73,110.53,13:00:53.584196369
6,110.52,73,110.53,13:00:54.660900064
8,110.52,73,110.53,13:00:54.661319708
9,110.52,73,110.53,13:00:54.673304705
10,110.52,73,110.53,13:00:55.016554587
8,110.52,73,110.53,13:00:55.214250946
7,110.52,73,110.53,13:00:55.214314866
9,110.52,73,110.53,13:00:55.214474165
11,110.52,73,110.53,13:00:55.226358781
12,110.52,73,110.53,13:00:55.316831156
11,110.52,73,110.53,13:00:55.634263457
9,110.52,73,110.53,13:00:55.634339191
7,110.52,73,110.53,13:00:55.634339191
6,110.52,73,110.53,13:00:55.634410679
5,110.52,73,110.53,13:00:55.636478498
6,110.52,73,110.53,13:00:55.636721612
7,110.52,73,110.53,13:00:55.636816392
6,110.52,73,110.53,13:00:55.639539533
5,110.52,73,110.53,13:00:55.639690490
6,110.52,73,110.53,13:00:55.640544453
7,110.52,73,110.53,13:00:55.640609397
8,110.52,73,110.53,13:00:55.640676198
7,110.52,73,110.53,13:00:55.773407466
8,110.52,73,110.53,13:00:55.773610689
9,110.52,73,110.53,13:00:55.774409706
10,110.52,73,110.53,13:00:55.785579791
11,110.52,73,110.53,13:00:55.785641381
11,110.52,53,110.53,13:00:55.900090598
12,110.52,53,110.53,13:00:56.017719157
13,110.52,53,110.53,13:00:56.614191349
13,110.52,28,110.53,13:01:01.833427544
14,110.52,28,110.53,13:01:01.833642545
11,110.52,28,110.53,13:01:02.196841159
9,110.52,28,110.53,13:01:02.196841159
8,110.52,28,110.53,13:01:02.196841159
7,110.52,28,110.53,13:01:02.196841159
6,110.52,28,110.53,13:01:02.196977587
5,110.52,28,110.53,13:01:02.196992441
4,110.52,28,110.53,13:01:02.196992441
3,110.52,28,110.53,13:01:02.196992441
2,110.52,28,110.53,13:01:02.197007530
1,110.52,28,110.53,13:01:02.197007530
46,110.51,28,110.53,13:01:02.197026797
46,110.51,11,110.52,13:01:02.197026797
49,110.51,11,110.52,13:01:02.208279762
52,110.51,11,110.52,13:01:02.208457382
55,110.51,11,110.52,13:01:02.294267644
57,110.51,11,110.52,13:01:02.294576213
65,110.51,11,110.52,13:01:03.127421974
69,110.51,11,110.52,13:01:03.441076629
57,110.51,11,110.52,13:01:04.739282466
59,110.51,11,110.52,13:01:04.750144955
57,110.51,11,110.52,13:01:04.861913092
57,110.51,45,110.53,13:01:04.951134206
57,110.51,46,110.53,13:01:04.951328395
56,110.51,46,110.53,13:01:04.962436249
55,110.51,46,110.53,13:01:04.962516037
55,110.51,48,110.53,13:01:04.962591801
55,110.51,50,110.53,13:01:04.962669708
25,110.52,50,110.53,13:01:11.957214257
25,110.52,33,110.53,13:01:11.957231361
27,110.52,33,110.53,13:01:11.957294397
28,110.52,33,110.53,13:01:11.957504905
3,110.52,33,110.53,13:01:11.957726224
1,110.52,33,110.53,13:01:11.958511667
75,110.51,33,110.53,13:01:11.958511667
1,110.52,33,110.53,13:01:11.958906269
74,110.51,33,110.53,13:01:11.959325357
73,110.51,33,110.53,13:01:11.959706828
73,110.51,34,110.53,13:01:11.970020546
73,110.51,35,110.53,13:01:11.970020546
59,110.51,35,110.53,13:01:11.970539448
73,110.51,35,110.53,13:01:11.971160309
25,110.52,35,110.53,13:01:11.986729313
33,110.52,35,110.53,13:01:11.987205580
34,110.52,35,110.53,13:01:11.987326419
9,110.52,35,110.53,13:01:11.988533435
1,110.52,35,110.53,13:01:11.988533435
1,110.52,34,110.53,13:01:11.998062758
1,110.52,33,110.53,13:01:11.998062758
1,110.52,55,110.53,13:01:12.060495637
4,110.52,55,110.53,13:01:12.115201837
6,110.52,55,110.53,13:01:12.115655302
5,110.52,55,110.53,13:01:12.537706611
2,110.52,55,110.53,13:01:12.537735254
68,110.51,55,110.53,13:01:12.537735254
68,110.51,56,110.53,13:01:12.549051490
68,110.51,57,110.53,13:01:12.549137387
3,110.52,57,110.53,13:01:12.623513174
5,110.52,57,110.53,13:01:12.623782357
5,110.52,56,110.53,13:01:12.634757000
5,110.52,55,110.53,13:01:12.634831285
6,110.52,55,110.53,13:01:22.871863077
7,110.52,55,110.53,13:01:22.872047761
7,110.52,33,110.53,13:01:22.872514148
31,110.52,33,110.53,13:01:22.873998896
7,110.52,33,110.53,13:01:22.972917237
32,110.52,33,110.53,13:01:23.317686331
32,110.52,28,110.53,13:01:23.318055477
32,110.52,30,110.53,13:01:23.318327255
32,110.52,46,110.53,13:01:23.318592299
32,110.52,56,110.53,13:01:23.318641287
7,110.52,56,110.53,13:01:23.328915117
7,110.52,46,110.53,13:01:27.442538951
7,110.52,30,110.53,13:01:27.442612544
7,110.52,48,110.53,13:01:27.549878486
7,110.52,56,110.53,13:01:27.549970194
10,110.52,56,110.53,13:01:28.260813976
10,110.52,38,110.53,13:01:29.046121290
10,110.52,30,110.53,13:01:29.046202394
24,110.52,30,110.53,13:01:29.046292128
36,110.52,30,110.53,13:01:29.046305876
56,110.52,30,110.53,13:01:29.046802565
36,110.52,30,110.53,13:01:29.047511759
24,110.52,30,110.53,13:01:29.055630862
10,110.52,30,110.53,13:01:29.055699047
24,110.52,30,110.53,13:01:29.244440551
36,110.52,30,110.53,13:01:29.244505732
24,110.52,30,110.53,13:01:29.653340610
10,110.52,30,110.53,13:01:29.653397986
25,110.52,30,110.53,13:01:29.756080646
36,110.52,30,110.53,13:01:29.756153056
36,110.52,28,110.53,13:01:30.161512941
32,110.52,28,110.53,13:01:39.235350986
32,110.52,48,110.53,13:01:40.443147220
25,110.52,48,110.53,13:01:40.443480363
10,110.52,48,110.53,13:01:40.443480363
10,110.52,50,110.53,13:01:40.443797642
10,110.52,49,110.53,13:01:40.454466978
10,110.52,48,110.53,13:01:40.454538159
10,110.52,47,110.53,13:01:40.465353925
10,110.52,46,110.53,13:01:40.465423020
10,110.52,44,110.53,13:01:45.517122926
10,110.52,24,110.53,13:01:46.859548387
31,110.52,24,110.53,13:01:46.859606195
31,110.52,22,110.53,13:01:46.871348935
10,110.52,22,110.53,13:01:47.437581817
10,110.52,24,110.53,13:01:47.437729515
10,110.52,43,110.53,13:01:47.438038281
10,110.52,41,110.53,13:01:47.440766057
10,110.52,43,110.53,13:01:47.441031372
7,110.52,43,110.53,13:01:47.452694952
5,110.52,43,110.53,13:01:47.452694952
4,110.52,43,110.53,13:01:47.452694952
3,110.52,43,110.53,13:01:47.452694952
68,110.51,43,110.53,13:01:47.452694952
68,110.51,24,110.52,13:01:47.452694952
78,110.51,24,110.52,13:01:47.452744622
78,110.51,43,110.53,13:01:47.452744622
61,110.51,43,110.53,13:01:47.452744622
52,110.51,43,110.53,13:01:47.452820158
22,110.51,43,110.53,13:01:47.453202605
22,110.51,5,110.52,13:01:47.454013537
22,110.51,6,110.52,13:01:47.455156646
22,110.51,9,110.52,13:01:47.456459233
21,110.51,9,110.52,13:01:47.457508052
20,110.51,9,110.52,13:01:47.469242809
10,110.51,9,110.52,13:01:47.469242809
6,110.51,9,110.52,13:01:47.469242809
5,110.51,9,110.52,13:01:47.469242809
4,110.51,9,110.52,13:01:47.469242809
2,110.51,9,110.52,13:01:47.469242809
28,110.5,9,110.52,13:01:47.469242809
20,110.5,9,110.52,13:01:47.501364610
20,110.5,16,110.51,13:01:47.501364610
20,110.5,26,110.51,13:01:47.501367010
8,110.5,26,110.51,13:01:47.501369493
7,110.5,26,110.51,13:01:47.501369493
6,110.5,26,110.51,13:01:47.501369493
4,110.5,26,110.51,13:01:47.501369493
3,110.5,26,110.51,13:01:47.501369493
2,110.5,26,110.51,13:01:47.501369493
1,110.5,26,110.51,13:01:47.501369493
27,110.49,26,110.51,13:01:47.501369493
27,110.49,31,110.51,13:01:47.501428546
27,110.49,26,110.51,13:01:47.523824028
40,110.49,26,110.51,13:01:47.526721011
49,110.49,26,110.51,13:01:47.526721011
49,110.49,16,110.51,13:01:47.535080564
49,110.49,9,110.52,13:01:47.535080564
49,110.49,30,110.52,13:01:47.535080564
49,110.49,32,110.52,13:01:47.536201744
49,110.49,34,110.52,13:01:47.536201744
10,110.51,34,110.52,13:01:47.536201744
6,110.51,34,110.52,13:01:47.538145791
27,110.49,34,110.52,13:01:47.538145791
27,110.49,5,110.51,13:01:47.538209183
27,110.49,18,110.51,13:01:47.538209183
27,110.49,19,110.51,13:01:47.538211131
27,110.49,1,110.5,13:01:47.538211131
27,110.49,2,110.5,13:01:47.538211131
27,110.49,5,110.5,13:01:47.538211131
25,110.49,5,110.5,13:01:47.538211131
21,110.49,5,110.5,13:01:47.538212568
15,110.49,5,110.5,13:01:47.540001632
21,110.49,5,110.5,13:01:47.540128448
23,110.49,5,110.5,13:01:47.540772560
25,110.49,5,110.5,13:01:47.540772560
19,110.49,5,110.5,13:01:47.540830042
25,110.49,5,110.5,13:01:47.540947830
25,110.49,4,110.5,13:01:47.542550834
25,110.49,3,110.5,13:01:47.542550834
25,110.49,16,110.51,13:01:47.542550834
25,110.49,11,110.51,13:01:47.542550834
25,110.49,10,110.51,13:01:47.542550834
25,110.49,31,110.52,13:01:47.542550834
25,110.49,5,110.51,13:01:47.542917093
25,110.49,6,110.51,13:01:47.542984654
25,110.49,20,110.51,13:01:47.542984654
14,110.5,20,110.51,13:01:47.543094098
27,110.5,20,110.51,13:01:47.543094098
27,110.5,22,110.51,13:01:47.545019245
13,110.5,22,110.51,13:01:47.545130096
17,110.49,22,110.51,13:01:47.545130096
30,110.49,22,110.51,13:01:47.545130096
30,110.49,5,110.5,13:01:47.545130096
39,110.49,5,110.5,13:01:47.545191421
39,110.49,6,110.5,13:01:47.545487317
27,110.49,6,110.5,13:01:47.545683277
27,110.49,1,110.5,13:01:47.545862185
27,110.49,20,110.51,13:01:47.545862185
27,110.49,2,110.5,13:01:47.546526924
27,110.49,4,110.5,13:01:47.546611103
26,110.49,4,110.5,13:01:47.546683939
25,110.49,4,110.5,13:01:47.546683939
27,110.49,4,110.5,13:01:47.546998011
27,110.49,2,110.5,13:01:47.547354183
27,110.49,3,110.5,13:01:47.547603858
27,110.49,1,110.5,13:01:47.547869470
27,110.49,20,110.51,13:01:47.547869470
27,110.49,18,110.51,13:01:47.547996370
28,110.49,18,110.51,13:01:47.548081602
30,110.49,18,110.51,13:01:47.548162187
31,110.49,18,110.51,13:01:47.548365851
31,110.49,19,110.51,13:01:47.548365851
31,110.49,1,110.5,13:01:47.548365851
31,110.49,19,110.51,13:01:47.548694004
4,110.5,19,110.51,13:01:47.548694004
4,110.5,21,110.51,13:01:47.548810163
31,110.49,21,110.51,13:01:47.549681377
31,110.49,18,110.51,13:01:47.550070784
31,110.49,17,110.51,13:01:47.550070784
31,110.49,11,110.51,13:01:47.550070784
31,110.49,14,110.51,13:01:47.550345869
4,110.5,14,110.51,13:01:47.550501546
4,110.5,15,110.51,13:01:47.550599686
4,110.5,13,110.51,13:01:47.550837385
1,110.5,13,110.51,13:01:47.551096406
29,110.49,13,110.51,13:01:47.551429791
41,110.49,13,110.51,13:01:47.557399838
42,110.49,13,110.51,13:01:47.557715387
43,110.49,13,110.51,13:01:47.557785197
31,110.49,13,110.51,13:01:47.558052439
31,110.49,5,110.5,13:01:47.559731976
31,110.49,5,110.51,13:01:47.560533366
31,110.49,7,110.51,13:01:47.560822952
31,110.49,9,110.51,13:01:47.560822952
31,110.49,22,110.51,13:01:47.560879439
31,110.49,31,110.51,13:01:47.560879439
31,110.49,3,110.5,13:01:47.561688088
31,110.49,4,110.5,13:01:47.562307761
31,110.49,5,110.5,13:01:47.567783021
31,110.49,2,110.5,13:01:47.570213886
43,110.49,2,110.5,13:01:47.570213886
43,110.49,1,110.5,13:01:47.570887367
43,110.49,35,110.51,13:01:47.570887367
43,110.49,34,110.51,13:01:47.570887367
43,110.49,31,110.51,13:01:47.570887367
43,110.49,30,110.51,13:01:47.570887367
43,110.49,28,110.51,13:01:47.570988260
43,110.49,26,110.51,13:01:47.570988260
43,110.49,13,110.51,13:01:47.571066736
43,110.49,4,110.51,13:01:47.571066736
43,110.49,33,110.52,13:01:47.571066736
43,110.49,3,110.51,13:01:47.571403364
43,110.49,4,110.51,13:01:47.571514398
44,110.49,4,110.51,13:01:47.571514398
45,110.49,4,110.51,13:01:47.571514398
45,110.49,14,110.51,13:01:47.571657268
4,110.5,14,110.51,13:01:47.571797162
4,110.5,15,110.51,13:01:47.571812733
4,110.5,5,110.51,13:01:47.572053302
3,110.5,5,110.51,13:01:47.572053302
5,110.5,5,110.51,13:01:47.572815558
5,110.5,8,110.51,13:01:47.573077907
3,110.5,8,110.51,13:01:47.573501315
3,110.5,22,110.51,13:01:47.573658220
3,110.5,35,110.51,13:01:47.581325309
3,110.5,44,110.51,13:01:47.581325309
35,110.49,44,110.51,13:01:47.581494547
33,110.49,44,110.51,13:01:47.582131788
32,110.49,44,110.51,13:01:47.582416690
31,110.49,44,110.51,13:01:47.582416690
31,110.49,45,110.51,13:01:47.582964745
31,110.49,46,110.51,13:01:47.582964745
32,110.49,46,110.51,13:01:47.593459074
33,110.49,46,110.51,13:01:47.593741070
33,110.49,48,110.51,13:01:47.594142561
33,110.49,50,110.51,13:01:47.594142561
33,110.49,47,110.51,13:01:47.599155255
33,110.49,46,110.51,13:01:47.599169175
33,110.49,45,110.51,13:01:47.599249968
33,110.49,42,110.51,13:01:47.599304481
33,110.49,39,110.51,13:01:47.599304481
33,110.49,40,110.51,13:01:47.599543389
4,110.5,40,110.51,13:01:47.599621665
4,110.5,43,110.51,13:01:47.599621665
4,110.5,32,110.51,13:01:47.621821696
4,110.5,19,110.51,13:01:47.621821696
4,110.5,10,110.51,13:01:47.621927079
4,110.5,9,110.51,13:01:47.621941114
4,110.5,8,110.51,13:01:47.621954823
4,110.5,6,110.51,13:01:47.621969639
4,110.5,4,110.51,13:01:47.621969639
4,110.5,3,110.51,13:01:47.621984087
4,110.5,51,110.52,13:01:47.622006228
4,110.5,3,110.51,13:01:47.622336960
5,110.5,3,110.51,13:01:47.622336960
5,110.5,11,110.51,13:01:47.623113277
5,110.5,13,110.51,13:01:47.633118713
5,110.5,15,110.51,13:01:47.633196406
5,110.5,28,110.51,13:01:47.633357779
5,110.5,37,110.51,13:01:47.633484700
4,110.5,37,110.51,13:01:47.635538721
4,110.5,36,110.51,13:01:47.644197399
4,110.5,35,110.51,13:01:47.644221754
4,110.5,32,110.51,13:01:47.650756811
4,110.5,24,110.51,13:01:47.650756811
4,110.5,15,110.51,13:01:47.651068038
4,110.5,2,110.51,13:01:47.651087347
5,110.5,2,110.51,13:01:47.651210860
17,110.5,2,110.51,13:01:47.651401391
28,110.5,2,110.51,13:01:47.651478370
28,110.5,7,110.51,13:01:47.651962777
29,110.5,7,110.51,13:01:47.654556687
31,110.5,7,110.51,13:01:47.654859584
31,110.5,8,110.51,13:01:47.655003910
31,110.5,9,110.51,13:01:47.655281004
31,110.5,8,110.51,13:01:47.656812626
31,110.5,7,110.51,13:01:47.657468311
31,110.5,2,110.51,13:01:47.657468311
31,110.5,1,110.51,13:01:47.657468311
31,110.5,51,110.52,13:01:47.657468311
31,110.5,31,110.52,13:01:47.657820795
31,110.5,47,110.52,13:01:47.658329756
31,110.5,1,110.51,13:01:47.668227773
31,110.5,2,110.51,13:01:47.668638553
31,110.5,7,110.51,13:01:47.668638553
31,110.5,6,110.51,13:01:47.672512592
31,110.5,5,110.51,13:01:47.672512592
31,110.5,31,110.52,13:01:47.672512592
31,110.5,46,110.52,13:01:47.673982184
31,110.5,47,110.52,13:01:47.683771349
31,110.5,48,110.52,13:01:47.683840914
10,110.51,48,110.52,13:01:47.696282866
31,110.5,48,110.52,13:01:47.696879014
9,110.51,48,110.52,13:01:47.716641246
31,110.5,48,110.52,13:01:47.716975633
31,110.5,44,110.52,13:01:47.717118791
10,110.51,44,110.52,13:01:47.734835733
9,110.51,44,110.52,13:01:47.735882874
31,110.5,44,110.52,13:01:47.736406688
9,110.51,44,110.52,13:01:47.754065322
9,110.51,43,110.52,13:01:47.754446134
9,110.51,63,110.52,13:01:47.756105832
11,110.51,63,110.52,13:01:47.842278502
13,110.51,63,110.52,13:01:47.877690192
13,110.51,43,110.52,13:01:47.944038625
14,110.51,43,110.52,13:01:47.944547016
18,110.51,43,110.52,13:01:47.957384783
33,110.51,43,110.52,13:01:47.960061784
33,110.51,22,110.52,13:01:47.960061784
40,110.51,22,110.52,13:01:47.960061784
25,110.51,22,110.52,13:01:47.961365493
18,110.51,22,110.52,13:01:47.961439365
18,110.51,21,110.52,13:01:47.971320360
18,110.51,20,110.52,13:01:47.971391704
17,110.51,20,110.52,13:01:48.044719541
17,110.51,42,110.52,13:01:48.060008279
18,110.51,42,110.52,13:01:48.114669839
9,110.51,42,110.52,13:01:48.305316663
7,110.51,42,110.52,13:01:48.305316663
5,110.51,42,110.52,13:01:48.305413127
1,110.51,42,110.52,13:01:48.305431095
54,110.5,42,110.52,13:01:48.305431095
54,110.5,2,110.51,13:01:48.305431095
50,110.5,2,110.51,13:01:48.305989968
50,110.5,44,110.52,13:01:48.324836947
50,110.5,42,110.52,13:01:48.325255977
46,110.5,42,110.52,13:01:48.329391929
30,110.5,42,110.52,13:01:48.329980508
11,110.51,42,110.52,13:01:48.344161324
14,110.51,42,110.52,13:01:48.397125883
15,110.51,42,110.52,13:01:48.397494071
17,110.51,42,110.52,13:01:48.399401619
17,110.51,20,110.52,13:01:48.421834028
32,110.51,20,110.52,13:01:48.422052601
39,110.51,20,110.52,13:01:48.422152828
43,110.51,20,110.52,13:01:48.422240918
43,110.51,16,110.52,13:01:48.422638869
36,110.51,16,110.52,13:01:48.429595636
21,110.51,16,110.52,13:01:48.429713847
21,110.51,38,110.52,13:01:48.762046341
21,110.51,16,110.52,13:01:48.774853674
12,110.51,16,110.52,13:01:48.808009588
12,110.51,36,110.52,13:01:48.809207858
12,110.51,58,110.52,13:01:48.889828585
8,110.51,58,110.52,13:01:48.890330303
8,110.51,36,110.52,13:01:48.923702113
9,110.51,36,110.52,13:01:48.923850087
9,110.51,16,110.52,13:01:48.998553727
11,110.51,16,110.52,13:01:48.998735611
9,110.51,16,110.52,13:01:49.392278353
6,110.51,16,110.52,13:01:49.392388590
5,110.51,16,110.52,13:01:49.392416852
3,110.51,16,110.52,13:01:49.392416852
2,110.51,16,110.52,13:01:49.392416852
50,110.5,16,110.52,13:01:49.392416852
50,110.5,38,110.52,13:01:49.392623054
58,110.5,38,110.52,13:01:49.392893364
28,110.5,38,110.52,13:01:49.394002880
17,110.5,38,110.52,13:01:49.399644515
5,110.5,38,110.52,13:01:49.399716233
5,110.5,3,110.51,13:01:49.399952847
5,110.5,4,110.51,13:01:49.400380760
5,110.5,1,110.51,13:01:49.413244979
5,110.5,52,110.52,13:01:49.413244979
6,110.51,52,110.52,13:01:49.413244979
3,110.51,52,110.52,13:01:49.413575023
18,110.5,52,110.52,13:01:49.414008421
28,110.5,52,110.52,13:01:49.414008421
30,110.5,52,110.52,13:01:49.414407339
30,110.5,46,110.52,13:01:49.414625387
28,110.5,46,110.52,13:01:49.414803934
28,110.5,40,110.52,13:01:49.415133649
11,110.51,40,110.52,13:01:49.435666189
12,110.51,40,110.52,13:01:49.435870536
15,110.51,40,110.52,13:01:49.479828240
17,110.51,40,110.52,13:01:49.636276451
6,110.51,40,110.52,13:01:50.362396965
5,110.51,40,110.52,13:01:50.362418846
2,110.51,40,110.52,13:01:50.362418846
32,110.5,40,110.52,13:01:50.362418846
28,110.5,40,110.52,13:01:50.362825550
11,110.51,40,110.52,13:01:50.382453031
12,110.51,40,110.52,13:01:50.447796819
15,110.51,40,110.52,13:01:50.451109956
17,110.51,40,110.52,13:01:50.451390250
17,110.51,18,110.52,13:01:50.458036693
20,110.51,18,110.52,13:01:50.458327260
20,110.51,38,110.52,13:01:50.992553001
20,110.51,60,110.52,13:01:51.017094785
17,110.51,60,110.52,13:01:51.017235691
17,110.51,38,110.52,13:01:51.024851058
17,110.51,37,110.52,13:01:51.028487924
17,110.51,36,110.52,13:01:51.028487924
17,110.51,37,110.52,13:01:51.039219823
17,110.51,17,110.52,13:01:51.491339366
20,110.51,17,110.52,13:01:51.491503129
20,110.51,16,110.52,13:01:51.502593006
35,110.51,16,110.52,13:01:51.561872014
42,110.51,16,110.52,13:01:51.562064245
42,110.51,15,110.52,13:01:51.562159898
35,110.51,15,110.52,13:01:51.682757898
20,110.51,15,110.52,13:01:51.682831485
20,110.51,27,110.52,13:01:52.442298761
20,110.51,37,110.52,13:01:52.442396749
9,110.51,37,110.52,13:01:53.555698889
8,110.51,37,110.52,13:01:53.555698889
5,110.51,37,110.52,13:01:53.555698889
3,110.51,37,110.52,13:01:53.555784873
36,110.5,37,110.52,13:01:53.555803629
36,110.5,30,110.51,13:01:53.555803629
28,110.5,30,110.51,13:01:53.556317435
15,110.5,30,110.51,13:01:53.556732415
5,110.5,30,110.51,13:01:53.556750267
5,110.5,33,110.51,13:01:53.556891627
5,110.5,26,110.51,13:01:53.576395534
6,110.5,26,110.51,13:01:53.576553902
9,110.5,26,110.51,13:01:53.647546207
11,110.5,26,110.51,13:01:53.647800873
24,110.5,26,110.51,13:01:53.659425063
30,110.5,26,110.51,13:01:53.659500589
24,110.5,26,110.51,13:01:54.116473453
11,110.5,26,110.51,13:01:54.116557249
10,110.5,26,110.51,13:01:54.117140484
10,110.5,27,110.51,13:01:54.117458531
23,110.5,27,110.51,13:01:54.217254542
29,110.5,27,110.51,13:01:54.217320526
29,110.5,26,110.51,13:01:54.389869771
29,110.5,27,110.51,13:01:54.762873163
23,110.5,27,110.51,13:01:54.951885173
10,110.5,27,110.51,13:01:54.951954300
10,110.5,43,110.51,13:01:57.737524904
10,110.5,27,110.51,13:01:57.738797441
6,110.5,27,110.51,13:01:58.051000731
5,110.5,27,110.51,13:01:58.051000731
2,110.5,27,110.51,13:01:58.051097899
33,110.49,27,110.51,13:01:58.051097899
33,110.49,43,110.51,13:01:58.051245390
34,110.49,43,110.51,13:01:58.062410429
35,110.49,43,110.51,13:01:58.062410429
3,110.5,43,110.51,13:01:58.144416716
4,110.5,43,110.51,13:01:58.144606923
6,110.5,43,110.51,13:01:58.144750610
6,110.5,27,110.51,13:01:58.144860978
7,110.5,27,110.51,13:01:58.144932680
9,110.5,27,110.51,13:01:58.145034712
9,110.5,44,110.51,13:01:59.916391061
9,110.5,27,110.51,13:02:00.021634555
6,110.5,27,110.51,13:02:00.306796903
5,110.5,27,110.51,13:02:00.306811245
3,110.5,27,110.51,13:02:00.306884743
2,110.5,27,110.51,13:02:00.306903354
59,110.49,27,110.51,13:02:00.306903354
59,110.49,11,110.5,13:02:00.306903354
59,110.49,44,110.51,13:02:00.307261415
2,110.5,44,110.51,13:02:00.307528845
2,110.5,47,110.51,13:02:00.307528845
55,110.49,47,110.51,13:02:00.311926401
2,110.5,47,110.51,13:02:00.313075953
2,110.5,48,110.51,13:02:00.318539233
2,110.5,49,110.51,13:02:00.318609560
55,110.49,49,110.51,13:02:00.318784497
2,110.5,49,110.51,13:02:00.319123127
2,110.5,47,110.51,13:02:00.319203427
2,110.5,46,110.51,13:02:00.319338026
55,110.49,46,110.51,13:02:00.324404213
2,110.5,46,110.51,13:02:00.328648618
2,110.5,47,110.51,13:02:00.329381411
2,110.5,48,110.51,13:02:00.329456554
55,110.49,48,110.51,13:02:00.332868263
2,110.5,48,110.51,13:02:00.336969115
55,110.49,48,110.51,13:02:00.341229044
2,110.5,48,110.51,13:02:00.355867516
55,110.49,48,110.51,13:02:00.370371854
2,110.5,48,110.51,13:02:00.379505802
58,110.49,48,110.51,13:02:00.401327826
60,110.49,48,110.51,13:02:00.401423832
2,110.5,48,110.51,13:02:00.401556706
2,110.5,68,110.51,13:02:00.464253140
70,110.49,68,110.51,13:02:00.464414646
64,110.49,68,110.51,13:02:00.464977589
1,110.5,68,110.51,13:02:00.465136313
2,110.5,68,110.51,13:02:00.465295526
1,110.5,68,110.51,13:02:00.477709107
1,110.5,71,110.51,13:02:00.477772250
1,110.5,118,110.51,13:02:00.485683042
1,110.5,126,110.51,13:02:00.485745861
4,110.5,126,110.51,13:02:00.485811260
7,110.5,126,110.51,13:02:00.564634149
9,110.5,126,110.51,13:02:00.565119416
9,110.5,106,110.51,13:02:00.651064345
9,110.5,89,110.51,13:02:00.651232544
9,110.5,81,110.51,13:02:00.651301910
13,110.5,81,110.51,13:02:01.222407128
13,110.5,78,110.51,13:02:01.248144708
13,110.5,80,110.51,13:02:02.202004029
14,110.5,80,110.51,13:02:02.211254980
13,110.5,80,110.51,13:02:02.221095585
9,110.5,80,110.51,13:02:02.327287882
9,110.5,97,110.51,13:02:02.327471450
9,110.5,105,110.51,13:02:02.327554967
8,110.5,105,110.51,13:02:02.327554967
8,110.5,88,110.51,13:02:03.144808169
5,110.5,88,110.51,13:02:03.145290367
5,110.5,89,110.51,13:02:03.145359528
8,110.5,89,110.51,13:02:03.200106005
5,110.5,89,110.51,13:02:03.225980849
5,110.5,107,110.51,13:02:03.247596098
5,110.5,89,110.51,13:02:03.980385242
6,110.5,89,110.51,13:02:03.983451381
7,110.5,89,110.51,13:02:04.002713198
12,110.5,89,110.51,13:02:04.188956815
12,110.5,81,110.51,13:02:04.923514330
13,110.5,81,110.51,13:02:05.106215717
18,110.5,81,110.51,13:02:05.177814190
13,110.5,81,110.51,13:02:05.307215996
14,110.5,81,110.51,13:02:05.308264556
14,110.5,90,110.51,13:02:05.766852654
15,110.5,90,110.51,13:02:06.166661750
14,110.5,90,110.51,13:02:06.218153030
9,110.5,90,110.51,13:02:06.218428211
13,110.5,90,110.51,13:02:07.155537009
14,110.5,90,110.51,13:02:08.144386459
13,110.5,90,110.51,13:02:08.164726030
9,110.5,90,110.51,13:02:08.573727683
8,110.5,90,110.51,13:02:08.574026917
5,110.5,90,110.51,13:02:08.620712007
3,110.5,90,110.51,13:02:08.620725681
2,110.5,90,110.51,13:02:08.620805930
1,110.5,90,110.51,13:02:08.620823415
116,110.49,90,110.51,13:02:08.620823415
116,110.49,99,110.51,13:02:08.621232583
116,110.49,102,110.51,13:02:08.621232583
116,110.49,112,110.51,13:02:08.621232583
88,110.49,112,110.51,13:02:08.621321763
86,110.49,112,110.51,13:02:08.621804723
86,110.49,113,110.51,13:02:08.632092522
86,110.49,114,110.51,13:02:08.632161447
86,110.49,111,110.51,13:02:08.667500412
3,110.5,111,110.51,13:02:08.707796728
5,110.5,111,110.51,13:02:08.707938011
7,110.5,111,110.51,13:02:10.122211468
5,110.5,111,110.51,13:02:10.304804904
5,110.5,101,110.51,13:02:10.955429372
5,110.5,92,110.51,13:02:10.955716604
6,110.5,92,110.51,13:02:10.956196507
11,110.5,92,110.51,13:02:10.956355511
15,110.5,92,110.51,13:02:11.110934807
15,110.5,83,110.51,13:02:11.983626793
25,110.5,83,110.51,13:02:11.983826892
34,110.5,83,110.51,13:02:11.983880748
34,110.5,82,110.51,13:02:11.995098193
34,110.5,81,110.51,13:02:11.995182272
24,110.5,81,110.51,13:02:11.995366743
15,110.5,81,110.51,13:02:11.995445118
22,110.5,81,110.51,13:02:12.099789220
33,110.5,81,110.51,13:02:13.202234849
34,110.5,81,110.51,13:02:13.202234849
35,110.5,81,110.51,13:02:13.202234849
43,110.5,81,110.51,13:02:13.202234849
32,110.5,81,110.51,13:02:13.436902349
24,110.5,81,110.51,13:02:13.436964182
17,110.5,81,110.51,13:02:16.039730004
17,110.5,87,110.51,13:02:16.040364321
17,110.5,90,110.51,13:02:16.040507117
17,110.5,103,110.51,13:02:16.040564970
17,110.5,109,110.51,13:02:16.040628749
13,110.5,109,110.51,13:02:16.040646458
10,110.5,109,110.51,13:02:16.040812576
8,110.5,109,110.51,13:02:16.040812576
7,110.5,109,110.51,13:02:16.040812576
2,110.5,109,110.51,13:02:16.040812576
1,110.5,109,110.51,13:02:16.040812576
110,110.49,109,110.51,13:02:16.040812576
110,110.49,47,110.5,13:02:16.040812576
86,110.49,47,110.5,13:02:16.040924102
86,110.49,32,110.5,13:02:16.043554244
86,110.49,4,110.5,13:02:16.043554244
86,110.49,109,110.51,13:02:16.043640555
87,110.49,109,110.51,13:02:16.043812596
87,110.49,108,110.51,13:02:16.051612675
87,110.49,107,110.51,13:02:16.051684896
89,110.49,107,110.51,13:02:16.055312237
87,110.49,107,110.51,13:02:16.106114966
86,110.49,107,110.51,13:02:16.106226881
84,110.49,107,110.51,13:02:16.112725536
3,110.5,107,110.51,13:02:16.130026625
5,110.5,107,110.51,13:02:16.130277542
2,110.5,107,110.51,13:02:17.531278961
112,110.49,107,110.51,13:02:17.531278961
108,110.49,107,110.51,13:02:17.532127100
3,110.5,107,110.51,13:02:17.625591046
5,110.5,107,110.51,13:02:17.625857462
5,110.5,94,110.51,13:02:20.866903912
5,110.5,88,110.51,13:02:20.866975634
12,110.5,88,110.51,13:02:20.999480669
13,110.5,88,110.51,13:02:20.999763825
13,110.5,85,110.51,13:02:22.017333503
13,110.5,79,110.51,13:02:22.017348274
32,110.5,79,110.51,13:02:22.020609869
32,110.5,80,110.51,13:02:22.031869826
32,110.5,81,110.51,13:02:22.032053557
13,110.5,81,110.51,13:02:22.032136904
17,110.5,81,110.51,13:02:22.977213537
31,110.5,81,110.51,13:02:23.250515584
68,110.5,81,110.51,13:02:23.250642124
81,110.5,81,110.51,13:02:23.250642124
86,110.5,81,110.51,13:02:23.250742412
88,110.5,81,110.51,13:02:23.250742412
95,110.5,81,110.51,13:02:23.251232305
82,110.5,81,110.51,13:02:23.305395113
45,110.5,81,110.51,13:02:23.305395113
31,110.5,81,110.51,13:02:23.311515970
26,110.5,81,110.51,13:02:23.311577947
26,110.5,34,110.51,13:02:23.387597948
64,110.5,34,110.51,13:02:23.405445411
76,110.5,34,110.51,13:02:23.405522253
76,110.5,36,110.51,13:02:23.409188436
91,110.5,36,110.51,13:02:23.424744207
95,110.5,36,110.51,13:02:23.424959170
95,110.5,81,110.51,13:02:24.089020982
91,110.5,81,110.51,13:02:24.089117721
76,110.5,81,110.51,13:02:24.089117721
64,110.5,81,110.51,13:02:24.089361797
26,110.5,81,110.51,13:02:24.089361797
24,110.5,81,110.51,13:02:24.090214740
17,110.5,81,110.51,13:02:24.090297128
13,110.5,81,110.51,13:02:24.090640885
51,110.5,81,110.51,13:02:24.190078216
63,110.5,81,110.51,13:02:24.190151122
70,110.5,81,110.51,13:02:24.190295057
72,110.5,81,110.51,13:02:24.190365006
87,110.5,81,110.51,13:02:24.190432616
91,110.5,81,110.51,13:02:24.190500529
88,110.5,81,110.51,13:02:24.306689979
86,110.5,81,110.51,13:02:24.306689979
79,110.5,81,110.51,13:02:24.306774651
78,110.5,81,110.51,13:02:24.306790248
66,110.5,81,110.51,13:02:24.306790248
54,110.5,81,110.51,13:02:24.307015733
50,110.5,81,110.51,13:02:24.307015733
24,110.5,81,110.51,13:02:24.307015733
9,110.5,81,110.51,13:02:24.307210878
2,110.5,81,110.51,13:02:24.307210878
111,110.49,81,110.51,13:02:24.307318291
3,110.5,81,110.51,13:02:24.394132345
4,110.5,81,110.51,13:02:24.394317946
15,110.5,81,110.51,13:02:24.394394000
17,110.5,81,110.51,13:02:24.394469623
17,110.5,83,110.51,13:02:25.005128224
18,110.5,83,110.51,13:02:25.005197584
19,110.5,83,110.51,13:02:25.005324406
18,110.5,83,110.51,13:02:25.005594850
17,110.5,83,110.51,13:02:25.005764931
18,110.5,83,110.51,13:02:25.006368600
19,110.5,83,110.51,13:02:25.007441408
20,110.5,83,110.51,13:02:25.461204795
21,110.5,83,110.51,13:02:25.461301925
21,110.5,84,110.51,13:02:25.461381278
21,110.5,85,110.51,13:02:25.461381278
20,110.5,85,110.51,13:02:25.617105088
21,110.5,85,110.51,13:02:25.755769723
20,110.5,85,110.51,13:02:25.767105354
21,110.5,85,110.51,13:02:25.833920263
20,110.5,85,110.51,13:02:25.834095751
21,110.5,85,110.51,13:02:25.864926728
20,110.5,85,110.51,13:02:25.873400190
19,110.5,85,110.51,13:02:26.252863358
18,110.5,85,110.51,13:02:26.252863358
19,110.5,85,110.51,13:02:26.253265374
20,110.5,85,110.51,13:02:26.253265374
19,110.5,85,110.51,13:02:26.253992574
18,110.5,85,110.51,13:02:26.254072932
18,110.5,102,110.51,13:02:26.254347871
19,110.5,102,110.51,13:02:26.254423402
18,110.5,102,110.51,13:02:26.254517302
17,110.5,102,110.51,13:02:26.254693322
6,110.5,102,110.51,13:02:26.254693322
5,110.5,102,110.51,13:02:26.254783757
6,110.5,102,110.51,13:02:26.254783757
7,110.5,102,110.51,13:02:26.254928528
8,110.5,102,110.51,13:02:26.255005379
8,110.5,85,110.51,13:02:26.256968516
7,110.5,85,110.51,13:02:26.257608203
8,110.5,85,110.51,13:02:26.258198798
9,110.5,85,110.51,13:02:26.451987696
8,110.5,85,110.51,13:02:26.524489800
7,110.5,85,110.51,13:02:26.524489800
9,110.5,85,110.51,13:02:26.525145395
15,110.5,85,110.51,13:02:26.932608983
13,110.5,85,110.51,13:02:27.421786415
12,110.5,85,110.51,13:02:27.421972348
11,110.5,85,110.51,13:02:27.422203548
12,110.5,85,110.51,13:02:27.422837858
13,110.5,85,110.51,13:02:27.422983231
12,110.5,85,110.51,13:02:27.423669809
13,110.5,85,110.51,13:02:27.423918971
14,110.5,85,110.51,13:02:27.424060267
13,110.5,85,110.51,13:02:27.426299948
12,110.5,85,110.51,13:02:27.426400806
11,110.5,85,110.51,13:02:27.426510988
12,110.5,85,110.51,13:02:27.427104690
13,110.5,85,110.51,13:02:27.427234872
14,110.5,85,110.51,13:02:27.427411288
13,110.5,85,110.51,13:02:27.427482530
14,110.5,85,110.51,13:02:27.427645599
13,110.5,85,110.51,13:02:27.430586854
14,110.5,85,110.51,13:02:27.443226484
13,110.5,85,110.51,13:02:27.656076443
12,110.5,85,110.51,13:02:27.694425715
9,110.5,85,110.51,13:02:27.786844245
8,110.5,85,110.51,13:02:27.787014770
11,110.5,85,110.51,13:02:27.882241925
13,110.5,85,110.51,13:02:27.891109986
14,110.5,85,110.51,13:02:27.891268377
16,110.5,85,110.51,13:02:27.921466074
14,110.5,85,110.51,13:02:28.135800076
13,110.5,85,110.51,13:02:28.135967682
14,110.5,85,110.51,13:02:28.186818165
15,110.5,85,110.51,13:02:28.186967934
16,110.5,85,110.51,13:02:28.217631922
15,110.5,85,110.51,13:02:28.218010578
14,110.5,85,110.51,13:02:28.218184853
13,110.5,85,110.51,13:02:28.218255525
14,110.5,85,110.51,13:02:28.221344486
15,110.5,85,110.51,13:02:28.221510915
14,110.5,85,110.51,13:02:28.273783543
13,110.5,85,110.51,13:02:28.273936177
14,110.5,85,110.51,13:02:28.320704278
15,110.5,85,110.51,13:02:28.353088940
16,110.5,85,110.51,13:02:28.353161337
17,110.5,85,110.51,13:02:29.041646349
18,110.5,85,110.51,13:02:29.041804820
62,110.5,85,110.51,13:02:29.046101892
79,110.5,85,110.51,13:02:29.046101892
87,110.5,85,110.51,13:02:29.046251262
87,110.5,84,110.51,13:02:29.203086645
70,110.5,84,110.51,13:02:29.576616763
70,110.5,85,110.51,13:02:29.576785943
26,110.5,85,110.51,13:02:29.576937694
25,110.5,85,110.51,13:02:30.000488668
17,110.5,85,110.51,13:02:30.000679338
16,110.5,85,110.51,13:02:30.000810727
15,110.5,85,110.51,13:02:30.001102602
16,110.5,85,110.51,13:02:30.001833772
17,110.5,85,110.51,13:02:30.001833772
16,110.5,85,110.51,13:02:30.002577586
14,110.5,85,110.51,13:02:30.002597148
15,110.5,85,110.51,13:02:30.002707435
16,110.5,85,110.51,13:02:30.011855490
24,110.5,85,110.51,13:02:30.102981893
32,110.5,85,110.51,13:02:30.108134916
24,110.5,85,110.51,13:02:30.204726919
23,110.5,85,110.51,13:02:30.217584040
31,110.5,85,110.51,13:02:30.521257174
32,110.5,85,110.51,13:02:30.521429506
31,110.5,85,110.51,13:02:30.711145139
32,110.5,85,110.51,13:02:30.711309875
31,110.5,85,110.51,13:02:30.770623333
23,110.5,85,110.51,13:02:30.770765869
24,110.5,85,110.51,13:02:30.774355466
32,110.5,85,110.51,13:02:30.781791652
41,110.5,85,110.51,13:02:30.782597703
41,110.5,83,110.51,13:02:31.266124369
41,110.5,82,110.51,13:02:31.266269409
41,110.5,81,110.51,13:02:31.266703894
41,110.5,82,110.51,13:02:31.266703894
41,110.5,83,110.51,13:02:31.266861168
41,110.5,82,110.51,13:02:31.266934429
41,110.5,83,110.51,13:02:31.267014877
41,110.5,82,110.51,13:02:31.267085245
43,110.5,82,110.51,13:02:31.267522470
61,110.5,82,110.51,13:02:31.267958130
61,110.5,81,110.51,13:02:31.268194911
61,110.5,82,110.51,13:02:31.268364767
61,110.5,83,110.51,13:02:31.268770523
61,110.5,84,110.51,13:02:31.268987070
61,110.5,85,110.51,13:02:31.269658117
61,110.5,84,110.51,13:02:31.269945621
61,110.5,83,110.51,13:02:31.270093176
61,110.5,82,110.51,13:02:31.270175847
61,110.5,83,110.51,13:02:31.270248315
61,110.5,84,110.51,13:02:31.270716305
61,110.5,83,110.51,13:02:31.271219943
61,110.5,84,110.51,13:02:31.271470234
43,110.5,84,110.51,13:02:31.272093728
43,110.5,85,110.51,13:02:31.272256575
34,110.5,85,110.51,13:02:31.274772788
26,110.5,85,110.51,13:02:31.274772788
25,110.5,85,110.51,13:02:31.293806398
26,110.5,85,110.51,13:02:31.318537167
24,110.5,85,110.51,13:02:31.380197918
23,110.5,85,110.51,13:02:31.380356950
24,110.5,85,110.51,13:02:31.394841421
32,110.5,85,110.51,13:02:31.868166405
51,110.5,85,110.51,13:02:31.869939112
101,110.5,85,110.51,13:02:32.018091706
101,110.5,84,110.51,13:02:32.018257485
101,110.5,83,110.51,13:02:32.018329802
101,110.5,82,110.51,13:02:32.018476419
101,110.5,81,110.51,13:02:32.020797115
101,110.5,83,110.51,13:02:32.027542455
51,110.5,83,110.51,13:02:32.029298642
51,110.5,84,110.51,13:02:32.029473727
51,110.5,85,110.51,13:02:32.029540578
32,110.5,85,110.51,13:02:32.029646354
33,110.5,85,110.51,13:02:32.040935734
34,110.5,85,110.51,13:02:32.041006963
34,110.5,84,110.51,13:02:32.074352620
34,110.5,85,110.51,13:02:32.074544076
26,110.5,85,110.51,13:02:32.095673988
35,110.5,85,110.51,13:02:32.402664167
35,110.5,84,110.51,13:02:32.403316252
35,110.5,85,110.51,13:02:32.841616757
35,110.5,84,110.51,13:02:32.843535428
35,110.5,85,110.51,13:02:32.845230070
35,110.5,84,110.51,13:02:32.858812409
35,110.5,85,110.51,13:02:32.958333295
54,110.5,85,110.51,13:02:32.970266611
54,110.5,84,110.51,13:02:32.970460810
54,110.5,83,110.51,13:02:32.970522093
54,110.5,84,110.51,13:02:33.160281098
54,110.5,85,110.51,13:02:33.160348759
55,110.5,85,110.51,13:02:33.498059472
56,110.5,85,110.51,13:02:33.498616826
56,110.5,83,110.51,13:02:33.500400792
56,110.5,82,110.51,13:02:33.500575656
56,110.5,81,110.51,13:02:33.500575656
106,110.5,81,110.51,13:02:33.505998635
106,110.5,82,110.51,13:02:33.510782346
106,110.5,81,110.51,13:02:33.512877733
106,110.5,82,110.51,13:02:33.516046672
106,110.5,81,110.51,13:02:33.516886544
106,110.5,82,110.51,13:02:33.519529870
106,110.5,83,110.51,13:02:33.519752929
106,110.5,84,110.51,13:02:33.519752929
106,110.5,85,110.51,13:02:33.519919345
106,110.5,84,110.51,13:02:33.519919345
106,110.5,83,110.51,13:02:33.519998378
106,110.5,82,110.51,13:02:33.520151092
106,110.5,81,110.51,13:02:33.521853561
106,110.5,82,110.51,13:02:33.580460725
106,110.5,84,110.51,13:02:33.616421615
106,110.5,82,110.51,13:02:33.709099888
106,110.5,81,110.51,13:02:33.709265923
56,110.5,81,110.51,13:02:34.520871033
56,110.5,83,110.51,13:02:34.521281272
56,110.5,84,110.51,13:02:34.521645960
56,110.5,85,110.51,13:02:34.521936834
37,110.5,85,110.51,13:02:34.521951996
37,110.5,84,110.51,13:02:34.635210587
37,110.5,83,110.51,13:02:34.635276283
37,110.5,84,110.51,13:02:34.635482833
37,110.5,82,110.51,13:02:34.635589246
56,110.5,82,110.51,13:02:34.636017389
56,110.5,81,110.51,13:02:34.636170160
56,110.5,83,110.51,13:02:34.895173396
56,110.5,84,110.51,13:02:34.895433505
56,110.5,85,110.51,13:02:34.895596970
37,110.5,85,110.51,13:02:34.895732490
28,110.5,85,110.51,13:02:34.895900400
27,110.5,85,110.51,13:02:34.901410995
26,110.5,85,110.51,13:02:34.901500271
24,110.5,85,110.51,13:02:35.795024159
18,110.5,85,110.51,13:02:35.795024159
15,110.5,85,110.51,13:02:35.795243435
14,110.5,85,110.51,13:02:35.795256933
13,110.5,85,110.51,13:02:35.795270923
12,110.5,85,110.51,13:02:35.795285115
11,110.5,85,110.51,13:02:35.795299307
3,110.5,85,110.51,13:02:35.795314716
2,110.5,85,110.51,13:02:35.795314716
1,110.5,85,110.51,13:02:35.795329474
153,110.49,85,110.51,13:02:35.795344613
161,110.49,85,110.51,13:02:35.795495166
163,110.49,85,110.51,13:02:35.795559298
163,110.49,94,110.51,13:02:35.795684213
163,110.49,102,110.51,13:02:35.795684213
164,110.49,102,110.51,13:02:35.795835957
165,110.49,102,110.51,13:02:35.795943739
175,110.49,102,110.51,13:02:35.796183282
151,110.49,102,110.51,13:02:35.796580903
177,110.49,102,110.51,13:02:35.797042922
177,110.49,101,110.51,13:02:35.805870587
177,110.49,100,110.51,13:02:35.806049108
177,110.49,46,110.5,13:02:35.806685408
177,110.49,44,110.5,13:02:35.806685408
177,110.49,42,110.5,13:02:35.806685408
177,110.49,38,110.5,13:02:35.806795517
149,110.49,38,110.5,13:02:35.806795517
149,110.49,34,110.5,13:02:35.806983232
149,110.49,100,110.51,13:02:35.807099734
1,110.5,100,110.51,13:02:35.807193968
2,110.5,100,110.51,13:02:35.807212223
6,110.5,100,110.51,13:02:35.807335200
5,110.5,100,110.51,13:02:35.807578019
4,110.5,100,110.51,13:02:35.809370882
5,110.5,100,110.51,13:02:35.813143634
14,110.5,100,110.51,13:02:35.813210927
13,110.5,100,110.51,13:02:35.813961458
13,110.5,101,110.51,13:02:35.816714454
13,110.5,102,110.51,13:02:35.816855531
14,110.5,102,110.51,13:02:35.823455787
13,110.5,102,110.51,13:02:35.823611928
14,110.5,102,110.51,13:02:35.829454448
15,110.5,102,110.51,13:02:35.829589690
16,110.5,102,110.51,13:02:35.829732236
17,110.5,102,110.51,13:02:35.829900454
20,110.5,102,110.51,13:02:35.832340509
19,110.5,102,110.51,13:02:35.832413236
18,110.5,102,110.51,13:02:35.832476600
17,110.5,102,110.51,13:02:35.832591710
18,110.5,102,110.51,13:02:35.833501658
19,110.5,102,110.51,13:02:35.836175135
18,110.5,102,110.51,13:02:35.836456808
19,110.5,102,110.51,13:02:35.860286391
18,110.5,102,110.51,13:02:35.872548295
17,110.5,102,110.51,13:02:35.876643006
20,110.5,102,110.51,13:02:35.885936888
22,110.5,102,110.51,13:02:35.886327383
19,110.5,102,110.51,13:02:35.889049913
21,110.5,102,110.51,13:02:36.025292026
22,110.5,102,110.51,13:02:36.060288155
20,110.5,102,110.51,13:02:36.373013745
21,110.5,102,110.51,13:02:36.386025390
22,110.5,102,110.51,13:02:36.386173092
21,110.5,102,110.51,13:02:36.451220937
22,110.5,102,110.51,13:02:36.679455445
22,110.5,93,110.51,13:02:37.668763342
33,110.5,93,110.51,13:02:37.669019940
35,110.5,93,110.51,13:02:37.669190657
43,110.5,93,110.51,13:02:37.669227406
52,110.5,93,110.51,13:02:37.669249255
60,110.5,93,110.51,13:02:37.669249255
60,110.5,85,110.51,13:02:37.669386158
60,110.5,84,110.51,13:02:37.669386158
61,110.5,84,110.51,13:02:37.669386158
88,110.5,84,110.51,13:02:37.669824785
88,110.5,82,110.51,13:02:37.669824785
111,110.5,82,110.51,13:02:37.669824785
111,110.5,81,110.51,13:02:37.669846480
111,110.5,82,110.51,13:02:37.669987140
111,110.5,37,110.51,13:02:37.670112916
111,110.5,39,110.51,13:02:37.670346191
111,110.5,40,110.51,13:02:37.670575159
111,110.5,49,110.51,13:02:37.670575159
111,110.5,57,110.51,13:02:37.670575159
113,110.5,57,110.51,13:02:37.670593712
113,110.5,55,110.51,13:02:37.670669216
113,110.5,46,110.51,13:02:37.670852905
113,110.5,38,110.51,13:02:37.670938717
111,110.5,38,110.51,13:02:37.671319007
111,110.5,36,110.51,13:02:37.673542925
111,110.5,38,110.51,13:02:37.673693822
111,110.5,36,110.51,13:02:37.673890046
111,110.5,37,110.51,13:02:37.674442433
111,110.5,38,110.51,13:02:37.674515687
112,110.5,38,110.51,13:02:37.680543913
113,110.5,38,110.51,13:02:37.680641237
113,110.5,37,110.51,13:02:37.680750179
113,110.5,36,110.51,13:02:37.680750179
115,110.5,36,110.51,13:02:37.689072121
113,110.5,36,110.51,13:02:37.689571531
90,110.5,36,110.51,13:02:37.689667282
63,110.5,36,110.51,13:02:37.689667282
63,110.5,45,110.51,13:02:37.689739167
65,110.5,45,110.51,13:02:37.692462756
67,110.5,45,110.51,13:02:37.692541607
67,110.5,46,110.51,13:02:37.692691234
67,110.5,47,110.51,13:02:37.692691234
67,110.5,48,110.51,13:02:37.697032454
67,110.5,49,110.51,13:02:37.698168502
66,110.5,49,110.51,13:02:37.698563433
58,110.5,49,110.51,13:02:37.738424403
58,110.5,79,110.51,13:02:37.881664713
58,110.5,98,110.51,13:02:37.881731135
49,110.5,98,110.51,13:02:38.280819106
48,110.5,98,110.51,13:02:38.283983971
46,110.5,98,110.51,13:02:38.284431862
35,110.5,98,110.51,13:02:38.287955415
27,110.5,98,110.51,13:02:38.288016762
26,110.5,98,110.51,13:02:38.709047402
25,110.5,98,110.51,13:02:38.709297376
21,110.5,98,110.51,13:02:38.840373207
20,110.5,98,110.51,13:02:38.840578878
11,110.5,98,110.51,13:02:40.118646798
12,110.5,98,110.51,13:02:40.248760261
11,110.5,98,110.51,13:02:40.248935948
12,110.5,98,110.51,13:02:40.472724827
11,110.5,98,110.51,13:02:40.472923761
10,110.5,98,110.51,13:02:42.565321819
8,110.5,98,110.51,13:02:42.565517435
6,110.5,98,110.51,13:02:42.565641803
5,110.5,98,110.51,13:02:42.565641803
4,110.5,98,110.51,13:02:42.565736931
2,110.5,98,110.51,13:02:42.565752320
2,110.5,113,110.51,13:02:42.565970981
2,110.5,117,110.51,13:02:42.566046507
1,110.5,117,110.51,13:02:42.576605859
1,110.5,118,110.51,13:02:42.576907443
1,110.5,119,110.51,13:02:42.576981145
173,110.49,119,110.51,13:02:42.587470470
173,110.49,127,110.51,13:02:42.587748073
2,110.5,127,110.51,13:02:42.657492471
2,110.5,126,110.51,13:02:42.668763456
2,110.5,125,110.51,13:02:42.668829888
2,110.5,145,110.51,13:02:42.673086413
2,110.5,125,110.51,13:02:42.859168835
2,110.5,145,110.51,13:02:43.044490490
2,110.5,146,110.51,13:02:43.533310208
2,110.5,131,110.51,13:02:45.667734467
2,110.5,127,110.51,13:02:45.667800000
3,110.5,127,110.51,13:02:48.016489681
2,110.5,127,110.51,13:02:48.016652148
3,110.5,127,110.51,13:02:48.203015413
4,110.5,127,110.51,13:02:48.203164584
3,110.5,127,110.51,13:02:48.205441584
4,110.5,127,110.51,13:02:48.219481370
5,110.5,127,110.51,13:02:48.219716480
4,110.5,127,110.51,13:02:48.237805434
3,110.5,127,110.51,13:02:48.238098022
4,110.5,127,110.51,13:02:48.360488708
3,110.5,127,110.51,13:02:48.382877784
5,110.5,127,110.51,13:02:50.339229482
3,110.5,127,110.51,13:02:50.339392755
4,110.5,127,110.51,13:02:50.417493804
5,110.5,127,110.51,13:02:50.417737145
6,110.5,127,110.51,13:02:50.417737145
5,110.5,127,110.51,13:02:50.418492407
4,110.5,127,110.51,13:02:50.418984587
3,110.5,127,110.51,13:02:50.419130184
5,110.5,127,110.51,13:02:50.452377683
6,110.5,127,110.51,13:02:50.452967324
5,110.5,127,110.51,13:02:50.453218249
5,110.5,107,110.51,13:02:50.529418349
3,110.5,107,110.51,13:02:50.598649861
4,110.5,107,110.51,13:02:51.653981978
5,110.5,107,110.51,13:02:53.022540164
6,110.5,107,110.51,13:02:53.022663726
7,110.5,107,110.51,13:02:53.022921815
6,110.5,107,110.51,13:02:53.064811450
5,110.5,107,110.51,13:02:53.064959690
4,110.5,107,110.51,13:02:53.065072989
5,110.5,107,110.51,13:02:53.067156761
6,110.5,107,110.51,13:02:53.067307883
5,110.5,107,110.51,13:02:53.069149283
4,110.5,107,110.51,13:02:53.069253703
5,110.5,107,110.51,13:02:53.084342807
4,110.5,107,110.51,13:02:53.084923593
5,110.5,107,110.51,13:02:53.109262098
6,110.5,107,110.51,13:02:53.109416351
5,110.5,107,110.51,13:02:53.139788807
4,110.5,107,110.51,13:02:53.197170319
5,110.5,107,110.51,13:02:53.361492793
6,110.5,107,110.51,13:02:53.364237633
7,110.5,107,110.51,13:02:53.390747743
6,110.5,107,110.51,13:02:53.398727464
5,110.5,107,110.51,13:02:53.398798185
4,110.5,107,110.51,13:02:53.398862988
3,110.5,107,110.51,13:02:53.401158734
5,110.5,107,110.51,13:02:53.502341562
3,110.5,107,110.51,13:02:53.502547335
4,110.5,107,110.51,13:02:53.502935232
5,110.5,107,110.51,13:02:53.504472908
6,110.5,107,110.51,13:02:53.507602399
5,110.5,107,110.51,13:02:53.515139060
4,110.5,107,110.51,13:02:53.515279703
3,110.5,107,110.51,13:02:53.515470974
4,110.5,107,110.51,13:02:53.631679646
3,110.5,107,110.51,13:02:54.047995826
2,110.5,107,110.51,13:02:54.067823857
2,110.5,120,110.51,13:02:55.234603541
157,110.49,120,110.51,13:02:55.234788956
157,110.49,1,110.5,13:02:55.234788956
157,110.49,2,110.5,13:02:55.234788956
157,110.49,3,110.5,13:02:55.234809596
153,110.49,3,110.5,13:02:55.234888453
153,110.49,38,110.5,13:02:55.235301525
151,110.49,38,110.5,13:02:55.235454273
152,110.49,38,110.5,13:02:55.235454273
152,110.49,37,110.5,13:02:55.235454273
152,110.49,36,110.5,13:02:55.235454273
152,110.49,35,110.5,13:02:55.235473637
126,110.49,35,110.5,13:02:55.235473637
122,110.49,35,110.5,13:02:55.235524276
122,110.49,156,110.51,13:02:55.246021169
122,110.49,152,110.51,13:02:55.246531513
122,110.49,126,110.51,13:02:55.246940719
122,110.49,127,110.51,13:02:55.257323842
122,110.49,128,110.51,13:02:55.257400562
122,110.49,148,110.51,13:02:55.341143362
122,110.49,128,110.51,13:02:55.526459983
131,110.49,128,110.51,13:02:56.983414417
133,110.49,128,110.51,13:02:56.983735322
139,110.49,128,110.51,13:02:57.043021702
135,110.49,128,110.51,13:02:57.242027154
131,110.49,128,110.51,13:02:59.931703161
131,110.49,53,110.5,13:02:59.931802092
141,110.49,53,110.5,13:02:59.932425046
141,110.49,138,110.51,13:02:59.932892936
141,110.49,128,110.51,13:02:59.933312322
141,110.49,143,110.51,13:02:59.942901454
141,110.49,128,110.51,13:02:59.946297061
153,110.49,128,110.51,13:03:00.001005355
157,110.49,128,110.51,13:03:00.022961615
163,110.49,128,110.51,13:03:00.023346469
173,110.49,128,110.51,13:03:00.023943272
159,110.49,128,110.51,13:03:00.163215923
169,110.49,128,110.51,13:03:00.181559257
173,110.49,128,110.51,13:03:00.181981532
173,110.49,122,110.51,13:03:00.284401227
173,110.49,109,110.51,13:03:00.284465560
174,110.49,109,110.51,13:03:01.369109304
1,110.5,109,110.51,13:03:06.064461935
4,110.5,109,110.51,13:03:06.064737519
13,110.5,109,110.51,13:03:06.064812012
4,110.5,109,110.51,13:03:06.141167774
5,110.5,109,110.51,13:03:06.247344339
2,110.5,109,110.51,13:03:12.645170118
3,110.5,109,110.51,13:03:12.803466861
5,110.5,109,110.51,13:03:12.803636282
3,110.5,109,110.51,13:03:12.994858704
4,110.5,109,110.51,13:03:13.030676663
5,110.5,109,110.51,13:03:13.030969629
6,110.5,109,110.51,13:03:13.408779329
5,110.5,109,110.51,13:03:14.323960801
4,110.5,109,110.51,13:03:14.324112702
3,110.5,109,110.51,13:03:14.324355399
2,110.5,109,110.51,13:03:14.326007897
3,110.5,109,110.51,13:03:14.699006640
4,110.5,109,110.51,13:03:14.699161707
5,110.5,109,110.51,13:03:14.699377633
4,110.5,109,110.51,13:03:15.356323538
3,110.5,109,110.51,13:03:15.356488542
2,110.5,109,110.51,13:03:15.356630760
3,110.5,109,110.51,13:03:15.602897904
5,110.5,109,110.51,13:03:15.603056294
3,110.5,109,110.51,13:03:16.985816603
2,110.5,109,110.51,13:03:16.985889726
4,110.5,109,110.51,13:03:17.189255976
5,110.5,109,110.51,13:03:17.189415105
4,110.5,109,110.51,13:03:17.742773759
2,110.5,109,110.51,13:03:17.742841035
4,110.5,109,110.51,13:03:17.754529674
5,110.5,109,110.51,13:03:17.854514758
4,110.5,109,110.51,13:03:18.411557008
5,110.5,109,110.51,13:03:18.412484809
4,110.5,109,110.51,13:03:18.415631453
5,110.5,109,110.51,13:03:18.424333684
4,110.5,109,110.51,13:03:18.756384744
5,110.5,109,110.51,13:03:19.341899361
6,110.5,109,110.51,13:03:19.342054564
7,110.5,109,110.51,13:03:21.319610752
7,110.5,108,110.51,13:03:21.330905912
7,110.5,107,110.51,13:03:21.330980337
6,110.5,107,110.51,13:03:21.605480648
5,110.5,107,110.51,13:03:21.607577808
6,110.5,107,110.51,13:03:21.607847795
4,110.5,107,110.51,13:03:21.607963900
3,110.5,107,110.51,13:03:21.608149350
4,110.5,107,110.51,13:03:21.608266739
6,110.5,107,110.51,13:03:21.608412460
4,110.5,107,110.51,13:03:21.611946547
3,110.5,107,110.51,13:03:21.612108691
2,110.5,107,110.51,13:03:21.613007487
3,110.5,107,110.51,13:03:21.615751053
5,110.5,107,110.51,13:03:21.615887847
6,110.5,107,110.51,13:03:22.308458574
7,110.5,107,110.51,13:03:23.297319716
16,110.5,107,110.51,13:03:23.656493430
35,110.5,107,110.51,13:03:23.656493430
44,110.5,107,110.51,13:03:23.656513247
56,110.5,107,110.51,13:03:23.656513247
47,110.5,107,110.51,13:03:23.656918863
48,110.5,107,110.51,13:03:23.656918863
98,110.5,107,110.51,13:03:24.474305116
99,110.5,107,110.51,13:03:24.485587473
99,110.5,108,110.51,13:03:24.485662474
100,110.5,108,110.51,13:03:24.485662474
50,110.5,108,110.51,13:03:24.678253581
77,110.5,108,110.51,13:03:27.140640551
100,110.5,108,110.51,13:03:27.141626537
77,110.5,108,110.51,13:03:31.576562803
50,110.5,108,110.51,13:03:31.576630624
50,110.5,107,110.51,13:03:31.597087659
50,110.5,108,110.51,13:03:31.597299640
51,110.5,108,110.51,13:03:31.611096638
51,110.5,100,110.51,13:03:31.612903801
52,110.5,100,110.51,13:03:31.613589132
51,110.5,100,110.51,13:03:31.613743707
50,110.5,100,110.51,13:03:31.632998149
83,110.5,100,110.51,13:03:32.215438406
100,110.5,100,110.51,13:03:32.215535808
67,110.5,100,110.51,13:03:36.359008873
50,110.5,100,110.51,13:03:36.359112311
93,110.5,100,110.51,13:03:42.443021741
50,110.5,100,110.51,13:03:42.593860165
50,110.5,101,110.51,13:03:43.573312346
55,110.5,101,110.51,13:03:44.556675796
56,110.5,101,110.51,13:03:50.189777711
55,110.5,101,110.51,13:03:50.189945202
56,110.5,101,110.51,13:03:54.606841819
55,110.5,101,110.51,13:03:54.707751054
56,110.5,101,110.51,13:03:54.708531523
55,110.5,101,110.51,13:03:55.870329541
55,110.5,121,110.51,13:03:58.633862330
57,110.5,121,110.51,13:03:58.645164764
59,110.5,121,110.51,13:03:58.645235839
59,110.5,120,110.51,13:03:58.645310556
59,110.5,119,110.51,13:03:58.645378376
59,110.5,138,110.51,13:04:00.584344963
60,110.5,138,110.51,13:04:02.020252401
59,110.5,138,110.51,13:04:02.020405521
60,110.5,138,110.51,13:04:02.299320090
59,110.5,138,110.51,13:04:02.299476022
60,110.5,138,110.51,13:04:03.835671568
59,110.5,138,110.51,13:04:03.836774284
60,110.5,138,110.51,13:04:07.970671705
59,110.5,138,110.51,13:04:07.974850512
59,110.5,137,110.51,13:04:09.588367343
60,110.5,137,110.51,13:04:09.588825936
60,110.5,136,110.51,13:04:09.588825936
61,110.5,136,110.51,13:04:09.588825936
111,110.5,136,110.51,13:04:09.588995352
111,110.5,137,110.51,13:04:09.589342389
111,110.5,136,110.51,13:04:09.589551025
111,110.5,137,110.51,13:04:09.690956607
110,110.5,137,110.51,13:04:09.691098598
60,110.5,137,110.51,13:04:09.865362463
59,110.5,137,110.51,13:04:09.865552985
59,110.5,138,110.51,13:04:09.865620656
60,110.5,138,110.51,13:04:11.602356973
59,110.5,138,110.51,13:04:11.886089940
85,110.5,138,110.51,13:04:11.888725331
109,110.5,138,110.51,13:04:11.888808000
109,110.5,137,110.51,13:04:11.888918812
109,110.5,136,110.51,13:04:11.891252266
109,110.5,137,110.51,13:04:11.908158306
109,110.5,138,110.51,13:04:12.431465364
85,110.5,138,110.51,13:04:13.668979072
59,110.5,138,110.51,13:04:13.668979072
60,110.5,138,110.51,13:04:19.772065858
100,110.5,138,110.51,13:04:22.318421017
110,110.5,138,110.51,13:04:22.319492114
70,110.5,138,110.51,13:04:23.657997177
60,110.5,138,110.51,13:04:23.658070878
105,110.5,138,110.51,13:04:27.442239320
105,110.5,135,110.51,13:04:33.028179903
60,110.5,135,110.51,13:04:33.028341490
59,110.5,135,110.51,13:04:33.053483404
58,110.5,135,110.51,13:04:33.053483404
57,110.5,135,110.51,13:04:33.053483404
55,110.5,135,110.51,13:04:33.053771285
57,110.5,135,110.51,13:04:33.054109557
58,110.5,135,110.51,13:04:33.054109557
58,110.5,134,110.51,13:04:33.064741502
108,110.5,134,110.51,13:04:35.023560342
108,110.5,133,110.51,13:04:35.049129118
108,110.5,134,110.51,13:04:35.061594280
58,110.5,134,110.51,13:04:35.143433176
84,110.5,134,110.51,13:04:36.750384883
85,110.5,134,110.51,13:04:36.750402546
109,110.5,134,110.51,13:04:36.750402546
108,110.5,134,110.51,13:04:36.750468725
108,110.5,133,110.51,13:04:36.752809508
108,110.5,132,110.51,13:04:36.755067964
108,110.5,131,110.51,13:04:36.755653623
110,110.5,131,110.51,13:04:36.756920545
110,110.5,130,110.51,13:04:36.757126667
108,110.5,130,110.51,13:04:36.757319021
108,110.5,132,110.51,13:04:36.760349594
108,110.5,130,110.51,13:04:36.761139329
108,110.5,131,110.51,13:04:36.766819965
108,110.5,132,110.51,13:04:36.771359408
110,110.5,132,110.51,13:04:36.778940765
108,110.5,132,110.51,13:04:36.779431412
108,110.5,131,110.51,13:04:36.900469752
108,110.5,130,110.51,13:04:36.900734968
109,110.5,130,110.51,13:04:36.904813759
108,110.5,130,110.51,13:04:36.904992476
108,110.5,132,110.51,13:04:36.909022209
109,110.5,132,110.51,13:04:36.909413663
108,110.5,132,110.51,13:04:36.909571672
84,110.5,132,110.51,13:04:37.038478986
58,110.5,132,110.51,13:04:37.038555708
59,110.5,132,110.51,13:04:37.382116682
85,110.5,132,110.51,13:04:37.382449549
109,110.5,132,110.51,13:04:37.383470991
108,110.5,132,110.51,13:04:37.383620098
108,110.5,128,110.51,13:04:38.028324930
107,110.5,128,110.51,13:04:38.053595654
106,110.5,128,110.51,13:04:38.053595654
104,110.5,128,110.51,13:04:38.053595654
78,110.5,128,110.51,13:04:38.053899415
54,110.5,128,110.51,13:04:38.053899415
56,110.5,128,110.51,13:04:38.064428433
84,110.5,128,110.51,13:04:38.612605939
106,110.5,128,110.51,13:04:38.613509968
78,110.5,128,110.51,13:04:38.811772668
56,110.5,128,110.51,13:04:38.811841017
55,110.5,128,110.51,13:04:39.396174057
56,110.5,128,110.51,13:04:39.399669917
55,110.5,128,110.51,13:04:39.415235176
56,110.5,128,110.51,13:04:39.449319562
56,110.5,123,110.51,13:04:43.028642070
51,110.5,123,110.51,13:04:43.053858048
49,110.5,123,110.51,13:04:43.054198388
47,110.5,123,110.51,13:04:43.054198388
47,110.5,122,110.51,13:04:43.065135283
47,110.5,121,110.51,13:04:43.065207803
48,110.5,121,110.51,13:04:44.330481793
47,110.5,121,110.51,13:04:44.358542925
87,110.5,121,110.51,13:04:46.278213983
88,110.5,121,110.51,13:04:46.278282879
87,110.5,121,110.51,13:04:46.278424408
97,110.5,121,110.51,13:04:46.279293344
106,110.5,121,110.51,13:04:46.279364984
96,110.5,121,110.51,13:04:48.369060633
56,110.5,121,110.51,13:04:48.369060633
47,110.5,121,110.51,13:04:48.383161440
86,110.5,121,110.51,13:04:49.931686615
97,110.5,121,110.51,13:04:49.932723200
86,110.5,121,110.51,13:04:49.994323570
47,110.5,121,110.51,13:04:49.994397736
47,110.5,113,110.51,13:04:52.402841365
39,110.5,113,110.51,13:04:52.428150524
51,110.5,113,110.51,13:04:57.443090007
101,110.5,113,110.51,13:04:57.443198033
51,110.5,113,110.51,13:04:57.596405142
51,110.5,113,110.51,13:04:57.596405142
52,110.5,113,110.51,13:05:04.628665828
81,110.5,113,110.51,13:05:04.633545127
102,110.5,113,110.51,13:05:04.633687008
103,110.5,113,110.51,13:05:04.633765091
102,110.5,113,110.51,13:05:04.633893946
101,110.5,113,110.51,13:05:04.634001773
107,110.5,113,110.51,13:05:04.637399946
108,110.5,113,110.51,13:05:04.637399946
111,110.5,113,110.51,13:05:04.637498528
115,110.5,113,110.51,13:05:04.637706726
114,110.5,113,110.51,13:05:04.637706726
110,110.5,113,110.51,13:05:04.638270361
110,110.5,111,110.51,13:05:04.639178729
110,110.5,108,110.51,13:05:04.639178729
110,110.5,107,110.51,13:05:04.639257061
111,110.5,107,110.51,13:05:04.639979922
110,110.5,107,110.51,13:05:04.640278373
110,110.5,108,110.51,13:05:04.642655047
110,110.5,109,110.51,13:05:04.642915091
110,110.5,115,110.51,13:05:04.642915091
110,110.5,113,110.51,13:05:04.644938872
110,110.5,114,110.51,13:05:04.645274789
110,110.5,115,110.51,13:05:04.645467889
110,110.5,109,110.51,13:05:04.647260951
110,110.5,108,110.51,13:05:04.649935378
110,110.5,114,110.51,13:05:04.650192369
110,110.5,115,110.51,13:05:04.656863085
110,110.5,114,110.51,13:05:04.687360910
110,110.5,113,110.51,13:05:04.687485351
111,110.5,113,110.51,13:05:04.687638346
110,110.5,113,110.51,13:05:04.698755500
111,110.5,113,110.51,13:05:04.700305569
111,110.5,94,110.51,13:05:04.772298284
111,110.5,64,110.51,13:05:04.772298284
111,110.5,55,110.51,13:05:04.772431404
111,110.5,56,110.51,13:05:04.772541273
112,110.5,56,110.51,13:05:04.772703755
112,110.5,57,110.51,13:05:04.772785240
112,110.5,56,110.51,13:05:04.773024347
112,110.5,57,110.51,13:05:04.773348711
111,110.5,57,110.51,13:05:04.773721397
114,110.5,57,110.51,13:05:04.775343392
115,110.5,57,110.51,13:05:04.775445506
114,110.5,57,110.51,13:05:04.775659584
114,110.5,56,110.51,13:05:04.776121613
114,110.5,50,110.51,13:05:04.776525379
115,110.5,50,110.51,13:05:04.776683074
115,110.5,49,110.51,13:05:04.776765717
115,110.5,48,110.51,13:05:04.778439029
115,110.5,47,110.51,13:05:04.778439029
115,110.5,53,110.51,13:05:04.779296253
115,110.5,54,110.51,13:05:04.780937100
115,110.5,53,110.51,13:05:04.781278315
116,110.5,53,110.51,13:05:04.783873367
117,110.5,53,110.51,13:05:04.783983223
117,110.5,54,110.51,13:05:04.803383859
122,110.5,54,110.51,13:05:04.811936761
122,110.5,53,110.51,13:05:04.926759523
122,110.5,52,110.51,13:05:04.928521157
122,110.5,46,110.51,13:05:04.983943812
119,110.5,46,110.51,13:05:05.691840496
119,110.5,52,110.51,13:05:05.717918630
119,110.5,54,110.51,13:05:05.722252480
119,110.5,48,110.51,13:05:05.724853464
119,110.5,49,110.51,13:05:05.727584457
119,110.5,50,110.51,13:05:05.727729579
119,110.5,49,110.51,13:05:05.731700422
119,110.5,48,110.51,13:05:05.731762249
119,110.5,46,110.51,13:05:05.733884084
119,110.5,48,110.51,13:05:05.735519057
119,110.5,46,110.51,13:05:05.745560736
119,110.5,47,110.51,13:05:05.763390679
119,110.5,48,110.51,13:05:05.770093833
119,110.5,47,110.51,13:05:05.853561575
119,110.5,46,110.51,13:05:05.853710330
119,110.5,48,110.51,13:05:07.378424466
119,110.5,46,110.51,13:05:07.388999265
119,110.5,51,110.51,13:05:07.531544526
119,110.5,53,110.51,13:05:08.241462477
119,110.5,51,110.51,13:05:08.251562639
119,110.5,52,110.51,13:05:08.461548765
119,110.5,53,110.51,13:05:08.466082860
119,110.5,54,110.51,13:05:08.466230988
119,110.5,56,110.51,13:05:08.466332902
119,110.5,58,110.51,13:05:08.472939793
119,110.5,56,110.51,13:05:08.485430287
132,110.5,56,110.51,13:05:09.117257545
132,110.5,58,110.51,13:05:10.289373847
132,110.5,56,110.51,13:05:10.522224162
132,110.5,58,110.51,13:05:10.543564720
132,110.5,56,110.51,13:05:10.657100073
132,110.5,58,110.51,13:05:11.293817557
127,110.5,58,110.51,13:05:11.925772109
127,110.5,59,110.51,13:05:11.926016341
127,110.5,58,110.51,13:05:11.926271070
132,110.5,58,110.51,13:05:11.936723591
132,110.5,56,110.51,13:05:13.893511832
132,110.5,55,110.51,13:05:13.898590484
132,110.5,53,110.51,13:05:13.898882266
132,110.5,40,110.51,13:05:13.899025933
132,110.5,39,110.51,13:05:13.899025933
132,110.5,38,110.51,13:05:13.899025933
132,110.5,37,110.51,13:05:13.899359005
132,110.5,33,110.51,13:05:13.899443056
132,110.5,29,110.51,13:05:13.899656928
136,110.5,29,110.51,13:05:13.899674451
136,110.5,28,110.51,13:05:13.900003486
136,110.5,30,110.51,13:05:13.900136771
136,110.5,28,110.51,13:05:13.900150112
136,110.5,27,110.51,13:05:13.900150112
136,110.5,26,110.51,13:05:13.900164326
136,110.5,7,110.51,13:05:13.900184623
136,110.5,2,110.51,13:05:13.900184623
136,110.5,123,110.52,13:05:13.900184623
136,110.5,111,110.52,13:05:13.900389068
136,110.5,137,110.52,13:05:13.900527759
136,110.5,1,110.51,13:05:13.900527759
162,110.5,1,110.51,13:05:13.900679810
171,110.5,1,110.51,13:05:13.900700882
179,110.5,1,110.51,13:05:13.900700882
179,110.5,162,110.52,13:05:13.900881897
14,110.51,162,110.52,13:05:13.901409957
14,110.51,163,110.52,13:05:13.901627038
26,110.51,163,110.52,13:05:13.901750914
26,110.51,133,110.52,13:05:13.902050100
12,110.51,133,110.52,13:05:13.902277636
25,110.51,133,110.52,13:05:13.902624087
13,110.51,133,110.52,13:05:13.902624087
173,110.5,133,110.52,13:05:13.911068949
173,110.5,13,110.51,13:05:13.911265406
173,110.5,14,110.51,13:05:13.911942375
173,110.5,27,110.51,13:05:13.911973083
173,110.5,28,110.51,13:05:13.911973083
173,110.5,33,110.51,13:05:13.912069835
179,110.5,33,110.51,13:05:13.912095635
179,110.5,20,110.51,13:05:13.912222990
149,110.5,20,110.51,13:05:13.913150490
149,110.5,18,110.51,13:05:13.920284619
148,110.5,18,110.51,13:05:13.920364779
150,110.5,18,110.51,13:05:13.920688004
148,110.5,18,110.51,13:05:13.921405405
148,110.5,8,110.51,13:05:13.925989610
148,110.5,7,110.51,13:05:13.926203067
158,110.5,7,110.51,13:05:13.926307437
158,110.5,2,110.51,13:05:13.926323027
158,110.5,3,110.51,13:05:13.926585926
158,110.5,8,110.51,13:05:13.926653587
148,110.5,8,110.51,13:05:13.926814480
143,110.5,8,110.51,13:05:13.971867345
135,110.5,8,110.51,13:05:13.975203167
135,110.5,9,110.51,13:05:13.975391333
135,110.5,10,110.51,13:05:14.043283337
135,110.5,13,110.51,13:05:14.049001584
135,110.5,12,110.51,13:05:14.053051272
135,110.5,11,110.51,13:05:14.053051272
135,110.5,10,110.51,13:05:14.053051272
135,110.5,8,110.51,13:05:14.053145645
135,110.5,7,110.51,13:05:14.053403317
135,110.5,6,110.51,13:05:14.053420529
136,110.5,6,110.51,13:05:14.053420529
138,110.5,6,110.51,13:05:14.053508458
138,110.5,7,110.51,13:05:14.053508458
138,110.5,9,110.51,13:05:14.053690161
138,110.5,10,110.51,13:05:14.065701547
138,110.5,12,110.51,13:05:14.124647894
138,110.5,10,110.51,13:05:14.136132526
140,110.5,10,110.51,13:05:14.138891822
140,110.5,7,110.51,13:05:14.139080732
143,110.5,7,110.51,13:05:14.139266418
143,110.5,8,110.51,13:05:14.139407570
143,110.5,5,110.51,13:05:14.223163598
143,110.5,4,110.51,13:05:14.305718711
143,110.5,2,110.51,13:05:14.305793344
143,110.5,1,110.51,13:05:14.305902458
143,110.5,135,110.52,13:05:14.305972481
151,110.5,135,110.52,13:05:14.306285578
152,110.5,135,110.52,13:05:14.341057768
150,110.5,135,110.52,13:05:14.376615573
5,110.51,135,110.52,13:05:14.454676213
17,110.51,135,110.52,13:05:14.454894786
18,110.51,135,110.52,13:05:14.691423183
20,110.51,135,110.52,13:05:15.121522403
33,110.51,135,110.52,13:05:15.121915289
34,110.51,135,110.52,13:05:15.121915289
33,110.51,135,110.52,13:05:15.122265018
31,110.51,135,110.52,13:05:15.122281577
33,110.51,135,110.52,13:05:16.287759554
34,110.51,135,110.52,13:05:16.287988812
35,110.51,135,110.52,13:05:16.288309445
38,110.51,135,110.52,13:05:16.288480098
39,110.51,135,110.52,13:05:16.289188737
40,110.51,135,110.52,13:05:16.289588507
41,110.51,135,110.52,13:05:16.289886179
41,110.51,120,110.52,13:05:16.301356289
41,110.51,135,110.52,13:05:16.320488093
42,110.51,135,110.52,13:05:17.622173377
41,110.51,135,110.52,13:05:17.798136756
39,110.51,135,110.52,13:05:17.798204525
38,110.51,135,110.52,13:05:17.800619575
37,110.51,135,110.52,13:05:17.800690556
36,110.51,135,110.52,13:05:18.236126416
33,110.51,135,110.52,13:05:18.236205175
20,110.51,135,110.52,13:05:18.242274520
8,110.51,135,110.52,13:05:18.242294440
7,110.51,135,110.52,13:05:18.242560959
6,110.51,135,110.52,13:05:18.242978341
19,110.51,135,110.52,13:05:18.243322853
14,110.51,135,110.52,13:05:18.277869343
13,110.51,135,110.52,13:05:18.277869343
162,110.5,135,110.52,13:05:18.278131254
5,110.51,135,110.52,13:05:18.364450966
18,110.51,135,110.52,13:05:18.365652137
30,110.51,135,110.52,13:05:18.926679190
18,110.51,135,110.52,13:05:19.724358789
5,110.51,135,110.52,13:05:20.812556861
170,110.5,135,110.52,13:05:21.925241040
5,110.51,135,110.52,13:05:22.014544213
170,110.5,135,110.52,13:05:22.532105700
5,110.51,135,110.52,13:05:22.620834073
3,110.51,135,110.52,13:05:23.777312581
2,110.51,135,110.52,13:05:23.777403117
1,110.51,135,110.52,13:05:23.777477316
1,110.51,141,110.52,13:05:23.777583477
170,110.5,141,110.52,13:05:23.777677099
170,110.5,143,110.52,13:05:23.777691838
170,110.5,1,110.51,13:05:23.778015886
170,110.5,3,110.51,13:05:23.778015886
170,110.5,9,110.51,13:05:23.778114897
170,110.5,10,110.51,13:05:23.778313232
170,110.5,9,110.51,13:05:23.778385638
179,110.5,9,110.51,13:05:23.778507124
149,110.5,9,110.51,13:05:23.778977936
149,110.5,47,110.51,13:05:23.780630268
149,110.5,58,110.51,13:05:23.781710671
141,110.5,58,110.51,13:05:23.783090644
141,110.5,47,110.51,13:05:23.790824101
141,110.5,9,110.51,13:05:23.790897906
141,110.5,3,110.51,13:05:23.798859708
141,110.5,1,110.51,13:05:23.800051151
141,110.5,3,110.51,13:05:23.800500900
141,110.5,4,110.51,13:05:23.800781757
171,110.5,4,110.51,13:05:23.800781757
141,110.5,4,110.51,13:05:23.801976441
141,110.5,5,110.51,13:05:23.802199356
141,110.5,6,110.51,13:05:23.806433303
143,110.5,6,110.51,13:05:23.872199321
145,110.5,6,110.51,13:05:23.872507359
145,110.5,5,110.51,13:05:23.873289080
143,110.5,5,110.51,13:05:23.946580578
141,110.5,5,110.51,13:05:23.947215467
141,110.5,4,110.51,13:05:23.955105083
141,110.5,5,110.51,13:05:23.970529543
141,110.5,4,110.51,13:05:24.025291066
141,110.5,3,110.51,13:05:24.025291066
141,110.5,2,110.51,13:05:24.025456557
141,110.5,1,110.51,13:05:24.025524128
143,110.5,1,110.51,13:05:24.025773553
143,110.5,3,110.51,13:05:24.026144669
173,110.5,3,110.51,13:05:24.026214179
143,110.5,3,110.51,13:05:24.027139692
143,110.5,2,110.51,13:05:24.033205272
143,110.5,137,110.52,13:05:24.081904265
151,110.5,137,110.52,13:05:24.082157718
151,110.5,135,110.52,13:05:24.082451842
181,110.5,135,110.52,13:05:24.082520495
179,110.5,135,110.52,13:05:24.102371700
1,110.51,135,110.52,13:05:24.105159765
2,110.51,135,110.52,13:05:24.105578473
3,110.51,135,110.52,13:05:24.110112108
5,110.51,135,110.52,13:05:24.189163035
4,110.51,135,110.52,13:05:25.258390499
3,110.51,135,110.52,13:05:25.258645717
2,110.51,135,110.52,13:05:25.258645717
170,110.5,135,110.52,13:05:25.258645717
170,110.5,1,110.51,13:05:25.258760934
170,110.5,5,110.51,13:05:25.258775686
170,110.5,11,110.51,13:05:25.258951862
170,110.5,7,110.51,13:05:25.259146130
170,110.5,46,110.51,13:05:25.259146130
170,110.5,47,110.51,13:05:25.259240498
170,110.5,46,110.51,13:05:25.259258383
140,110.5,46,110.51,13:05:25.259791063
140,110.5,56,110.51,13:05:25.260151502
132,110.5,56,110.51,13:05:25.262199971
132,110.5,64,110.51,13:05:25.262272899
132,110.5,66,110.51,13:05:25.262601341
132,110.5,67,110.51,13:05:25.262678547
132,110.5,69,110.51,13:05:25.263384025
132,110.5,70,110.51,13:05:25.263483913
132,110.5,79,110.51,13:05:25.263636933
123,110.5,79,110.51,13:05:25.263744194
120,110.5,79,110.51,13:05:25.263744194
120,110.5,80,110.51,13:05:25.264604344
120,110.5,78,110.51,13:05:25.264604344
120,110.5,80,110.51,13:05:25.264942132
120,110.5,78,110.51,13:05:25.265587025
120,110.5,77,110.51,13:05:25.265721716
120,110.5,79,110.51,13:05:25.265799134
120,110.5,77,110.51,13:05:25.265962436
120,110.5,79,110.51,13:05:25.266281082
120,110.5,77,110.51,13:05:25.266550086
120,110.5,76,110.51,13:05:25.266550086
120,110.5,77,110.51,13:05:25.266844871
120,110.5,76,110.51,13:05:25.270260091
120,110.5,77,110.51,13:05:25.271147927
120,110.5,76,110.51,13:05:25.272371792
120,110.5,77,110.51,13:05:25.272932959
120,110.5,76,110.51,13:05:25.273108380
120,110.5,75,110.51,13:05:25.273436584
120,110.5,66,110.51,13:05:25.274698768
120,110.5,75,110.51,13:05:25.274902244
120,110.5,66,110.51,13:05:25.275381629
120,110.5,58,110.51,13:05:25.275864333
130,110.5,58,110.51,13:05:25.277030053
120,110.5,58,110.51,13:05:25.277723201
120,110.5,56,110.51,13:05:25.286745417
129,110.5,56,110.51,13:05:25.287129576
129,110.5,46,110.51,13:05:25.287129576
129,110.5,7,110.51,13:05:25.287145595
129,110.5,8,110.51,13:05:25.288908020
129,110.5,7,110.51,13:05:25.289282329
129,110.5,1,110.51,13:05:25.290696028
159,110.5,1,110.51,13:05:25.291312798
159,110.5,4,110.51,13:05:25.291426972
159,110.5,1,110.51,13:05:25.294631619
159,110.5,135,110.52,13:05:25.321841043
167,110.5,135,110.52,13:05:25.322038077
176,110.5,135,110.52,13:05:25.322114941
178,110.5,135,110.52,13:05:25.350685660
181,110.5,135,110.52,13:05:25.350972533
180,110.5,135,110.52,13:05:25.443803847
180,110.5,140,110.52,13:05:26.925319237
180,110.5,146,110.52,13:05:31.925441384
175,110.5,146,110.52,13:05:36.925742625
175,110.5,27,110.51,13:05:36.926118336
175,110.5,28,110.51,13:05:36.926401093
145,110.5,28,110.51,13:05:36.926511255
145,110.5,50,110.51,13:05:36.927035326
150,110.5,50,110.51,13:05:36.936572634
150,110.5,61,110.51,13:05:37.008821521
149,110.5,61,110.51,13:05:41.926025348
145,110.5,61,110.51,13:05:41.926025348
145,110.5,69,110.51,13:05:41.951361331
145,110.5,64,110.51,13:05:46.925948433
140,110.5,64,110.51,13:05:46.951150103
140,110.5,66,110.51,13:05:46.951450880
140,110.5,68,110.51,13:05:50.063121345
140,110.5,69,110.51,13:05:50.063188984
132,110.5,69,110.51,13:05:50.063399094
132,110.5,70,110.51,13:05:50.063615371
132,110.5,83,110.51,13:05:50.063991575
141,110.5,83,110.51,13:05:50.064150109
141,110.5,70,110.51,13:05:50.064495716
141,110.5,69,110.51,13:05:50.064495716
141,110.5,68,110.51,13:05:50.065075968
141,110.5,66,110.51,13:05:50.065509289
141,110.5,68,110.51,13:05:50.067995310
141,110.5,69,110.51,13:05:50.069816995
141,110.5,70,110.51,13:05:50.069970758
141,110.5,69,110.51,13:05:50.070123734
141,110.5,68,110.51,13:05:50.070542623
141,110.5,66,110.51,13:05:50.071769243
141,110.5,67,110.51,13:05:50.072094945
141,110.5,68,110.51,13:05:50.082478163
141,110.5,76,110.51,13:05:50.082597075
141,110.5,77,110.51,13:05:50.082706106
141,110.5,78,110.51,13:05:50.082780932
141,110.5,77,110.51,13:05:50.082893744
141,110.5,69,110.51,13:05:50.083286109
141,110.5,70,110.51,13:05:50.087151831
141,110.5,78,110.51,13:05:50.087683263
141,110.5,79,110.51,13:05:51.450083257
141,110.5,80,110.51,13:05:51.450083257
141,110.5,81,110.51,13:05:51.450235459
141,110.5,82,110.51,13:05:51.450310908
141,110.5,81,110.51,13:05:51.450863634
141,110.5,80,110.51,13:05:51.463889107
141,110.5,81,110.51,13:05:51.464409871
141,110.5,80,110.51,13:05:51.465367711
141,110.5,72,110.51,13:05:51.467257201
141,110.5,73,110.51,13:05:51.476336684
141,110.5,74,110.51,13:05:51.486752412
141,110.5,75,110.51,13:05:51.486828467
141,110.5,76,110.51,13:05:51.487054312
141,110.5,77,110.51,13:05:51.487150777
141,110.5,76,110.51,13:05:51.487229135
141,110.5,75,110.51,13:05:51.489219352
141,110.5,76,110.51,13:05:51.490375383
141,110.5,89,110.51,13:05:51.491049027
141,110.5,90,110.51,13:05:51.502653038
132,110.5,90,110.51,13:05:51.504575525
132,110.5,111,110.51,13:05:51.504949242
127,110.5,111,110.51,13:05:51.504980733
115,110.5,111,110.51,13:05:51.504998694
110,110.5,111,110.51,13:05:51.504998694
101,110.5,111,110.51,13:05:51.505310313
101,110.5,108,110.51,13:05:51.925074856
101,110.5,106,110.51,13:05:51.925179931
98,110.5,106,110.51,13:05:51.950397087
97,110.5,106,110.51,13:05:51.950479708
96,110.5,106,110.51,13:05:51.950493759
83,110.5,106,110.51,13:05:51.950790627
84,110.5,106,110.51,13:05:51.950808944
97,110.5,106,110.51,13:05:51.951082994
98,110.5,106,110.51,13:05:51.961642828
99,110.5,106,110.51,13:05:56.594229570
98,110.5,106,110.51,13:05:58.347120992
85,110.5,106,110.51,13:05:58.347332983
98,110.5,106,110.51,13:05:58.368620123
99,110.5,106,110.51,13:05:58.372620095
99,110.5,85,110.51,13:05:58.758552355
99,110.5,84,110.51,13:06:00.756147043
99,110.5,75,110.51,13:06:01.401264522
98,110.5,75,110.51,13:06:01.426731605
96,110.5,75,110.51,13:06:01.426731605
94,110.5,75,110.51,13:06:01.426731605
92,110.5,75,110.51,13:06:01.426731605
91,110.5,75,110.51,13:06:01.426748994
90,110.5,75,110.51,13:06:01.426748994
90,110.5,89,110.51,13:06:01.426814709
90,110.5,101,110.51,13:06:01.426983525
91,110.5,101,110.51,13:06:01.427070936
91,110.5,102,110.51,13:06:01.427070936
92,110.5,102,110.51,13:06:01.427254328
91,110.5,102,110.51,13:06:01.427254328
90,110.5,102,110.51,13:06:01.428020411
91,110.5,102,110.51,13:06:01.438011331
93,110.5,102,110.51,13:06:01.438110311
94,110.5,102,110.51,13:06:01.475559891
94,110.5,90,110.51,13:06:01.727354386
94,110.5,76,110.51,13:06:01.727418330
95,110.5,76,110.51,13:06:01.727522885
96,110.5,76,110.51,13:06:01.727591096
95,110.5,76,110.51,13:06:01.782896270
96,110.5,76,110.51,13:06:04.061820616
95,110.5,76,110.51,13:06:04.833916029
96,110.5,76,110.51,13:06:06.776185271
96,110.5,75,110.51,13:06:06.776266452
96,110.5,76,110.51,13:06:07.179863192
95,110.5,76,110.51,13:06:07.280359655
96,110.5,76,110.51,13:06:07.298790894
96,110.5,75,110.51,13:06:08.164306672
120,110.5,75,110.51,13:06:08.319034823
128,110.5,75,110.51,13:06:08.319132845
128,110.5,76,110.51,13:06:09.845216251
128,110.5,75,110.51,13:06:09.845377752
104,110.5,75,110.51,13:06:10.006161096
104,110.5,76,110.51,13:06:12.885944998
103,110.5,76,110.51,13:06:12.886007920
95,110.5,76,110.51,13:06:12.891918549
96,110.5,76,110.51,13:06:12.894706454
96,110.5,75,110.51,13:06:13.583719081
110,110.5,75,110.51,13:06:18.408604045
114,110.5,75,110.51,13:06:18.408776595
127,110.5,75,110.51,13:06:18.408776595
132,110.5,75,110.51,13:06:18.408776595
132,110.5,74,110.51,13:06:22.604984597
132,110.5,61,110.51,13:06:24.260817424
132,110.5,74,110.51,13:06:24.261015706
132,110.5,75,110.51,13:06:24.261015706
132,110.5,74,110.51,13:06:24.263049350
119,110.5,74,110.51,13:06:24.489263870
105,110.5,74,110.51,13:06:24.489263870
105,110.5,75,110.51,13:06:24.489372368
105,110.5,76,110.51,13:06:24.489600366
105,110.5,75,110.51,13:06:26.154189424
123,110.5,75,110.51,13:06:26.154189424
123,110.5,74,110.51,13:06:26.154203987
132,110.5,74,110.51,13:06:26.154304665
132,110.5,75,110.51,13:06:26.154385116
132,110.5,74,110.51,13:06:27.009750372
132,110.5,75,110.51,13:06:28.959888754
132,110.5,74,110.51,13:06:30.092291216
132,110.5,61,110.51,13:06:31.087132102
132,110.5,62,110.51,13:06:31.890884225
132,110.5,75,110.51,13:06:31.891060449
132,110.5,74,110.51,13:06:31.891208586
132,110.5,72,110.51,13:06:34.640423853
133,110.5,72,110.51,13:06:34.651752824
133,110.5,71,110.51,13:06:34.660712834
133,110.5,70,110.51,13:06:34.660793749
133,110.5,69,110.51,13:06:34.660891093
133,110.5,68,110.51,13:06:34.660909570
133,110.5,67,110.51,13:06:34.661026056
133,110.5,66,110.51,13:06:34.661026056
133,110.5,65,110.51,13:06:34.661099928
133,110.5,64,110.51,13:06:34.661099928
133,110.5,51,110.51,13:06:34.661196751
133,110.5,50,110.51,13:06:34.661196751
133,110.5,28,110.51,13:06:34.661544810
133,110.5,1,110.51,13:06:34.661544810
133,110.5,175,110.52,13:06:34.661905780
133,110.5,2,110.51,13:06:34.661905780
133,110.5,3,110.51,13:06:34.662289217
133,110.5,5,110.51,13:06:34.662588455
133,110.5,3,110.51,13:06:34.662853962
133,110.5,2,110.51,13:06:34.662853962
133,110.5,3,110.51,13:06:34.663098613
133,110.5,4,110.51,13:06:34.663351993
133,110.5,3,110.51,13:06:34.663351993
133,110.5,2,110.51,13:06:34.663582595
133,110.5,3,110.51,13:06:34.663817914
163,110.5,3,110.51,13:06:34.664067250
163,110.5,2,110.51,13:06:34.664148515
163,110.5,3,110.51,13:06:34.664232841
163,110.5,2,110.51,13:06:34.664350579
163,110.5,3,110.51,13:06:34.665170847
163,110.5,4,110.51,13:06:34.665170847
163,110.5,5,110.51,13:06:34.665400530
163,110.5,3,110.51,13:06:34.665709000
163,110.5,2,110.51,13:06:34.665861647
163,110.5,3,110.51,13:06:34.666384664
163,110.5,4,110.51,13:06:34.668001091
163,110.5,5,110.51,13:06:34.670811581
163,110.5,7,110.51,13:06:34.671135914
163,110.5,8,110.51,13:06:34.671458561
163,110.5,9,110.51,13:06:34.671472381
163,110.5,10,110.51,13:06:34.671908538
133,110.5,10,110.51,13:06:34.672070473
133,110.5,18,110.51,13:06:34.675552625
133,110.5,10,110.51,13:06:34.676752342
133,110.5,23,110.51,13:06:34.676935658
133,110.5,10,110.51,13:06:34.723374176
133,110.5,9,110.51,13:06:34.723437907
133,110.5,8,110.51,13:06:34.723559280
133,110.5,7,110.51,13:06:34.725264341
133,110.5,5,110.51,13:06:34.725264341
133,110.5,4,110.51,13:06:34.725444879
133,110.5,3,110.51,13:06:34.725540709
133,110.5,2,110.51,13:06:34.725557428
133,110.5,1,110.51,13:06:34.726679188
163,110.5,1,110.51,13:06:34.727300105
160,110.5,1,110.51,13:06:34.737717165
158,110.5,1,110.51,13:06:34.738206105
158,110.5,135,110.52,13:06:34.762879842
167,110.5,135,110.52,13:06:34.763204436
175,110.5,135,110.52,13:06:34.763204436
3,110.51,135,110.52,13:06:34.820754204
5,110.51,135,110.52,13:06:34.821148819
17,110.51,135,110.52,13:06:34.821148819
18,110.51,135,110.52,13:06:34.893245617
6,110.51,135,110.52,13:06:34.911027486
8,110.51,135,110.52,13:06:37.961856500
6,110.51,135,110.52,13:06:38.002851199
3,110.51,135,110.52,13:06:38.113609134
1,110.51,135,110.52,13:06:38.113713603
165,110.5,135,110.52,13:06:38.113741795
165,110.5,1,110.51,13:06:38.113953640
165,110.5,4,110.51,13:06:38.114052158
165,110.5,7,110.51,13:06:38.114070657
165,110.5,9,110.51,13:06:38.114169719
165,110.5,10,110.51,13:06:38.114169719
165,110.5,13,110.51,13:06:38.114169719
165,110.5,15,110.51,13:06:38.114169719
157,110.5,15,110.51,13:06:38.114257403
157,110.5,16,110.51,13:06:38.114360737
166,110.5,16,110.51,13:06:38.114515123
166,110.5,13,110.51,13:06:38.114515123
166,110.5,10,110.51,13:06:38.114515123
166,110.5,9,110.51,13:06:38.114515123
166,110.5,7,110.51,13:06:38.114515123
136,110.5,7,110.51,13:06:38.115110211
136,110.5,8,110.51,13:06:38.116201397
136,110.5,9,110.51,13:06:38.116352840
136,110.5,58,110.51,13:06:38.116721199
136,110.5,9,110.51,13:06:38.124080330
136,110.5,7,110.51,13:06:38.124927354
136,110.5,8,110.51,13:06:38.125302064
136,110.5,21,110.51,13:06:38.125583942
136,110.5,20,110.51,13:06:38.126232185
136,110.5,21,110.51,13:06:38.151459986
136,110.5,23,110.51,13:06:38.184397036
138,110.5,23,110.51,13:06:38.204414394
138,110.5,22,110.51,13:06:38.204726120
138,110.5,20,110.51,13:06:38.204742782
138,110.5,18,110.51,13:06:38.204897652
138,110.5,5,110.51,13:06:38.204977883
138,110.5,4,110.51,13:06:38.205050728
138,110.5,5,110.51,13:06:38.210526452
138,110.5,6,110.51,13:06:38.212535603
138,110.5,7,110.51,13:06:38.227299954
138,110.5,8,110.51,13:06:38.227623781
138,110.5,9,110.51,13:06:38.235102471
138,110.5,22,110.51,13:06:38.235396128
136,110.5,22,110.51,13:06:38.286992084
136,110.5,23,110.51,13:06:38.287147648
139,110.5,23,110.51,13:06:38.293792422
141,110.5,23,110.51,13:06:38.370425301
141,110.5,72,110.51,13:06:38.427434853
141,110.5,71,110.51,13:06:44.105418409
141,110.5,22,110.51,13:06:44.105418409
141,110.5,9,110.51,13:06:44.105551779
141,110.5,10,110.51,13:06:44.105657667
141,110.5,9,110.51,13:06:44.107471560
141,110.5,10,110.51,13:06:44.107651902
141,110.5,9,110.51,13:06:44.108988204
141,110.5,8,110.51,13:06:44.109510320
141,110.5,7,110.51,13:06:44.109693611
141,110.5,6,110.51,13:06:44.109721500
141,110.5,5,110.51,13:06:44.109721500
141,110.5,4,110.51,13:06:44.109721500
141,110.5,3,110.51,13:06:44.109742770
141,110.5,2,110.51,13:06:44.109799516
141,110.5,1,110.51,13:06:44.109799516
171,110.5,1,110.51,13:06:44.110564607
171,110.5,135,110.52,13:06:44.125585212
179,110.5,135,110.52,13:06:44.125724421
177,110.5,135,110.52,13:06:44.186367048
174,110.5,135,110.52,13:06:44.189085932
5,110.51,135,110.52,13:06:44.269926794
17,110.51,135,110.52,13:06:44.270421674
30,110.51,135,110.52,13:06:44.271072631
31,110.51,135,110.52,13:06:48.648805879
30,110.51,135,110.52,13:06:49.393176671
17,110.51,135,110.52,13:06:50.279505027
5,110.51,135,110.52,13:06:50.279505027
18,110.51,135,110.52,13:06:50.289838226
5,110.51,135,110.52,13:06:50.317656796
5,110.51,143,110.52,13:06:50.520700663
10,110.51,143,110.52,13:06:51.099039532
23,110.51,143,110.52,13:06:51.099189755
35,110.51,143,110.52,13:06:51.101520541
30,110.51,143,110.52,13:06:51.129935453
32,110.51,143,110.52,13:06:54.008966625
35,110.51,143,110.52,13:06:57.593315035
36,110.51,143,110.52,13:06:57.593382072
33,110.51,143,110.52,13:06:57.593488664
34,110.51,143,110.52,13:06:57.594639364
35,110.51,143,110.52,13:06:57.594708903
36,110.51,143,110.52,13:06:57.594846790
37,110.51,143,110.52,13:06:57.595077738
36,110.51,143,110.52,13:06:57.595569711
35,110.51,143,110.52,13:06:57.595643222
36,110.51,143,110.52,13:06:57.597962257
37,110.51,143,110.52,13:06:57.598132347
39,110.51,143,110.52,13:06:57.598199293
37,110.51,143,110.52,13:06:57.598728071
38,110.51,143,110.52,13:06:57.599216445
39,110.51,143,110.52,13:06:57.599957628
38,110.51,143,110.52,13:06:57.600356560
39,110.51,143,110.52,13:06:57.600829964
40,110.51,143,110.52,13:06:57.601094182
40,110.51,135,110.52,13:06:57.602168597
41,110.51,135,110.52,13:06:57.602455588
42,110.51,135,110.52,13:06:57.618683415
41,110.51,135,110.52,13:06:57.637738045
42,110.51,135,110.52,13:06:58.585250286
41,110.51,135,110.52,13:06:59.237034930
40,110.51,135,110.52,13:07:00.019226712
39,110.51,135,110.52,13:07:00.019327496
38,110.51,135,110.52,13:07:00.019327496
26,110.51,135,110.52,13:07:00.019641172
27,110.51,135,110.52,13:07:00.029995252
29,110.51,135,110.52,13:07:00.030269617
41,110.51,135,110.52,13:07:00.030521594
42,110.51,135,110.52,13:07:02.162027879
43,110.51,135,110.52,13:07:02.172047629
41,110.51,135,110.52,13:07:04.316396134
40,110.51,135,110.52,13:07:04.316507650
39,110.51,135,110.52,13:07:04.316507650
38,110.51,135,110.52,13:07:04.316627269
26,110.51,135,110.52,13:07:04.316627269
27,110.51,135,110.52,13:07:04.317065170
26,110.51,135,110.52,13:07:04.317293704
27,110.51,135,110.52,13:07:04.317522933
26,110.51,135,110.52,13:07:04.318252507
25,110.51,135,110.52,13:07:04.318353029
26,110.51,135,110.52,13:07:04.319852755
28,110.51,135,110.52,13:07:04.319963011
29,110.51,135,110.52,13:07:04.320058035
41,110.51,135,110.52,13:07:04.320058035
40,110.51,135,110.52,13:07:04.320173427
38,110.51,135,110.52,13:07:04.320173427
26,110.51,135,110.52,13:07:04.320246432
27,110.51,135,110.52,13:07:04.320833401
26,110.51,135,110.52,13:07:04.320945478
27,110.51,135,110.52,13:07:04.321778588
28,110.51,135,110.52,13:07:04.321971234
29,110.51,135,110.52,13:07:04.322162399
28,110.51,135,110.52,13:07:04.322410920
29,110.51,135,110.52,13:07:04.322678978
28,110.51,135,110.52,13:07:04.322908629
27,110.51,135,110.52,13:07:04.322908629
28,110.51,135,110.52,13:07:04.323295771
29,110.51,135,110.52,13:07:04.323446843
28,110.51,135,110.52,13:07:04.324637837
27,110.51,135,110.52,13:07:04.324786122
28,110.51,135,110.52,13:07:04.325110307
29,110.51,135,110.52,13:07:04.326559276
30,110.51,135,110.52,13:07:04.332265217
29,110.51,135,110.52,13:07:04.339646736
30,110.51,135,110.52,13:07:04.340588571
29,110.51,135,110.52,13:07:04.359084121
28,110.51,135,110.52,13:07:04.359287974
29,110.51,135,110.52,13:07:04.360315003
41,110.51,135,110.52,13:07:04.573529024
40,110.51,135,110.52,13:07:07.708188349
39,110.51,135,110.52,13:07:07.711853940
38,110.51,135,110.52,13:07:07.711988747
37,110.51,135,110.52,13:07:07.714345932
38,110.51,135,110.52,13:07:07.725323304
40,110.51,135,110.52,13:07:07.725656808
39,110.51,135,110.52,13:07:07.725656808
37,110.51,135,110.52,13:07:07.725928763
38,110.51,135,110.52,13:07:07.922920350
39,110.51,135,110.52,13:07:07.923072987
40,110.51,135,110.52,13:07:07.924001651
39,110.51,135,110.52,13:07:07.942720349
38,110.51,135,110.52,13:07:07.942827069
39,110.51,135,110.52,13:07:07.960972167
38,110.51,135,110.52,13:07:08.178971919
39,110.51,135,110.52,13:07:08.192316015
40,110.51,135,110.52,13:07:08.862595931
41,110.51,135,110.52,13:07:10.364588615
40,110.51,135,110.52,13:07:12.174572235
39,110.51,135,110.52,13:07:12.174730865
38,110.51,135,110.52,13:07:12.174827876
37,110.51,135,110.52,13:07:12.174991370
38,110.51,135,110.52,13:07:12.177117446
37,110.51,135,110.52,13:07:12.178758939
25,110.51,135,110.52,13:07:12.458378929
24,110.51,135,110.52,13:07:12.458640234
23,110.51,135,110.52,13:07:12.458745162
22,110.51,135,110.52,13:07:12.458745162
21,110.51,135,110.52,13:07:12.458760960
23,110.51,135,110.52,13:07:12.492510121
24,110.51,135,110.52,13:07:13.693252735
25,110.51,135,110.52,13:07:13.697559263
26,110.51,135,110.52,13:07:13.699974052
27,110.51,135,110.52,13:07:13.756441094
26,110.51,135,110.52,13:07:13.757575839
25,110.51,135,110.52,13:07:13.757641807
26,110.51,135,110.52,13:07:15.762860289
27,110.51,135,110.52,13:07:15.763001390
28,110.51,135,110.52,13:07:15.763170113
27,110.51,135,110.52,13:07:16.434868764
26,110.51,135,110.52,13:07:16.435031791
25,110.51,135,110.52,13:07:16.435210575
26,110.51,135,110.52,13:07:16.437200871
27,110.51,135,110.52,13:07:16.437265482
29,110.51,135,110.52,13:07:16.437726480
41,110.51,135,110.52,13:07:16.437808723
39,110.51,135,110.52,13:07:16.438364774
38,110.51,135,110.52,13:07:16.452797705
37,110.51,135,110.52,13:07:16.662304706
38,110.51,135,110.52,13:07:16.679705190
39,110.51,135,110.52,13:07:16.679844875
40,110.51,135,110.52,13:07:16.686365608
41,110.51,135,110.52,13:07:16.688836147
42,110.51,135,110.52,13:07:17.194953710
41,110.51,135,110.52,13:07:17.227546289
43,110.51,135,110.52,13:07:19.310355718
51,110.51,135,110.52,13:07:19.310521596
52,110.51,135,110.52,13:07:19.310521596
44,110.51,135,110.52,13:07:19.311041179
43,110.51,135,110.52,13:07:22.792844367
44,110.51,135,110.52,13:07:22.795642993
52,110.51,135,110.52,13:07:27.147560162
52,110.51,127,110.52,13:07:27.147642824
44,110.51,127,110.52,13:07:27.149027428
53,110.51,127,110.52,13:07:27.149302916
73,110.51,127,110.52,13:07:27.158059277
79,110.51,127,110.52,13:07:27.158059277
114,110.51,127,110.52,13:07:27.158393889
128,110.51,127,110.52,13:07:27.158408788
128,110.51,114,110.52,13:07:27.158506945
128,110.51,115,110.52,13:07:27.160131513
128,110.51,116,110.52,13:07:27.161579362
122,110.51,116,110.52,13:07:27.163184484
102,110.51,116,110.52,13:07:27.163213060
101,110.51,116,110.52,13:07:27.163434983
102,110.51,116,110.52,13:07:27.169922054
103,110.51,116,110.52,13:07:27.170030242
103,110.51,117,110.52,13:07:27.170130921
103,110.51,102,110.52,13:07:27.172623434
103,110.51,92,110.52,13:07:27.240134095
103,110.51,80,110.52,13:07:27.240134095
103,110.51,71,110.52,13:07:27.240437804
103,110.51,70,110.52,13:07:27.240532466
104,110.51,70,110.52,13:07:27.240532466
104,110.51,69,110.52,13:07:27.247371706
104,110.51,68,110.52,13:07:27.247437706
104,110.51,69,110.52,13:07:27.249290383
104,110.51,70,110.52,13:07:27.249376195
104,110.51,67,110.52,13:07:27.256167226
104,110.51,54,110.52,13:07:27.256239619
104,110.51,15,110.52,13:07:27.256569101
104,110.51,14,110.52,13:07:27.256711479
104,110.51,9,110.52,13:07:27.256908486
104,110.51,11,110.52,13:07:27.257349482
104,110.51,12,110.52,13:07:27.257401958
106,110.51,12,110.52,13:07:27.258344169
106,110.51,13,110.52,13:07:27.258794745
106,110.51,14,110.52,13:07:27.258838828
106,110.51,15,110.52,13:07:27.259053970
106,110.51,18,110.52,13:07:27.259328712
104,110.51,18,110.52,13:07:27.261298835
124,110.51,18,110.52,13:07:27.263415612
130,110.51,18,110.52,13:07:27.263548738
130,110.51,15,110.52,13:07:27.267294293
130,110.51,14,110.52,13:07:27.267741519
131,110.51,14,110.52,13:07:27.267827573
131,110.51,13,110.52,13:07:27.267827573
131,110.51,12,110.52,13:07:27.267849733
132,110.51,12,110.52,13:07:27.267849733
132,110.51,11,110.52,13:07:27.268154347
132,110.51,10,110.52,13:07:27.268220850
132,110.51,8,110.52,13:07:27.272326351
132,110.51,9,110.52,13:07:27.275474653
132,110.51,10,110.52,13:07:27.275805754
132,110.51,9,110.52,13:07:27.277234075
132,110.51,8,110.52,13:07:27.277539804
132,110.51,9,110.52,13:07:27.280958512
132,110.51,10,110.52,13:07:27.281066381
132,110.51,9,110.52,13:07:27.281754313
132,110.51,8,110.52,13:07:27.287230255
132,110.51,9,110.52,13:07:27.291362386
132,110.51,8,110.52,13:07:27.296594898
132,110.51,7,110.52,13:07:27.325010337
132,110.51,6,110.52,13:07:27.325010337
132,110.51,5,110.52,13:07:27.325010337
132,110.51,4,110.52,13:07:27.325010337
132,110.51,3,110.52,13:07:27.325010337
132,110.51,2,110.52,13:07:27.325033774
132,110.51,1,110.52,13:07:27.325033774
132,110.51,170,110.53,13:07:27.325033774
132,110.51,173,110.53,13:07:27.325657505
132,110.51,186,110.53,13:07:27.325685214
140,110.51,186,110.53,13:07:27.325685214
149,110.51,186,110.53,13:07:27.325685214
149,110.51,194,110.53,13:07:27.325685214
149,110.51,195,110.53,13:07:27.325685214
149,110.51,196,110.53,13:07:27.325685214
149,110.51,186,110.53,13:07:27.325825796
179,110.51,186,110.53,13:07:27.325825796
180,110.51,186,110.53,13:07:27.336477999
181,110.51,186,110.53,13:07:27.336687379
176,110.51,186,110.53,13:07:27.348719361
1,110.52,186,110.53,13:07:27.394759493
6,110.52,186,110.53,13:07:27.394797953
1,110.52,186,110.53,13:07:27.397994242
167,110.51,186,110.53,13:07:27.398133737
5,110.52,186,110.53,13:07:27.437110782
18,110.52,186,110.53,13:07:27.441288823
18,110.52,194,110.53,13:07:27.871774931
5,110.52,194,110.53,13:07:27.991059560
5,110.52,203,110.53,13:07:27.991332060
4,110.52,203,110.53,13:07:28.011673597
141,110.51,203,110.53,13:07:28.011880963
137,110.51,203,110.53,13:07:28.012341929
1,110.52,203,110.53,13:07:28.096886249
5,110.52,203,110.53,13:07:28.097271772
4,110.52,203,110.53,13:07:28.146535472
141,110.51,203,110.53,13:07:28.146535472
141,110.51,2,110.52,13:07:28.146839456
137,110.51,2,110.52,13:07:28.147462114
137,110.51,196,110.53,13:07:28.156261302
137,110.51,194,110.53,13:07:28.156717221
137,110.51,2,110.52,13:07:28.184222863
146,110.51,2,110.52,13:07:28.184447298
146,110.51,196,110.53,13:07:28.194076994
146,110.51,194,110.53,13:07:28.194631428
1,110.52,194,110.53,13:07:28.233136317
1,110.52,202,110.53,13:07:28.233402813
5,110.52,202,110.53,13:07:28.233873152
6,110.52,202,110.53,13:07:28.453388324
10,110.52,202,110.53,13:07:30.931460451
6,110.52,202,110.53,13:07:31.031141341
7,110.52,202,110.53,13:07:33.357857603
8,110.52,202,110.53,13:07:33.357929031
9,110.52,202,110.53,13:07:33.358003105
10,110.52,202,110.53,13:07:33.358003105
11,110.52,202,110.53,13:07:33.358080647
12,110.52,202,110.53,13:07:33.358413143
25,110.52,202,110.53,13:07:33.358698613
26,110.52,202,110.53,13:07:33.358698613
27,110.52,202,110.53,13:07:33.358713282
28,110.52,202,110.53,13:07:33.358845638
29,110.52,202,110.53,13:07:33.358924742
28,110.52,202,110.53,13:07:33.359103126
27,110.52,202,110.53,13:07:33.371809332
26,110.52,202,110.53,13:07:33.519257707
25,110.52,202,110.53,13:07:33.519436427
24,110.52,202,110.53,13:07:33.519516363
23,110.52,202,110.53,13:07:33.520115995
