bidVolume,bidPrice,askVolume,askPrice,timestamp
2,2300.6,1,2301.0,10:00:00.082008426
1,2300.7,1,2301.0,10:00:00.082009450
1,2300.7,3,2301.1,10:00:00.082217266
1,2300.7,3,2301.1,10:00:00.082217266
2,2300.7,3,2301.1,10:00:00.082290563
4,2300.7,3,2301.1,10:00:00.082335844
4,2300.7,5,2301.3,10:00:00.082481675
4,2300.7,5,2301.3,10:00:00.082481675
1,2300.8,5,2301.3,10:00:00.082610496
1,2300.8,5,2301.3,10:00:00.082631992
1,2300.8,1,2301.2,10:00:00.082722764
1,2300.8,1,2301.2,10:00:00.082739260
2,2300.8,1,2301.2,10:00:00.082783451
2,2300.8,4,2301.3,10:00:00.082928570
2,2300.8,1,2301.3,10:00:00.082928570
2,2300.8,1,2301.3,10:00:00.082928570
2,2300.8,1,2301.2,10:00:00.082966907
1,2300.9,1,2301.2,10:00:00.083061996
1,2300.9,1,2301.2,10:00:00.083131163
1,2300.9,3,2301.3,10:00:00.083157227
1,2300.9,3,2301.3,10:00:00.083157227
2,2300.9,3,2301.3,10:00:00.083186994
2,2301.0,3,2301.3,10:00:00.083302075
3,2301.0,3,2301.3,10:00:00.083419152
3,2301.0,2,2301.3,10:00:00.090425044
3,2301.0,1,2301.4,10:00:00.090547978
3,2301.0,1,2301.4,10:00:00.090547978
3,2301.0,2,2301.4,10:00:00.090678573
2,2300.9,2,2301.4,10:00:00.241412280
2,2300.8,2,2301.4,10:00:00.241412280
5,2300.7,2,2301.4,10:00:00.241412280
3,2300.7,2,2301.4,10:00:00.241412280
3,2300.7,2,2301.4,10:00:00.241412280
3,2300.7,2,2301.4,10:00:00.241412280
3,2300.7,2,2301.4,10:00:00.241412280
3,2300.7,2,2301.3,10:00:00.241551175
3,2300.7,3,2301.3,10:00:00.241576194
3,2300.7,4,2301.3,10:00:00.241595077
3,2300.7,4,2301.3,10:00:00.241663821
3,2300.7,4,2301.3,10:00:00.241676663
3,2300.7,4,2301.3,10:00:00.241690509
3,2300.7,4,2301.3,10:00:00.241704452
3,2300.7,5,2301.3,10:00:00.241724082
3,2300.7,6,2301.3,10:00:00.241743234
3,2300.7,6,2301.3,10:00:00.241843818
2,2300.7,6,2301.3,10:00:00.241850314
2,2300.7,1,2301.2,10:00:00.241850314
2,2300.7,1,2301.2,10:00:00.241884571
2,2300.7,1,2301.2,10:00:00.241884571
2,2300.7,2,2301.2,10:00:00.241976106
2,2300.7,3,2301.2,10:00:00.241991219
2,2300.7,3,2301.2,10:00:00.242030644
2,2300.7,1,2301.1,10:00:00.242103295
3,2300.7,1,2301.1,10:00:00.242205633
3,2300.7,2,2301.1,10:00:00.242229320
1,2300.8,2,2301.1,10:00:00.242347261
1,2300.8,1,2301.0,10:00:00.242468649
1,2300.8,1,2301.0,10:00:00.292306358
1,2300.8,1,2301.0,10:00:00.292421695
1,2300.8,1,2301.0,10:00:00.292438309
2,2300.8,1,2301.0,10:00:00.351652921
2,2300.8,1,2301.0,10:00:00.351766715
2,2300.8,1,2301.0,10:00:00.405447947
2,2300.8,1,2301.0,10:00:00.405461125
2,2300.8,2,2301.1,10:00:00.416587903
10,2301.0,2,2301.1,10:00:00.416587903
10,2301.0,2,2301.1,10:00:00.416587903
10,2301.0,2,2301.2,10:00:00.416842043
10,2301.0,2,2301.2,10:00:00.416842043
9,2301.0,2,2301.2,10:00:00.416923587
9,2301.0,1,2301.2,10:00:00.416952999
8,2301.0,1,2301.2,10:00:00.417048998
8,2301.0,6,2301.3,10:00:00.417132942
8,2301.0,6,2301.3,10:00:00.417132942
8,2301.0,5,2301.3,10:00:00.417165899
8,2301.0,4,2301.3,10:00:00.417165899
8,2301.0,4,2301.3,10:00:00.417173615
8,2301.0,3,2301.3,10:00:00.417299303
12,2301.0,3,2301.3,10:00:00.457418765
17,2301.0,3,2301.3,10:00:00.485064045
17,2301.0,1,2301.4,10:00:00.485320303
17,2301.0,1,2301.4,10:00:00.485320303
1,2301.1,1,2301.4,10:00:00.485447329
3,2301.1,1,2301.4,10:00:00.485477817
3,2301.1,2,2301.4,10:00:00.485503334
4,2301.1,2,2301.4,10:00:00.485520399
5,2301.1,2,2301.4,10:00:00.485566989
5,2301.1,2,2301.4,10:00:00.485579502
5,2301.1,2,2301.4,10:00:00.505732113
5,2301.1,2,2301.4,10:00:00.562169727
5,2301.1,2,2301.4,10:00:00.562289640
5,2301.1,1,2301.2,10:00:00.625546771
5,2301.1,2,2301.4,10:00:00.625810603
5,2301.1,2,2301.4,10:00:00.625810603
4,2301.1,2,2301.4,10:00:00.625829852
2,2301.1,2,2301.4,10:00:00.625946596
2,2301.1,1,2301.4,10:00:00.625974389
1,2301.1,1,2301.4,10:00:00.626009122
4,2301.1,1,2301.4,10:00:00.626042707
6,2301.1,1,2301.4,10:00:00.626125752
3,2301.1,1,2301.4,10:00:00.626145573
3,2301.1,1,2301.4,10:00:00.637245858
3,2301.1,1,2301.4,10:00:00.637260527
3,2301.1,1,2301.4,10:00:00.637275151
3,2301.1,1,2301.4,10:00:00.637289132
3,2301.1,1,2301.2,10:00:00.637896392
1,2301.1,1,2301.2,10:00:00.638029707
1,2301.1,2,2301.2,10:00:00.638043279
1,2301.1,2,2301.2,10:00:00.638055394
1,2301.1,1,2301.2,10:00:00.638159902
1,2301.1,1,2301.2,10:00:00.638159902
1,2301.1,1,2301.2,10:00:00.638159902
1,2301.1,1,2301.4,10:00:00.638259526
1,2301.1,1,2301.4,10:00:00.638259526
24,2301.0,1,2301.4,10:00:00.638379430
24,2301.0,1,2301.4,10:00:00.638379430
23,2301.0,1,2301.4,10:00:00.638417837
15,2301.0,1,2301.4,10:00:00.638438455
2,2301.1,1,2301.4,10:00:00.638466448
2,2301.1,1,2301.4,10:00:00.638501237
2,2301.1,1,2301.4,10:00:00.638501237
2,2301.1,1,2301.4,10:00:00.638510991
2,2301.1,2,2301.4,10:00:00.638538985
15,2301.0,2,2301.4,10:00:00.638699605
15,2301.0,2,2301.4,10:00:00.638699605
15,2301.0,4,2301.4,10:00:00.638823131
11,2301.0,4,2301.4,10:00:00.638959422
1,2300.8,4,2301.4,10:00:00.638959422
1,2300.8,4,2301.4,10:00:00.638959422
1,2300.8,4,2301.4,10:00:00.639070100
1,2300.8,4,2301.4,10:00:00.639070100
2,2300.8,4,2301.4,10:00:00.639097857
2,2300.8,1,2301.3,10:00:00.639118570
3,2300.8,1,2301.3,10:00:00.639143451
3,2300.8,1,2301.3,10:00:00.639207757
3,2300.8,1,2301.3,10:00:00.639222285
3,2300.8,1,2301.3,10:00:00.639236721
3,2300.8,1,2301.3,10:00:00.639236721
3,2300.8,2,2301.3,10:00:00.639265281
3,2300.8,2,2301.3,10:00:00.639381491
3,2300.8,2,2301.3,10:00:00.639393008
3,2300.8,2,2301.3,10:00:00.639609269
2,2300.8,2,2301.3,10:00:00.738011937
2,2300.8,3,2301.3,10:00:00.740465955
2,2300.8,3,2301.3,10:00:00.740584223
2,2300.8,5,2301.3,10:00:00.759632456
3,2300.8,5,2301.3,10:00:00.849036803
3,2300.8,5,2301.2,10:00:00.858716760
3,2300.8,6,2301.2,10:00:00.858842172
2,2300.8,6,2301.2,10:00:00.858862627
2,2300.8,6,2301.2,10:00:00.858875993
2,2300.8,7,2301.2,10:00:00.861185319
2,2300.8,13,2301.2,10:00:00.889086430
1,2300.8,13,2301.2,10:00:00.889374815
4,2300.7,13,2301.2,10:00:00.889378546
4,2300.7,13,2301.2,10:00:00.889378546
4,2300.7,2,2301.1,10:00:00.889396412
4,2300.7,2,2301.1,10:00:00.889416746
4,2300.7,2,2301.1,10:00:00.889487804
4,2300.7,2,2301.1,10:00:00.889502204
4,2300.7,2,2301.1,10:00:00.889521856
4,2300.7,3,2301.1,10:00:00.889545546
4,2300.7,3,2301.1,10:00:00.889556711
4,2300.7,3,2301.1,10:00:00.889556711
4,2300.7,3,2301.1,10:00:00.889571118
4,2300.7,3,2301.1,10:00:00.889584487
4,2300.7,4,2301.1,10:00:00.889607362
4,2300.7,4,2301.1,10:00:00.889615970
4,2300.7,4,2301.1,10:00:00.889724253
4,2300.7,7,2301.1,10:00:00.893976026
4,2300.7,7,2301.1,10:00:00.893976026
4,2300.7,7,2301.1,10:00:00.894103651
4,2300.7,9,2301.1,10:00:00.959628699
3,2300.7,9,2301.1,10:00:00.959871562
1,2300.5,9,2301.1,10:00:00.960102306
1,2300.5,9,2301.1,10:00:00.960102306
1,2300.5,9,2301.1,10:00:00.960122898
1,2300.5,9,2301.1,10:00:00.960122898
1,2300.5,9,2301.1,10:00:00.960127741
1,2300.5,9,2301.1,10:00:00.960211546
2,2300.5,9,2301.1,10:00:00.960241282
2,2300.5,1,2301.0,10:00:00.960262696
3,2300.5,1,2301.0,10:00:00.960287913
3,2300.5,1,2301.0,10:00:00.960299292
3,2300.5,2,2301.0,10:00:00.960330252
3,2300.5,3,2301.0,10:00:00.960403668
1,2300.6,3,2301.0,10:00:00.960443556
2,2300.6,3,2301.0,10:00:00.960571074
2,2300.6,6,2301.0,10:00:00.964147943
2,2300.6,6,2301.0,10:00:00.966192413
3,2300.5,6,2301.0,10:00:01.000440972
3,2300.5,6,2301.0,10:00:01.000440972
5,2300.4,6,2301.0,10:00:01.060969565
2,2300.3,6,2301.0,10:00:01.060969565
1,2300.3,6,2301.0,10:00:01.060969565
1,2300.3,6,2301.0,10:00:01.060969565
1,2300.3,6,2301.0,10:00:01.060969565
1,2300.3,6,2301.0,10:00:01.060997857
1,2300.3,6,2301.0,10:00:01.060997857
1,2300.3,6,2301.0,10:00:01.061005454
1,2300.3,6,2301.0,10:00:01.061018792
1,2300.3,6,2301.0,10:00:01.061031854
1,2300.3,6,2301.0,10:00:01.061075251
3,2300.3,6,2301.0,10:00:01.061133088
3,2300.3,1,2300.9,10:00:01.061161361
4,2300.3,1,2300.9,10:00:01.061187019
4,2300.3,1,2300.9,10:00:01.061379199
4,2300.3,1,2300.9,10:00:01.061388127
4,2300.3,2,2300.9,10:00:01.061388127
4,2300.3,2,2300.8,10:00:01.061399970
4,2300.3,2,2300.8,10:00:01.061416402
4,2300.3,3,2300.8,10:00:01.061610618
4,2300.3,4,2300.8,10:00:01.061622827
4,2300.3,4,2300.8,10:00:01.061622827
4,2300.3,6,2300.8,10:00:01.065834524
2,2300.3,6,2300.8,10:00:01.065959186
2,2300.3,6,2300.8,10:00:01.073228417
2,2300.3,6,2300.8,10:00:01.073257381
2,2300.3,6,2300.8,10:00:01.079628783
1,2300.3,6,2300.8,10:00:01.161420355
1,2300.1,6,2300.8,10:00:01.161666776
1,2300.1,6,2300.8,10:00:01.161666776
1,2300.1,1,2300.7,10:00:01.161889661
2,2300.1,1,2300.7,10:00:01.161903136
2,2300.1,1,2300.7,10:00:01.161922842
2,2300.1,1,2300.7,10:00:01.161937217
1,2300.1,1,2300.7,10:00:01.161973919
3,2300.1,1,2300.7,10:00:01.161977484
3,2300.1,1,2300.7,10:00:01.162007311
3,2300.1,2,2300.7,10:00:01.162075133
3,2300.1,2,2300.7,10:00:01.162116180
3,2300.1,1,2300.6,10:00:01.162141940
3,2300.1,1,2300.6,10:00:01.162166542
3,2300.1,1,2300.6,10:00:01.162174373
3,2300.1,1,2300.6,10:00:01.162189006
3,2300.1,2,2300.6,10:00:01.162409915
3,2300.1,2,2300.5,10:00:01.162430839
1,2300.2,2,2300.5,10:00:01.162508034
1,2300.2,2,2300.5,10:00:01.162772200
1,2300.2,4,2300.5,10:00:01.168503752
3,2300.1,4,2300.5,10:00:01.168631646
3,2300.1,4,2300.5,10:00:01.168631646
3,2300.1,4,2300.5,10:00:01.168671346
1,2300.1,4,2300.5,10:00:01.168763582
1,2300.2,4,2300.5,10:00:01.168913588
1,2300.1,4,2300.5,10:00:01.169151865
1,2300.1,4,2300.5,10:00:01.169151865
1,2300.1,4,2300.5,10:00:01.169260100
2,2300.1,4,2300.5,10:00:01.220928378
1,2300.1,4,2300.5,10:00:01.263222219
1,2300.1,4,2300.5,10:00:01.263325735
1,2300.1,4,2300.5,10:00:01.263340173
1,2300.1,4,2300.5,10:00:01.379624220
1,2300.1,4,2300.5,10:00:01.389625798
1,2300.1,3,2300.5,10:00:01.555859205
1,2300.1,3,2300.5,10:00:01.555944055
1,2300.1,3,2300.5,10:00:01.555956961
1,2300.1,3,2300.5,10:00:01.555971668
1,2300.1,3,2300.5,10:00:01.555985774
1,2300.1,3,2300.5,10:00:01.556000286
1,2300.1,3,2300.5,10:00:01.556013874
1,2300.1,1,2300.5,10:00:01.559421207
1,2300.1,1,2300.5,10:00:01.624050780
1,2300.1,1,2300.5,10:00:01.689622759
1,2300.1,1,2300.5,10:00:01.689637072
1,2300.1,2,2300.5,10:00:01.689772275
1,2300.1,3,2300.5,10:00:01.693587377
3,2300.0,3,2300.5,10:00:01.838265707
3,2300.0,3,2300.5,10:00:01.838265707
3,2300.0,3,2300.5,10:00:01.838383753
3,2300.0,1,2300.4,10:00:01.838416633
3,2300.0,1,2300.4,10:00:01.838438407
3,2300.0,1,2300.4,10:00:01.838447204
3,2300.0,2,2300.4,10:00:01.838566845
3,2300.0,2,2300.4,10:00:01.838578932
3,2300.0,2,2300.4,10:00:01.838592574
3,2300.0,2,2300.4,10:00:01.839624028
3,2300.0,2,2300.4,10:00:02.018924695
3,2300.0,1,2300.4,10:00:02.119679176
3,2300.0,2,2300.4,10:00:02.119805313
3,2300.0,1,2300.4,10:00:02.119926468
3,2300.0,1,2300.4,10:00:02.119926468
3,2300.0,1,2300.4,10:00:02.119928369
3,2300.0,1,2300.4,10:00:02.169462392
3,2300.0,3,2300.5,10:00:02.245170422
3,2300.0,2,2300.5,10:00:02.245170422
3,2300.0,2,2300.5,10:00:02.245170422
3,2300.0,2,2300.4,10:00:02.245320072
3,2300.0,2,2300.4,10:00:02.245342099
4,2300.0,2,2300.4,10:00:02.245381012
4,2300.0,2,2300.4,10:00:02.248135778
4,2300.0,2,2300.4,10:00:02.429629779
5,2300.0,2,2300.4,10:00:02.865197534
5,2300.0,3,2300.4,10:00:02.865223656
5,2300.0,1,2300.4,10:00:02.865453417
5,2300.0,1,2300.4,10:00:02.865453417
5,2300.0,1,2300.5,10:00:02.865650359
5,2300.0,1,2300.5,10:00:02.865650359
5,2300.0,1,2300.5,10:00:02.865669838
5,2300.0,1,2300.5,10:00:02.865678574
5,2300.0,2,2300.4,10:00:02.865683355
1,2300.1,2,2300.4,10:00:02.865730168
1,2300.1,1,2300.5,10:00:02.865765465
1,2300.1,1,2300.5,10:00:02.865765465
3,2300.1,1,2300.5,10:00:02.865807757
4,2300.1,1,2300.5,10:00:02.865823188
5,2300.1,1,2300.5,10:00:02.865894565
5,2300.1,1,2300.5,10:00:02.865916009
5,2300.1,2,2300.6,10:00:02.866013742
5,2300.1,2,2300.6,10:00:02.866013742
5,2300.1,2,2300.5,10:00:02.866032610
1,2300.2,2,2300.5,10:00:02.866117398
2,2300.2,2,2300.5,10:00:02.866132980
2,2300.2,1,2300.5,10:00:02.866187173
2,2300.2,2,2300.6,10:00:02.866343096
2,2300.2,1,2300.6,10:00:02.866343096
2,2300.2,1,2300.6,10:00:02.866343096
2,2300.2,1,2300.6,10:00:02.866388883
3,2300.2,1,2300.6,10:00:02.866418967
3,2300.2,1,2300.6,10:00:02.866426049
3,2300.2,1,2300.6,10:00:02.866476884
3,2300.2,1,2300.6,10:00:02.866491304
1,2300.3,1,2300.6,10:00:02.866517358
1,2300.3,2,2300.7,10:00:02.866673199
1,2300.3,2,2300.7,10:00:02.866673199
2,2300.3,2,2300.7,10:00:02.866693477
2,2300.4,2,2300.7,10:00:02.866707388
2,2300.4,2,2300.7,10:00:02.866782990
2,2300.4,6,2300.8,10:00:02.866927806
2,2300.4,6,2300.8,10:00:02.866927806
3,2300.4,6,2300.8,10:00:02.866955650
3,2300.4,6,2300.8,10:00:02.867055475
3,2300.4,6,2300.8,10:00:02.867069821
3,2300.4,6,2300.8,10:00:02.867089780
3,2300.4,6,2300.8,10:00:02.867105371
4,2300.4,6,2300.8,10:00:02.867125707
5,2300.4,6,2300.8,10:00:02.867146824
5,2300.4,4,2300.8,10:00:02.867249956
5,2300.4,5,2300.8,10:00:02.875925959
5,2300.4,5,2300.8,10:00:02.876925073
5,2300.4,3,2300.8,10:00:02.876943850
1,2300.5,3,2300.8,10:00:02.877061325
2,2300.5,3,2300.8,10:00:02.877195830
2,2300.5,3,2300.8,10:00:02.877199187
2,2300.5,3,2300.8,10:00:02.877213562
2,2300.5,3,2300.8,10:00:02.877227316
2,2300.5,3,2300.8,10:00:02.877241319
2,2300.5,3,2300.8,10:00:02.877256503
2,2300.5,2,2300.8,10:00:02.877330299
2,2300.5,2,2300.8,10:00:02.877442363
2,2300.5,4,2300.8,10:00:02.959647183
2,2300.5,5,2300.8,10:00:02.977371677
2,2300.5,5,2300.8,10:00:03.229636162
5,2300.4,5,2300.8,10:00:03.620460533
3,2300.4,5,2300.8,10:00:03.620460533
3,2300.4,5,2300.8,10:00:03.620460533
2,2300.5,5,2300.8,10:00:03.620695875
2,2300.5,1,2300.7,10:00:03.620710640
2,2300.5,1,2300.7,10:00:03.620855325
1,2300.6,1,2300.7,10:00:03.620881434
1,2300.6,1,2300.7,10:00:03.620996521
1,2300.6,1,2300.7,10:00:03.621103342
1,2300.6,6,2300.8,10:00:03.621614975
1,2300.6,6,2300.8,10:00:03.621614975
1,2300.6,5,2300.8,10:00:03.621725195
1,2300.6,5,2300.8,10:00:03.630511587
1,2300.6,6,2300.8,10:00:03.646360803
2,2300.5,6,2300.8,10:00:03.646510975
2,2300.5,6,2300.8,10:00:03.646510975
2,2300.5,6,2300.8,10:00:03.705304161
2,2300.5,6,2300.8,10:00:03.705317442
2,2300.5,7,2300.8,10:00:03.721864211
2,2300.5,7,2300.8,10:00:03.729624143
2,2300.5,7,2300.8,10:00:03.929630435
3,2300.4,7,2300.8,10:00:03.981116197
3,2300.4,7,2300.8,10:00:03.981116197
3,2300.4,2,2300.7,10:00:03.981254888
2,2300.4,2,2300.7,10:00:03.981273336
2,2300.4,2,2300.7,10:00:03.981309532
2,2300.4,2,2300.7,10:00:03.981323971
1,2300.5,2,2300.7,10:00:03.981351088
1,2300.5,3,2300.7,10:00:03.981411848
1,2300.5,3,2300.7,10:00:03.981429023
1,2300.5,3,2300.7,10:00:03.981445692
1,2300.5,1,2300.6,10:00:03.981488057
1,2300.5,1,2300.6,10:00:03.981511210
1,2300.5,1,2300.6,10:00:03.981526894
1,2300.5,1,2300.6,10:00:03.981606966
1,2300.5,1,2300.6,10:00:03.981622786
1,2300.4,1,2300.6,10:00:03.993885578
1,2300.4,1,2300.6,10:00:03.993885578
3,2300.4,1,2300.6,10:00:04.232228455
3,2300.4,2,2300.6,10:00:04.688764567
2,2300.4,2,2300.6,10:00:04.688957082
1,2300.4,2,2300.6,10:00:04.689170731
1,2300.4,1,2300.5,10:00:04.689185116
1,2300.4,1,2300.5,10:00:04.689209302
2,2300.3,1,2300.5,10:00:04.689298356
2,2300.3,1,2300.5,10:00:04.689298356
2,2300.3,1,2300.5,10:00:04.689773339
2,2300.3,1,2300.5,10:00:04.689794168
2,2300.3,1,2300.5,10:00:04.689794168
2,2300.3,1,2300.5,10:00:04.689806661
2,2300.3,1,2300.5,10:00:04.689806661
2,2300.3,1,2300.5,10:00:04.689806661
2,2300.3,1,2300.5,10:00:04.689815971
1,2300.3,1,2300.5,10:00:04.689954481
3,2300.2,1,2300.5,10:00:04.689955429
3,2300.2,1,2300.5,10:00:04.689955429
3,2300.2,1,2300.5,10:00:04.690384958
3,2300.2,2,2300.5,10:00:04.690418078
2,2300.2,2,2300.5,10:00:04.690766274
5,2300.1,2,2300.5,10:00:04.690953075
5,2300.1,2,2300.5,10:00:04.690953075
5,2300.1,3,2300.5,10:00:04.690989604
5,2300.1,3,2300.5,10:00:04.691240505
3,2300.1,3,2300.5,10:00:04.691468180
3,2300.1,2,2300.4,10:00:04.691494961
2,2300.1,2,2300.4,10:00:04.691524056
5,2300.0,2,2300.4,10:00:04.691599587
5,2300.0,2,2300.4,10:00:04.691599587
5,2300.0,2,2300.4,10:00:04.691804784
5,2300.0,2,2300.4,10:00:04.691824759
5,2300.0,3,2300.4,10:00:04.691903123
5,2300.0,4,2300.4,10:00:04.692060099
5,2300.0,4,2300.4,10:00:04.692147550
5,2300.0,5,2300.4,10:00:04.692170434
5,2300.0,1,2300.3,10:00:04.692372767
5,2300.0,2,2300.3,10:00:04.692624862
5,2300.0,2,2300.3,10:00:04.692641717
5,2300.0,2,2300.3,10:00:04.692666274
5,2300.0,2,2300.3,10:00:04.692950571
4,2300.0,2,2300.3,10:00:04.695374466
8,2299.8,2,2300.3,10:00:04.695648555
8,2299.8,2,2300.3,10:00:04.695648555
8,2299.8,2,2300.3,10:00:04.695889846
8,2299.8,1,2300.2,10:00:04.695982901
1,2299.9,1,2300.2,10:00:04.696011714
1,2299.9,1,2300.2,10:00:04.696044973
1,2299.9,1,2300.2,10:00:04.696055523
1,2299.9,2,2300.2,10:00:04.696424423
1,2299.9,2,2300.2,10:00:04.696438267
1,2299.9,2,2300.2,10:00:04.700082898
1,2299.9,2,2300.2,10:00:04.700098030
1,2299.9,2,2300.2,10:00:04.700112629
1,2299.9,2,2300.2,10:00:04.702054159
1,2299.9,2,2300.2,10:00:04.702069277
1,2299.9,2,2300.2,10:00:04.702069277
2,2299.9,2,2300.2,10:00:04.705850905
2,2299.9,2,2300.2,10:00:04.706138120
2,2299.9,2,2300.2,10:00:04.796307571
2,2299.9,3,2300.3,10:00:04.999379819
2,2299.9,3,2300.3,10:00:04.999379819
1,2300.0,3,2300.3,10:00:04.999494052
1,2300.0,3,2300.3,10:00:04.999517649
1,2300.0,3,2300.3,10:00:04.999525646
1,2300.0,3,2300.3,10:00:04.999540962
2,2300.0,3,2300.3,10:00:04.999626797
1,2300.1,3,2300.3,10:00:04.999774390
1,2300.1,3,2300.3,10:00:04.999886070
1,2300.1,2,2300.3,10:00:05.017382944
1,2300.1,5,2300.4,10:00:05.017609566
1,2300.1,5,2300.4,10:00:05.017609566
2,2300.1,5,2300.4,10:00:05.017629000
1,2300.1,5,2300.4,10:00:05.017647237
1,2300.1,5,2300.4,10:00:05.017728012
1,2300.1,4,2300.4,10:00:05.017749616
1,2300.1,4,2300.4,10:00:05.017766227
1,2300.2,4,2300.4,10:00:05.017801863
2,2300.2,4,2300.4,10:00:05.017826693
2,2300.2,3,2300.4,10:00:05.017841513
2,2300.2,3,2300.4,10:00:05.017919854
2,2300.2,1,2300.4,10:00:05.017983344
2,2300.2,1,2300.4,10:00:05.018012486
3,2300.2,1,2300.4,10:00:05.018215613
3,2300.2,1,2300.4,10:00:05.018325664
3,2300.2,1,2300.4,10:00:05.020143883
3,2300.2,1,2300.4,10:00:05.050510040
3,2300.2,1,2300.5,10:00:05.135837105
3,2300.2,1,2300.5,10:00:05.135837105
3,2300.2,1,2300.5,10:00:05.136073436
1,2300.3,1,2300.5,10:00:05.136081542
1,2300.3,1,2300.5,10:00:05.136354847
1,2300.3,1,2300.5,10:00:05.136394493
1,2300.4,1,2300.5,10:00:05.136433751
1,2300.4,1,2300.5,10:00:05.136563971
1,2300.4,1,2300.5,10:00:05.136666447
1,2300.3,1,2300.5,10:00:05.209070780
1,2300.3,1,2300.5,10:00:05.209070780
1,2300.3,1,2300.5,10:00:05.240844575
1,2300.3,2,2300.5,10:00:05.240935426
3,2300.2,2,2300.5,10:00:05.254591932
3,2300.2,2,2300.5,10:00:05.254591932
3,2300.2,1,2300.5,10:00:05.270885125
3,2300.2,1,2300.5,10:00:05.439649990
2,2300.2,1,2300.5,10:00:05.734656012
4,2300.2,1,2300.5,10:00:05.734812908
4,2300.2,2,2300.5,10:00:05.734855757
4,2300.2,1,2300.5,10:00:05.735048605
4,2300.2,1,2300.6,10:00:05.735083806
4,2300.2,1,2300.6,10:00:05.735083806
1,2300.3,1,2300.6,10:00:05.735151573
1,2300.3,1,2300.6,10:00:05.735193453
1,2300.3,1,2300.6,10:00:05.735206413
2,2300.3,1,2300.6,10:00:05.735237744
3,2300.3,1,2300.6,10:00:05.735256577
4,2300.3,1,2300.6,10:00:05.735293001
1,2300.4,1,2300.6,10:00:05.735380122
1,2300.4,1,2300.6,10:00:05.735500743
1,2300.4,1,2300.6,10:00:05.736924512
2,2300.4,1,2300.6,10:00:06.437724749
2,2300.4,5,2300.7,10:00:06.437955746
2,2300.4,5,2300.7,10:00:06.437955746
2,2300.4,1,2300.6,10:00:06.437973375
1,2300.5,1,2300.6,10:00:06.438163773
1,2300.5,1,2300.6,10:00:06.438186157
1,2300.5,1,2300.6,10:00:06.438186157
1,2300.5,1,2300.6,10:00:06.438195159
1,2300.5,1,2300.6,10:00:06.438251397
1,2300.5,1,2300.6,10:00:06.438285190
1,2300.5,1,2300.6,10:00:06.438305325
1,2300.5,1,2300.6,10:00:06.438366599
1,2300.5,1,2300.7,10:00:06.438422975
1,2300.5,1,2300.7,10:00:06.438422975
1,2300.5,1,2300.7,10:00:06.438456358
1,2300.5,1,2300.7,10:00:06.438463561
1,2300.6,1,2300.7,10:00:06.438629187
1,2300.6,1,2300.7,10:00:06.438819152
1,2300.6,5,2300.8,10:00:06.439039598
1,2300.6,5,2300.8,10:00:06.439039598
1,2300.6,4,2300.8,10:00:06.439085695
1,2300.6,4,2300.8,10:00:06.439760752
1,2300.6,4,2300.8,10:00:06.449266189
1,2300.6,4,2300.8,10:00:06.449282301
1,2300.6,4,2300.8,10:00:06.449292583
1,2300.6,4,2300.8,10:00:06.500382084
1,2300.6,4,2300.8,10:00:06.501412636
1,2300.6,4,2300.8,10:00:06.546466079
1,2300.5,4,2300.8,10:00:06.585894382
1,2300.5,4,2300.8,10:00:06.585894382
3,2300.5,4,2300.8,10:00:06.586044072
3,2300.5,5,2300.8,10:00:06.586078613
3,2300.5,4,2300.8,10:00:07.232982577
4,2300.5,4,2300.8,10:00:07.233218236
4,2300.5,4,2300.8,10:00:07.626500194
5,2300.5,4,2300.8,10:00:07.667372641
5,2300.5,5,2300.8,10:00:07.808342717
5,2300.5,5,2300.8,10:00:07.818364074
1,2300.6,5,2300.8,10:00:07.857642808
1,2300.6,6,2300.8,10:00:07.951812276
5,2300.5,6,2300.8,10:00:07.952045954
5,2300.5,6,2300.8,10:00:07.952045954
4,2300.5,6,2300.8,10:00:07.952171111
4,2300.5,5,2300.8,10:00:07.969051849
4,2300.5,6,2300.8,10:00:08.436548532
4,2300.5,8,2300.8,10:00:08.746480151
4,2300.5,8,2300.8,10:00:08.746494903
3,2300.5,8,2300.8,10:00:08.746748406
3,2300.5,1,2300.7,10:00:08.746876066
3,2300.5,2,2300.7,10:00:08.747004875
3,2300.5,2,2300.7,10:00:08.747029637
2,2300.5,2,2300.7,10:00:09.036878052
2,2300.5,2,2300.7,10:00:09.084785092
2,2300.5,2,2300.7,10:00:09.327353090
3,2300.5,2,2300.7,10:00:10.030478120
3,2300.5,2,2300.7,10:00:10.030720317
2,2300.5,2,2300.7,10:00:10.040972150
1,2300.5,2,2300.7,10:00:10.076407497
1,2300.5,2,2300.7,10:00:10.076407497
4,2300.4,2,2300.7,10:00:10.076563814
4,2300.4,2,2300.7,10:00:10.076563814
4,2300.4,2,2300.7,10:00:10.076758938
3,2300.4,2,2300.7,10:00:10.076780046
3,2300.4,1,2300.6,10:00:10.076827765
3,2300.4,1,2300.6,10:00:10.076850847
3,2300.4,1,2300.6,10:00:10.076939819
3,2300.4,1,2300.6,10:00:10.077008687
3,2300.4,1,2300.6,10:00:10.096979833
3,2300.4,1,2300.6,10:00:10.096979833
2,2300.4,1,2300.6,10:00:10.552932966
2,2300.4,4,2300.7,10:00:10.553122541
2,2300.4,4,2300.7,10:00:10.553122541
2,2300.4,3,2300.7,10:00:10.553309143
2,2300.4,1,2300.6,10:00:10.553351038
2,2300.4,1,2300.6,10:00:10.554790187
2,2300.4,1,2300.6,10:00:10.554802988
2,2300.4,1,2300.6,10:00:10.612928464
2,2300.4,1,2300.6,10:00:10.646481051
2,2300.4,2,2300.6,10:00:10.651388100
2,2300.4,2,2300.6,10:00:10.651534995
2,2300.4,2,2300.6,10:00:10.651652237
2,2300.4,1,2300.6,10:00:10.660155170
2,2300.4,4,2300.7,10:00:10.660288702
2,2300.4,4,2300.7,10:00:10.660288702
2,2300.4,3,2300.7,10:00:10.660421402
2,2300.4,1,2300.6,10:00:10.660572234
3,2300.4,1,2300.6,10:00:10.660596877
2,2300.4,1,2300.6,10:00:10.661819737
1,2300.4,1,2300.6,10:00:10.793359381
1,2300.4,3,2300.7,10:00:10.793554985
1,2300.4,3,2300.7,10:00:10.793554985
1,2300.4,4,2300.7,10:00:10.793580467
1,2300.4,3,2300.7,10:00:10.793707580
2,2300.4,3,2300.7,10:00:10.793973957
2,2300.4,3,2300.7,10:00:10.818062986
3,2300.4,3,2300.7,10:00:10.865184828
3,2300.4,4,2300.7,10:00:10.865204099
3,2300.4,4,2300.7,10:00:10.875505193
3,2300.4,4,2300.7,10:00:10.875542068
3,2300.4,4,2300.7,10:00:10.885716145
3,2300.4,4,2300.7,10:00:10.885729415
3,2300.4,4,2300.7,10:00:10.895942338
3,2300.4,4,2300.7,10:00:10.895965884
3,2300.4,4,2300.7,10:00:10.906185696
3,2300.4,6,2300.7,10:00:10.946490550
3,2300.4,6,2300.7,10:00:10.946506064
2,2300.4,6,2300.7,10:00:10.946669343
2,2300.4,7,2300.7,10:00:10.959688772
2,2300.4,7,2300.7,10:00:10.959705549
1,2300.4,7,2300.7,10:00:10.959942450
1,2300.4,1,2300.6,10:00:10.960062247
3,2300.3,1,2300.6,10:00:10.960161271
3,2300.3,1,2300.6,10:00:10.960161271
4,2300.3,1,2300.6,10:00:10.960284169
4,2300.3,2,2300.6,10:00:10.960311728
4,2300.3,2,2300.6,10:00:10.960410983
4,2300.3,3,2300.6,10:00:10.960527204
4,2300.3,3,2300.6,10:00:10.960539739
4,2300.3,1,2300.5,10:00:10.960567166
1,2300.4,1,2300.5,10:00:10.960612415
1,2300.4,2,2300.5,10:00:10.960690407
1,2300.4,2,2300.5,10:00:10.960767280
1,2300.4,2,2300.5,10:00:10.960781629
1,2300.4,1,2300.5,10:00:10.960900156
4,2300.3,1,2300.5,10:00:10.960932291
4,2300.3,1,2300.5,10:00:10.960932291
3,2300.3,1,2300.5,10:00:10.961144324
2,2300.3,1,2300.5,10:00:10.961166417
1,2300.3,1,2300.5,10:00:10.961452912
1,2300.3,1,2300.5,10:00:10.962298402
1,2300.3,1,2300.5,10:00:10.962298402
5,2300.2,1,2300.5,10:00:11.766342785
5,2300.2,1,2300.5,10:00:11.766342785
5,2300.2,1,2300.5,10:00:11.766577714
1,2300.3,1,2300.5,10:00:11.766604495
1,2300.3,1,2300.5,10:00:11.766626701
1,2300.3,3,2300.6,10:00:11.766656167
1,2300.3,3,2300.6,10:00:11.766656167
1,2300.3,3,2300.6,10:00:11.766677972
1,2300.3,1,2300.5,10:00:11.766698587
1,2300.3,2,2300.5,10:00:11.766908543
1,2300.3,3,2300.5,10:00:11.770911536
1,2300.3,2,2300.5,10:00:11.773694770
1,2300.3,1,2300.5,10:00:11.794524851
5,2300.2,1,2300.5,10:00:11.794722580
5,2300.2,1,2300.5,10:00:11.794722580
1,2300.3,1,2300.5,10:00:11.794754804
1,2300.3,1,2300.5,10:00:11.794778609
2,2300.3,1,2300.5,10:00:11.794883851
1,2300.3,1,2300.5,10:00:11.795819696
5,2300.2,1,2300.5,10:00:11.809692994
5,2300.2,1,2300.5,10:00:11.809692994
5,2300.2,2,2300.5,10:00:11.827400000
5,2300.2,3,2300.5,10:00:11.907063426
6,2300.2,3,2300.5,10:00:11.907553511
6,2300.2,3,2300.5,10:00:12.022123893
6,2300.2,2,2300.5,10:00:12.161457504
1,2300.3,2,2300.5,10:00:12.162364076
1,2300.3,2,2300.6,10:00:12.162614100
1,2300.3,2,2300.6,10:00:12.162614100
1,2300.4,2,2300.6,10:00:12.163033613
1,2300.4,2,2300.6,10:00:12.163179337
1,2300.4,8,2300.7,10:00:12.163680608
1,2300.4,8,2300.7,10:00:12.163680608
1,2300.4,8,2300.7,10:00:12.164141004
1,2300.4,4,2300.8,10:00:12.164221061
1,2300.4,4,2300.8,10:00:12.164221061
1,2300.4,4,2300.8,10:00:12.164253973
2,2300.4,4,2300.8,10:00:12.164355536
1,2300.5,4,2300.8,10:00:12.164435583
1,2300.5,4,2300.8,10:00:12.164478397
2,2300.5,4,2300.8,10:00:12.165037605
3,2300.5,4,2300.8,10:00:12.165065538
3,2300.5,4,2300.8,10:00:12.165108381
3,2300.5,4,2300.8,10:00:12.165177212
1,2300.7,4,2300.8,10:00:12.165230002
1,2300.7,4,2300.8,10:00:12.165268381
1,2300.7,4,2300.8,10:00:12.165283392
1,2300.7,4,2300.8,10:00:12.165374639
1,2300.7,4,2300.8,10:00:12.165471102
1,2300.7,4,2300.8,10:00:12.165485720
1,2300.7,4,2300.8,10:00:12.166031097
1,2300.7,4,2300.8,10:00:12.166130252
1,2300.7,4,2300.8,10:00:12.166161017
1,2300.6,4,2300.8,10:00:12.166217703
1,2300.6,4,2300.8,10:00:12.166217703
1,2300.6,4,2300.8,10:00:12.166274782
1,2300.6,1,2300.8,10:00:12.166335116
1,2300.6,2,2300.9,10:00:12.166448120
1,2300.6,2,2300.9,10:00:12.166448120
1,2300.6,2,2300.9,10:00:12.166664432
1,2300.6,2,2300.9,10:00:12.166664432
1,2300.6,2,2300.9,10:00:12.166880935
1,2300.6,2,2300.9,10:00:12.166894452
1,2300.6,2,2300.9,10:00:12.166908395
5,2300.5,2,2300.9,10:00:12.166965526
5,2300.5,2,2300.9,10:00:12.166965526
1,2300.6,2,2300.9,10:00:12.167042935
2,2300.6,2,2300.9,10:00:12.167081736
3,2300.6,2,2300.9,10:00:12.167495201
3,2300.6,2,2300.9,10:00:12.170844938
3,2300.6,2,2300.9,10:00:12.172727520
3,2300.6,2,2300.9,10:00:12.174095740
3,2300.6,1,2300.8,10:00:12.183786850
3,2300.6,1,2300.8,10:00:12.183786850
3,2300.6,1,2300.9,10:00:12.184045812
3,2300.6,1,2300.9,10:00:12.184045812
5,2300.5,1,2300.9,10:00:12.184165712
5,2300.5,1,2300.9,10:00:12.184165712
1,2300.7,1,2300.9,10:00:12.184207559
2,2300.7,1,2300.9,10:00:12.184303325
2,2300.7,2,2300.9,10:00:12.184391884
2,2300.7,1,2300.8,10:00:12.184411029
2,2300.7,1,2300.8,10:00:12.184489571
3,2300.7,1,2300.8,10:00:12.184526399
2,2300.7,1,2300.8,10:00:12.184669745
2,2300.7,1,2300.8,10:00:12.185242685
2,2300.7,1,2300.8,10:00:12.185242685
6,2300.5,1,2300.8,10:00:12.185502571
6,2300.5,1,2300.8,10:00:12.185502571
6,2300.5,2,2300.9,10:00:12.185521526
6,2300.5,2,2300.9,10:00:12.185521526
6,2300.5,1,2300.8,10:00:12.185796241
6,2300.5,2,2300.8,10:00:12.185920989
1,2300.6,2,2300.8,10:00:12.194637674
2,2300.6,2,2300.8,10:00:12.195073270
2,2300.6,2,2300.9,10:00:12.197907135
2,2300.6,2,2300.9,10:00:12.197907135
2,2300.6,1,2300.9,10:00:12.198027410
1,2300.7,1,2300.9,10:00:12.198047669
2,2300.7,1,2300.9,10:00:12.198134586
1,2300.7,1,2300.9,10:00:12.215880336
2,2300.6,1,2300.9,10:00:12.216093892
2,2300.6,1,2300.9,10:00:12.216093892
1,2300.6,1,2300.9,10:00:12.216126254
1,2300.6,1,2300.8,10:00:12.216224563
1,2300.6,2,2300.8,10:00:12.216333696
1,2300.6,3,2300.8,10:00:12.216368666
6,2300.5,3,2300.8,10:00:12.216449538
6,2300.5,3,2300.8,10:00:12.216449538
6,2300.5,4,2300.8,10:00:12.286108146
6,2300.5,5,2300.8,10:00:12.328173145
6,2300.5,4,2300.8,10:00:12.451417682
6,2300.5,4,2300.8,10:00:12.469685088
5,2300.5,4,2300.8,10:00:12.590505919
5,2300.5,5,2300.8,10:00:12.590661510
5,2300.5,3,2300.6,10:00:12.619244758
5,2300.5,5,2300.8,10:00:12.619467227
5,2300.5,5,2300.8,10:00:12.619467227
3,2300.5,5,2300.8,10:00:12.619646648
3,2300.5,5,2300.8,10:00:12.619646648
5,2300.4,5,2300.8,10:00:12.619649627
5,2300.4,5,2300.8,10:00:12.619649627
1,2300.6,5,2300.8,10:00:12.619773153
1,2300.6,1,2300.7,10:00:12.619800785
2,2300.6,1,2300.7,10:00:12.619914561
3,2300.6,1,2300.7,10:00:12.619939384
3,2300.6,2,2300.7,10:00:12.620003644
3,2300.6,2,2300.7,10:00:12.620030688
3,2300.6,3,2300.7,10:00:12.620053770
3,2300.6,3,2300.7,10:00:12.620065297
3,2300.6,4,2300.7,10:00:12.620121535
2,2300.6,4,2300.7,10:00:12.620215754
1,2300.6,4,2300.7,10:00:12.620242397
1,2300.6,3,2300.7,10:00:12.620270613
5,2300.4,3,2300.7,10:00:12.620343779
5,2300.4,3,2300.7,10:00:12.620343779
4,2300.4,3,2300.7,10:00:12.620493698
4,2300.4,3,2300.7,10:00:12.622514210
4,2300.4,3,2300.7,10:00:12.622514210
4,2300.4,3,2300.7,10:00:12.916955659
1,2300.3,3,2300.7,10:00:12.960642013
1,2300.3,16,2300.4,10:00:12.960642013
1,2300.3,16,2300.4,10:00:12.960642013
1,2300.3,16,2300.4,10:00:12.961041115
1,2300.3,16,2300.4,10:00:12.961088550
6,2300.2,16,2300.4,10:00:12.961125875
6,2300.2,16,2300.4,10:00:12.961125875
6,2300.2,16,2300.4,10:00:12.961171252
1,2300.3,16,2300.4,10:00:12.961197758
1,2300.3,16,2300.4,10:00:12.961293357
1,2300.3,16,2300.4,10:00:12.961484301
1,2300.3,16,2300.4,10:00:12.961494832
2,2300.3,16,2300.4,10:00:12.961527124
2,2300.3,16,2300.4,10:00:12.961847969
1,2300.3,16,2300.4,10:00:12.961898041
1,2300.3,16,2300.4,10:00:12.961988664
1,2300.3,16,2300.4,10:00:12.962000475
1,2300.3,16,2300.4,10:00:12.962030595
2,2300.3,16,2300.4,10:00:12.962058957
1,2300.3,16,2300.4,10:00:12.962170175
1,2300.3,16,2300.4,10:00:12.962178518
1,2300.3,16,2300.4,10:00:12.962178518
3,2300.2,16,2300.4,10:00:12.966156988
3,2300.2,16,2300.4,10:00:12.966156988
3,2300.2,17,2300.4,10:00:12.966300972
3,2300.2,17,2300.4,10:00:12.966300972
2,2300.2,17,2300.4,10:00:12.966323593
3,2300.2,17,2300.4,10:00:12.966396599
3,2300.2,17,2300.4,10:00:12.968847737
3,2300.2,17,2300.4,10:00:12.969412481
3,2300.2,17,2300.4,10:00:12.969424955
3,2300.2,16,2300.4,10:00:12.981262605
3,2300.2,16,2300.4,10:00:13.005622120
3,2300.2,28,2300.4,10:00:13.042575944
2,2300.1,28,2300.4,10:00:13.042864049
2,2300.1,28,2300.4,10:00:13.042864049
2,2300.1,1,2300.3,10:00:13.043007134
2,2300.1,1,2300.3,10:00:13.043030786
2,2300.1,1,2300.3,10:00:13.043141220
2,2300.1,1,2300.2,10:00:13.043225074
2,2300.1,1,2300.2,10:00:13.043265578
1,2300.1,1,2300.2,10:00:13.043294964
1,2300.1,1,2300.2,10:00:13.043311812
1,2300.1,1,2300.2,10:00:13.043329288
1,2300.1,1,2300.2,10:00:13.043398512
1,2300.1,1,2300.2,10:00:13.043413008
4,2300.0,1,2300.2,10:00:13.043580602
4,2300.0,1,2300.2,10:00:13.043580602
4,2300.0,4,2300.3,10:00:13.043637518
4,2300.0,4,2300.3,10:00:13.043637518
4,2300.0,4,2300.3,10:00:13.043660466
4,2300.0,4,2300.3,10:00:13.043669743
4,2300.0,4,2300.3,10:00:13.043686121
4,2300.0,4,2300.3,10:00:13.043758426
4,2300.0,4,2300.3,10:00:13.044165103
4,2300.0,4,2300.3,10:00:13.044165103
4,2300.0,4,2300.3,10:00:13.044263524
1,2300.1,4,2300.3,10:00:13.044298981
1,2300.1,5,2300.3,10:00:13.044547309
2,2300.1,5,2300.3,10:00:13.044615237
2,2300.1,4,2300.3,10:00:13.044807401
2,2300.1,4,2300.3,10:00:13.044888017
2,2300.1,3,2300.3,10:00:13.045293805
2,2300.1,4,2300.3,10:00:13.054148508
2,2300.1,3,2300.3,10:00:13.060194105
2,2300.1,29,2300.4,10:00:13.077513776
2,2300.1,29,2300.4,10:00:13.077513776
2,2300.1,30,2300.4,10:00:13.077538465
1,2300.2,30,2300.4,10:00:13.077696672
1,2300.2,30,2300.4,10:00:13.077748827
1,2300.2,30,2300.4,10:00:13.077770102
1,2300.2,29,2300.4,10:00:13.077787330
4,2300.2,29,2300.4,10:00:13.077826633
1,2300.3,29,2300.4,10:00:13.077845984
1,2300.3,29,2300.4,10:00:13.077916299
1,2300.3,29,2300.4,10:00:13.077971884
1,2300.3,29,2300.4,10:00:13.077985408
1,2300.3,26,2300.4,10:00:13.078134729
1,2300.3,23,2300.4,10:00:13.078355403
2,2300.3,23,2300.4,10:00:13.078355403
2,2300.3,22,2300.4,10:00:13.078494945
2,2300.3,17,2300.4,10:00:13.078552744
2,2300.3,15,2300.4,10:00:13.078745779
2,2300.3,11,2300.4,10:00:13.078878712
2,2300.3,2,2300.6,10:00:13.078878712
2,2300.3,2,2300.6,10:00:13.078878712
2,2300.4,2,2300.6,10:00:13.078902815
3,2300.4,2,2300.6,10:00:13.078938425
4,2300.4,2,2300.6,10:00:13.079488187
4,2300.4,1,2300.6,10:00:13.079516421
4,2300.4,1,2300.6,10:00:13.079525375
4,2300.4,1,2300.6,10:00:13.079541705
4,2300.4,4,2300.7,10:00:13.079568397
4,2300.4,4,2300.7,10:00:13.079568397
4,2300.4,4,2300.7,10:00:13.079594426
5,2300.4,4,2300.7,10:00:13.079622545
4,2300.4,4,2300.7,10:00:13.079835324
4,2300.4,3,2300.7,10:00:13.079954395
4,2300.4,3,2300.7,10:00:13.079965874
4,2300.4,3,2300.7,10:00:13.079990271
4,2300.4,3,2300.7,10:00:13.079990271
4,2300.4,3,2300.7,10:00:13.080002427
1,2300.5,3,2300.7,10:00:13.081696804
1,2300.5,3,2300.7,10:00:13.081696804
4,2300.4,3,2300.7,10:00:13.081932678
4,2300.4,3,2300.7,10:00:13.081932678
4,2300.4,3,2300.7,10:00:13.081960836
4,2300.4,3,2300.7,10:00:13.081960836
4,2300.4,1,2300.5,10:00:13.082010305
2,2300.4,1,2300.5,10:00:13.082250703
3,2300.3,1,2300.5,10:00:13.082250703
3,2300.3,1,2300.5,10:00:13.082250703
3,2300.3,3,2300.7,10:00:13.082479659
3,2300.3,3,2300.7,10:00:13.082479659
2,2300.3,3,2300.7,10:00:13.082510894
2,2300.3,1,2300.4,10:00:13.082556162
2,2300.3,1,2300.4,10:00:13.082648495
2,2300.3,1,2300.4,10:00:13.082696236
2,2300.3,1,2300.4,10:00:13.082709321
4,2300.3,1,2300.4,10:00:13.082732163
4,2300.3,1,2300.5,10:00:13.082804929
4,2300.3,1,2300.5,10:00:13.082804929
4,2300.3,1,2300.6,10:00:13.083056931
4,2300.3,1,2300.6,10:00:13.083056931
5,2300.3,1,2300.6,10:00:13.087050993
1,2300.4,1,2300.6,10:00:13.087077537
2,2300.4,1,2300.6,10:00:13.087195072
2,2300.4,1,2300.6,10:00:13.087947055
2,2300.4,2,2300.6,10:00:13.087998189
2,2300.4,2,2300.6,10:00:13.169696942
2,2300.4,2,2300.6,10:00:13.219697519
3,2300.4,2,2300.6,10:00:13.269686010
4,2300.4,2,2300.6,10:00:13.269809414
4,2300.4,2,2300.6,10:00:13.269858365
4,2300.4,1,2300.6,10:00:13.269958517
4,2300.4,5,2300.7,10:00:13.550596524
4,2300.4,5,2300.7,10:00:13.550596524
3,2300.4,5,2300.7,10:00:13.550730156
3,2300.4,5,2300.7,10:00:13.550765430
1,2300.5,5,2300.7,10:00:13.550824074
1,2300.5,5,2300.7,10:00:13.550846958
1,2300.5,4,2300.7,10:00:13.550883397
1,2300.5,3,2300.7,10:00:13.550901945
4,2300.4,3,2300.7,10:00:14.025270371
5,2300.3,3,2300.7,10:00:14.025270371
5,2300.3,3,2300.7,10:00:14.025270371
5,2300.3,3,2300.7,10:00:14.025270371
5,2300.3,1,2300.6,10:00:14.025622807
5,2300.3,2,2300.6,10:00:14.025784800
5,2300.3,2,2300.6,10:00:14.025794177
5,2300.3,2,2300.6,10:00:14.025810875
5,2300.3,3,2300.6,10:00:14.025930435
5,2300.3,3,2300.6,10:00:14.025950020
5,2300.3,4,2300.6,10:00:14.025972504
5,2300.3,1,2300.4,10:00:14.026142778
3,2300.3,1,2300.4,10:00:14.026270432
3,2300.3,4,2300.6,10:00:14.026442865
3,2300.3,4,2300.6,10:00:14.026442865
3,2300.3,4,2300.6,10:00:14.026468123
6,2300.3,4,2300.6,10:00:14.026468123
5,2300.3,4,2300.6,10:00:14.026475903
4,2300.3,4,2300.6,10:00:14.026510022
1,2300.3,4,2300.6,10:00:14.026775230
5,2300.2,4,2300.6,10:00:14.026924859
5,2300.2,4,2300.6,10:00:14.026924859
1,2300.3,4,2300.6,10:00:14.027070013
2,2300.3,4,2300.6,10:00:14.027202864
3,2300.3,4,2300.6,10:00:14.035396566
4,2300.3,4,2300.6,10:00:14.140609419
4,2300.3,3,2300.6,10:00:14.294638828
4,2300.3,5,2300.7,10:00:15.259513696
4,2300.3,5,2300.7,10:00:15.259513696
1,2300.4,5,2300.7,10:00:15.259763755
2,2300.4,5,2300.7,10:00:15.259866113
2,2300.4,4,2300.7,10:00:15.259883344
2,2300.4,4,2300.7,10:00:15.259896910
3,2300.4,4,2300.7,10:00:15.259935080
4,2300.4,4,2300.7,10:00:15.260019073
5,2300.4,4,2300.7,10:00:15.260088773
1,2300.5,4,2300.7,10:00:15.260115602
1,2300.5,3,2300.7,10:00:15.260307609
2,2300.5,3,2300.7,10:00:15.260307609
2,2300.5,3,2300.7,10:00:15.260333620
2,2300.5,3,2300.7,10:00:15.260365930
3,2300.5,3,2300.7,10:00:15.260539464
4,2300.5,3,2300.7,10:00:15.260868463
4,2300.5,2,2300.7,10:00:15.260892677
4,2300.5,2,2300.7,10:00:15.261135133
3,2300.5,2,2300.7,10:00:15.261475883
4,2300.5,2,2300.7,10:00:15.715079839
4,2300.5,5,2300.8,10:00:15.715362760
4,2300.5,5,2300.8,10:00:15.715362760
1,2300.6,5,2300.8,10:00:15.715469306
2,2300.6,5,2300.8,10:00:15.715661435
2,2300.6,5,2300.8,10:00:15.715703746
2,2300.6,5,2300.8,10:00:15.715846408
2,2300.6,5,2300.8,10:00:15.715879775
2,2300.6,4,2300.8,10:00:15.715917177
3,2300.6,4,2300.8,10:00:15.715939817
3,2300.6,4,2300.8,10:00:15.715949648
4,2300.6,4,2300.8,10:00:15.716011500
4,2300.6,4,2300.8,10:00:15.716026332
4,2300.6,3,2300.8,10:00:15.716062921
4,2300.6,3,2300.8,10:00:15.716074506
5,2300.6,3,2300.8,10:00:15.716131822
5,2300.6,3,2300.8,10:00:15.716352070
5,2300.6,3,2300.8,10:00:15.716375907
5,2300.6,3,2300.8,10:00:15.716407639
5,2300.6,3,2300.8,10:00:15.716407639
5,2300.6,3,2300.8,10:00:15.716440087
5,2300.6,2,2300.8,10:00:15.775832562
5,2300.6,1,2300.9,10:00:15.776089084
5,2300.6,1,2300.9,10:00:15.776089084
5,2300.6,1,2300.9,10:00:15.776111139
1,2300.7,1,2300.9,10:00:15.776185265
1,2300.7,1,2300.9,10:00:15.776219979
2,2300.7,1,2300.9,10:00:15.776414563
4,2300.7,1,2300.9,10:00:15.776503863
4,2300.7,1,2300.9,10:00:15.776515547
5,2300.7,1,2300.9,10:00:15.776534148
6,2300.7,1,2300.9,10:00:15.776550875
6,2300.7,1,2300.9,10:00:15.776563596
7,2300.7,1,2300.9,10:00:15.776588546
7,2300.7,2,2300.9,10:00:15.776619671
7,2300.7,2,2300.9,10:00:15.776628394
7,2300.7,2,2300.9,10:00:15.776665019
8,2300.7,2,2300.9,10:00:15.776698149
8,2300.7,2,2300.9,10:00:15.776714827
8,2300.7,2,2300.9,10:00:15.776928704
8,2300.7,2,2300.9,10:00:15.776948127
8,2300.7,1,2300.9,10:00:15.776980131
7,2300.7,1,2300.9,10:00:15.776991809
7,2300.7,1,2300.9,10:00:15.777152647
7,2300.7,1,2300.9,10:00:15.777388284
7,2300.7,1,2300.9,10:00:15.777401722
7,2300.7,1,2300.9,10:00:15.777401722
7,2300.7,1,2300.9,10:00:15.777456478
7,2300.7,1,2300.9,10:00:15.778568011
7,2300.7,1,2300.9,10:00:15.778568011
7,2300.7,2,2300.9,10:00:15.779289551
7,2300.7,3,2300.9,10:00:15.779672032
4,2300.7,3,2300.9,10:00:15.779934451
2,2300.7,3,2300.9,10:00:15.780108508
5,2300.6,3,2300.9,10:00:15.780208725
5,2300.6,3,2300.9,10:00:15.780208725
5,2300.6,1,2300.8,10:00:15.780226553
4,2300.6,1,2300.8,10:00:15.780265379
3,2300.6,1,2300.8,10:00:15.780526143
3,2300.6,2,2300.8,10:00:15.780579788
3,2300.6,3,2300.8,10:00:15.780636180
2,2300.6,3,2300.8,10:00:15.782316163
2,2300.6,2,2300.8,10:00:15.785812361
4,2300.7,2,2300.8,10:00:15.826283668
4,2300.7,1,2300.8,10:00:15.826408909
4,2300.7,3,2300.9,10:00:15.826550954
4,2300.7,3,2300.9,10:00:15.826550954
4,2300.7,3,2300.9,10:00:15.826617202
4,2300.7,2,2300.9,10:00:15.826773995
1,2300.8,2,2300.9,10:00:15.826911258
1,2300.8,1,2300.9,10:00:15.826949711
1,2300.8,1,2300.9,10:00:15.827141285
1,2300.8,1,2300.9,10:00:15.827222356
1,2300.8,4,2301.0,10:00:15.949861443
1,2300.8,4,2301.0,10:00:15.949861443
2,2300.8,4,2301.0,10:00:15.949981461
2,2300.8,3,2301.0,10:00:15.950017639
2,2300.8,3,2301.0,10:00:15.950048935
2,2300.8,3,2301.0,10:00:15.950091144
1,2300.8,3,2301.0,10:00:15.950125052
1,2300.8,4,2301.0,10:00:15.950152883
2,2300.8,4,2301.0,10:00:15.950199296
2,2300.8,4,2301.0,10:00:15.950202695
2,2300.8,4,2301.0,10:00:15.950221805
2,2300.8,4,2301.0,10:00:15.950239729
1,2300.9,4,2301.0,10:00:15.950264987
1,2300.9,4,2301.0,10:00:15.950317513
1,2300.9,4,2301.0,10:00:15.950336851
1,2300.9,4,2301.0,10:00:15.950360532
1,2300.9,4,2301.0,10:00:15.950360532
1,2300.9,4,2301.0,10:00:15.950376429
5,2300.7,4,2301.0,10:00:15.950427253
5,2300.7,4,2301.0,10:00:15.950427253
5,2300.7,4,2301.0,10:00:15.950460754
5,2300.7,4,2301.0,10:00:15.950507011
5,2300.7,4,2301.0,10:00:15.950527092
1,2300.8,4,2301.0,10:00:15.950568158
1,2300.8,3,2301.0,10:00:15.950598364
1,2300.8,2,2301.0,10:00:15.950613794
1,2300.8,3,2301.0,10:00:15.950694608
1,2300.8,3,2301.0,10:00:15.950709354
2,2300.8,3,2301.0,10:00:15.950740943
3,2300.8,3,2301.0,10:00:15.950758197
3,2300.8,3,2301.0,10:00:15.950785164
3,2300.8,3,2301.0,10:00:15.950797648
3,2300.8,3,2301.0,10:00:15.950797648
3,2300.8,3,2301.0,10:00:15.950907597
3,2300.8,2,2301.0,10:00:15.960316207
3,2300.8,2,2301.0,10:00:16.032759852
3,2300.8,1,2301.0,10:00:16.032890643
3,2300.8,4,2301.1,10:00:16.033018824
3,2300.8,4,2301.1,10:00:16.033018824
3,2300.8,1,2301.0,10:00:16.033103958
1,2300.9,1,2301.0,10:00:16.033157668
1,2300.9,1,2301.0,10:00:16.033273111
1,2300.9,1,2301.0,10:00:16.033896196
1,2300.9,1,2301.0,10:00:16.033896196
3,2300.8,1,2301.0,10:00:16.034132738
3,2300.8,1,2301.0,10:00:16.034132738
2,2300.8,1,2301.0,10:00:16.034245783
2,2300.8,2,2301.0,10:00:16.034325910
2,2300.8,3,2301.0,10:00:16.034483004
3,2300.8,3,2301.0,10:00:16.034625939
3,2300.8,2,2301.0,10:00:16.166884355
3,2300.8,1,2301.0,10:00:16.167044218
3,2300.8,2,2301.0,10:00:16.343619946
2,2300.8,2,2301.0,10:00:16.351839670
2,2300.8,3,2301.0,10:00:16.351976152
2,2300.8,2,2301.0,10:00:16.515711787
2,2300.8,1,2301.0,10:00:16.767661633
4,2300.8,1,2301.0,10:00:16.767800001
5,2300.8,1,2301.0,10:00:16.767818721
6,2300.8,1,2301.0,10:00:16.767936813
6,2300.8,5,2301.1,10:00:16.767982318
6,2300.8,5,2301.1,10:00:16.767982318
6,2300.8,5,2301.1,10:00:16.768103213
1,2300.9,5,2301.1,10:00:16.768138161
2,2300.9,5,2301.1,10:00:16.768275432
2,2300.9,5,2301.1,10:00:16.768316997
2,2300.9,5,2301.1,10:00:16.768367049
2,2300.9,4,2301.1,10:00:16.768403395
2,2300.9,4,2301.1,10:00:16.769474790
2,2300.9,1,2301.1,10:00:16.773859703
2,2300.9,13,2301.2,10:00:16.774036821
2,2300.9,13,2301.2,10:00:16.774036821
2,2300.9,13,2301.2,10:00:16.774161960
2,2300.9,13,2301.2,10:00:16.774174469
2,2300.9,1,2301.1,10:00:16.774200898
2,2300.9,1,2301.1,10:00:16.774223283
2,2300.9,1,2301.1,10:00:16.774328264
2,2300.9,1,2301.1,10:00:16.774361855
2,2300.9,2,2301.1,10:00:16.778642411
2,2300.9,2,2301.1,10:00:16.778804332
2,2300.9,2,2301.1,10:00:16.778815657
3,2300.9,2,2301.1,10:00:16.788158418
2,2300.9,2,2301.1,10:00:16.795809321
2,2300.9,3,2301.1,10:00:16.911293119
4,2300.9,3,2301.1,10:00:16.911460766
4,2300.9,2,2301.1,10:00:16.961288059
4,2300.9,1,2301.1,10:00:16.961501733
4,2300.9,14,2301.2,10:00:16.961739899
4,2300.9,14,2301.2,10:00:16.961739899
1,2301.0,14,2301.2,10:00:16.961872464
4,2301.0,14,2301.2,10:00:16.962033465
4,2301.0,14,2301.2,10:00:16.962043635
4,2301.0,13,2301.2,10:00:16.962086702
4,2301.0,12,2301.2,10:00:16.962258850
4,2301.0,12,2301.2,10:00:16.962272162
4,2301.0,12,2301.2,10:00:16.962322477
4,2301.0,12,2301.2,10:00:16.962367857
4,2301.0,12,2301.2,10:00:16.962367857
4,2301.0,11,2301.2,10:00:16.977196637
4,2301.0,11,2301.2,10:00:16.980481089
4,2301.0,11,2301.2,10:00:16.980494634
4,2301.0,11,2301.2,10:00:16.980508132
5,2301.0,11,2301.2,10:00:17.001213524
5,2301.0,11,2301.2,10:00:17.001354244
5,2301.0,11,2301.2,10:00:17.028787405
5,2301.0,12,2301.2,10:00:17.062629772
4,2301.0,12,2301.2,10:00:17.062741924
4,2301.0,13,2301.2,10:00:17.062775992
4,2301.0,13,2301.2,10:00:17.490059460
2,2301.0,13,2301.2,10:00:17.490307828
2,2300.9,13,2301.2,10:00:17.490504889
2,2300.9,13,2301.2,10:00:17.490504889
2,2300.9,1,2301.1,10:00:17.490525027
2,2300.9,1,2301.1,10:00:17.490697828
2,2300.9,2,2301.1,10:00:17.490747806
2,2300.9,3,2301.1,10:00:17.490768155
2,2300.9,4,2301.1,10:00:17.490806041
2,2300.9,5,2301.1,10:00:17.490841255
3,2300.9,5,2301.1,10:00:17.490878036
3,2300.9,4,2301.1,10:00:17.521871403
3,2300.9,3,2301.1,10:00:17.522144535
3,2300.9,2,2301.1,10:00:17.522182853
3,2300.9,1,2301.1,10:00:17.522304302
3,2300.9,1,2301.1,10:00:17.522314159
2,2300.9,1,2301.1,10:00:17.532656646
2,2300.9,2,2301.1,10:00:17.532903040
2,2300.9,3,2301.1,10:00:17.743139229
3,2300.9,3,2301.1,10:00:17.789223983
3,2300.9,2,2301.1,10:00:17.866373396
3,2300.9,1,2301.1,10:00:17.974397119
3,2300.9,14,2301.2,10:00:17.974531594
3,2300.9,14,2301.2,10:00:17.974531594
2,2300.9,14,2301.2,10:00:17.974884037
2,2300.9,1,2301.1,10:00:17.975093967
2,2300.9,2,2301.1,10:00:17.975224785
2,2300.9,3,2301.1,10:00:18.191222001
2,2300.9,3,2301.1,10:00:18.236656153
2,2300.9,4,2301.1,10:00:18.245366639
3,2300.9,4,2301.1,10:00:18.287943537
2,2300.9,4,2301.1,10:00:18.543864299
2,2300.9,3,2301.1,10:00:19.784747740
1,2300.9,3,2301.1,10:00:19.949198461
1,2300.9,4,2301.1,10:00:20.048066050
1,2300.9,1,2301.0,10:00:20.082289521
1,2300.9,1,2301.0,10:00:20.082420189
2,2300.9,1,2301.0,10:00:20.082467906
2,2300.9,4,2301.1,10:00:20.082585879
2,2300.9,4,2301.1,10:00:20.082585879
1,2300.9,4,2301.1,10:00:20.082761918
1,2300.9,4,2301.1,10:00:20.082774737
1,2300.9,3,2301.1,10:00:20.082774737
3,2300.8,3,2301.1,10:00:20.082875210
3,2300.8,3,2301.1,10:00:20.082875210
3,2300.8,3,2301.1,10:00:20.083009814
3,2300.8,3,2301.1,10:00:20.083020205
3,2300.8,4,2301.1,10:00:20.083056045
4,2300.8,4,2301.1,10:00:20.083072964
4,2300.8,5,2301.1,10:00:20.133079176
4,2300.8,5,2301.1,10:00:20.867826971
4,2300.8,5,2301.1,10:00:20.867826971
5,2300.8,5,2301.1,10:00:20.869336239
5,2300.8,4,2301.1,10:00:20.877889275
4,2300.8,4,2301.1,10:00:21.667114667
4,2300.8,1,2301.0,10:00:21.667267909
4,2300.8,1,2301.0,10:00:21.667307170
4,2300.8,4,2301.1,10:00:21.667499859
4,2300.8,4,2301.1,10:00:21.667499859
1,2300.9,4,2301.1,10:00:21.667618328
2,2300.9,4,2301.1,10:00:21.667734997
2,2300.9,3,2301.1,10:00:21.667763730
3,2300.9,3,2301.1,10:00:21.667785100
4,2300.9,3,2301.1,10:00:21.667843044
5,2300.9,3,2301.1,10:00:21.667861101
5,2300.9,14,2301.2,10:00:21.668053512
5,2300.9,14,2301.2,10:00:21.668053512
1,2301.0,14,2301.2,10:00:21.668359319
1,2301.0,14,2301.2,10:00:21.668498894
1,2301.0,13,2301.2,10:00:21.668518923
1,2301.0,8,2301.2,10:00:21.668639460
1,2301.0,7,2301.2,10:00:21.668656919
2,2301.0,7,2301.2,10:00:21.668689050
5,2301.0,7,2301.2,10:00:21.668936064
5,2301.0,7,2301.2,10:00:21.668956580
6,2301.0,7,2301.2,10:00:21.669167823
6,2301.0,7,2301.2,10:00:21.669227270
1,2301.1,7,2301.2,10:00:21.669312452
1,2301.1,7,2301.2,10:00:21.669337935
1,2301.1,6,2301.2,10:00:21.669435466
1,2301.1,6,2301.2,10:00:21.669464769
1,2301.1,2,2301.3,10:00:21.669560285
1,2301.1,2,2301.3,10:00:21.669560285
1,2301.1,2,2301.3,10:00:21.669876896
1,2301.2,2,2301.3,10:00:21.669983551
1,2301.2,2,2301.3,10:00:21.669990825
1,2301.2,2,2301.3,10:00:21.670071469
1,2301.2,2,2301.3,10:00:21.670084983
1,2301.2,2,2301.3,10:00:21.670099105
1,2301.2,2,2301.3,10:00:21.670129592
1,2301.2,2,2301.3,10:00:21.670129592
1,2301.2,2,2301.3,10:00:21.670162943
1,2301.2,2,2301.3,10:00:21.670229569
1,2301.2,2,2301.3,10:00:21.670293814
1,2301.2,2,2301.3,10:00:21.670399156
1,2301.2,2,2301.3,10:00:21.670474594
1,2301.2,2,2301.3,10:00:21.670618185
1,2301.2,2,2301.3,10:00:21.670917854
1,2301.2,1,2301.3,10:00:21.670997632
1,2301.2,1,2301.3,10:00:21.671006538
1,2301.2,3,2301.4,10:00:21.671060043
1,2301.2,3,2301.4,10:00:21.671060043
1,2301.2,3,2301.4,10:00:21.671085375
2,2301.2,3,2301.4,10:00:21.671109359
2,2301.2,3,2301.4,10:00:21.671183226
2,2301.2,3,2301.4,10:00:21.671203726
2,2301.2,3,2301.4,10:00:21.671565960
2,2301.2,3,2301.4,10:00:21.671581487
2,2301.2,3,2301.4,10:00:21.671594844
2,2301.2,4,2301.4,10:00:21.671634580
2,2301.2,4,2301.4,10:00:21.671664516
2,2301.2,4,2301.4,10:00:21.671826814
2,2301.2,4,2301.4,10:00:21.671898431
2,2301.2,3,2301.4,10:00:21.672727728
2,2301.2,2,2301.4,10:00:21.672770032
2,2301.2,2,2301.4,10:00:21.676240560
2,2301.2,2,2301.4,10:00:21.676252237
2,2301.2,2,2301.4,10:00:21.677423045
2,2301.2,2,2301.4,10:00:21.677540983
1,2301.2,2,2301.4,10:00:21.677604149
2,2301.2,2,2301.4,10:00:21.759812278
2,2301.2,2,2301.4,10:00:21.759824387
2,2301.2,1,2301.4,10:00:21.759971420
2,2301.2,3,2301.5,10:00:21.760149664
2,2301.2,3,2301.5,10:00:21.760149664
2,2301.2,1,2301.4,10:00:21.760287180
1,2301.3,1,2301.4,10:00:21.760315190
1,2301.3,1,2301.4,10:00:21.760349406
1,2301.3,2,2301.4,10:00:21.760449945
1,2301.3,2,2301.4,10:00:21.760480224
1,2301.3,2,2301.4,10:00:21.760500740
2,2301.3,2,2301.4,10:00:21.760531998
2,2301.3,2,2301.4,10:00:21.760531998
1,2301.3,2,2301.4,10:00:21.760624102
2,2301.2,2,2301.4,10:00:21.760715429
2,2301.2,2,2301.4,10:00:21.760715429
2,2301.2,2,2301.4,10:00:21.760749572
2,2301.2,2,2301.4,10:00:21.760802890
2,2301.2,1,2301.4,10:00:22.026161576
2,2301.2,1,2301.4,10:00:22.026339147
2,2301.2,2,2301.4,10:00:22.037839204
2,2301.2,2,2301.4,10:00:22.257803370
2,2301.2,3,2301.4,10:00:22.735029153
2,2301.2,3,2301.4,10:00:23.089791428
2,2301.2,3,2301.4,10:00:23.199065617
2,2301.2,2,2301.4,10:00:23.483521266
2,2301.2,3,2301.4,10:00:23.483654264
2,2301.2,4,2301.4,10:00:23.738661073
1,2301.2,4,2301.4,10:00:23.738976474
4,2301.1,4,2301.4,10:00:23.738985978
4,2301.1,4,2301.4,10:00:23.738985978
4,2301.1,1,2301.3,10:00:23.739057682
4,2301.1,2,2301.3,10:00:23.739135982
4,2301.1,2,2301.3,10:00:23.739147905
4,2301.1,2,2301.3,10:00:23.739229215
3,2301.1,2,2301.3,10:00:23.739322091
2,2301.1,2,2301.3,10:00:23.739402243
2,2301.1,3,2301.3,10:00:23.740549651
2,2301.1,3,2301.3,10:00:23.740735011
1,2301.1,3,2301.3,10:00:23.750454721
1,2301.1,3,2301.3,10:00:23.750463468
10,2301.0,3,2301.3,10:00:23.750572711
10,2301.0,3,2301.3,10:00:23.750572711
10,2301.0,1,2301.2,10:00:23.750719956
10,2301.0,1,2301.2,10:00:23.750737643
10,2301.0,1,2301.2,10:00:23.750744110
9,2301.0,1,2301.2,10:00:23.750771240
8,2301.0,1,2301.2,10:00:23.750867902
8,2301.0,3,2301.3,10:00:23.751014394
8,2301.0,3,2301.3,10:00:23.751014394
8,2301.0,3,2301.3,10:00:23.751046007
7,2301.0,3,2301.3,10:00:23.751054798
6,2301.0,3,2301.3,10:00:23.751054798
6,2301.0,3,2301.3,10:00:23.751067592
6,2301.0,3,2301.3,10:00:23.751081166
6,2301.0,4,2301.3,10:00:23.751103148
1,2301.1,4,2301.3,10:00:23.751153283
2,2301.1,4,2301.3,10:00:23.751206759
2,2301.1,3,2301.3,10:00:23.751287718
3,2301.1,3,2301.3,10:00:23.751306915
3,2301.1,3,2301.3,10:00:23.751383518
3,2301.1,3,2301.3,10:00:23.760664643
3,2301.1,4,2301.3,10:00:24.209609039
3,2301.1,4,2301.3,10:00:24.209997155
2,2301.1,4,2301.3,10:00:24.210158247
7,2301.0,4,2301.3,10:00:24.210533348
7,2301.0,4,2301.3,10:00:24.210533348
7,2301.0,1,2301.2,10:00:24.210718481
6,2301.0,1,2301.2,10:00:24.210795735
6,2301.0,1,2301.2,10:00:24.210942442
6,2301.0,2,2301.2,10:00:24.211018510
6,2301.0,3,2301.2,10:00:24.211103520
6,2301.0,4,2301.2,10:00:24.211133623
6,2301.0,4,2301.2,10:00:24.211149755
5,2301.0,4,2301.2,10:00:24.211181858
5,2301.0,5,2301.2,10:00:24.212057421
4,2301.0,5,2301.2,10:00:24.212169545
4,2301.0,5,2301.2,10:00:24.212228313
4,2301.0,4,2301.2,10:00:24.241086116
4,2301.0,5,2301.2,10:00:24.248012489
4,2301.0,4,2301.2,10:00:24.498947030
4,2301.0,3,2301.2,10:00:24.735802065
7,2301.0,3,2301.2,10:00:24.735957582
2,2301.0,3,2301.2,10:00:24.794313396
4,2300.9,3,2301.2,10:00:24.794690309
4,2300.9,3,2301.2,10:00:24.794690309
4,2300.9,4,2301.2,10:00:24.794717273
4,2300.9,4,2301.2,10:00:24.794994465
3,2300.9,4,2301.2,10:00:24.795061197
3,2300.9,1,2301.1,10:00:24.795284333
3,2300.9,1,2301.1,10:00:24.795397206
3,2300.9,1,2301.1,10:00:24.795413424
3,2300.9,1,2301.1,10:00:24.795427853
3,2300.9,2,2301.1,10:00:24.795501765
3,2300.9,2,2301.1,10:00:24.795628731
3,2300.9,2,2301.1,10:00:24.795641931
3,2300.9,2,2301.1,10:00:24.795655410
3,2300.9,3,2301.1,10:00:24.796407610
3,2300.9,3,2301.1,10:00:24.796586933
3,2300.9,2,2301.1,10:00:24.797778755
3,2300.9,1,2301.1,10:00:24.853669179
3,2300.9,1,2301.1,10:00:24.853888275
3,2300.9,2,2301.2,10:00:25.228023699
3,2300.9,2,2301.2,10:00:25.228023699
1,2301.0,2,2301.2,10:00:25.228167369
1,2301.0,2,2301.2,10:00:25.228234571
1,2301.0,4,2301.2,10:00:25.228307551
1,2301.0,5,2301.2,10:00:25.228346755
2,2301.0,5,2301.2,10:00:25.228377668
3,2301.0,5,2301.2,10:00:25.228393578
3,2301.0,4,2301.2,10:00:25.228413243
2,2301.0,4,2301.2,10:00:25.228621196
2,2301.0,4,2301.2,10:00:25.228676870
1,2301.0,4,2301.2,10:00:25.228746167
1,2301.0,5,2301.2,10:00:25.228817651
2,2301.0,5,2301.2,10:00:25.235073976
2,2301.0,4,2301.2,10:00:25.235200705
1,2301.0,4,2301.2,10:00:25.238297618
2,2301.0,4,2301.2,10:00:25.254900766
3,2301.0,4,2301.2,10:00:25.369383444
3,2301.0,4,2301.2,10:00:25.511978405
3,2301.0,4,2301.2,10:00:25.511994751
2,2301.0,4,2301.2,10:00:25.580320590
2,2301.0,2,2301.2,10:00:25.780019754
3,2301.0,2,2301.2,10:00:25.780223466
3,2301.0,2,2301.2,10:00:25.816825925
2,2301.0,2,2301.2,10:00:25.900490984
2,2301.0,3,2301.2,10:00:25.900709696
2,2301.0,4,2301.2,10:00:25.900792530
1,2301.0,4,2301.2,10:00:25.900828547
1,2301.0,5,2301.2,10:00:25.900849043
1,2301.0,4,2301.2,10:00:25.950532788
1,2301.0,3,2301.2,10:00:25.950695630
2,2301.0,3,2301.2,10:00:25.993810932
2,2301.0,2,2301.2,10:00:25.993931212
3,2301.0,2,2301.2,10:00:26.000697790
2,2301.0,2,2301.2,10:00:26.330456493
1,2301.1,2,2301.2,10:00:26.367527150
1,2301.1,2,2301.2,10:00:26.367578913
1,2301.1,1,2301.2,10:00:26.367831587
1,2301.1,5,2301.3,10:00:26.367835683
1,2301.1,5,2301.3,10:00:26.367835683
1,2301.1,5,2301.3,10:00:26.367878490
1,2301.1,5,2301.3,10:00:26.367945225
2,2301.1,5,2301.3,10:00:26.368110581
1,2301.2,5,2301.3,10:00:26.368222759
1,2301.2,5,2301.3,10:00:26.368255538
1,2301.2,5,2301.3,10:00:26.368274821
1,2301.2,5,2301.3,10:00:26.368357857
1,2301.2,5,2301.3,10:00:26.368436028
2,2301.2,5,2301.3,10:00:26.368487494
2,2301.2,4,2301.3,10:00:26.368564200
2,2301.2,3,2301.3,10:00:26.368686538
2,2301.2,2,2301.3,10:00:26.368714525
2,2301.2,2,2301.3,10:00:26.368776482
2,2301.2,2,2301.3,10:00:26.368791776
2,2301.2,2,2301.3,10:00:26.368833191
2,2301.2,1,2301.3,10:00:26.368886875
2,2301.2,1,2301.3,10:00:26.368895477
2,2301.2,3,2301.4,10:00:26.368958579
2,2301.2,3,2301.4,10:00:26.368958579
2,2301.2,3,2301.4,10:00:26.369058620
2,2301.2,3,2301.4,10:00:26.369096275
1,2301.3,3,2301.4,10:00:26.369161575
1,2301.3,3,2301.4,10:00:26.369406940
1,2301.3,3,2301.4,10:00:26.369421069
1,2301.3,2,2301.4,10:00:26.369467159
1,2301.3,1,2301.4,10:00:26.369502853
1,2301.3,1,2301.4,10:00:26.369523573
1,2301.3,1,2301.4,10:00:26.369570326
1,2301.3,1,2301.4,10:00:26.369657227
1,2301.3,1,2301.4,10:00:26.369670734
1,2301.3,1,2301.4,10:00:26.369715344
1,2301.3,1,2301.4,10:00:26.369947443
1,2301.3,1,2301.4,10:00:26.370139221
2,2301.3,1,2301.4,10:00:26.370430519
2,2301.3,1,2301.4,10:00:26.370455791
2,2301.3,1,2301.4,10:00:26.370455791
2,2301.3,5,2301.5,10:00:26.370644303
2,2301.3,5,2301.5,10:00:26.370644303
2,2301.3,5,2301.5,10:00:26.370668540
3,2301.3,5,2301.5,10:00:26.370840774
3,2301.3,4,2301.5,10:00:26.370859843
4,2301.3,4,2301.5,10:00:26.370878135
4,2301.3,3,2301.5,10:00:26.371003862
4,2301.3,3,2301.5,10:00:26.371086052
4,2301.3,3,2301.5,10:00:26.371115099
1,2301.4,3,2301.5,10:00:26.371180284
1,2301.4,3,2301.5,10:00:26.371311971
1,2301.4,3,2301.5,10:00:26.371575762
1,2301.4,3,2301.5,10:00:26.374574786
1,2301.4,3,2301.5,10:00:26.374574786
1,2301.4,1,2301.5,10:00:26.375928460
2,2301.4,1,2301.5,10:00:26.376031374
2,2301.4,2,2301.5,10:00:26.376123440
3,2301.4,2,2301.5,10:00:26.376123440
3,2301.4,2,2301.5,10:00:26.376223417
3,2301.4,2,2301.5,10:00:26.376271104
2,2301.4,2,2301.5,10:00:26.376308005
1,2301.4,2,2301.5,10:00:26.376503301
1,2301.4,2,2301.5,10:00:26.376523432
1,2301.4,2,2301.5,10:00:26.376526924
4,2301.3,2,2301.5,10:00:26.376608974
4,2301.3,2,2301.5,10:00:26.376608974
4,2301.3,2,2301.5,10:00:26.376681922
4,2301.3,3,2301.5,10:00:26.376986350
4,2301.3,4,2301.5,10:00:26.377002540
4,2301.3,4,2301.5,10:00:26.377014764
3,2301.3,4,2301.5,10:00:26.377098024
2,2301.3,4,2301.5,10:00:26.377188709
4,2301.2,4,2301.5,10:00:26.377232016
4,2301.2,4,2301.5,10:00:26.377232016
4,2301.2,4,2301.5,10:00:26.377454453
4,2301.2,1,2301.4,10:00:26.377544061
3,2301.2,1,2301.4,10:00:26.377709812
3,2301.2,1,2301.4,10:00:26.377726148
3,2301.2,2,2301.4,10:00:26.377926434
3,2301.2,3,2301.4,10:00:26.378023773
3,2301.2,2,2301.4,10:00:26.380393719
3,2301.2,1,2301.4,10:00:26.380552644
3,2301.2,2,2301.4,10:00:26.398196104
3,2301.2,3,2301.4,10:00:26.398367179
2,2301.2,3,2301.4,10:00:26.398550335
2,2301.2,1,2301.3,10:00:26.476533782
2,2301.2,1,2301.3,10:00:26.476550948
2,2301.2,1,2301.3,10:00:26.476695208
2,2301.2,1,2301.3,10:00:26.476713413
2,2301.2,1,2301.3,10:00:26.476795102
1,2301.2,1,2301.3,10:00:26.477000929
1,2301.2,1,2301.3,10:00:26.477131610
4,2301.1,1,2301.3,10:00:26.477292541
4,2301.1,1,2301.3,10:00:26.477292541
4,2301.1,4,2301.4,10:00:26.477309998
4,2301.1,4,2301.4,10:00:26.477309998
4,2301.1,1,2301.3,10:00:26.477435923
3,2301.1,1,2301.3,10:00:26.477495557
3,2301.1,2,2301.3,10:00:26.477532435
3,2301.1,2,2301.3,10:00:26.477656088
2,2301.1,2,2301.3,10:00:26.477748547
2,2301.1,3,2301.3,10:00:26.478495154
2,2301.1,3,2301.3,10:00:26.478619663
1,2301.1,3,2301.3,10:00:26.538932890
1,2301.1,3,2301.3,10:00:26.539093318
1,2301.1,3,2301.3,10:00:26.547579515
2,2301.1,3,2301.3,10:00:26.581060549
2,2301.1,2,2301.3,10:00:26.581224613
2,2301.1,1,2301.3,10:00:26.581307745
2,2301.1,1,2301.3,10:00:26.581317284
2,2301.1,1,2301.3,10:00:26.581331598
2,2301.1,4,2301.4,10:00:26.581524302
2,2301.1,4,2301.4,10:00:26.581524302
2,2301.1,5,2301.4,10:00:26.581686088
2,2301.1,1,2301.3,10:00:26.581710955
2,2301.1,2,2301.3,10:00:26.581855826
1,2301.1,2,2301.3,10:00:26.581998578
2,2301.1,2,2301.3,10:00:26.638120683
2,2301.1,1,2301.3,10:00:26.638308252
2,2301.1,1,2301.3,10:00:26.638366666
2,2301.1,5,2301.4,10:00:26.638483225
2,2301.1,5,2301.4,10:00:26.638483225
2,2301.1,1,2301.3,10:00:26.638658222
2,2301.1,2,2301.3,10:00:26.638797218
2,2301.1,1,2301.3,10:00:26.646207227
2,2301.1,2,2301.3,10:00:26.733963120
2,2301.1,1,2301.3,10:00:26.803956545
2,2301.1,5,2301.4,10:00:26.804091277
2,2301.1,5,2301.4,10:00:26.804091277
1,2301.1,5,2301.4,10:00:26.804305624
1,2301.1,1,2301.3,10:00:26.804447251
1,2301.1,2,2301.3,10:00:26.804601630
3,2301.0,2,2301.3,10:00:26.828323075
2,2301.0,2,2301.3,10:00:26.828323075
2,2301.0,2,2301.3,10:00:26.828323075
1,2301.0,2,2301.3,10:00:26.828651263
1,2301.1,2,2301.3,10:00:26.828696644
1,2301.1,2,2301.3,10:00:26.828719774
1,2301.1,2,2301.3,10:00:26.828733758
1,2301.1,2,2301.3,10:00:26.828796735
1,2301.1,3,2301.3,10:00:26.828837350
1,2301.1,3,2301.3,10:00:26.828863492
1,2301.1,3,2301.3,10:00:26.828863492
1,2301.1,3,2301.3,10:00:26.828969747
1,2301.1,3,2301.3,10:00:26.829048158
1,2301.1,2,2301.3,10:00:26.829071704
2,2301.1,2,2301.3,10:00:26.829099858
2,2301.1,2,2301.3,10:00:26.829158237
1,2301.1,2,2301.3,10:00:26.829199620
2,2301.1,2,2301.3,10:00:26.829246399
3,2301.1,2,2301.3,10:00:26.829304169
3,2301.1,1,2301.3,10:00:26.829495022
3,2301.1,5,2301.4,10:00:26.829658798
3,2301.1,5,2301.4,10:00:26.829658798
2,2301.1,5,2301.4,10:00:26.876226336
2,2301.1,5,2301.4,10:00:26.876361490
2,2301.1,5,2301.4,10:00:26.879923747
2,2301.1,5,2301.4,10:00:26.880155647
2,2301.1,1,2301.3,10:00:26.929776052
2,2301.1,2,2301.3,10:00:26.929914653
2,2301.1,3,2301.3,10:00:26.929951210
2,2301.1,2,2301.3,10:00:26.935364786
2,2301.1,3,2301.3,10:00:26.985148702
1,2301.2,3,2301.3,10:00:26.993926899
1,2301.2,2,2301.3,10:00:26.994096672
1,2301.2,2,2301.3,10:00:26.994109182
1,2301.2,1,2301.3,10:00:26.994203462
1,2301.2,5,2301.4,10:00:26.994270964
1,2301.2,5,2301.4,10:00:26.994270964
2,2301.1,5,2301.4,10:00:26.994372799
2,2301.1,5,2301.4,10:00:26.994372799
2,2301.1,5,2301.4,10:00:26.994462013
1,2301.2,5,2301.4,10:00:26.994538095
1,2301.2,1,2301.3,10:00:26.994565114
2,2301.1,1,2301.3,10:00:26.994653026
2,2301.1,1,2301.3,10:00:26.994653026
2,2301.1,2,2301.3,10:00:26.994788408
1,2301.2,2,2301.3,10:00:27.034580424
1,2301.2,1,2301.3,10:00:27.034711539
1,2301.2,5,2301.4,10:00:27.034766597
1,2301.2,5,2301.4,10:00:27.034766597
2,2301.2,5,2301.4,10:00:27.034916853
1,2301.2,5,2301.4,10:00:27.137881683
2,2301.1,5,2301.4,10:00:27.140792465
2,2301.1,5,2301.4,10:00:27.140792465
2,2301.1,1,2301.3,10:00:27.140945200
2,2301.1,2,2301.3,10:00:27.141081210
2,2301.1,3,2301.3,10:00:27.141100333
2,2301.1,4,2301.3,10:00:27.141183798
2,2301.1,5,2301.3,10:00:27.141221721
2,2301.1,4,2301.3,10:00:27.141343487
2,2301.1,3,2301.3,10:00:27.151243470
1,2301.1,3,2301.3,10:00:27.214806973
3,2301.0,3,2301.3,10:00:27.214947340
3,2301.0,3,2301.3,10:00:27.214947340
2,2301.0,3,2301.3,10:00:27.215092281
3,2301.0,3,2301.3,10:00:27.215203080
2,2301.0,3,2301.3,10:00:27.215222040
3,2301.0,3,2301.3,10:00:27.215240546
3,2301.0,3,2301.3,10:00:27.215900928
3,2301.0,3,2301.3,10:00:27.215900928
2,2301.0,3,2301.3,10:00:27.274106054
2,2301.0,4,2301.3,10:00:27.274237987
2,2301.0,5,2301.3,10:00:27.274256883
1,2301.0,5,2301.3,10:00:27.274287636
2,2301.0,5,2301.3,10:00:27.274312340
2,2301.0,5,2301.3,10:00:27.299787627
2,2301.0,1,2301.2,10:00:27.719107308
2,2301.0,2,2301.2,10:00:27.719167370
2,2301.0,3,2301.2,10:00:27.719381288
2,2301.0,3,2301.2,10:00:27.719421878
2,2301.0,3,2301.2,10:00:27.719505700
2,2301.0,3,2301.2,10:00:27.719635380
2,2301.0,2,2301.2,10:00:27.720002350
2,2301.0,3,2301.2,10:00:27.830597109
2,2301.0,2,2301.2,10:00:27.879769673
2,2301.0,1,2301.2,10:00:27.879911571
2,2301.0,2,2301.2,10:00:27.880036104
2,2301.0,3,2301.2,10:00:27.980412568
2,2301.0,4,2301.2,10:00:28.153709146
1,2301.0,4,2301.2,10:00:28.155622043
4,2300.9,4,2301.2,10:00:28.310654102
4,2300.9,4,2301.2,10:00:28.310654102
4,2300.9,1,2301.1,10:00:28.310797381
3,2300.9,1,2301.1,10:00:28.310869623
3,2300.9,1,2301.1,10:00:28.310992950
3,2300.9,2,2301.1,10:00:28.311039210
3,2300.9,2,2301.1,10:00:28.311056644
3,2300.9,2,2301.1,10:00:28.311070391
4,2300.9,2,2301.1,10:00:28.311091787
4,2300.9,3,2301.1,10:00:28.311132226
4,2300.9,3,2301.1,10:00:28.311143273
4,2300.9,4,2301.1,10:00:28.311179472
4,2300.9,4,2301.1,10:00:28.311190404
4,2300.9,4,2301.1,10:00:28.311271186
4,2300.9,3,2301.1,10:00:28.311303289
4,2300.9,3,2301.1,10:00:28.311331773
4,2300.9,2,2301.1,10:00:28.311356928
4,2300.9,2,2301.1,10:00:28.311384615
4,2300.9,1,2301.1,10:00:28.311480253
4,2300.9,1,2301.1,10:00:28.311487702
4,2300.9,2,2301.1,10:00:28.311848820
4,2300.9,2,2301.1,10:00:28.317629016
4,2300.9,2,2301.1,10:00:28.321968656
4,2300.9,2,2301.1,10:00:28.321982301
4,2300.9,2,2301.1,10:00:28.321996788
4,2300.9,2,2301.1,10:00:28.322009886
4,2300.9,2,2301.1,10:00:28.322025243
4,2300.9,2,2301.1,10:00:28.322038280
4,2300.9,1,2301.1,10:00:28.322198603
4,2300.9,6,2301.2,10:00:28.322359611
4,2300.9,6,2301.2,10:00:28.322359611
4,2300.9,1,2301.1,10:00:28.322523493
3,2300.9,1,2301.1,10:00:28.322548505
3,2300.9,2,2301.1,10:00:28.322675173
3,2300.9,1,2301.1,10:00:28.332261930
3,2300.9,2,2301.1,10:00:28.352313797
3,2300.9,3,2301.1,10:00:28.391645879
3,2300.9,4,2301.1,10:00:28.391795432
3,2300.9,3,2301.1,10:00:28.453460603
3,2300.9,2,2301.1,10:00:28.453616669
4,2300.9,2,2301.1,10:00:28.453832632
4,2300.9,1,2301.1,10:00:28.453954753
4,2300.9,2,2301.1,10:00:28.490275822
4,2300.9,1,2301.1,10:00:28.507485926
4,2300.9,6,2301.2,10:00:28.507618690
4,2300.9,6,2301.2,10:00:28.507618690
4,2300.9,5,2301.2,10:00:28.509859046
3,2300.9,5,2301.2,10:00:28.517535515
1,2301.0,5,2301.2,10:00:28.517722839
1,2301.0,5,2301.2,10:00:28.517893496
1,2301.0,4,2301.2,10:00:28.518005092
2,2301.0,4,2301.2,10:00:28.536986998
1,2301.1,4,2301.2,10:00:28.537174304
1,2301.1,4,2301.2,10:00:28.537197063
1,2301.1,3,2301.2,10:00:28.537289606
1,2301.1,2,2301.2,10:00:28.537326598
1,2301.1,2,2301.2,10:00:28.537338922
1,2301.1,2,2301.2,10:00:28.537357345
1,2301.1,1,2301.2,10:00:28.537393733
1,2301.1,1,2301.2,10:00:28.537448178
1,2301.1,1,2301.2,10:00:28.537516759
3,2301.0,1,2301.2,10:00:28.537604556
3,2301.0,1,2301.2,10:00:28.537604556
3,2301.0,1,2301.2,10:00:28.537638563
1,2301.1,1,2301.2,10:00:28.537638563
1,2301.1,5,2301.3,10:00:28.537711442
1,2301.1,5,2301.3,10:00:28.537711442
1,2301.1,1,2301.2,10:00:28.537760873
1,2301.1,2,2301.2,10:00:28.537831363
1,2301.1,2,2301.2,10:00:28.537846998
1,2301.1,3,2301.2,10:00:28.537917656
1,2301.1,3,2301.2,10:00:28.538020254
1,2301.1,3,2301.2,10:00:28.538053698
3,2301.0,3,2301.2,10:00:28.538078073
3,2301.0,3,2301.2,10:00:28.538078073
3,2301.0,2,2301.2,10:00:28.538104438
3,2301.0,1,2301.2,10:00:28.538169649
3,2301.0,2,2301.2,10:00:28.538246880
2,2301.0,2,2301.2,10:00:28.538328040
2,2301.0,2,2301.2,10:00:28.538339630
2,2301.0,5,2301.3,10:00:28.538417411
2,2301.0,5,2301.3,10:00:28.538417411
2,2301.0,1,2301.1,10:00:28.538462439
3,2301.0,1,2301.1,10:00:28.538507048
4,2301.0,1,2301.1,10:00:28.538543577
4,2301.0,1,2301.1,10:00:28.538584285
4,2301.0,4,2301.3,10:00:28.538755735
4,2301.0,4,2301.3,10:00:28.538755735
6,2301.0,4,2301.3,10:00:28.538785332
6,2301.0,5,2301.3,10:00:28.538785332
5,2301.0,5,2301.3,10:00:28.538825058
5,2301.0,4,2301.3,10:00:28.548952062
4,2301.0,4,2301.3,10:00:28.969908064
4,2301.0,4,2301.3,10:00:29.601740363
1,2301.1,4,2301.3,10:00:29.700767139
1,2301.1,4,2301.3,10:00:29.700934954
1,2301.1,4,2301.3,10:00:29.700952910
1,2301.1,4,2301.3,10:00:29.700969656
1,2301.1,3,2301.3,10:00:29.914172151
1,2301.1,2,2301.3,10:00:29.982048683
2,2301.1,2,2301.3,10:00:30.001245601
2,2301.1,1,2301.3,10:00:30.001368804
2,2301.1,2,2301.3,10:00:30.006731069
1,2301.1,2,2301.3,10:00:30.006879107
1,2301.1,3,2301.3,10:00:30.013180238
1,2301.1,2,2301.3,10:00:30.030886144
1,2301.1,1,2301.3,10:00:30.033517282
2,2301.1,1,2301.3,10:00:30.033542511
3,2301.1,1,2301.3,10:00:30.033558992
3,2301.1,4,2301.4,10:00:30.033742947
3,2301.1,4,2301.4,10:00:30.033742947
3,2301.1,4,2301.4,10:00:30.033770433
3,2301.1,4,2301.4,10:00:30.033936935
3,2301.1,4,2301.4,10:00:30.033969579
3,2301.1,4,2301.4,10:00:30.034021833
3,2301.1,3,2301.4,10:00:30.297102279
4,2301.0,3,2301.4,10:00:30.482277192
3,2300.9,3,2301.4,10:00:30.482277192
3,2300.9,3,2301.4,10:00:30.482277192
3,2300.9,3,2301.4,10:00:30.482277192
3,2300.9,1,2301.3,10:00:30.482552900
3,2300.9,1,2301.2,10:00:30.482981414
2,2301.0,1,2301.2,10:00:30.483011697
2,2301.0,1,2301.2,10:00:30.483038830
2,2301.0,1,2301.2,10:00:30.483066392
2,2301.0,1,2301.2,10:00:30.483080606
2,2301.0,1,2301.2,10:00:30.483129026
2,2301.0,1,2301.2,10:00:30.483142178
2,2301.0,1,2301.2,10:00:30.483271014
2,2301.0,1,2301.2,10:00:30.483286701
2,2301.0,1,2301.2,10:00:30.483301860
2,2301.0,2,2301.2,10:00:30.483441648
2,2301.0,2,2301.2,10:00:30.483450877
3,2301.0,2,2301.2,10:00:30.483475466
3,2301.0,3,2301.2,10:00:30.483519729
3,2301.0,3,2301.2,10:00:30.483593148
3,2301.0,2,2301.2,10:00:30.483633482
1,2301.0,2,2301.2,10:00:30.483717340
1,2301.0,3,2301.2,10:00:30.483734530
1,2301.0,4,2301.2,10:00:30.483770337
3,2300.9,4,2301.2,10:00:30.483875378
3,2300.9,4,2301.2,10:00:30.483875378
3,2300.9,4,2301.2,10:00:30.483897347
3,2300.9,3,2301.2,10:00:30.483968593
3,2300.9,3,2301.2,10:00:30.484137064
4,2300.9,3,2301.2,10:00:30.484317784
4,2300.9,4,2301.2,10:00:30.484372093
5,2300.9,4,2301.2,10:00:30.488412190
5,2300.9,3,2301.2,10:00:30.488523364
5,2300.9,3,2301.2,10:00:30.502166576
1,2301.0,3,2301.2,10:00:30.505691670
2,2301.0,3,2301.2,10:00:30.505819603
2,2301.0,2,2301.2,10:00:30.505984294
2,2301.0,1,2301.2,10:00:30.506012468
3,2301.0,1,2301.2,10:00:30.506174404
3,2301.0,2,2301.2,10:00:30.577002484
2,2301.0,2,2301.2,10:00:30.577134919
1,2301.0,2,2301.2,10:00:30.577326337
1,2301.0,3,2301.2,10:00:30.577488973
5,2300.9,3,2301.2,10:00:30.577511688
5,2300.9,3,2301.2,10:00:30.577511688
5,2300.9,4,2301.2,10:00:30.577538822
4,2300.9,4,2301.2,10:00:30.577682021
3,2300.9,4,2301.2,10:00:30.577745766
3,2300.9,1,2301.1,10:00:30.577829182
3,2300.9,2,2301.1,10:00:30.577978302
3,2300.9,2,2301.1,10:00:30.578007336
3,2300.9,2,2301.1,10:00:30.578020441
5,2300.8,2,2301.1,10:00:30.587248802
6,2300.7,2,2301.1,10:00:30.587248802
4,2300.6,2,2301.1,10:00:30.587248802
6,2300.5,2,2301.1,10:00:30.587248802
10,2300.4,2,2301.1,10:00:30.587248802
10,2300.3,2,2301.1,10:00:30.587248802
11,2300.2,2,2301.1,10:00:30.587248802
8,2300.2,2,2301.1,10:00:30.587248802
8,2300.2,2,2301.1,10:00:30.587248802
8,2300.2,2,2301.1,10:00:30.587248802
8,2300.2,2,2301.1,10:00:30.587248802
8,2300.2,2,2301.1,10:00:30.587248802
8,2300.2,2,2301.1,10:00:30.587248802
8,2300.2,2,2301.1,10:00:30.587248802
8,2300.2,2,2301.1,10:00:30.587248802
8,2300.2,2,2301.1,10:00:30.587690978
8,2300.2,1,2301.0,10:00:30.587920489
8,2300.2,1,2301.0,10:00:30.587945741
8,2300.2,1,2301.0,10:00:30.587954823
8,2300.2,2,2301.0,10:00:30.588060524
8,2300.2,2,2301.0,10:00:30.588124199
8,2300.2,3,2301.0,10:00:30.588197877
8,2300.2,1,2300.9,10:00:30.588748503
8,2300.2,1,2300.9,10:00:30.588782379
8,2300.2,1,2300.9,10:00:30.588799221
1,2300.3,1,2300.9,10:00:30.589085314
1,2300.3,1,2300.9,10:00:30.589233127
1,2300.3,1,2300.9,10:00:30.589238206
1,2300.3,1,2300.9,10:00:30.589238206
1,2300.3,1,2300.6,10:00:30.589249851
1,2300.3,1,2300.9,10:00:30.589429589
1,2300.7,1,2300.9,10:00:30.589429589
1,2300.7,1,2300.9,10:00:30.589429589
1,2300.7,1,2300.9,10:00:30.589497228
1,2300.7,1,2300.9,10:00:30.589497228
1,2300.7,1,2300.9,10:00:30.589527860
1,2300.7,1,2300.9,10:00:30.589570641
1,2300.7,1,2300.9,10:00:30.589570641
1,2300.7,1,2300.9,10:00:30.589570641
1,2300.7,1,2300.9,10:00:30.589570641
1,2300.7,1,2300.9,10:00:30.589607586
1,2300.7,1,2300.9,10:00:30.589607586
1,2300.7,1,2300.9,10:00:30.589626005
1,2300.7,1,2300.9,10:00:30.589626005
1,2300.7,1,2300.9,10:00:30.589652358
1,2300.7,1,2300.9,10:00:30.589706766
1,2300.7,2,2300.9,10:00:30.589743660
1,2300.7,2,2300.9,10:00:30.589846848
1,2300.7,1,2300.8,10:00:30.589897860
1,2300.3,1,2300.8,10:00:30.590092156
1,2300.3,1,2300.8,10:00:30.590092156
2,2300.3,1,2300.8,10:00:30.590112019
2,2300.3,1,2300.8,10:00:30.590127197
2,2300.3,1,2300.8,10:00:30.590137795
2,2300.3,1,2300.8,10:00:30.590137795
2,2300.3,1,2300.8,10:00:30.590151200
2,2300.3,1,2300.8,10:00:30.590151200
2,2300.3,1,2300.8,10:00:30.590151200
2,2300.3,1,2300.8,10:00:30.590151200
2,2300.3,1,2300.8,10:00:30.590157623
2,2300.3,1,2300.8,10:00:30.590164656
2,2300.3,1,2300.7,10:00:30.590212740
2,2300.3,1,2300.7,10:00:30.590228968
2,2300.3,1,2300.7,10:00:30.590367560
2,2300.3,1,2300.7,10:00:30.590367560
2,2300.3,1,2300.6,10:00:30.590381905
2,2300.3,1,2300.6,10:00:30.590390715
2,2300.3,2,2300.6,10:00:30.590456525
2,2300.3,2,2300.6,10:00:30.590464803
2,2300.3,2,2300.6,10:00:30.590478039
2,2300.3,2,2300.6,10:00:30.590509038
2,2300.3,2,2300.6,10:00:30.590539823
1,2300.4,2,2300.6,10:00:30.590652813
1,2300.4,2,2300.6,10:00:30.590681358
1,2300.4,2,2300.6,10:00:30.590705503
1,2300.4,1,2300.6,10:00:30.590817031
1,2300.4,1,2300.6,10:00:30.590925222
1,2300.4,1,2300.6,10:00:30.590925222
1,2300.4,1,2300.6,10:00:30.590925222
1,2300.4,1,2300.6,10:00:30.591027276
1,2300.4,1,2300.6,10:00:30.591040985
1,2300.4,1,2300.6,10:00:30.591056617
1,2300.4,1,2300.6,10:00:30.591193039
1,2300.4,1,2300.6,10:00:30.591245702
1,2300.4,1,2300.6,10:00:30.591319131
1,2300.4,1,2300.6,10:00:30.591341918
1,2300.4,1,2300.6,10:00:30.591525954
1,2300.4,2,2300.6,10:00:30.591713081
1,2300.4,2,2300.6,10:00:30.591771656
1,2300.4,2,2300.6,10:00:30.591841225
2,2300.4,2,2300.6,10:00:30.591881289
2,2300.4,1,2300.6,10:00:30.592031350
2,2300.4,1,2300.6,10:00:30.592060672
2,2300.4,1,2300.6,10:00:30.592086177
2,2300.4,1,2300.6,10:00:30.592148674
2,2300.4,1,2300.6,10:00:30.592162895
2,2300.4,1,2300.6,10:00:30.592175686
2,2300.4,1,2300.6,10:00:30.592314764
2,2300.4,1,2300.6,10:00:30.592325682
2,2300.4,1,2300.6,10:00:30.592342255
2,2300.4,1,2300.6,10:00:30.592354768
2,2300.4,1,2300.6,10:00:30.592370899
2,2300.4,1,2300.6,10:00:30.592384115
2,2300.4,1,2300.6,10:00:30.592403009
2,2300.4,1,2300.6,10:00:30.592442072
2,2300.4,1,2300.6,10:00:30.592469039
2,2300.4,1,2300.6,10:00:30.592481983
2,2300.4,1,2300.6,10:00:30.592509609
2,2300.4,1,2300.6,10:00:30.592567354
2,2300.4,1,2300.6,10:00:30.592597272
2,2300.4,1,2300.6,10:00:30.592689267
2,2300.4,1,2300.6,10:00:30.592730033
2,2300.4,1,2300.6,10:00:30.592745246
3,2300.4,1,2300.6,10:00:30.592779314
3,2300.4,1,2300.6,10:00:30.592861824
3,2300.4,1,2300.6,10:00:30.592947189
3,2300.4,11,2300.7,10:00:30.593006768
3,2300.4,11,2300.7,10:00:30.593006768
4,2300.4,11,2300.7,10:00:30.593084725
5,2300.4,11,2300.7,10:00:30.593146022
5,2300.4,11,2300.7,10:00:30.593205364
5,2300.4,11,2300.7,10:00:30.593218900
5,2300.4,11,2300.7,10:00:30.593325885
5,2300.4,11,2300.7,10:00:30.593325885
5,2300.4,12,2300.7,10:00:30.593413125
5,2300.4,12,2300.7,10:00:30.593448022
5,2300.4,12,2300.7,10:00:30.593491271
6,2300.4,12,2300.7,10:00:30.593536517
6,2300.4,12,2300.7,10:00:30.593574702
5,2300.4,12,2300.7,10:00:30.593695477
5,2300.4,12,2300.7,10:00:30.593740681
1,2300.5,12,2300.7,10:00:30.593830461
1,2300.5,11,2300.7,10:00:30.593859154
1,2300.5,10,2300.7,10:00:30.593910643
1,2300.5,9,2300.7,10:00:30.594089353
1,2300.5,9,2300.7,10:00:30.594220290
2,2300.5,9,2300.7,10:00:30.594639105
3,2300.5,9,2300.7,10:00:30.594812449
3,2300.5,9,2300.7,10:00:30.594812449
3,2300.5,8,2300.7,10:00:30.594828562
1,2300.6,8,2300.7,10:00:30.594855378
1,2300.6,8,2300.7,10:00:30.594878963
2,2300.6,8,2300.7,10:00:30.595773707
2,2300.6,8,2300.7,10:00:30.595773707
2,2300.6,8,2300.7,10:00:30.595963570
2,2300.6,6,2300.7,10:00:30.596105096
4,2300.6,6,2300.7,10:00:30.596136620
4,2300.6,6,2300.7,10:00:30.596167053
2,2300.6,6,2300.7,10:00:30.596189681
2,2300.6,5,2300.7,10:00:30.596251384
2,2300.6,4,2300.7,10:00:30.596432328
2,2300.6,4,2300.7,10:00:30.596443903
2,2300.6,4,2300.7,10:00:30.596642473
2,2300.6,4,2300.7,10:00:30.596642473
3,2300.6,4,2300.7,10:00:30.596649357
3,2300.6,3,2300.7,10:00:30.596718162
3,2300.6,2,2300.7,10:00:30.597444285
3,2300.6,2,2300.7,10:00:30.597472013
3,2300.6,5,2300.8,10:00:30.597748153
3,2300.6,5,2300.8,10:00:30.597748153
3,2300.6,5,2300.8,10:00:30.597773604
3,2300.6,5,2300.8,10:00:30.597773604
1,2300.7,5,2300.8,10:00:30.597894655
1,2300.7,5,2300.8,10:00:30.597894655
1,2300.7,5,2300.8,10:00:30.597989925
1,2300.7,4,2300.8,10:00:30.598039608
2,2300.6,4,2300.8,10:00:30.598122513
2,2300.6,4,2300.8,10:00:30.598122513
2,2300.6,4,2300.8,10:00:30.598140139
2,2300.6,4,2300.8,10:00:30.598256986
2,2300.6,3,2300.8,10:00:30.598280820
2,2300.6,1,2300.7,10:00:30.598326299
1,2300.6,1,2300.7,10:00:30.598706531
1,2300.6,1,2300.7,10:00:30.598775365
1,2300.6,1,2300.7,10:00:30.598775365
2,2300.6,1,2300.7,10:00:30.604939908
2,2300.6,3,2300.8,10:00:30.605063046
2,2300.6,3,2300.8,10:00:30.605063046
2,2300.6,3,2300.8,10:00:30.605093479
2,2300.6,4,2300.8,10:00:30.605201277
2,2300.6,4,2300.8,10:00:30.605858618
2,2300.6,3,2300.8,10:00:30.613818413
3,2300.6,3,2300.8,10:00:30.613818413
3,2300.6,2,2300.8,10:00:30.614024273
3,2300.6,3,2300.8,10:00:30.617650061
3,2300.6,3,2300.8,10:00:30.639782879
3,2300.6,3,2300.8,10:00:30.639804204
4,2300.6,3,2300.8,10:00:30.639946348
5,2300.6,3,2300.8,10:00:30.646412866
5,2300.6,3,2300.8,10:00:30.646412866
5,2300.6,3,2300.8,10:00:30.689552453
4,2300.7,3,2300.8,10:00:30.706151921
4,2300.7,6,2300.9,10:00:30.706421479
4,2300.7,6,2300.9,10:00:30.706421479
4,2300.7,5,2300.9,10:00:30.706445179
4,2300.7,5,2300.9,10:00:30.706445179
4,2300.7,5,2300.9,10:00:30.706465329
5,2300.7,5,2300.9,10:00:30.706512345
5,2300.7,5,2300.9,10:00:30.706512345
7,2300.7,5,2300.9,10:00:30.706526002
8,2300.7,5,2300.9,10:00:30.706555143
8,2300.7,5,2300.9,10:00:30.706570036
8,2300.7,5,2300.9,10:00:30.706585645
8,2300.7,4,2300.9,10:00:30.706807263
8,2300.7,4,2300.9,10:00:30.706830095
1,2300.8,4,2300.9,10:00:30.706871292
1,2300.8,4,2300.9,10:00:30.706894566
1,2300.8,3,2300.9,10:00:30.706942472
1,2300.8,2,2300.9,10:00:30.706963083
1,2300.8,2,2300.9,10:00:30.706976690
1,2300.8,2,2300.9,10:00:30.707059757
1,2300.8,2,2300.9,10:00:30.707073729
2,2300.8,2,2300.9,10:00:30.707145017
4,2300.8,2,2300.9,10:00:30.707258485
4,2300.8,9,2301.0,10:00:30.707385841
4,2300.8,9,2301.0,10:00:30.707385841
4,2300.8,9,2301.0,10:00:30.707410226
4,2300.8,9,2301.0,10:00:30.707417838
2,2300.8,9,2301.0,10:00:30.707459190
2,2300.8,8,2301.0,10:00:30.707672039
2,2300.8,7,2301.0,10:00:30.707689216
2,2300.8,1,2300.9,10:00:30.707822646
2,2300.8,1,2300.9,10:00:30.723792652
2,2300.8,1,2300.9,10:00:30.723807574
3,2300.8,1,2300.9,10:00:30.757085999
3,2300.8,1,2300.9,10:00:30.757085999
3,2300.8,7,2301.0,10:00:30.757230942
3,2300.8,7,2301.0,10:00:30.757230942
3,2300.8,6,2301.0,10:00:30.757424060
3,2300.8,6,2301.0,10:00:30.757464301
3,2300.8,6,2301.0,10:00:30.757494241
3,2300.8,6,2301.0,10:00:30.757621249
3,2300.8,6,2301.0,10:00:30.769815392
3,2300.8,6,2301.0,10:00:30.776881292
2,2300.8,6,2301.0,10:00:30.807375188
2,2300.8,6,2301.0,10:00:30.807667149
2,2300.8,6,2301.0,10:00:30.807678813
2,2300.8,6,2301.0,10:00:30.807691542
2,2300.8,6,2301.0,10:00:30.846683951
2,2300.8,6,2301.0,10:00:30.887493816
2,2300.8,6,2301.0,10:00:30.920600174
2,2300.7,6,2301.0,10:00:30.920859449
2,2300.7,6,2301.0,10:00:30.920859449
2,2300.7,1,2300.9,10:00:30.920957652
2,2300.7,2,2300.9,10:00:30.921111526
2,2300.7,3,2300.9,10:00:30.921131992
2,2300.7,4,2300.9,10:00:30.921151008
2,2300.7,5,2300.9,10:00:30.921203841
2,2300.7,6,2300.9,10:00:30.921236949
2,2300.7,5,2300.9,10:00:30.921383125
3,2300.7,5,2300.9,10:00:30.962188649
3,2300.7,5,2300.9,10:00:30.962234896
3,2300.7,5,2300.9,10:00:30.962321269
3,2300.7,4,2300.9,10:00:30.962348962
4,2300.7,4,2300.9,10:00:30.962475337
4,2300.7,3,2300.9,10:00:30.962529920
4,2300.7,2,2300.9,10:00:30.962553690
4,2300.7,1,2300.9,10:00:30.962658319
1,2300.8,1,2300.9,10:00:30.962791342
2,2300.8,1,2300.9,10:00:30.962824003
3,2300.8,1,2300.9,10:00:30.962859203
2,2300.8,1,2300.9,10:00:30.962915064
3,2300.8,1,2300.9,10:00:30.962980131
2,2300.8,1,2300.9,10:00:30.963031028
3,2300.8,1,2300.9,10:00:30.963049486
3,2300.8,1,2300.9,10:00:31.009519557
3,2300.8,6,2301.0,10:00:31.009897507
3,2300.8,6,2301.0,10:00:31.009897507
3,2300.8,6,2301.0,10:00:31.010007710
3,2300.8,6,2301.0,10:00:31.099913180
3,2300.8,6,2301.0,10:00:31.254055581
3,2300.8,6,2301.0,10:00:31.264844868
4,2300.8,6,2301.0,10:00:31.266959694
3,2300.8,6,2301.0,10:00:31.269828991
3,2300.8,7,2301.0,10:00:32.366546477
4,2300.7,7,2301.0,10:00:32.429447313
4,2300.6,7,2301.0,10:00:32.429447313
4,2300.5,7,2301.0,10:00:32.429447313
4,2300.5,89,2300.6,10:00:32.429447313
4,2300.5,89,2300.6,10:00:32.429447313
4,2300.5,89,2300.6,10:00:32.429447313
4,2300.5,89,2300.6,10:00:32.429447313
4,2300.5,89,2300.6,10:00:32.429510988
4,2300.5,89,2300.6,10:00:32.429814767
4,2300.5,89,2300.6,10:00:32.429859808
3,2300.5,89,2300.6,10:00:32.430308991
2,2300.5,89,2300.6,10:00:32.430592729
2,2300.5,87,2300.6,10:00:32.430592729
6,2300.4,87,2300.6,10:00:32.430862568
3,2300.3,87,2300.6,10:00:32.430862568
3,2300.3,87,2300.6,10:00:32.430862568
3,2300.3,87,2300.6,10:00:32.430862568
1,2300.5,87,2300.6,10:00:32.430887323
1,2300.5,87,2300.6,10:00:32.430904988
3,2300.3,87,2300.6,10:00:32.430921142
3,2300.3,87,2300.6,10:00:32.430921142
3,2300.3,1,2300.5,10:00:32.430946604
3,2300.3,2,2300.5,10:00:32.431278473
3,2300.3,2,2300.5,10:00:32.431299553
3,2300.3,2,2300.5,10:00:32.431516440
3,2300.3,1,2300.5,10:00:32.431518411
3,2300.3,1,2300.5,10:00:32.431544747
3,2300.3,1,2300.5,10:00:32.431544747
3,2300.3,1,2300.5,10:00:32.431582342
3,2300.3,1,2300.5,10:00:32.431624778
3,2300.3,87,2300.6,10:00:32.431684402
2,2300.5,87,2300.6,10:00:32.431684402
2,2300.5,87,2300.6,10:00:32.431684402
2,2300.5,86,2300.6,10:00:32.431946687
3,2300.3,86,2300.6,10:00:32.431970074
3,2300.3,86,2300.6,10:00:32.431970074
3,2300.3,1,2300.5,10:00:32.431990740
3,2300.3,1,2300.5,10:00:32.432073530
1,2300.4,1,2300.5,10:00:32.432090650
1,2300.4,86,2300.6,10:00:32.432199923
1,2300.4,86,2300.6,10:00:32.432199923
1,2300.5,86,2300.6,10:00:32.432221408
1,2300.5,86,2300.6,10:00:32.432266944
1,2300.4,86,2300.6,10:00:32.432266944
1,2300.4,86,2300.6,10:00:32.432266944
1,2300.4,86,2300.6,10:00:32.432357001
1,2300.4,1,2300.5,10:00:32.433063975
1,2300.4,1,2300.5,10:00:32.433116716
1,2300.4,1,2300.5,10:00:32.433144773
1,2300.4,1,2300.5,10:00:32.433318780
1,2300.4,86,2300.6,10:00:32.433414254
1,2300.4,86,2300.6,10:00:32.433414254
1,2300.4,86,2300.6,10:00:32.433540599
1,2300.3,86,2300.6,10:00:32.433598978
7,2300.2,86,2300.6,10:00:32.433598978
7,2300.2,86,2300.6,10:00:32.433598978
7,2300.2,86,2300.6,10:00:32.433598978
7,2300.2,86,2300.6,10:00:32.433633055
7,2300.2,1,2300.5,10:00:32.433672970
6,2300.2,1,2300.5,10:00:32.433757541
5,2300.2,1,2300.5,10:00:32.433776601
1,2300.4,1,2300.5,10:00:32.433818755
1,2300.4,2,2300.5,10:00:32.433850384
5,2300.2,2,2300.5,10:00:32.433885765
5,2300.2,2,2300.5,10:00:32.433885765
5,2300.2,3,2300.5,10:00:32.433912642
5,2300.2,3,2300.5,10:00:32.433925679
5,2300.2,3,2300.5,10:00:32.433944636
5,2300.2,3,2300.5,10:00:32.433961011
5,2300.2,4,2300.5,10:00:32.433982307
5,2300.2,4,2300.5,10:00:32.434208622
5,2300.2,3,2300.5,10:00:32.434645738
5,2300.2,2,2300.5,10:00:32.434824462
5,2300.2,2,2300.5,10:00:32.434835256
5,2300.2,2,2300.5,10:00:32.434854053
5,2300.2,2,2300.5,10:00:32.434854053
1,2300.3,2,2300.5,10:00:32.434918476
2,2300.3,2,2300.5,10:00:32.434953943
2,2300.3,2,2300.5,10:00:32.434962497
1,2300.3,2,2300.5,10:00:32.435001429
1,2300.3,2,2300.5,10:00:32.435025640
1,2300.3,1,2300.4,10:00:32.435062569
1,2300.3,1,2300.4,10:00:32.435504133
1,2300.3,1,2300.4,10:00:32.435526709
1,2300.3,1,2300.4,10:00:32.435603225
1,2300.3,1,2300.4,10:00:32.435647262
1,2300.3,1,2300.4,10:00:32.435728781
1,2300.3,1,2300.4,10:00:32.435757726
1,2300.3,1,2300.4,10:00:32.435774190
1,2300.3,1,2300.4,10:00:32.435812821
1,2300.3,1,2300.4,10:00:32.435877450
1,2300.3,1,2300.4,10:00:32.435877450
1,2300.3,1,2300.4,10:00:32.435899038
1,2300.3,2,2300.4,10:00:32.435988870
1,2300.3,2,2300.4,10:00:32.435995238
2,2300.3,2,2300.4,10:00:32.436040979
2,2300.3,1,2300.4,10:00:32.436341289
2,2300.3,1,2300.4,10:00:32.436366551
2,2300.3,1,2300.4,10:00:32.436502182
2,2300.3,6,2300.5,10:00:32.436545418
2,2300.3,6,2300.5,10:00:32.436545418
3,2300.3,6,2300.5,10:00:32.436611564
3,2300.3,6,2300.5,10:00:32.436624959
3,2300.3,1,2300.4,10:00:32.436648860
3,2300.3,1,2300.4,10:00:32.436688481
3,2300.3,1,2300.4,10:00:32.436698004
3,2300.3,1,2300.4,10:00:32.436711824
3,2300.3,2,2300.4,10:00:32.436978269
2,2300.3,2,2300.4,10:00:32.437010458
1,2300.3,2,2300.4,10:00:32.437046705
1,2300.3,2,2300.4,10:00:32.437074312
1,2300.3,1,2300.4,10:00:32.437138313
6,2300.2,1,2300.4,10:00:32.437170026
6,2300.2,1,2300.4,10:00:32.437170026
6,2300.2,2,2300.4,10:00:32.437221422
6,2300.2,7,2300.5,10:00:32.437266617
6,2300.2,7,2300.5,10:00:32.437266617
3,2300.4,7,2300.5,10:00:32.437294083
2,2300.4,7,2300.5,10:00:32.437450166
3,2300.4,7,2300.5,10:00:32.437517285
2,2300.4,7,2300.5,10:00:32.437951660
1,2300.4,7,2300.5,10:00:32.438006644
1,2300.4,7,2300.5,10:00:32.438129921
6,2300.2,7,2300.5,10:00:32.438170027
6,2300.2,7,2300.5,10:00:32.438170027
5,2300.2,7,2300.5,10:00:32.438195167
5,2300.2,5,2300.5,10:00:32.438253325
5,2300.2,4,2300.5,10:00:32.438357951
5,2300.2,4,2300.5,10:00:32.438368390
5,2300.2,4,2300.5,10:00:32.438522050
5,2300.2,4,2300.5,10:00:32.438535999
5,2300.2,4,2300.5,10:00:32.438641310
5,2300.2,4,2300.5,10:00:32.438738573
5,2300.2,4,2300.5,10:00:32.438794827
5,2300.2,1,2300.4,10:00:32.438921300
5,2300.2,1,2300.4,10:00:32.439089462
5,2300.2,4,2300.5,10:00:32.440655069
5,2300.2,4,2300.5,10:00:32.440655069
5,2300.2,4,2300.5,10:00:32.440844632
5,2300.2,3,2300.5,10:00:32.440969793
1,2300.3,3,2300.5,10:00:32.455558218
1,2300.3,3,2300.5,10:00:32.455689018
1,2300.3,3,2300.5,10:00:32.466765149
1,2300.3,3,2300.5,10:00:32.466782330
1,2300.3,4,2300.5,10:00:32.467865350
6,2300.2,4,2300.5,10:00:32.477969014
6,2300.2,4,2300.5,10:00:32.477969014
6,2300.2,1,2300.4,10:00:32.478126661
6,2300.2,2,2300.4,10:00:32.478273823
6,2300.2,1,2300.4,10:00:32.488500068
6,2300.2,4,2300.5,10:00:32.488630970
6,2300.2,4,2300.5,10:00:32.488630970
6,2300.2,86,2300.6,10:00:32.489140750
6,2300.2,86,2300.6,10:00:32.489140750
3,2300.3,86,2300.6,10:00:32.489161178
4,2300.3,86,2300.6,10:00:32.489253262
5,2300.3,86,2300.6,10:00:32.489308119
7,2300.3,86,2300.6,10:00:32.489341381
7,2300.3,86,2300.6,10:00:32.489359724
8,2300.3,86,2300.6,10:00:32.489376649
8,2300.3,86,2300.6,10:00:32.489392106
8,2300.3,1,2300.5,10:00:32.489482935
5,2300.3,1,2300.5,10:00:32.489677785
4,2300.3,1,2300.5,10:00:32.489783265
3,2300.3,1,2300.5,10:00:32.490281252
1,2300.3,1,2300.5,10:00:32.490430784
4,2300.3,1,2300.5,10:00:32.490460263
4,2300.3,86,2300.6,10:00:32.494435068
4,2300.3,86,2300.6,10:00:32.494435068
2,2300.4,86,2300.6,10:00:32.494454194
2,2300.4,86,2300.6,10:00:32.494470464
3,2300.4,86,2300.6,10:00:32.494552376
3,2300.4,86,2300.6,10:00:32.494600578
4,2300.4,86,2300.6,10:00:32.494632963
4,2300.4,86,2300.6,10:00:32.501497582
2,2300.5,86,2300.6,10:00:32.605601539
2,2300.5,86,2300.6,10:00:32.605626017
2,2300.5,86,2300.6,10:00:32.605784484
2,2300.5,86,2300.6,10:00:32.605797678
2,2300.5,86,2300.6,10:00:32.605845848
2,2300.5,87,2300.6,10:00:32.605979672
1,2300.5,87,2300.6,10:00:32.606268625
1,2300.4,87,2300.6,10:00:32.606271534
1,2300.4,87,2300.6,10:00:32.606271534
1,2300.4,87,2300.6,10:00:32.606304354
1,2300.4,1,2300.5,10:00:32.606412209
1,2300.3,1,2300.5,10:00:32.606586158
1,2300.3,1,2300.5,10:00:32.606586158
1,2300.3,1,2300.5,10:00:32.606652176
1,2300.3,1,2300.4,10:00:32.606684889
1,2300.3,1,2300.4,10:00:32.606692698
2,2300.3,1,2300.4,10:00:32.606790258
2,2300.3,1,2300.5,10:00:32.606973529
2,2300.3,1,2300.5,10:00:32.606973529
1,2300.3,1,2300.5,10:00:32.607141232
1,2300.3,2,2300.5,10:00:32.607264879
2,2300.3,2,2300.5,10:00:32.607352212
2,2300.3,1,2300.5,10:00:32.607429816
2,2300.3,1,2300.5,10:00:32.737567968
2,2300.3,1,2300.5,10:00:32.789835193
4,2300.3,1,2300.5,10:00:32.822197622
6,2300.2,1,2300.5,10:00:32.822407291
6,2300.2,1,2300.5,10:00:32.822407291
7,2300.2,1,2300.5,10:00:32.822440556
7,2300.2,87,2300.6,10:00:32.822459276
7,2300.2,87,2300.6,10:00:32.822459276
7,2300.2,1,2300.5,10:00:32.822521293
7,2300.2,2,2300.5,10:00:32.822559034
7,2300.2,2,2300.5,10:00:32.822731214
7,2300.2,1,2300.4,10:00:32.822796594
7,2300.2,1,2300.4,10:00:32.822859086
7,2300.2,1,2300.4,10:00:32.822896683
7,2300.2,1,2300.4,10:00:32.822921391
7,2300.2,1,2300.4,10:00:32.822954508
1,2300.3,1,2300.4,10:00:32.822979987
1,2300.3,2,2300.4,10:00:32.823113836
1,2300.3,1,2300.4,10:00:32.823289272
1,2300.3,5,2300.5,10:00:32.823292978
1,2300.3,5,2300.5,10:00:32.823292978
2,2300.3,5,2300.5,10:00:32.823366334
2,2300.3,4,2300.5,10:00:32.823415858
2,2300.3,3,2300.5,10:00:32.823511038
2,2300.3,4,2300.5,10:00:32.823646612
2,2300.3,3,2300.5,10:00:32.823666171
1,2300.3,3,2300.5,10:00:32.823797009
1,2300.3,2,2300.5,10:00:32.823815453
1,2300.3,3,2300.5,10:00:32.826659044
1,2300.3,2,2300.5,10:00:32.830203482
1,2300.3,2,2300.5,10:00:32.840326245
1,2300.3,3,2300.5,10:00:32.841864087
1,2300.3,3,2300.5,10:00:33.005570429
1,2300.3,3,2300.5,10:00:33.005699543
1,2300.3,2,2300.5,10:00:33.010884485
2,2300.3,2,2300.5,10:00:33.039432696
1,2300.3,2,2300.5,10:00:33.088794264
1,2300.3,3,2300.5,10:00:33.091260426
2,2300.3,3,2300.5,10:00:33.182727862
2,2300.3,2,2300.5,10:00:33.184941885
1,2300.3,2,2300.5,10:00:33.237903271
1,2300.3,3,2300.5,10:00:33.239685948
1,2300.4,3,2300.5,10:00:33.250958184
1,2300.4,2,2300.5,10:00:33.251116668
1,2300.4,2,2300.5,10:00:33.251128482
1,2300.4,2,2300.5,10:00:33.251173133
1,2300.4,1,2300.5,10:00:33.253558093
1,2300.4,87,2300.6,10:00:33.253700806
1,2300.4,87,2300.6,10:00:33.253700806
1,2300.4,87,2300.6,10:00:33.253839689
2,2300.4,87,2300.6,10:00:33.253871367
2,2300.4,87,2300.6,10:00:33.253880574
2,2300.4,87,2300.6,10:00:33.254031392
2,2300.4,87,2300.6,10:00:33.387191563
2,2300.4,87,2300.6,10:00:33.428220215
1,2300.3,87,2300.6,10:00:33.760892439
7,2300.2,87,2300.6,10:00:33.760892439
5,2300.2,87,2300.6,10:00:33.760892439
5,2300.2,87,2300.6,10:00:33.760892439
5,2300.2,87,2300.6,10:00:33.760892439
5,2300.2,1,2300.5,10:00:33.761003438
5,2300.2,1,2300.5,10:00:33.761331042
5,2300.2,2,2300.5,10:00:33.761331042
5,2300.2,1,2300.4,10:00:33.761355175
5,2300.2,1,2300.4,10:00:33.761537296
5,2300.2,1,2300.4,10:00:33.761567860
5,2300.2,1,2300.4,10:00:33.761609230
5,2300.2,1,2300.4,10:00:33.761646550
5,2300.2,2,2300.4,10:00:33.761688160
5,2300.2,2,2300.4,10:00:33.761701130
5,2300.2,2,2300.4,10:00:33.761745825
5,2300.2,2,2300.4,10:00:33.761767951
5,2300.2,2,2300.4,10:00:33.761780821
5,2300.2,2,2300.4,10:00:33.761833212
5,2300.2,2,2300.4,10:00:33.761847578
5,2300.2,2,2300.4,10:00:33.761864384
5,2300.2,2,2300.4,10:00:33.762896316
5,2300.2,3,2300.4,10:00:33.762943072
5,2300.2,2,2300.4,10:00:33.763281479
5,2300.2,2,2300.4,10:00:33.763281479
5,2300.2,3,2300.4,10:00:33.763281479
4,2300.2,3,2300.4,10:00:33.763294736
4,2300.2,3,2300.4,10:00:33.763365800
4,2300.2,3,2300.4,10:00:33.763504075
4,2300.2,2,2300.4,10:00:33.763527643
4,2300.2,3,2300.4,10:00:33.796960638
3,2300.2,3,2300.4,10:00:33.930030347
3,2300.2,3,2300.4,10:00:34.005797376
3,2300.2,3,2300.4,10:00:34.005959975
4,2300.2,3,2300.4,10:00:34.062537174
7,2300.1,3,2300.4,10:00:34.146584000
6,2300.1,3,2300.4,10:00:34.146584000
6,2300.1,3,2300.4,10:00:34.146584000
6,2300.1,4,2300.4,10:00:34.146707336
6,2300.1,4,2300.4,10:00:34.146719257
6,2300.1,4,2300.4,10:00:34.146732905
6,2300.1,1,2300.3,10:00:34.146783360
6,2300.1,1,2300.3,10:00:34.146805575
6,2300.1,2,2300.3,10:00:34.147198518
6,2300.1,2,2300.3,10:00:34.147281329
6,2300.1,2,2300.3,10:00:34.147301109
6,2300.1,2,2300.3,10:00:34.147440603
6,2300.1,2,2300.3,10:00:34.147494341
6,2300.1,3,2300.3,10:00:34.147515693
6,2300.1,4,2300.3,10:00:34.147958475
5,2300.1,4,2300.3,10:00:34.147977359
5,2300.1,4,2300.3,10:00:34.148029514
5,2300.1,4,2300.3,10:00:34.148082270
4,2300.1,4,2300.3,10:00:34.148160355
4,2300.1,4,2300.3,10:00:34.148200621
3,2300.1,4,2300.3,10:00:34.148305701
3,2300.1,3,2300.3,10:00:34.148326844
3,2300.1,2,2300.3,10:00:34.148471820
3,2300.1,2,2300.3,10:00:34.148578370
3,2300.1,2,2300.3,10:00:34.148578370
3,2300.1,2,2300.3,10:00:34.149540002
3,2300.1,2,2300.3,10:00:34.149673278
3,2300.1,2,2300.3,10:00:34.209761425
3,2300.1,2,2300.3,10:00:34.209773688
4,2300.1,2,2300.3,10:00:34.327831532
4,2300.1,2,2300.3,10:00:34.327990873
4,2300.1,8,2300.4,10:00:34.737672343
4,2300.1,8,2300.4,10:00:34.737672343
1,2300.2,8,2300.4,10:00:34.737867553
1,2300.2,7,2300.4,10:00:34.737895372
2,2300.2,7,2300.4,10:00:34.737926646
2,2300.2,7,2300.4,10:00:34.737946805
3,2300.2,7,2300.4,10:00:34.738004750
3,2300.2,7,2300.4,10:00:34.738219667
3,2300.2,6,2300.4,10:00:34.738239100
3,2300.2,6,2300.4,10:00:34.738288270
3,2300.2,4,2300.4,10:00:34.740923263
3,2300.2,3,2300.4,10:00:34.741037182
1,2300.3,3,2300.4,10:00:34.741164948
2,2300.3,3,2300.4,10:00:34.741257884
2,2300.3,3,2300.4,10:00:34.741306650
2,2300.3,3,2300.4,10:00:34.741454061
2,2300.3,4,2300.4,10:00:34.745798331
1,2300.3,4,2300.4,10:00:34.746063235
4,2300.2,4,2300.4,10:00:34.746146044
4,2300.2,4,2300.4,10:00:34.746146044
3,2300.2,4,2300.4,10:00:34.746223594
2,2300.2,4,2300.4,10:00:34.746839715
2,2300.2,1,2300.3,10:00:34.746886004
1,2300.2,1,2300.3,10:00:35.005790109
1,2300.2,2,2300.3,10:00:35.005918090
1,2300.2,3,2300.3,10:00:35.005955914
1,2300.2,3,2300.3,10:00:35.005971735
1,2300.2,4,2300.3,10:00:35.005995468
4,2300.1,4,2300.3,10:00:35.006140744
4,2300.1,4,2300.3,10:00:35.006140744
4,2300.1,3,2300.3,10:00:35.006168530
4,2300.1,3,2300.3,10:00:35.006206394
4,2300.1,2,2300.3,10:00:35.006230497
4,2300.1,1,2300.2,10:00:35.006253504
3,2300.1,1,2300.2,10:00:35.006775275
3,2300.1,1,2300.2,10:00:35.006786559
3,2300.1,1,2300.2,10:00:35.006953723
3,2300.1,1,2300.3,10:00:35.007027812
3,2300.1,1,2300.3,10:00:35.007027812
3,2300.1,1,2300.3,10:00:35.007051844
3,2300.1,1,2300.3,10:00:35.007075732
3,2300.1,1,2300.3,10:00:35.007133052
3,2300.1,1,2300.3,10:00:35.007168627
3,2300.1,1,2300.3,10:00:35.007203012
3,2300.1,1,2300.3,10:00:35.007215946
3,2300.1,2,2300.3,10:00:35.007317897
3,2300.1,2,2300.3,10:00:35.007438357
3,2300.1,3,2300.3,10:00:35.016978725
2,2300.2,3,2300.3,10:00:35.020465509
2,2300.2,2,2300.3,10:00:35.020628156
2,2300.2,1,2300.3,10:00:35.020654972
3,2300.1,1,2300.3,10:00:35.020772754
3,2300.1,1,2300.3,10:00:35.020772754
3,2300.1,5,2300.4,10:00:35.020871883
3,2300.1,5,2300.4,10:00:35.020871883
3,2300.1,1,2300.3,10:00:35.020895397
3,2300.1,2,2300.3,10:00:35.020981215
3,2300.1,3,2300.3,10:00:35.021084555
3,2300.1,3,2300.3,10:00:35.102160523
3,2300.1,3,2300.3,10:00:35.126536224
3,2300.1,2,2300.3,10:00:35.274779176
3,2300.1,1,2300.3,10:00:35.274901973
3,2300.1,6,2300.4,10:00:35.583931593
3,2300.1,5,2300.4,10:00:35.583931593
3,2300.1,5,2300.4,10:00:35.583931593
1,2300.2,5,2300.4,10:00:35.584085234
2,2300.2,5,2300.4,10:00:35.584137376
2,2300.2,5,2300.4,10:00:35.584200507
2,2300.2,5,2300.4,10:00:35.584233704
2,2300.2,5,2300.4,10:00:35.584294055
2,2300.2,4,2300.4,10:00:35.657412339
3,2300.2,4,2300.4,10:00:35.663818053
2,2300.2,4,2300.4,10:00:35.663982574
3,2300.2,4,2300.4,10:00:35.668636963
3,2300.2,7,2300.5,10:00:35.668979209
3,2300.2,7,2300.5,10:00:35.668979209
1,2300.4,7,2300.5,10:00:35.668998074
1,2300.4,7,2300.5,10:00:35.669014368
1,2300.4,7,2300.5,10:00:35.669341120
1,2300.4,7,2300.5,10:00:35.669341120
1,2300.4,7,2300.5,10:00:35.669369969
1,2300.4,7,2300.5,10:00:35.669382632
1,2300.4,6,2300.5,10:00:35.669450483
1,2300.4,5,2300.5,10:00:35.669533268
1,2300.4,5,2300.5,10:00:35.669635459
1,2300.4,5,2300.5,10:00:35.669668142
1,2300.4,5,2300.5,10:00:35.669740748
4,2300.3,5,2300.5,10:00:35.669852318
4,2300.3,5,2300.5,10:00:35.669852318
4,2300.3,4,2300.5,10:00:35.669879541
4,2300.3,4,2300.5,10:00:35.669888309
4,2300.3,4,2300.5,10:00:35.670120071
4,2300.3,4,2300.5,10:00:35.670132173
4,2300.3,3,2300.5,10:00:35.670154859
4,2300.3,2,2300.5,10:00:35.670327063
4,2300.3,1,2300.4,10:00:35.670356837
3,2300.3,1,2300.4,10:00:35.670412822
3,2300.3,2,2300.5,10:00:35.670690985
3,2300.3,2,2300.5,10:00:35.670690985
3,2300.3,3,2300.5,10:00:35.670745373
3,2300.3,4,2300.5,10:00:35.670927524
3,2300.3,3,2300.5,10:00:35.680749248
3,2300.3,3,2300.5,10:00:35.703781860
3,2300.3,2,2300.5,10:00:35.708507897
4,2300.3,2,2300.5,10:00:35.708612917
4,2300.3,87,2300.6,10:00:35.712246626
4,2300.3,87,2300.6,10:00:35.712246626
5,2300.3,87,2300.6,10:00:35.712278192
4,2300.3,87,2300.6,10:00:35.712290508
1,2300.4,87,2300.6,10:00:35.712372452
1,2300.4,87,2300.6,10:00:35.712419781
1,2300.4,87,2300.6,10:00:35.712445868
1,2300.4,86,2300.6,10:00:35.712459302
1,2300.4,86,2300.6,10:00:35.712475290
1,2300.4,86,2300.6,10:00:35.712487645
1,2300.4,86,2300.6,10:00:35.712501691
2,2300.4,86,2300.6,10:00:35.712550462
3,2300.4,86,2300.6,10:00:35.712589212
3,2300.4,1,2300.5,10:00:35.712633721
3,2300.4,1,2300.5,10:00:35.712657351
3,2300.4,1,2300.5,10:00:35.712967533
3,2300.4,86,2300.6,10:00:35.712969754
3,2300.4,86,2300.6,10:00:35.712969754
2,2300.4,86,2300.6,10:00:35.713004955
2,2300.4,86,2300.6,10:00:35.713026133
1,2300.4,86,2300.6,10:00:35.713175230
1,2300.4,86,2300.6,10:00:35.713177185
1,2300.4,86,2300.6,10:00:35.732707781
1,2300.4,86,2300.6,10:00:35.732707781
2,2300.4,86,2300.6,10:00:35.765915708
3,2300.4,86,2300.6,10:00:35.766042386
3,2300.4,86,2300.6,10:00:35.766053548
1,2300.5,86,2300.6,10:00:35.899089616
1,2300.5,86,2300.6,10:00:35.899234605
1,2300.5,86,2300.6,10:00:35.899267380
2,2300.5,86,2300.6,10:00:35.899367788
2,2300.5,86,2300.6,10:00:35.899479592
2,2300.5,86,2300.6,10:00:35.899507653
1,2300.5,86,2300.6,10:00:35.899635918
1,2300.5,87,2300.6,10:00:35.915108784
1,2300.5,87,2300.6,10:00:35.915518248
1,2300.5,87,2300.6,10:00:36.016327523
2,2300.5,87,2300.6,10:00:36.026841485
2,2300.5,85,2300.6,10:00:36.027183719
2,2300.5,84,2300.6,10:00:36.027183719
2,2300.5,82,2300.6,10:00:36.027183719
2,2300.5,80,2300.6,10:00:36.027253012
2,2300.5,79,2300.6,10:00:36.027253012
2,2300.5,76,2300.6,10:00:36.027466723
2,2300.5,75,2300.6,10:00:36.027466723
2,2300.5,75,2300.6,10:00:36.027519691
2,2300.5,65,2300.6,10:00:36.027519691
3,2300.5,65,2300.6,10:00:36.027558680
3,2300.5,63,2300.6,10:00:36.027710095
3,2300.5,59,2300.6,10:00:36.027710095
3,2300.5,28,2300.6,10:00:36.027825086
3,2300.5,26,2300.6,10:00:36.027825086
3,2300.5,23,2300.6,10:00:36.027877557
4,2300.5,23,2300.6,10:00:36.027887003
3,2300.5,23,2300.6,10:00:36.027935430
3,2300.5,22,2300.6,10:00:36.028177617
3,2300.5,12,2300.6,10:00:36.028256410
3,2300.5,12,2300.6,10:00:36.028316865
3,2300.5,8,2300.6,10:00:36.028340894
3,2300.5,7,2300.6,10:00:36.028444451
3,2300.5,2,2300.7,10:00:36.028511179
3,2300.5,2,2300.7,10:00:36.028511179
1,2300.6,2,2300.7,10:00:36.029297198
1,2300.6,2,2300.7,10:00:36.029369321
1,2300.6,1,2300.7,10:00:36.029399965
2,2300.6,1,2300.7,10:00:36.029424872
2,2300.6,1,2300.7,10:00:36.029513999
2,2300.6,1,2300.7,10:00:36.029612935
2,2300.6,1,2300.7,10:00:36.029810988
2,2300.6,1,2300.7,10:00:36.030108236
2,2300.6,2,2300.7,10:00:36.030141715
2,2300.6,2,2300.7,10:00:36.030150179
2,2300.6,2,2300.8,10:00:36.030200954
2,2300.6,2,2300.8,10:00:36.030200954
3,2300.6,2,2300.8,10:00:36.030246721
3,2300.6,3,2300.8,10:00:36.030397310
3,2300.6,4,2300.8,10:00:36.030416703
4,2300.6,4,2300.8,10:00:36.030499197
2,2300.6,4,2300.8,10:00:36.030891528
2,2300.6,4,2300.8,10:00:36.030965786
2,2300.6,4,2300.8,10:00:36.030985924
2,2300.6,4,2300.8,10:00:36.031007322
1,2300.6,4,2300.8,10:00:36.031039663
3,2300.5,4,2300.8,10:00:36.031159898
3,2300.5,4,2300.8,10:00:36.031159898
3,2300.5,1,2300.7,10:00:36.031244885
3,2300.5,1,2300.7,10:00:36.031482458
3,2300.5,2,2300.7,10:00:36.031651435
3,2300.5,2,2300.7,10:00:36.031661169
3,2300.5,2,2300.7,10:00:36.031757904
3,2300.5,3,2300.7,10:00:36.031857175
3,2300.5,4,2300.7,10:00:36.031890674
3,2300.5,3,2300.7,10:00:36.032113784
3,2300.5,2,2300.7,10:00:36.035990360
2,2300.5,2,2300.7,10:00:36.037957338
1,2300.5,2,2300.7,10:00:36.092251421
1,2300.5,3,2300.7,10:00:36.092426039
1,2300.5,3,2300.7,10:00:36.092438955
1,2300.5,2,2300.7,10:00:36.092584426
5,2300.4,2,2300.7,10:00:36.101490104
5,2300.4,2,2300.7,10:00:36.101490104
5,2300.4,3,2300.7,10:00:36.101622954
4,2300.4,3,2300.7,10:00:36.101658181
4,2300.4,5,2300.7,10:00:36.101678168
4,2300.4,6,2300.7,10:00:36.101726028
1,2300.5,6,2300.7,10:00:36.101756486
1,2300.5,7,2300.7,10:00:36.101779127
1,2300.5,1,2300.6,10:00:36.101917089
1,2300.5,1,2300.6,10:00:36.101936625
1,2300.5,1,2300.6,10:00:36.102052793
1,2300.5,2,2300.6,10:00:36.102378115
4,2300.4,2,2300.6,10:00:36.102602798
4,2300.4,2,2300.6,10:00:36.102602798
4,2300.4,2,2300.6,10:00:36.102665158
4,2300.4,3,2300.6,10:00:36.102688016
4,2300.4,4,2300.6,10:00:36.102774613
3,2300.4,4,2300.6,10:00:36.102794405
3,2300.4,3,2300.6,10:00:36.102846092
3,2300.4,4,2300.6,10:00:36.147892799
3,2300.4,4,2300.6,10:00:36.148026306
3,2300.4,4,2300.6,10:00:36.163584982
3,2300.4,4,2300.6,10:00:36.208381501
2,2300.4,4,2300.6,10:00:36.261048891
2,2300.4,5,2300.6,10:00:36.261187625
2,2300.4,5,2300.6,10:00:36.261200851
2,2300.4,1,2300.5,10:00:36.380154462
