price,volume,timestamp
2389.1,4,08:00:00.350650020
2389.2,1,08:00:00.350650020
2389.0,1,08:00:00.783971247
2389.0,1,08:00:00.784420493
2388.9,1,08:00:00.941212414
2389.0,1,08:00:03.674734797
2389.1,1,08:00:04.725416740
2389.1,3,08:00:04.983667112
2389.1,1,08:00:07.605862163
2389.2,1,08:00:15.920584669
2389.1,1,08:00:15.924937983
2389.1,1,08:00:15.925583756
2389.0,1,08:00:17.734842259
2389.0,1,08:00:17.735028969
2389.0,1,08:00:17.735143178
2389.0,1,08:00:17.735259353
2389.0,1,08:00:18.075738449
2389.1,1,08:00:19.848572516
2389.2,4,08:00:19.848572516
2389.1,1,08:00:19.850489275
2389.2,5,08:00:21.031380862
2389.3,5,08:00:21.943552816
2389.2,1,08:00:21.944624596
2389.3,1,08:00:22.036976254
2389.2,2,08:00:22.528088964
2389.2,2,08:00:22.529058980
2389.2,1,08:00:23.887611703
2389.2,2,08:00:27.834944959
2389.1,1,08:00:32.487952730
2389.0,1,08:00:32.770811738
2389.0,1,08:00:32.771241356
2389.0,1,08:00:33.246009351
2389.0,3,08:00:35.207859632
2388.9,5,08:00:38.186702820
2388.8,2,08:00:38.544099194
2388.8,1,08:00:38.545039731
2388.8,1,08:00:38.545263507
2388.8,1,08:00:38.591290709
2388.8,1,08:00:38.797408458
2388.8,2,08:00:39.018568846
2388.7,4,08:00:40.793770887
2388.6,1,08:00:42.622131618
2388.6,1,08:00:42.622145707
2388.8,1,08:00:43.385690366
2388.7,1,08:00:43.989552155
2388.8,1,08:00:44.140233338
2388.9,1,08:00:44.186147626
2388.9,1,08:00:44.187301191
2388.9,1,08:00:44.187415888
2389.0,2,08:00:44.255817192
2389.2,1,08:00:44.459998723
2389.2,2,08:00:46.341422761
2389.0,1,08:00:46.692456467
2389.1,1,08:00:47.689430418
2389.2,3,08:00:47.704600385
2389.2,3,08:00:47.706390699
2389.3,2,08:00:47.743267409
2389.3,1,08:00:49.410434413
2389.4,1,08:00:54.333296013
2389.4,11,08:00:54.335042963
2389.4,13,08:00:54.337649835
2389.3,1,08:00:54.338603602
2389.5,3,08:00:54.339881410
2389.5,1,08:00:54.339954314
2389.4,1,08:00:54.340482171
2389.4,1,08:00:56.378638856
2389.5,3,08:00:57.993618121
2389.4,1,08:00:59.167494030
2389.4,1,08:00:59.231166098
2389.5,1,08:01:00.677156694
2389.4,5,08:01:00.677439666
2389.2,1,08:01:01.325594311
2389.1,2,08:01:04.365613968
2389.1,1,08:01:04.499923006
2389.0,1,08:01:05.385658406
2389.1,1,08:01:05.412080105
2389.1,5,08:01:05.412338516
2389.2,1,08:01:06.670047171
2389.1,1,08:01:06.764193700
2389.1,1,08:01:07.434742181
2389.1,3,08:01:10.297115849
2389.1,1,08:01:12.558662740
2389.2,7,08:01:14.389366461
2389.3,1,08:01:20.022062079
2389.3,1,08:01:20.022577968
2389.2,1,08:01:21.145705614
2389.2,2,08:01:22.165758443
2389.2,1,08:01:22.368412597
2389.2,1,08:01:24.173625808
2389.3,1,08:01:29.206737996
2389.3,2,08:01:41.025827175
2389.4,2,08:01:41.099900795
2389.4,2,08:01:41.399876105
2389.4,1,08:01:42.045474224
2389.4,5,08:01:43.748746523
2389.4,1,08:01:43.749309824
2389.3,5,08:01:43.749767506
2389.3,1,08:01:43.762473581
2389.2,3,08:01:44.035679444
2389.1,1,08:01:44.088056229
2389.1,1,08:01:45.532220724
2389.0,1,08:01:51.868161616
2389.1,2,08:01:54.343029268
2389.1,1,08:01:54.343294094
2389.2,1,08:02:00.155716236
2389.1,1,08:02:03.205528092
2389.1,2,08:02:04.225662907
2389.0,3,08:02:06.082118258
2389.0,1,08:02:06.082308534
2388.9,2,08:02:07.182179813
2388.8,1,08:02:08.802252735
2388.8,2,08:02:12.650104144
2388.6,1,08:02:13.839748980
2388.5,1,08:02:14.076722680
2388.5,1,08:02:14.077058558
2388.4,1,08:02:14.079627963
2388.4,1,08:02:14.079806403
2388.4,1,08:02:14.079836450
2388.3,1,08:02:14.081554028
2388.3,1,08:02:14.082059143
2388.3,1,08:02:14.083194615
2388.3,2,08:02:14.083441180
2388.3,1,08:02:14.083612976
2388.3,1,08:02:14.086273893
2388.4,1,08:02:14.105305887
2388.4,1,08:02:14.250207074
2388.3,2,08:02:14.881718568
2388.3,1,08:02:14.882218869
2388.3,1,08:02:14.882627347
2388.4,2,08:02:15.217043717
2388.4,1,08:02:17.539415580
2388.4,2,08:02:18.572701775
2388.3,1,08:02:20.088300042
2388.3,1,08:02:20.088830280
2388.3,1,08:02:20.721225460
2388.2,2,08:02:23.325594870
2388.2,2,08:02:24.679813972
2388.1,5,08:02:24.680216505
2388.1,1,08:02:24.680674985
2388.1,1,08:02:24.682194561
2388.1,1,08:02:24.682678420
2388.0,8,08:02:25.702999790
2388.0,18,08:02:25.703665912
2388.0,7,08:02:25.703838623
2388.0,2,08:02:25.704352669
2388.1,1,08:02:25.705961040
2388.1,3,08:02:25.706408886
2388.1,1,08:02:25.726825558
2388.0,2,08:02:25.729304747
2388.1,1,08:02:25.865949075
2388.1,1,08:02:25.866252495
2388.1,2,08:02:26.026670711
2388.0,1,08:02:26.026670711
2388.1,1,08:02:26.365641285
2388.1,1,08:02:27.032895099
2388.1,1,08:02:27.033201027
2388.1,1,08:02:27.385650067
2388.1,1,08:02:27.388142899
2388.0,1,08:02:30.284749208
2388.0,1,08:02:30.367222189
2388.1,1,08:02:30.371146873
2388.1,1,08:02:32.794673749
2388.1,1,08:02:34.800627053
2388.1,1,08:02:35.900266009
2388.1,1,08:02:36.048801666
2388.0,1,08:02:39.485433352
2388.1,1,08:02:41.330593718
2388.0,1,08:02:43.505488838
2388.0,1,08:02:43.505897579
2387.9,1,08:02:43.687837890
2387.8,2,08:02:43.699971988
2387.8,2,08:02:43.701153637
2387.8,1,08:02:45.010352019
2387.8,2,08:02:45.010451935
2387.9,1,08:02:46.208877458
2387.9,1,08:02:46.705915837
2387.8,1,08:02:51.449157963
2387.8,1,08:02:53.305517822
2387.8,1,08:02:54.248242594
2387.8,2,08:02:56.405860651
2387.8,1,08:02:56.406473671
2387.7,8,08:02:59.193144534
2387.8,2,08:02:59.193144534
2387.8,1,08:02:59.195744323
2387.7,5,08:03:00.425228087
2387.7,1,08:03:00.445689876
2387.7,1,08:03:01.385773103
2387.7,3,08:03:01.468932179
2387.8,1,08:03:01.685603240
2387.7,1,08:03:02.468140264
2387.7,1,08:03:03.509451498
2387.7,1,08:03:06.534171266
2387.7,1,08:03:06.592565047
2387.8,2,08:03:07.100556253
2387.9,2,08:03:10.882246635
2388.0,1,08:03:17.254498993
2388.0,3,08:03:21.125641564
2388.0,1,08:03:21.138389701
2388.1,4,08:03:23.060193549
2388.1,1,08:03:25.990422396
2388.1,1,08:03:26.500813468
2388.2,2,08:03:30.855430988
2388.3,1,08:03:33.163495205
2388.2,1,08:03:37.164166171
2388.2,2,08:03:37.302731419
2388.2,1,08:03:37.302995062
2388.1,4,08:03:37.303127301
2388.1,1,08:03:37.304254563
2388.0,1,08:03:38.125850351
2388.1,1,08:03:41.618135699
2388.1,1,08:03:41.618187848
2388.1,3,08:03:41.945458761
2388.0,1,08:03:44.126740024
2388.0,1,08:03:44.126781657
2388.0,3,08:03:44.126830695
2388.0,1,08:03:44.127998856
2388.0,1,08:03:44.129399921
2387.9,1,08:03:45.405479257
2387.9,2,08:03:47.819918528
2387.9,1,08:03:50.045455117
2388.0,1,08:03:50.152330720
2388.1,2,08:03:52.993613583
2388.0,1,08:03:55.930717016
2388.1,1,08:03:56.004903493
2388.0,1,08:03:56.862027832
2388.1,3,08:03:58.767630439
2388.2,1,08:03:58.903601966
2388.3,1,08:04:00.121705980
2388.2,1,08:04:00.367417452
2388.2,1,08:04:01.139268817
2388.3,4,08:04:01.139268817
2388.2,1,08:04:15.521468890
2388.4,1,08:04:21.237671455
2388.3,1,08:04:21.237730403
2388.4,1,08:04:25.047766587
2388.4,1,08:04:25.082694788
2388.2,1,08:04:34.584331170
2388.3,1,08:04:34.748659112
2388.2,1,08:04:37.570441232
2388.2,1,08:04:37.571429601
2388.3,1,08:04:37.676808093
2388.2,2,08:04:41.649156210
2388.3,1,08:04:45.970935545
2388.3,1,08:04:45.971161095
2388.3,1,08:04:48.019603292
2388.3,1,08:04:48.019766323
2388.4,2,08:04:49.087127474
2388.4,1,08:04:49.115695404
2388.3,1,08:04:50.390045625
2388.4,1,08:04:57.498165973
2388.5,1,08:05:00.481245260
2388.5,1,08:05:00.481483991
2388.6,1,08:05:00.487058289
2388.6,1,08:05:02.794411643
2388.6,1,08:05:11.724767510
2388.7,2,08:05:11.975938269
2388.9,1,08:05:11.975951693
2388.9,6,08:05:11.975951693
2388.8,4,08:05:11.975951693
2388.9,4,08:05:13.356028360
2388.9,1,08:05:13.498218450
2388.9,1,08:05:13.640401079
2389.0,2,08:05:13.665265654
2389.0,3,08:05:13.748967299
2389.0,1,08:05:13.750430046
2389.1,1,08:05:14.073337197
2389.1,1,08:05:14.073352406
2389.1,1,08:05:14.074012244
2389.0,1,08:05:14.165593772
2388.9,1,08:05:15.452908876
2389.0,1,08:05:15.454657542
2389.0,2,08:05:15.456776064
2389.0,1,08:05:17.781108716
2389.0,1,08:05:18.463314846
2389.0,1,08:05:18.463618744
2389.0,1,08:05:19.538217115
2389.0,1,08:05:20.271031026
2388.9,1,08:05:20.913517055
2388.9,1,08:05:22.400129234
2388.9,1,08:05:24.684512586
2388.9,1,08:05:24.684555874
2389.0,2,08:05:25.252471285
2389.0,1,08:05:25.252653843
2389.0,1,08:05:25.252715562
2389.1,4,08:05:27.299953831
2389.1,1,08:05:27.305515861
2389.0,2,08:05:27.986055334
2388.9,2,08:05:29.365786665
2388.9,1,08:05:29.367373916
2388.9,1,08:05:29.368175807
2389.0,3,08:05:29.414292579
2389.0,1,08:05:30.054656512
2389.0,2,08:05:30.054718139
2389.0,1,08:05:30.054745974
2389.0,1,08:05:30.054777820
2389.0,1,08:05:30.054809524
2389.0,2,08:05:30.054942752
2388.9,1,08:05:30.168486451
2388.9,1,08:05:30.168711410
2388.9,1,08:05:31.036548302
2388.8,1,08:05:33.668205733
2388.8,1,08:05:33.668389641
2388.9,2,08:05:37.234971262
2388.9,1,08:05:37.886532456
2389.0,1,08:05:38.537938814
2389.0,4,08:05:39.237532449
2389.0,3,08:05:39.237852240
2389.0,1,08:05:39.238898149
2389.0,1,08:05:40.450064719
2388.9,2,08:05:41.217289200
2388.9,1,08:05:44.635325299
2388.9,3,08:05:44.635571036
2388.9,1,08:05:44.635609789
2388.9,1,08:05:44.636177176
2388.8,1,08:05:44.677436833
2388.7,2,08:05:44.803060060
2388.7,2,08:05:44.893059667
2388.7,1,08:05:45.736967304
2388.7,1,08:05:48.040854433
2388.6,1,08:05:48.905755807
2388.5,1,08:05:49.338291950
2388.5,2,08:05:49.338529292
2388.5,1,08:05:51.345859398
2388.4,1,08:05:54.407152463
2388.5,1,08:06:01.057658592
2388.6,1,08:06:01.500010910
2388.7,1,08:06:02.636418805
2388.7,1,08:06:02.636848379
2388.8,1,08:06:02.732687444
2388.8,1,08:06:07.272839572
2388.9,1,08:06:10.079351139
2389.0,2,08:06:10.244721330
2389.0,1,08:06:10.245423460
2389.1,1,08:06:16.634572071
2389.0,2,08:06:17.376635682
2389.0,2,08:06:17.376987027
2389.0,1,08:06:21.914832386
2389.1,2,08:06:22.740594395
2389.1,1,08:06:22.740892251
2389.1,1,08:06:30.817729170
2389.1,1,08:06:32.846607617
2389.2,1,08:06:36.642920688
2389.2,1,08:06:38.839496172
2389.2,1,08:06:38.864027938
2389.0,1,08:06:40.966126369
2388.9,1,08:06:42.381565425
2388.9,1,08:06:42.381853011
2389.0,1,08:06:42.396996628
2388.9,1,08:06:49.345504430
2388.9,1,08:06:49.867994042
2388.9,1,08:06:50.416826654
2388.7,1,08:06:52.942104813
2388.6,1,08:06:53.031961954
2388.7,2,08:06:54.265610172
2388.8,1,08:07:00.253335666
2388.8,1,08:07:00.255366859
2388.7,1,08:07:00.256195308
2388.8,1,08:07:05.012678565
2388.9,1,08:07:05.835722772
2388.9,1,08:07:05.836885177
2388.8,1,08:07:05.950838109
2389.0,6,08:07:08.660595977
2389.0,1,08:07:08.712368731
2389.0,3,08:07:08.720801436
2389.0,1,08:07:08.721044669
2388.9,1,08:07:08.878056906
2388.9,1,08:07:08.878450834
2388.9,1,08:07:16.701944210
2388.9,1,08:07:16.702334544
2388.9,1,08:07:16.702564299
2388.8,1,08:07:16.855105671
2388.8,1,08:07:17.007845807
2388.8,1,08:07:17.008063015
2388.8,2,08:07:18.059162653
2388.8,2,08:07:21.205619717
2388.9,2,08:07:22.009451876
2388.9,1,08:07:23.117478594
2388.8,1,08:07:26.405634900
2388.8,1,08:07:27.536527571
2388.6,10,08:07:28.087664909
2388.7,5,08:07:28.087664909
2388.7,2,08:07:28.090450786
2388.6,1,08:07:28.091000368
2388.6,2,08:07:28.106372976
2388.7,1,08:07:28.497014722
2388.5,1,08:07:31.465559751
2388.5,2,08:07:31.737498375
2388.5,1,08:07:31.739622341
2388.5,1,08:07:31.739827929
2388.6,1,08:07:31.808447996
2388.6,1,08:07:32.485671646
2388.6,1,08:07:32.495665595
2388.7,3,08:07:33.360570502
2388.7,1,08:07:39.168074503
2388.7,3,08:07:42.192806923
2388.8,2,08:07:42.192806923
2388.6,1,08:07:42.296264992
2388.7,1,08:07:45.511388186
2388.7,2,08:07:45.511604491
2388.9,2,08:07:45.709985315
2389.0,1,08:07:49.595283924
2389.0,1,08:07:50.739138552
2389.0,1,08:07:50.739929393
2389.1,1,08:07:50.757259772
2389.1,2,08:07:50.757359313
2389.0,1,08:07:50.939780576
2389.0,1,08:07:53.381059518
2389.1,1,08:07:54.997849865
2389.1,1,08:07:55.030966328
2389.1,2,08:07:57.282264239
2389.3,1,08:07:57.301463618
2389.3,1,08:07:58.119300625
2389.3,2,08:08:01.020030959
2389.3,1,08:08:01.020180405
2389.2,1,08:08:01.852706342
2389.2,2,08:08:01.852977676
2389.3,1,08:08:03.056445471
2389.1,1,08:08:05.329088408
2389.1,1,08:08:06.836534484
2389.1,1,08:08:08.956742634
2389.1,1,08:08:16.393642202
2389.2,1,08:08:16.995439806
2389.2,1,08:08:16.996032321
2389.1,2,08:08:21.062201476
2389.1,1,08:08:21.062236074
2389.1,1,08:08:21.062374116
2389.0,2,08:08:21.271401513
2389.1,1,08:08:21.366669161
2389.1,1,08:08:21.367347392
2389.1,1,08:08:23.322768566
2389.1,1,08:08:25.023305428
2389.0,1,08:08:26.024224228
2388.9,5,08:08:31.023144542
2388.9,1,08:08:31.120886050
2388.9,1,08:08:31.121125603
2389.0,2,08:08:32.853578821
2389.1,1,08:08:34.330386284
2389.2,1,08:08:37.283887930
2389.2,3,08:08:37.283929249
2389.2,1,08:08:37.284267032
2389.2,1,08:08:38.359132300
2389.2,1,08:08:45.420639776
2389.3,1,08:08:49.022822685
2389.4,2,08:08:50.042355801
2389.5,1,08:08:50.042368002
2389.7,3,08:08:50.043555582
2389.5,6,08:08:50.043555582
2389.6,11,08:08:50.043555582
2389.7,1,08:08:50.043564290
2389.7,8,08:08:50.045161304
2389.6,1,08:08:50.047612880
2389.6,1,08:08:50.049721550
2389.6,1,08:08:50.260805288
2389.6,1,08:08:50.474001716
2389.6,1,08:08:50.474147472
2389.6,1,08:08:50.474181940
2389.6,1,08:08:50.475269124
2389.5,1,08:08:50.503648062
2389.5,1,08:08:50.602914143
2389.6,2,08:08:50.697570833
2389.6,1,08:08:50.698033664
2389.6,1,08:08:50.906765349
2389.6,1,08:08:51.820058729
2389.6,2,08:08:51.820359260
2389.6,1,08:09:01.812430417
2389.6,1,08:09:01.812466786
2389.6,1,08:09:01.812592581
2389.6,1,08:09:01.812682192
2389.6,1,08:09:01.813072605
2389.3,10,08:09:05.066500196
2389.4,14,08:09:05.066500196
2389.5,6,08:09:05.066500196
2389.3,1,08:09:05.073207397
2389.2,1,08:09:07.493220766
2389.2,1,08:09:12.026044547
2389.2,1,08:09:14.633780301
2389.1,3,08:09:17.749674939
2389.1,1,08:09:17.750541542
2389.2,1,08:09:19.168006625
2389.1,1,08:09:22.991595192
2389.1,2,08:09:30.383984079
2389.2,2,08:09:30.416835305
2389.3,2,08:09:31.981528286
2389.4,1,08:09:32.084692092
2389.4,2,08:09:32.084810988
2389.3,1,08:09:33.928394673
2389.2,1,08:09:35.030344612
2389.3,1,08:09:38.017385359
2389.3,1,08:09:38.017419923
2389.3,1,08:09:41.185793273
2389.3,1,08:09:41.333079912
2389.3,2,08:09:42.205636846
2389.0,4,08:09:49.761769293
2388.9,1,08:09:49.765576375
2388.9,1,08:09:53.053130060
2388.9,1,08:09:55.114151132
2389.0,1,08:09:56.099691298
2388.9,1,08:09:56.606834046
2388.9,1,08:09:59.035388870
2389.1,1,08:10:02.126013323
2388.9,4,08:10:07.688544206
2388.9,1,08:10:07.688946903
2389.0,1,08:10:07.948143622
2389.1,2,08:10:13.960448103
2389.1,1,08:10:18.169346640
2389.0,2,08:10:21.353332607
2389.1,1,08:10:21.354852983
2389.1,1,08:10:21.441476278
2389.1,4,08:10:25.483229334
2389.0,6,08:10:25.483229334
2389.0,1,08:10:25.484031130
2389.1,1,08:10:25.505399353
2389.0,1,08:10:26.034578588
2389.0,1,08:10:26.409046718
2389.1,1,08:10:26.577949968
2389.1,3,08:10:27.990792651
2389.1,1,08:10:28.000060925
2389.1,2,08:10:28.000382810
2389.2,1,08:10:28.775799233
2389.3,1,08:10:29.032558779
2389.2,4,08:10:29.032558779
2389.1,1,08:10:34.038448638
2389.0,6,08:10:34.273791339
2389.1,2,08:10:34.273791339
2388.9,1,08:10:34.273791339
2388.9,1,08:10:35.202595597
2388.9,1,08:10:35.306367977
2389.0,1,08:10:37.442450305
2388.8,1,08:10:40.547958406
2388.6,7,08:10:40.710641240
2388.7,2,08:10:40.710641240
2388.1,3,08:10:40.710663570
2388.6,5,08:10:40.710663570
2388.4,15,08:10:40.710663570
2388.2,15,08:10:40.710663570
2388.3,14,08:10:40.710663570
2388.5,9,08:10:40.710663570
2388.6,1,08:10:40.713793175
2388.6,1,08:10:40.713854344
2388.5,1,08:10:40.717559002
2388.5,2,08:10:40.719043384
2388.5,1,08:10:40.719519931
2388.6,2,08:10:40.720890848
2388.6,1,08:10:40.720924545
2388.6,1,08:10:40.721694183
2388.6,1,08:10:40.721931682
2388.6,1,08:10:40.735091439
2388.6,1,08:10:40.741253915
2388.7,2,08:10:42.025508934
2388.7,1,08:10:42.025756996
2388.7,1,08:10:45.614876445
2388.7,1,08:10:45.615704989
2388.7,1,08:10:45.615937049
2388.8,3,08:10:47.021411992
2388.8,3,08:10:49.810594796
2388.7,3,08:10:49.810594796
2388.6,4,08:10:49.810594796
2388.8,1,08:10:49.811049880
2388.8,1,08:10:49.812892683
2388.7,1,08:10:49.813324124
2388.7,1,08:10:53.040545262
2388.8,2,08:10:53.906284812
2388.8,1,08:10:53.906338832
2388.8,1,08:10:53.906370708
2388.8,1,08:10:53.906625612
2388.8,1,08:10:53.907600979
2388.8,1,08:10:53.907806411
2388.8,1,08:10:53.908128149
2388.8,1,08:10:53.924528736
2388.7,1,08:10:54.265806582
2388.7,1,08:10:55.855013350
2388.6,1,08:10:56.837609368
2388.8,1,08:10:57.498884080
2389.0,2,08:11:00.202580865
2389.2,5,08:11:00.863095031
2389.3,1,08:11:01.019793637
2389.4,1,08:11:01.174309797
2389.4,1,08:11:01.770519395
2389.5,3,08:11:02.423645079
2389.6,2,08:11:02.423645079
2389.4,1,08:11:06.755108121
2389.4,1,08:11:06.759051902
2389.4,1,08:11:06.760389616
2389.2,6,08:11:06.866661092
2389.3,4,08:11:06.866661092
2389.1,1,08:11:07.082954239
2389.1,1,08:11:08.689030881
2389.2,4,08:11:08.689030881
2389.3,1,08:11:08.692847263
2389.4,1,08:11:08.694153830
2389.4,1,08:11:08.694269935
2389.4,1,08:11:11.979944526
2389.5,1,08:11:12.374869109
2389.5,1,08:11:12.374942371
2389.4,1,08:11:18.308448995
2389.6,4,08:11:18.363543849
2389.6,2,08:11:18.366007317
2389.6,1,08:11:18.366473973
2389.6,1,08:11:18.401851817
2389.7,2,08:11:18.789601900
2389.7,1,08:11:18.789831251
2389.8,2,08:11:18.791062588
2389.8,1,08:11:18.791842888
2389.6,1,08:11:21.031544054
2389.5,1,08:11:23.445495915
2389.4,1,08:11:24.465633818
2389.4,1,08:11:24.466490965
2389.4,1,08:11:27.025537076
2389.3,5,08:11:28.206676330
2389.2,1,08:11:28.206676330
2389.3,2,08:11:30.084686703
2389.4,1,08:11:31.014354096
2389.4,1,08:11:38.588746504
2389.5,1,08:11:39.126567819
2389.5,1,08:11:39.213979809
2389.6,1,08:11:40.985529089
2389.7,3,08:11:42.007535629
2389.8,1,08:11:42.931913273
2389.6,1,08:11:48.038986405
2389.6,2,08:11:52.739884631
2389.7,1,08:11:55.034608386
2389.8,1,08:12:02.085894308
2389.6,3,08:12:03.710712916
2389.5,1,08:12:03.855567090
2389.5,1,08:12:06.935199877
2389.6,1,08:12:07.736605224
2389.6,1,08:12:08.409139430
2389.5,2,08:12:09.315792115
2389.4,3,08:12:09.315792115
2389.6,2,08:12:11.973041167
2389.6,3,08:12:11.973372473
2389.6,1,08:12:13.500105250
2389.6,1,08:12:15.023539769
2389.6,1,08:12:17.764001400
2389.6,1,08:12:17.764960022
2389.5,1,08:12:21.158920757
2389.5,2,08:12:21.159171467
2389.4,1,08:12:21.181464800
2389.3,2,08:12:22.645677239
2389.3,2,08:12:27.952980817
2389.4,1,08:12:29.569975970
2389.4,1,08:12:29.610038935
2389.3,1,08:12:34.245739898
2389.3,1,08:12:35.286772222
2389.3,1,08:12:43.025636069
2389.4,1,08:12:48.043972256
2389.4,1,08:12:48.873864030
2389.3,5,08:12:52.027237911
2389.3,1,08:12:55.176061182
2389.2,3,08:12:55.646962529
2389.3,1,08:12:56.422423921
2389.5,2,08:13:00.080865080
2389.4,1,08:13:01.899293456
2389.3,1,08:13:03.677022456
2389.4,1,08:13:03.950384994
2389.5,4,08:13:05.038258333
2389.5,1,08:13:05.252024218
2389.5,1,08:13:10.031047477
2389.6,2,08:13:10.255159506
2389.6,1,08:13:10.255408653
2389.7,1,08:13:10.678759425
2389.6,2,08:13:12.925544931
2389.5,1,08:13:13.356841904
2389.8,1,08:13:16.039139567
2389.8,2,08:13:16.039421608
2389.7,1,08:13:16.163749684
2389.8,1,08:13:16.212221843
2389.7,1,08:13:16.223992164
2389.7,1,08:13:19.018249408
2389.7,1,08:13:22.162543457
2389.8,1,08:13:22.327071446
2389.6,1,08:13:22.946728052
2389.7,1,08:13:25.612877288
2389.7,1,08:13:25.791899386
2389.8,1,08:13:32.301326985
2389.8,1,08:13:32.769401025
2389.9,2,08:13:37.565780868
2389.8,1,08:13:38.034569526
2389.9,1,08:13:39.539807359
2389.8,1,08:13:39.552332930
2389.9,1,08:13:40.419921222
2389.9,1,08:13:40.431246209
2389.9,1,08:13:40.985600183
2389.9,1,08:13:42.006058010
2389.8,1,08:13:43.646126541
2389.8,1,08:13:45.485563393
2389.9,1,08:13:46.249285534
2389.8,6,08:13:46.505663744
2389.8,1,08:13:46.505718990
2389.8,1,08:13:46.506522151
2389.7,1,08:13:53.386442731
2389.7,1,08:13:53.386702743
2389.8,1,08:13:53.724639802
2389.7,1,08:13:56.433382806
2389.8,5,08:13:57.225792709
2389.9,1,08:13:57.244390704
2390.0,2,08:14:00.442112405
2390.0,1,08:14:00.442132136
2390.0,1,08:14:00.442250763
2390.0,1,08:14:00.442304840
2390.1,7,08:14:01.290936986
2390.1,1,08:14:01.292400517
2390.0,1,08:14:03.372022699
2390.0,1,08:14:03.372253560
2390.1,1,08:14:05.011902926
2389.9,1,08:14:05.037350030
2389.9,1,08:14:05.097010942
2390.1,8,08:14:05.669201261
2390.0,2,08:14:05.669201261
2390.1,1,08:14:05.670286860
2390.2,1,08:14:08.189213326
2390.1,1,08:14:08.294590431
2390.3,1,08:14:09.511985749
2390.3,1,08:14:10.213815326
2390.3,1,08:14:10.453181529
2390.3,2,08:14:12.373374859
2390.3,1,08:14:12.373689822
2390.2,2,08:14:15.870128290
2390.2,1,08:14:16.192390259
2390.3,1,08:14:20.889391091
2390.3,2,08:14:20.889624311
2390.4,1,08:14:21.048480312
2390.4,13,08:14:21.048880918
2390.4,1,08:14:21.874047807
2390.5,3,08:14:24.128972318
2390.5,4,08:14:24.129287902
2390.5,1,08:14:24.129397383
2390.6,11,08:14:24.381634768
2390.7,2,08:14:24.582511336
2390.8,1,08:14:24.582523627
2390.6,1,08:14:24.668826900
2390.6,1,08:14:24.669332724
2390.5,1,08:14:24.788404388
2390.5,2,08:14:24.788638485
2390.4,5,08:14:25.207770565
2390.5,3,08:14:25.269169715
2390.5,1,08:14:25.269769616
2390.5,1,08:14:26.370294028
2390.3,3,08:14:26.692873133
2390.4,7,08:14:26.692873133
2390.3,1,08:14:27.052612308
2390.3,2,08:14:30.291093667
2390.3,2,08:14:30.291648072
2390.1,2,08:14:31.775576769
2390.1,1,08:14:31.797457789
2390.0,1,08:14:32.038917356
2389.5,6,08:14:32.041374426
2389.8,8,08:14:32.041374426
2389.7,10,08:14:32.041374426
2389.6,9,08:14:32.041374426
2389.9,6,08:14:32.041374426
2390.0,2,08:14:32.041374426
2389.5,1,08:14:32.041638377
2389.8,2,08:14:32.047306866
2389.7,1,08:14:32.047737367
2389.7,1,08:14:32.047839648
2389.8,1,08:14:32.048076162
2389.7,2,08:14:32.053861516
2389.6,1,08:14:32.070599044
2389.7,1,08:14:32.071526371
2389.6,1,08:14:32.148310203
2389.6,1,08:14:32.161806746
2389.6,1,08:14:32.694356846
2389.6,1,08:14:32.695392355
2389.6,1,08:14:34.555666911
2389.5,1,08:14:34.604206896
2389.5,1,08:14:34.605336148
2389.6,1,08:14:36.841585816
2389.4,2,08:14:37.183240602
2389.4,1,08:14:37.225108501
2389.3,1,08:14:38.470023444
2389.2,1,08:14:40.110918507
2389.3,1,08:14:41.798200869
2389.3,7,08:14:41.798562905
2389.3,1,08:14:47.413302071
2389.2,2,08:14:48.101506276
2389.2,2,08:14:49.781772236
2389.3,1,08:14:50.877174461
2389.2,1,08:14:54.625140853
2389.1,2,08:14:56.205583263
2389.0,1,08:14:56.613940466
2389.1,1,08:14:59.898849129
2389.1,1,08:14:59.898917335
2389.1,1,08:14:59.899019318
2389.1,1,08:14:59.899565271
2389.0,1,08:15:00.037219595
2389.3,1,08:15:00.827858349
2389.2,2,08:15:01.429822489
2389.1,1,08:15:01.463853759
2389.0,1,08:15:01.511007758
2389.0,1,08:15:01.511258479
2388.9,1,08:15:02.881440366
2388.9,3,08:15:02.881925642
2388.7,1,08:15:03.468100530
2388.7,5,08:15:03.468116192
2388.7,1,08:15:03.468683876
2388.8,3,08:15:03.564027020
2388.9,1,08:15:03.837578324
2388.9,1,08:15:03.970578153
2388.9,1,08:15:03.970747327
2388.9,1,08:15:03.971869126
2388.9,2,08:15:04.124304418
2388.8,1,08:15:04.555912097
2388.9,1,08:15:04.565769383
2388.9,2,08:15:05.016988189
2388.9,1,08:15:05.406035799
2388.8,6,08:15:06.627069650
2388.9,2,08:15:06.703080545
2388.8,1,08:15:08.406516728
2388.8,1,08:15:09.545918765
2388.7,1,08:15:11.100741263
2388.7,1,08:15:11.534144298
2388.7,2,08:15:12.355847602
2388.9,1,08:15:12.356710240
2388.8,1,08:15:12.356773847
2389.0,1,08:15:13.999818397
2389.0,1,08:15:14.051273966
2389.2,1,08:15:15.077211364
2389.2,1,08:15:15.077393911
2389.2,1,08:15:15.302501552
2389.2,3,08:15:15.312741700
2389.1,1,08:15:19.028972784
2389.1,1,08:15:24.173846534
2389.1,3,08:15:30.358939382
2389.1,1,08:15:30.360754508
2389.1,1,08:15:30.562462900
2389.0,1,08:15:33.051794259
2389.1,2,08:15:33.054364858
2389.0,1,08:15:33.065180314
2389.0,5,08:15:34.483938399
2388.9,8,08:15:34.483938399
2388.8,7,08:15:34.483938399
2388.9,1,08:15:34.485093807
2388.9,1,08:15:34.488498693
2388.9,1,08:15:34.489021151
2388.9,1,08:15:34.489287381
2388.9,1,08:15:34.489471162
2388.8,1,08:15:34.491517246
2388.8,1,08:15:34.493829132
2388.8,2,08:15:34.517162822
2388.8,1,08:15:34.530904208
2388.7,2,08:15:36.610195487
2388.8,1,08:15:36.610537149
2388.8,2,08:15:36.610763963
2388.9,1,08:15:36.635006845
2388.8,1,08:15:37.023859947
2388.9,1,08:15:37.024783185
2388.9,1,08:15:37.024818705
2389.0,1,08:15:37.807365231
2389.0,2,08:15:37.807662751
2388.9,1,08:15:39.567832233
2388.9,1,08:15:39.568104031
2388.9,1,08:15:39.568672526
2388.9,1,08:15:39.578528698
2388.9,1,08:15:39.580570397
2388.9,1,08:15:39.583043743
2388.8,1,08:15:40.012023968
2388.8,1,08:15:40.012701809
2388.8,1,08:15:40.392605091
2388.8,1,08:15:40.392932569
2388.8,1,08:15:41.634121238
2388.8,1,08:15:41.634425539
2388.8,1,08:15:41.634460698
2388.9,3,08:15:42.909275309
2388.9,2,08:15:44.220369023
2388.8,1,08:15:44.220416713
2388.8,1,08:15:44.221850736
2389.0,2,08:15:47.613219418
2389.1,1,08:15:47.830714079
2389.0,1,08:15:49.503615900
2388.9,1,08:15:50.515841825
2388.9,1,08:15:53.220189616
2388.9,1,08:15:53.220428501
2388.9,2,08:15:53.220511856
2388.9,3,08:15:55.319306410
2388.8,1,08:15:56.031407957
2388.9,1,08:15:59.039404383
2389.0,2,08:16:00.101021366
2389.1,1,08:16:00.822495258
2389.0,1,08:16:01.588951936
2389.1,1,08:16:02.548482706
2389.2,1,08:16:03.099784182
2389.2,1,08:16:03.119954950
2389.2,1,08:16:07.783494925
2389.2,1,08:16:07.784290020
2389.1,2,08:16:13.792532245
2389.2,1,08:16:13.794202477
2389.2,1,08:16:13.899027271
2389.1,1,08:16:15.028309136
2389.3,5,08:16:19.899292598
2389.4,1,08:16:19.899306073
2389.3,1,08:16:19.912595833
2389.3,1,08:16:20.292995554
2389.3,1,08:16:22.892794085
2389.2,1,08:16:25.847526759
2389.2,3,08:16:25.847756044
2389.2,1,08:16:25.848277738
2389.5,2,08:16:28.147060632
2389.6,1,08:16:28.147070733
2389.5,4,08:16:28.147070733
2389.4,2,08:16:28.922603649
2389.4,1,08:16:30.050235887
2389.4,1,08:16:33.028661817
2389.5,1,08:16:37.531292281
2389.4,3,08:16:37.985484757
2389.4,1,08:16:37.986118025
2389.5,2,08:16:40.799444232
2389.4,1,08:16:41.306512608
2389.4,1,08:16:41.307071205
2389.3,1,08:16:44.519016201
2389.4,1,08:16:46.399284571
2389.5,5,08:16:46.405085286
2389.6,1,08:16:46.445157540
2389.6,1,08:16:46.445239923
2389.7,1,08:16:46.481923834
2389.8,1,08:16:46.506521469
2389.9,1,08:16:46.641153917
2389.8,1,08:16:47.076317939
2389.8,2,08:16:47.076545237
2389.7,1,08:16:48.526270714
2389.6,1,08:16:48.572160618
2389.5,1,08:16:49.244864482
2389.7,2,08:16:49.773915695
2389.7,1,08:16:49.774782026
2389.8,2,08:16:49.899308737
2389.8,2,08:16:50.457176219
2389.8,1,08:16:50.457254019
2389.8,1,08:16:50.457876940
2389.8,1,08:16:50.458074173
2389.8,1,08:16:50.458848525
2389.7,1,08:16:51.867274920
2389.7,1,08:16:51.894629631
2389.6,1,08:16:52.035850406
2389.5,1,08:16:52.072326801
2389.6,1,08:16:52.072660856
2389.7,1,08:16:54.288879175
2389.6,1,08:16:56.997139610
2389.6,1,08:16:58.574024461
2389.6,1,08:16:58.651040924
2389.6,2,08:17:00.095912588
2389.6,1,08:17:00.096446429
2389.6,2,08:17:00.096539628
2389.6,1,08:17:00.099367541
2389.5,3,08:17:00.099367541
2389.6,2,08:17:00.155816323
2389.6,1,08:17:00.156234939
2389.6,1,08:17:00.156629487
2389.6,1,08:17:00.965526917
2389.7,5,08:17:01.308425512
2389.8,1,08:17:01.387618660
2389.7,1,08:17:01.387991230
2389.7,3,08:17:01.986090224
2389.9,1,08:17:04.047408173
2389.8,9,08:17:04.047408173
2389.8,1,08:17:04.940689456
2389.9,1,08:17:05.852672268
2389.9,1,08:17:08.052309808
2389.9,5,08:17:09.486819231
2389.9,1,08:17:09.488363260
2389.8,1,08:17:10.160196541
2389.8,4,08:17:10.640838737
2389.8,6,08:17:10.641608810
2389.7,1,08:17:11.040248892
2389.7,1,08:17:11.040793886
2389.6,1,08:17:15.051640123
2389.7,1,08:17:15.052511542
2389.7,1,08:17:15.052559117
2389.6,2,08:17:18.424106406
2389.7,1,08:17:19.836718066
2389.8,1,08:17:20.596468964
2389.6,2,08:17:21.644527090
2389.6,1,08:17:21.645070534
2389.6,1,08:17:21.645112218
2389.6,1,08:17:21.744268545
2389.6,2,08:17:22.380206946
2389.6,1,08:17:22.380747001
2389.6,1,08:17:22.380864111
2389.6,1,08:17:22.381153169
2389.6,1,08:17:22.417291277
2389.6,1,08:17:22.417521352
2389.6,1,08:17:22.417716703
2389.5,1,08:17:22.548303376
2389.5,1,08:17:22.548473434
2389.5,9,08:17:22.548750812
2389.5,11,08:17:22.548750812
2389.5,3,08:17:22.548979940
2389.5,4,08:17:22.549026853
2389.5,1,08:17:26.975449800
2389.5,1,08:17:26.975614604
2389.6,5,08:17:27.988715327
2389.6,13,08:17:27.989078541
2389.6,1,08:17:27.990059527
2389.5,4,08:17:27.990174461
2389.5,1,08:17:27.990728834
2389.4,1,08:17:28.021688798
2389.4,1,08:17:29.030984238
2389.4,4,08:17:29.837129752
2389.3,5,08:17:29.837129752
2389.4,1,08:17:29.839460525
2389.4,2,08:17:29.840852348
2389.3,1,08:17:31.566670399
2389.2,1,08:17:31.711295282
2389.3,4,08:17:34.287277925
2389.4,6,08:17:34.287277925
2389.4,1,08:17:34.290683287
2389.3,1,08:17:37.726344859
2389.2,2,08:17:47.722512368
2389.2,1,08:17:47.726715124
2389.1,1,08:17:48.025444883
2389.2,1,08:17:49.603320205
2389.1,3,08:17:49.647810033
2389.2,1,08:17:50.023003490
2389.2,1,08:17:50.025051693
2389.2,4,08:17:50.025371303
2389.3,1,08:17:50.028003113
2389.2,1,08:17:50.178261154
2389.1,1,08:17:52.613604567
2389.0,1,08:17:53.331319338
2388.9,1,08:17:53.331330199
2388.9,1,08:17:53.447358188
2388.9,2,08:17:53.448606453
2389.0,2,08:17:53.520475925
2389.0,1,08:17:53.732197117
2389.0,1,08:17:57.109309531
2388.8,1,08:18:00.256142597
2388.9,1,08:18:00.299616937
2388.9,1,08:18:00.300182552
2389.0,2,08:18:01.339548809
2389.1,1,08:18:01.341155936
2389.1,1,08:18:01.343268625
2389.1,1,08:18:01.417498420
2389.0,2,08:18:01.970971462
2389.2,4,08:18:02.462331209
2389.3,1,08:18:02.893318079
2389.2,1,08:18:07.031522648
2389.4,5,08:18:13.492091726
2389.5,2,08:18:13.650921126
2389.5,3,08:18:13.926270477
2389.5,7,08:18:16.677313053
2389.6,1,08:18:16.680036727
2389.6,3,08:18:16.680351879
2389.6,2,08:18:16.680998219
2389.6,1,08:18:16.685990988
2389.6,1,08:18:19.020314300
2389.6,2,08:18:22.093296537
2389.6,1,08:18:22.151768898
2389.4,1,08:18:24.507953565
2389.5,1,08:18:24.599805112
2389.3,1,08:18:26.041074261
2389.4,1,08:18:27.266003522
2389.4,1,08:18:28.999975977
2389.3,4,08:18:29.039504999
2389.3,1,08:18:29.040203067
2389.3,1,08:18:29.040553872
2389.3,4,08:18:29.040958295
2389.2,4,08:18:29.045196207
2389.2,2,08:18:29.045602898
2389.1,3,08:18:29.045827020
2389.2,1,08:18:29.046481396
2389.2,1,08:18:29.046542750
2389.1,2,08:18:29.047620691
2389.1,2,08:18:29.048188425
2389.1,1,08:18:29.048975980
2389.2,3,08:18:29.065093436
2389.2,1,08:18:29.065686995
2389.2,2,08:18:29.068239638
2389.2,1,08:18:29.069492105
2389.1,1,08:18:29.075823637
2389.2,1,08:18:29.076219619
2389.1,1,08:18:29.076579188
2389.3,5,08:18:29.076781537
2389.3,1,08:18:29.076853910
2389.2,1,08:18:29.076963103
2389.3,1,08:18:29.078377624
2389.3,1,08:18:29.078864831
2389.2,2,08:18:29.148686049
2389.2,1,08:18:29.149078495
2389.2,1,08:18:29.149395030
2389.2,1,08:18:29.149845243
2389.1,5,08:18:29.162126322
2389.1,1,08:18:29.162491770
2389.1,1,08:18:29.162909036
2389.3,9,08:18:29.210759565
2389.2,6,08:18:29.210759565
2389.3,1,08:18:29.211739877
2389.3,2,08:18:29.211776018
2389.3,1,08:18:29.213774343
2389.3,1,08:18:29.214285937
2389.3,1,08:18:29.571590237
2389.2,2,08:18:30.446519568
2389.2,1,08:18:31.187314934
2389.1,4,08:18:33.249846702
2389.1,1,08:18:33.252311961
2389.1,1,08:18:35.907552039
2389.1,1,08:18:35.907713255
2389.2,1,08:18:36.321885132
2389.0,1,08:18:36.461748678
2389.0,2,08:18:36.469167746
2389.0,2,08:18:36.540903242
2389.0,1,08:18:36.541212229
2389.0,1,08:18:36.541453971
2388.9,1,08:18:36.566504149
2388.9,1,08:18:36.566822101
2388.5,8,08:18:36.568428859
2388.7,8,08:18:36.568428859
2388.6,13,08:18:36.568428859
2388.8,2,08:18:36.568428859
2388.9,1,08:18:36.568968141
2388.8,1,08:18:36.568968141
2388.7,1,08:18:36.575015827
2388.7,1,08:18:36.575122405
2388.7,1,08:18:36.576925235
2388.7,1,08:18:36.577135601
2388.8,4,08:18:36.577506584
2388.8,1,08:18:36.610301388
2388.8,1,08:18:36.637002495
2388.7,2,08:18:36.668789218
2388.7,1,08:18:36.860952825
2388.7,2,08:18:36.861484598
2388.6,1,08:18:37.129086203
2388.5,1,08:18:37.129097793
2388.6,1,08:18:37.207888447
2388.6,1,08:18:37.952005488
2388.5,1,08:18:37.954192386
2388.4,3,08:18:37.966912216
2388.3,1,08:18:37.966924978
2388.4,1,08:18:37.969392375
2388.4,1,08:18:37.969429176
2388.5,1,08:18:40.397573781
2388.5,4,08:18:40.399193451
2388.5,1,08:18:40.399396538
2388.4,2,08:18:40.407495389
2388.3,1,08:18:40.410940569
2388.4,1,08:18:40.412863257
2388.3,2,08:18:40.741321274
2388.3,1,08:18:41.227915955
2388.3,1,08:18:41.228157448
2388.4,1,08:18:41.514843402
2388.3,1,08:18:41.843239767
2388.3,1,08:18:41.843439771
2388.3,2,08:18:41.843961446
2388.2,1,08:18:41.920621119
2388.2,5,08:18:41.920636101
2388.3,1,08:18:41.921952128
2388.2,1,08:18:42.553431208
2388.3,2,08:18:42.636091210
2388.3,1,08:18:42.834745708
2388.4,1,08:18:43.778151364
2388.4,1,08:18:44.012920121
2388.4,4,08:18:44.013418108
2388.4,1,08:18:44.036863511
2388.2,1,08:18:44.767172578
2388.3,1,08:18:44.767983855
2388.2,1,08:18:44.906555450
2388.2,1,08:18:45.024559919
2388.2,1,08:18:45.514693458
2388.2,1,08:18:45.515808549
2388.2,1,08:18:45.516277109
2388.1,2,08:18:49.460596569
2388.2,1,08:18:49.461099568
2388.2,1,08:18:49.461818302
2388.2,1,08:18:50.240967571
2388.2,1,08:18:53.195207921
2388.2,1,08:18:53.209086994
2388.3,1,08:18:54.073881106
2388.3,3,08:18:54.074209059
2388.3,1,08:18:54.482759470
2388.3,1,08:18:54.483493632
2388.3,1,08:18:54.483759493
2388.2,2,08:18:55.459271016
2388.2,2,08:18:55.460719361
2388.0,6,08:18:57.056318933
2388.1,3,08:18:57.488464663
2388.1,1,08:18:57.841472817
2388.2,3,08:18:57.842256215
2388.1,2,08:18:58.818831272
2388.1,1,08:18:58.819269303
2388.1,4,08:18:58.823142693
2388.1,1,08:18:58.832199822
2388.0,1,08:18:58.878471037
2388.2,1,08:18:59.593323147
2388.2,1,08:18:59.754324342
2388.1,1,08:18:59.817292793
2388.1,1,08:18:59.819824000
2388.0,1,08:19:00.037766987
2388.1,1,08:19:00.090533870
2388.0,4,08:19:00.090533870
2387.9,5,08:19:00.090533870
2388.2,1,08:19:02.597120807
2388.3,5,08:19:02.599332336
2388.4,1,08:19:02.816432037
2388.3,1,08:19:03.005802114
2388.3,1,08:19:03.029486152
2388.4,1,08:19:03.744201524
2388.5,1,08:19:06.031987588
2388.6,1,08:19:07.078549652
2388.6,7,08:19:08.623210111
2388.7,3,08:19:13.635019424
2388.8,1,08:19:13.635030048
2388.6,1,08:19:13.707039067
2388.6,1,08:19:15.641547850
2388.5,3,08:19:15.778024504
2388.5,1,08:19:15.778250080
2388.5,1,08:19:17.669590872
2388.5,1,08:19:17.669853221
2388.5,1,08:19:17.669884378
2388.5,1,08:19:17.670265228
2388.5,1,08:19:17.670661079
2388.5,1,08:19:17.671039205
2388.5,1,08:19:17.671407846
2388.5,1,08:19:17.677087582
2388.5,1,08:19:17.677469657
2388.5,1,08:19:17.677861495
2388.4,1,08:19:21.185672846
2388.5,3,08:19:21.186401171
2388.4,2,08:19:21.355934980
2388.5,1,08:19:21.619989017
2388.4,1,08:19:22.027551199
2388.6,1,08:19:22.034920423
2388.6,1,08:19:22.658881817
2388.6,1,08:19:24.153101161
2388.7,6,08:19:28.367309819
2388.8,5,08:19:28.519956246
2388.8,1,08:19:28.520675476
2388.7,1,08:19:32.894618252
2388.6,1,08:19:33.909909866
2388.5,2,08:19:33.909909866
2388.6,5,08:19:38.940761482
2388.6,1,08:19:38.941590276
2388.5,1,08:19:40.028086449
2388.5,1,08:19:40.965650863
2388.5,1,08:19:41.985543634
2388.5,1,08:19:41.986005892
2388.5,2,08:19:41.986370863
2388.4,1,08:19:44.005589686
2388.5,3,08:19:45.670530113
2388.4,1,08:19:51.012560766
2388.4,5,08:19:51.104592647
2388.3,3,08:19:51.106414345
2388.4,1,08:19:51.106986773
2388.3,1,08:19:51.108350806
2388.2,1,08:19:54.656196049
2388.1,1,08:19:54.658048861
2388.1,1,08:19:54.658062026
2388.1,2,08:19:55.134796459
2388.0,9,08:19:55.147823053
2387.9,7,08:19:55.147823053
2388.0,1,08:19:56.658015569
2388.0,1,08:19:56.658952193
2388.1,5,08:19:56.659311294
2388.2,1,08:19:56.661463504
2388.1,1,08:19:56.674725697
2388.2,1,08:19:56.878742768
2388.0,2,08:19:57.200442358
2388.0,3,08:19:58.311584493
2388.1,6,08:19:58.689191696
2388.2,6,08:19:59.007490784
2388.1,1,08:19:59.039957555
2388.2,1,08:20:01.018996749
2388.2,2,08:20:01.019307805
2388.2,1,08:20:01.019604242
2388.2,1,08:20:01.343417316
2388.1,1,08:20:01.597520953
2388.1,2,08:20:02.248426632
2388.0,2,08:20:02.384494585
2387.9,1,08:20:02.660265570
2387.8,1,08:20:02.664001175
2387.7,5,08:20:02.664013693
2387.7,1,08:20:02.664032740
2387.9,1,08:20:02.823673818
2388.0,1,08:20:02.852815166
2388.0,2,08:20:02.967293281
2388.0,1,08:20:02.994434192
2388.0,1,08:20:03.000887781
2388.2,1,08:20:03.399229021
2388.3,1,08:20:03.696212086
2388.3,1,08:20:03.696257457
2388.3,1,08:20:03.696293867
2388.3,2,08:20:03.696380282
2388.3,18,08:20:03.696542678
2388.4,1,08:20:03.696970876
2388.2,4,08:20:03.746526977
2388.3,1,08:20:05.016884776
2388.3,1,08:20:05.017561951
2388.4,1,08:20:05.074410071
2388.3,1,08:20:05.076035176
2388.4,1,08:20:05.166769018
2388.4,1,08:20:05.208274654
2388.5,1,08:20:05.220423353
2388.4,1,08:20:05.250596018
2388.4,1,08:20:05.616901550
2388.5,1,08:20:05.890638293
2388.4,1,08:20:05.965296628
2388.5,10,08:20:06.523397109
2388.5,22,08:20:06.524041362
2388.6,3,08:20:06.525990697
2388.6,1,08:20:06.527113538
2388.7,1,08:20:06.527664769
2388.6,1,08:20:06.568159507
2388.7,1,08:20:06.926932583
2388.7,1,08:20:06.927196612
2388.8,1,08:20:06.938866610
2388.7,1,08:20:06.969341850
2388.8,1,08:20:07.288555266
2388.8,1,08:20:07.289172824
2388.8,1,08:20:07.459380706
2388.8,2,08:20:08.034279383
2388.7,1,08:20:08.036615984
2388.7,2,08:20:08.036848158
2388.7,1,08:20:08.036960996
2388.6,1,08:20:08.129539653
2388.7,1,08:20:09.167495339
2388.7,1,08:20:09.316936982
2388.7,1,08:20:09.839940758
2388.6,2,08:20:10.773202223
2388.6,2,08:20:10.773681522
2388.6,1,08:20:10.773993384
2388.6,1,08:20:10.776159050
2388.7,1,08:20:11.034968206
2388.7,1,08:20:12.035161299
2388.6,1,08:20:13.271037380
2388.6,1,08:20:13.297318504
2388.6,3,08:20:13.782218766
2388.6,1,08:20:13.782852164
2388.6,3,08:20:13.783394415
2388.5,1,08:20:13.975392739
2388.6,1,08:20:14.029818091
2388.6,1,08:20:14.052387605
2388.6,1,08:20:14.985124364
2388.8,3,08:20:16.212641882
2388.9,1,08:20:16.234055901
2388.9,1,08:20:16.234676380
2388.9,1,08:20:16.339076437
2389.0,1,08:20:18.176867090
2389.0,1,08:20:18.176884521
2389.0,1,08:20:18.176963140
2389.1,1,08:20:18.190602826
2389.1,1,08:20:18.191365136
2389.2,1,08:20:19.438004449
2389.2,1,08:20:20.243971069
2389.2,1,08:20:20.703522287
2389.2,2,08:20:21.165826325
2389.3,1,08:20:21.211193923
2389.3,1,08:20:21.211208485
2389.3,1,08:20:22.245801407
2389.3,1,08:20:22.245896161
2389.3,1,08:20:22.249028186
2389.3,1,08:20:23.064992829
2389.4,2,08:20:23.950111074
2389.5,1,08:20:24.070764447
2389.5,1,08:20:24.108055028
2389.4,3,08:20:24.574808240
2389.4,1,08:20:24.575141064
2389.4,1,08:20:24.683189094
2389.5,1,08:20:24.707604411
2389.3,1,08:20:25.469264350
2389.3,1,08:20:25.469823468
2389.3,1,08:20:25.470629510
2389.3,1,08:20:26.041216003
2389.3,1,08:20:27.728356298
2389.4,1,08:20:28.037349591
2389.3,1,08:20:28.178733559
2389.1,2,08:20:29.522856846
2389.2,1,08:20:31.418199376
2389.2,1,08:20:33.000043391
2389.2,1,08:20:33.000238054
2389.2,6,08:20:33.000310916
2389.1,1,08:20:33.322052485
2389.0,2,08:20:33.336327102
2388.9,1,08:20:33.339107295
2388.9,2,08:20:33.339362660
2388.9,1,08:20:35.713944400
2388.9,2,08:20:35.714011765
2388.8,1,08:20:35.725854883
2388.9,1,08:20:37.043176319
2388.9,1,08:20:37.096382784
2388.9,1,08:20:37.096720803
2389.0,1,08:20:38.164232606
2389.0,2,08:20:38.164447186
2388.9,1,08:20:38.545737247
2388.8,1,08:20:38.658997500
2388.7,1,08:20:39.039658813
2388.8,1,08:20:39.284771112
2388.8,1,08:20:39.806781382
2388.8,1,08:20:39.807014914
2388.7,1,08:20:40.738169197
2388.6,1,08:20:40.977147710
2388.3,1,08:20:42.774050734
2388.2,1,08:20:42.774063375
2388.2,2,08:20:42.774382754
2388.3,1,08:20:42.776220019
2388.3,1,08:20:42.776248906
2388.2,1,08:20:42.777300700
2388.2,1,08:20:43.043122031
2388.2,2,08:20:43.043156623
2388.2,1,08:20:43.043958902
2388.2,1,08:20:46.407880272
2388.1,1,08:20:48.081507410
2388.1,1,08:20:48.081729222
2388.1,1,08:20:48.081826626
2388.1,1,08:20:48.687120126
2388.1,1,08:20:48.687362313
2388.0,3,08:20:48.783595059
2387.9,4,08:20:48.783595059
2388.0,1,08:20:48.790175489
2388.0,1,08:20:48.975203557
2388.1,1,08:20:49.113012649
2387.9,1,08:20:49.791049572
2388.1,1,08:20:50.798805439
2388.1,3,08:20:50.799093377
2388.2,1,08:20:51.043780868
2388.3,1,08:20:51.081914637
2388.2,1,08:20:52.039958922
2388.4,1,08:20:52.070344509
2388.4,1,08:20:52.719467218
2388.3,1,08:20:55.497801302
2388.3,2,08:20:55.497981910
2388.3,1,08:20:55.501748053
2388.3,1,08:20:57.052143271
2388.2,1,08:20:59.525885651
2388.4,1,08:21:03.629818215
2388.5,1,08:21:03.925762701
2388.5,2,08:21:03.926004278
2388.6,2,08:21:04.250981579
2388.6,1,08:21:05.037435591
2388.5,1,08:21:05.394771226
2388.7,1,08:21:05.861993013
2388.7,1,08:21:05.864120077
2388.7,5,08:21:07.712580336
2388.7,1,08:21:10.173793643
2388.8,2,08:21:13.130767798
2388.8,3,08:21:13.151416319
2388.9,4,08:21:13.278002706
2389.0,5,08:21:13.278019552
2388.9,1,08:21:13.278879179
2389.0,1,08:21:13.278942841
2388.9,1,08:21:13.280501138
2388.9,1,08:21:13.708142819
2388.9,2,08:21:14.077086532
2388.9,2,08:21:15.030223994
2388.9,1,08:21:15.031181168
2388.9,1,08:21:15.032044472
2389.0,1,08:21:15.985828126
2388.9,2,08:21:17.028321141
2388.9,1,08:21:17.028418948
2388.8,1,08:21:18.021017495
2388.8,2,08:21:18.021327083
2388.9,2,08:21:18.021408342
2388.8,1,08:21:18.021530457
2388.8,2,08:21:18.021610100
2388.8,1,08:21:18.021655029
2388.9,9,08:21:18.268679487
2388.9,1,08:21:18.269063643
2388.9,1,08:21:18.269097618
2388.9,1,08:21:18.269257010
2388.9,1,08:21:18.269621974
2388.9,1,08:21:18.269708516
2388.9,1,08:21:18.269848881
2388.9,2,08:21:18.321925453
2388.9,1,08:21:18.322116423
2388.9,1,08:21:18.322187720
2388.8,1,08:21:18.322652840
2388.8,1,08:21:18.322946817
2388.7,1,08:21:18.351688311
2388.7,2,08:21:18.351718389
2388.7,8,08:21:18.351960656
2388.7,1,08:21:18.352809678
2388.7,2,08:21:18.451094208
2388.8,1,08:21:18.473787718
2389.0,1,08:21:19.602603511
2388.9,2,08:21:23.027458925
2388.9,2,08:21:23.027646190
2388.8,1,08:21:23.525910048
2388.8,1,08:21:23.526469189
2388.8,1,08:21:23.526696266
2388.8,1,08:21:23.527222136
2388.7,2,08:21:25.775752813
2388.8,1,08:21:28.236673753
2388.8,5,08:21:28.237093070
2388.8,1,08:21:28.281306010
2388.7,1,08:21:29.812531741
2388.7,3,08:21:29.813006211
2388.7,1,08:21:29.813618003
2388.7,1,08:21:30.837885586
2388.7,1,08:21:31.025049406
2388.7,1,08:21:31.025300704
2388.7,6,08:21:32.823721968
2388.7,1,08:21:32.866452279
2388.6,1,08:21:35.784156786
2388.5,2,08:21:37.030417050
2388.5,2,08:21:37.030448909
2388.5,1,08:21:37.031162130
2388.5,1,08:21:39.821718350
2388.5,1,08:21:40.870552426
2388.4,1,08:21:43.105473347
2388.4,1,08:21:43.108252981
2388.4,2,08:21:43.108483177
2388.4,2,08:21:43.111061345
2388.3,1,08:21:44.027970863
2388.2,1,08:21:45.025921063
2388.3,1,08:21:45.666012288
2388.1,1,08:21:46.407471163
2388.2,1,08:21:46.407548704
2388.2,1,08:21:46.409685726
2388.2,1,08:21:46.409935437
2388.0,1,08:21:51.325964610
2387.9,1,08:21:51.325979612
2388.0,1,08:21:51.363739528
2388.0,1,08:21:51.363946332
2388.1,1,08:21:51.657046566
2388.1,1,08:21:51.657269620
2388.1,2,08:21:51.657333960
2388.1,2,08:21:51.697381152
2388.2,9,08:21:51.697381152
2388.3,1,08:21:51.915879840
2388.2,1,08:21:51.960563503
2388.2,1,08:21:57.029717877
2388.3,1,08:21:57.481769613
2388.4,1,08:22:00.588480292
2388.5,5,08:22:00.588489319
2388.5,1,08:22:00.589457186
2388.4,2,08:22:01.366570006
2388.5,1,08:22:03.079604912
2388.6,2,08:22:07.714326773
2388.6,2,08:22:07.714421256
2388.5,1,08:22:08.694121832
2388.4,1,08:22:10.041889682
2388.5,1,08:22:13.513413800
2388.6,1,08:22:13.516124277
2388.8,1,08:22:13.767073251
2388.7,1,08:22:15.025424544
2388.8,1,08:22:15.721523869
2388.7,2,08:22:15.766125971
2388.7,1,08:22:16.681170930
2388.7,1,08:22:17.375447983
2388.7,1,08:22:17.446148245
2388.7,1,08:22:18.289727123
2388.8,1,08:22:18.874313406
2388.7,1,08:22:20.589710084
2388.7,2,08:22:20.589787138
2388.7,2,08:22:20.589973245
2388.7,1,08:22:20.590012832
2388.7,2,08:22:20.593666676
2388.6,1,08:22:21.346396580
2388.6,1,08:22:21.346623586
2388.7,1,08:22:22.038673356
2388.7,2,08:22:22.038771530
2388.6,1,08:22:23.036211742
2388.6,1,08:22:23.036582642
2388.7,2,08:22:23.037789867
2388.7,1,08:22:23.084196087
2388.8,1,08:22:23.831344888
2388.6,1,08:22:24.303383806
2388.6,1,08:22:26.673143422
2388.6,1,08:22:26.673203951
2388.6,1,08:22:27.513647515
2388.6,1,08:22:27.514095257
2388.6,2,08:22:27.514453422
2388.6,2,08:22:27.545074178
2388.7,1,08:22:27.750672976
2388.8,1,08:22:30.556682274
2388.6,2,08:22:30.741732358
2388.6,1,08:22:30.927391359
2388.6,1,08:22:32.400100207
2388.5,2,08:22:32.486143538
2388.5,2,08:22:32.694799333
2388.3,1,08:22:32.859127709
2388.3,1,08:22:32.859266595
2388.4,1,08:22:35.310235248
2388.3,1,08:22:36.026784464
2388.4,1,08:22:37.389217553
2388.3,1,08:22:38.555552789
2388.1,1,08:22:41.106470604
2388.0,5,08:22:41.106486351
2388.1,1,08:22:42.043558828
2388.2,2,08:22:42.045866235
2388.1,4,08:22:43.067578647
2388.3,1,08:22:43.211801400
2388.2,1,08:22:44.015619780
2388.1,1,08:22:44.638234758
2387.9,1,08:22:45.374490912
2387.8,1,08:22:45.403036228
2387.9,1,08:22:47.378381964
2387.8,1,08:22:49.027505975
2387.8,1,08:22:52.814417900
2387.8,1,08:22:56.061759812
2387.8,1,08:22:56.062304405
2387.8,1,08:22:56.076002260
2388.0,1,08:22:56.776970284
2387.9,1,08:22:59.102698515
2388.0,1,08:22:59.935782089
2387.9,1,08:23:01.564524575
2387.9,1,08:23:01.564688348
2387.9,1,08:23:01.565077306
2388.1,1,08:23:01.870746033
2387.9,1,08:23:02.046687338
2387.8,1,08:23:03.945106891
2387.6,9,08:23:04.040341907
2387.7,5,08:23:04.040341907
2387.5,1,08:23:04.040341907
2387.5,5,08:23:04.040351174
2387.5,1,08:23:04.042589021
2387.6,4,08:23:04.042589021
2387.7,1,08:23:04.044768848
2387.6,1,08:23:04.046217133
2387.5,4,08:23:04.047794998
2387.5,1,08:23:04.049099028
2387.4,1,08:23:04.071607454
2387.4,4,08:23:04.072925186
2387.4,1,08:23:04.073014413
2387.3,2,08:23:04.074523212
2387.2,5,08:23:04.074530882
2387.1,1,08:23:04.076371569
2387.2,4,08:23:04.076371569
2387.1,5,08:23:04.076378427
2387.2,2,08:23:04.079407666
2387.1,3,08:23:04.079971981
2387.1,4,08:23:04.080057343
2387.2,2,08:23:04.080090243
2387.3,1,08:23:04.083704450
2387.4,3,08:23:04.129010655
2387.5,3,08:23:04.129010655
2387.6,8,08:23:04.129371511
2387.7,11,08:23:04.129371511
2387.7,1,08:23:04.130061160
2387.7,1,08:23:04.130126451
2387.7,1,08:23:04.130209038
2387.7,1,08:23:04.130281443
2387.7,2,08:23:04.131161268
2387.7,1,08:23:04.131442375
2387.7,1,08:23:04.132083278
2387.7,10,08:23:04.132603745
2387.8,1,08:23:04.134380239
2387.7,1,08:23:04.134380239
2387.7,1,08:23:04.135918497
2387.7,1,08:23:04.136123522
2387.8,1,08:23:04.149966020
2387.7,1,08:23:04.150367641
2387.6,3,08:23:04.189237897
2387.5,1,08:23:04.191250422
2387.5,2,08:23:04.245517429
2387.6,1,08:23:04.281899687
2387.6,1,08:23:04.334660731
2387.6,1,08:23:04.335528777
2387.7,1,08:23:04.640155591
2387.7,1,08:23:04.679831323
2387.7,1,08:23:04.680035452
2387.7,1,08:23:04.680589345
2387.7,1,08:23:04.723692275
2387.8,3,08:23:05.049455021
2387.8,5,08:23:05.049486385
2387.8,1,08:23:05.049653448
2387.8,2,08:23:05.049846610
2387.8,1,08:23:05.049898163
2387.8,2,08:23:05.049943553
2387.8,2,08:23:05.050030508
2387.8,1,08:23:05.050201135
2387.8,3,08:23:05.050543174
2387.7,5,08:23:05.050689881
2387.6,1,08:23:05.052230684
2387.6,2,08:23:05.052347915
2387.6,1,08:23:05.052482362
2387.6,1,08:23:05.052527541
2387.6,1,08:23:05.285319846
2387.7,1,08:23:05.654210966
2387.6,1,08:23:06.005881740
2387.6,1,08:23:07.031991529
2387.6,1,08:23:07.032262581
2387.6,1,08:23:07.784663026
2387.8,6,08:23:09.410776583
2387.8,1,08:23:09.411126522
2387.7,1,08:23:11.020507718
2387.8,1,08:23:12.911261794
2387.8,1,08:23:12.911550225
2387.8,2,08:23:13.967074484
2387.8,1,08:23:14.963245453
2387.7,1,08:23:15.191916275
2387.7,3,08:23:15.746828373
2387.7,3,08:23:15.747054032
2387.7,2,08:23:15.749697202
2387.7,1,08:23:15.750004901
2387.7,1,08:23:15.753230841
2387.6,1,08:23:16.028924188
2387.6,1,08:23:16.128726379
2387.6,2,08:23:16.128938735
2387.7,1,08:23:16.298825041
2387.7,1,08:23:17.785968570
2387.7,1,08:23:17.827902249
2387.6,2,08:23:21.127817008
2387.6,1,08:23:21.127853370
2387.6,1,08:23:21.128039051
2387.6,1,08:23:21.128117990
2387.6,1,08:23:21.315711176
2387.7,1,08:23:22.681365795
2387.6,1,08:23:24.629586903
2387.6,1,08:23:24.629614408
2387.6,1,08:23:24.630355693
2387.6,3,08:23:25.064948265
2387.6,1,08:23:25.065357548
2387.6,1,08:23:25.274984743
2387.6,1,08:23:25.275346226
2387.6,1,08:23:26.359691271
2387.6,1,08:23:26.359941459
2387.6,1,08:23:29.041336657
2387.5,1,08:23:30.305914696
2387.3,1,08:23:31.943775800
2387.3,1,08:23:31.944228555
2387.3,1,08:23:32.117805813
2387.3,1,08:23:32.118062890
2387.3,1,08:23:32.118143256
2387.3,1,08:23:32.118252689
2387.3,1,08:23:32.119172938
2387.3,3,08:23:32.157648653
2387.2,1,08:23:32.353249120
2387.2,1,08:23:32.353260258
2387.1,4,08:23:32.353260258
2387.3,2,08:23:32.426965334
2387.2,1,08:23:32.557502886
2387.2,1,08:23:32.601345032
2387.2,1,08:23:33.185019967
2387.2,1,08:23:33.185251040
2387.2,1,08:23:33.208044070
2387.2,1,08:23:34.090145833
2387.3,1,08:23:34.745526335
2387.0,3,08:23:36.089022357
2387.0,1,08:23:36.089036349
2387.2,1,08:23:36.377580407
2387.0,1,08:23:36.414333792
2387.1,1,08:23:37.138843263
2387.2,1,08:23:37.418391906
2387.2,2,08:23:38.018546439
2387.3,1,08:23:38.134521696
2387.2,1,08:23:39.683971377
2387.2,1,08:23:40.197063523
2387.1,1,08:23:40.307717786
2387.0,2,08:23:41.413766811
2387.0,1,08:23:41.415161252
2387.0,1,08:23:41.415586464
2387.1,1,08:23:41.500217740
2386.9,1,08:23:42.039531662
2386.9,1,08:23:43.745529136
2387.0,1,08:23:43.880335821
2386.9,1,08:23:44.926870915
2386.9,1,08:23:45.295634111
2386.9,1,08:23:45.445436221
2387.0,1,08:23:46.413419581
2387.0,4,08:23:48.163001416
2387.1,1,08:23:48.284522906
2387.2,2,08:23:48.284538324
2387.1,3,08:23:48.284538324
2387.1,2,08:23:49.413432537
2387.2,2,08:23:51.679496825
2387.3,1,08:23:51.679516693
2387.4,1,08:23:51.800891844
2387.5,1,08:23:53.540735646
2387.5,2,08:23:53.542895245
2387.5,1,08:23:53.544833569
2387.4,1,08:23:55.039476295
2387.5,1,08:23:56.239470872
2387.4,2,08:23:58.075413449
2387.3,1,08:23:58.094711201
2387.2,1,08:24:01.405923400
2386.9,1,08:24:06.480963426
2387.0,1,08:24:06.891263826
2386.9,1,08:24:08.025093954
2387.0,6,08:24:09.811524155
2387.0,2,08:24:10.070380622
2387.0,1,08:24:10.197159151
2387.0,1,08:24:10.393997501
2387.1,4,08:24:13.691145408
2387.1,1,08:24:13.691252662
2387.1,1,08:24:13.691663070
2387.0,1,08:24:16.457843725
2386.9,1,08:24:17.714715809
2386.9,2,08:24:17.714828272
2386.9,1,08:24:17.715333997
2386.9,1,08:24:17.715572827
2386.9,1,08:24:20.842209411
2386.9,1,08:24:20.842620878
2386.8,1,08:24:21.037291425
2386.8,1,08:24:21.241346770
2386.8,1,08:24:21.241390454
2386.8,1,08:24:21.241424780
2386.8,2,08:24:21.241514660
2386.8,1,08:24:21.241649266
2386.8,1,08:24:21.242228624
2386.9,5,08:24:24.263521141
2386.9,1,08:24:24.307596555
2386.9,1,08:24:24.400485954
2386.9,1,08:24:24.400724231
2386.8,3,08:24:24.951761288
2386.8,1,08:24:24.952689401
2386.8,1,08:24:25.016808447
2386.8,3,08:24:25.016971683
2386.8,1,08:24:25.017706680
2386.7,1,08:24:25.017771782
2386.7,5,08:24:25.017779746
2386.7,2,08:24:25.017996263
2386.8,1,08:24:25.018358907
2386.8,1,08:24:25.018800224
2386.8,2,08:24:25.020519341
2386.8,3,08:24:25.021012205
2386.8,1,08:24:25.022061238
2386.8,1,08:24:25.024081474
2386.7,4,08:24:25.024175369
2386.8,1,08:24:25.610265532
2387.0,1,08:24:25.877491360
2387.0,3,08:24:26.797064041
2386.9,1,08:24:27.226051402
2387.0,6,08:24:27.311280770
2387.1,44,08:24:27.311280770
2386.9,1,08:24:27.313202828
2386.9,3,08:24:27.313333518
2386.8,1,08:24:27.316218853
2386.8,2,08:24:27.317741153
2386.6,1,08:24:27.440520296
2386.7,1,08:24:27.520193288
2386.8,1,08:24:27.578604806
2386.8,1,08:24:28.448753529
2386.8,1,08:24:28.451883572
2386.8,1,08:24:28.907181926
2386.7,1,08:24:29.319465554
2386.6,1,08:24:29.329110805
2386.9,7,08:24:29.718207785
2386.8,5,08:24:29.718207785
2386.9,1,08:24:29.721117581
2387.0,1,08:24:29.721117581
2386.9,1,08:24:29.803798945
2386.9,1,08:24:30.826354060
2386.8,1,08:24:31.387496186
2386.8,2,08:24:31.388330225
2386.8,2,08:24:31.394778407
2386.7,2,08:24:31.421974459
2386.8,1,08:24:34.040417298
2386.8,1,08:24:34.040706024
2386.7,1,08:24:34.094784114
2386.7,2,08:24:34.152433041
2386.8,6,08:24:34.311301438
2386.8,1,08:24:34.311721478
2386.8,1,08:24:34.312223511
2386.8,1,08:24:34.313640259
2386.8,1,08:24:35.383739437
2386.8,1,08:24:36.543901946
2386.7,1,08:24:37.176101713
2386.7,1,08:24:38.006993976
2386.8,1,08:24:38.336780029
2386.7,1,08:24:38.437779378
2386.7,1,08:24:39.498101913
2386.7,1,08:24:41.246053254
2386.7,1,08:24:41.246275694
2386.7,1,08:24:43.265569629
2386.6,4,08:24:44.655149615
2386.6,1,08:24:45.008680006
2386.5,2,08:24:45.661974031
2386.5,5,08:24:45.661996402
2386.6,1,08:24:45.662419569
2386.5,1,08:24:45.662480911
2386.6,1,08:24:46.379755179
2386.6,2,08:24:46.379845322
2386.6,2,08:24:46.379887915
2386.6,1,08:24:47.029111654
2386.6,1,08:24:47.045573343
2386.7,1,08:24:47.945406737
2386.7,1,08:24:47.945699991
2386.7,1,08:24:48.442108535
2386.7,1,08:24:49.950858131
2386.6,3,08:24:49.960533602
2386.7,1,08:24:50.364355799
2386.6,1,08:24:51.353728768
2386.5,10,08:24:52.351539233
2386.5,2,08:24:52.352646123
2386.5,1,08:24:52.353637148
2386.5,2,08:24:52.354125362
2386.5,1,08:24:52.365736211
2386.5,2,08:24:52.365920170
2386.5,4,08:24:52.366130853
2386.5,2,08:24:52.366170628
2386.4,1,08:24:54.007508453
2386.4,3,08:24:54.026308719
2386.4,2,08:24:54.026931200
2386.5,1,08:24:54.326968701
2386.5,1,08:24:54.327252492
2386.4,1,08:24:55.052672208
2386.4,1,08:24:55.055105582
2386.3,1,08:24:57.496176402
2386.3,1,08:24:57.903934500
2386.4,1,08:24:57.927994233
2386.4,1,08:24:58.283923247
2386.3,1,08:25:00.033593048
2386.4,2,08:25:00.209545265
2386.5,2,08:25:00.915603817
2386.5,1,08:25:00.915736130
2386.5,2,08:25:00.917623599
2386.6,2,08:25:01.078084662
2386.6,1,08:25:01.078206187
2386.7,1,08:25:01.321328079
2386.6,1,08:25:03.242186724
2386.6,1,08:25:03.242223374
2386.6,2,08:25:03.243996982
2386.6,1,08:25:03.244268629
2386.7,1,08:25:06.274372323
2386.7,1,08:25:06.274403516
2386.5,1,08:25:08.956014915
2386.5,1,08:25:08.961328654
2386.6,1,08:25:09.759640059
2386.7,2,08:25:11.150193061
2386.8,1,08:25:11.441136106
2386.8,1,08:25:11.652994869
2386.8,1,08:25:12.043658375
2386.9,4,08:25:12.838959279
2386.8,1,08:25:14.037072201
2386.8,1,08:25:15.085604585
2386.9,1,08:25:15.266693950
2386.9,2,08:25:17.257521246
2387.0,1,08:25:19.072308541
2387.1,5,08:25:19.330287387
2387.1,5,08:25:19.330302399
2387.1,1,08:25:19.330652770
2387.1,3,08:25:19.331439530
2387.1,1,08:25:19.331499006
2387.1,1,08:25:19.331829223
2387.1,9,08:25:19.332174415
2387.0,1,08:25:19.332480779
2387.1,3,08:25:19.332611144
2387.1,1,08:25:19.333590904
2387.1,2,08:25:19.334098251
2387.1,1,08:25:19.334582079
2387.2,1,08:25:19.949651310
2387.0,1,08:25:20.236524821
2386.8,1,08:25:20.902924980
2386.9,4,08:25:20.902924980
2386.8,1,08:25:21.633372839
2386.8,1,08:25:21.633611483
2386.7,1,08:25:22.135275913
2386.7,2,08:25:22.960921303
2386.8,1,08:25:23.610462060
2386.9,2,08:25:24.355109621
2386.9,1,08:25:24.355256587
2386.9,1,08:25:29.027404349
2387.0,1,08:25:29.560308351
2387.0,1,08:25:29.560371347
2387.1,2,08:25:29.876722216
2387.1,2,08:25:30.538318509
2387.1,1,08:25:30.538599064
2387.0,1,08:25:32.070885385
2387.0,1,08:25:32.071106586
2387.1,1,08:25:32.765547047
2386.9,1,08:25:32.859377530
2386.9,2,08:25:35.356874715
2387.0,1,08:25:36.950990023
2386.9,1,08:25:41.165574028
2386.9,1,08:25:42.078371263
2386.9,2,08:25:42.078682946
2386.8,1,08:25:42.677941182
2386.7,1,08:25:42.685405092
2386.6,1,08:25:43.025699608
2386.8,1,08:25:43.454393459
2386.7,1,08:25:45.892241550
2386.7,1,08:25:45.905456917
2386.7,4,08:25:48.770151926
2386.8,1,08:25:48.966022747
2386.8,1,08:25:48.966755722
2386.9,3,08:25:51.172617135
2386.9,1,08:25:52.392426484
2386.8,1,08:25:53.874414276
2386.8,1,08:25:54.623297953
2386.7,3,08:25:55.007045575
2386.6,1,08:25:55.682127862
2386.7,1,08:25:55.684136956
2386.7,2,08:25:55.684385085
2386.7,1,08:25:55.684543233
2386.7,1,08:25:56.484253993
2386.7,3,08:25:56.762205333
2386.6,1,08:25:57.034593774
2386.7,4,08:25:57.857946619
2386.7,1,08:25:58.625454798
2386.7,1,08:26:00.758145525
2386.7,2,08:26:00.758428011
2386.6,1,08:26:00.994135469
2386.7,1,08:26:01.223012205
2386.7,4,08:26:06.454608572
2386.8,6,08:26:06.454608572
2386.8,1,08:26:06.456540438
2386.8,1,08:26:06.457321887
2386.9,2,08:26:08.169025726
2386.9,1,08:26:08.169341377
2387.0,1,08:26:08.413498979
2386.9,4,08:26:08.841412179
2386.9,2,08:26:10.482581377
2386.8,1,08:26:12.030568599
2386.9,1,08:26:12.031823293
2387.1,3,08:26:14.041672893
2387.1,1,08:26:14.042943613
2387.1,3,08:26:14.075187503
2387.2,2,08:26:14.076045070
2387.3,1,08:26:14.077683822
2387.3,2,08:26:14.077998122
2387.2,1,08:26:14.085189522
2387.2,1,08:26:14.085233907
2387.1,5,08:26:14.130523652
2387.2,1,08:26:14.278534981
2387.2,2,08:26:14.406170243
2387.1,1,08:26:14.495013909
2387.1,1,08:26:14.549184694
2387.2,3,08:26:14.553589940
2387.2,5,08:26:14.554756972
2387.2,1,08:26:14.604232197
2387.1,4,08:26:14.636913164
2387.1,2,08:26:14.773813079
2387.0,1,08:26:14.796704886
2387.0,1,08:26:14.993259686
2387.0,1,08:26:15.024963603
2387.0,2,08:26:21.185906181
2386.7,1,08:26:23.027167682
2386.8,1,08:26:25.106487424
2386.8,1,08:26:25.106692481
2386.7,1,08:26:26.036156924
2386.8,1,08:26:28.834889815
2386.8,1,08:26:28.835571458
2386.9,1,08:26:29.245927644
2386.9,1,08:26:29.246253285
2387.1,1,08:26:29.290833282
2387.0,4,08:26:29.290833282
2387.0,1,08:26:29.296369218
2387.1,1,08:26:30.101219337
2386.9,1,08:26:34.675710849
2386.9,1,08:26:35.277463455
2386.9,1,08:26:35.292311085
2386.8,1,08:26:36.020150443
2386.9,2,08:26:37.706292147
2386.9,3,08:26:38.216838663
2386.9,1,08:26:38.217195081
2386.8,1,08:26:40.038386367
2386.9,1,08:26:42.311421066
2387.0,2,08:26:43.683018693
2387.1,1,08:26:44.385760270
2387.1,1,08:26:44.386057815
2387.1,1,08:26:44.386111813
2387.1,1,08:26:44.386524215
2387.1,1,08:26:45.958402343
2387.1,1,08:26:48.022083793
2387.3,1,08:26:49.549201893
2387.3,1,08:26:51.521207505
2387.2,1,08:26:51.521207505
2387.1,5,08:26:53.467351180
2387.0,2,08:26:53.467351180
2387.2,3,08:26:53.467351180
2387.0,1,08:26:55.035842291
2387.0,1,08:26:55.037300944
2386.9,1,08:27:01.106302700
2386.8,2,08:27:01.470030186
2386.6,1,08:27:02.600782605
2386.5,1,08:27:02.600795217
2386.5,1,08:27:03.142721534
2386.4,1,08:27:05.145614086
2386.4,1,08:27:05.964998646
2386.4,1,08:27:06.165661921
2386.4,1,08:27:06.166322834
2386.3,2,08:27:07.530503020
2386.3,3,08:27:07.530525686
2386.3,1,08:27:07.530568631
2386.3,1,08:27:07.530682531
2386.3,1,08:27:09.023663376
2386.3,3,08:27:11.016213502
2386.3,2,08:27:11.016653314
2386.3,1,08:27:11.016710427
2386.3,1,08:27:11.017091214
2386.3,2,08:27:11.017631000
2386.3,2,08:27:11.368238308
2386.3,1,08:27:12.650965240
2386.4,2,08:27:14.904403996
2386.4,1,08:27:14.904809540
2386.5,1,08:27:14.980572657
2386.3,1,08:27:15.357021074
2386.3,1,08:27:15.358160169
2386.3,1,08:27:15.358863325
2386.3,1,08:27:17.295092074
2386.4,3,08:27:17.623253956
2386.5,2,08:27:17.623253956
2386.5,1,08:27:17.727949701
2386.6,1,08:27:19.871039608
2386.6,1,08:27:21.397281370
2386.6,2,08:27:21.397842604
2386.6,1,08:27:21.398065185
2386.7,3,08:27:22.868326018
2386.5,1,08:27:23.041826078
2386.7,1,08:27:23.633665345
2386.7,1,08:27:23.633693931
2386.7,2,08:27:24.066091690
2386.7,1,08:27:24.555198364
2386.7,1,08:27:24.555368646
2386.6,1,08:27:25.672606166
2386.6,1,08:27:26.777400741
2386.6,1,08:27:30.086425402
2386.5,3,08:27:30.191239322
2386.3,11,08:27:30.191239322
2386.4,8,08:27:30.191239322
2386.2,13,08:27:30.191239322
2386.1,2,08:27:30.191256972
2386.1,1,08:27:30.191256972
2386.2,2,08:27:30.192634017
2386.2,16,08:27:30.193204103
2386.2,7,08:27:30.193231435
2386.3,1,08:27:30.197314202
2386.3,1,08:27:30.333889252
2386.3,1,08:27:31.701675930
2386.2,1,08:27:32.025429094
2386.3,1,08:27:33.900417653
2386.2,1,08:27:34.076691968
2386.3,1,08:27:36.824458109
2386.2,1,08:27:37.159952335
2386.2,1,08:27:37.640372128
2386.2,2,08:27:38.556700042
2386.3,1,08:27:39.503659388
2386.3,1,08:27:41.103356433
2386.3,2,08:27:41.105698173
2386.3,1,08:27:41.106542062
2386.4,1,08:27:41.272640755
2386.4,2,08:27:41.272939760
2386.3,1,08:27:42.812741362
2386.4,1,08:27:43.587391048
2386.3,3,08:27:45.282968294
2386.3,2,08:27:46.016461342
2386.3,1,08:27:47.508358960
2386.4,2,08:27:47.618606761
2386.5,1,08:27:54.486439044
2386.5,1,08:27:56.515722658
2386.4,2,08:28:01.145520107
2386.5,5,08:28:01.253302223
2386.5,1,08:28:01.253669175
2386.5,1,08:28:03.360375133
2386.6,1,08:28:07.061831373
2386.4,1,08:28:10.359077926
2386.5,1,08:28:10.359505892
2386.5,1,08:28:13.187541728
2386.5,1,08:28:13.187583082
2386.5,1,08:28:13.187782204
2386.5,1,08:28:13.187917353
2386.6,1,08:28:13.319176394
2386.6,2,08:28:14.107401928
2386.7,3,08:28:19.247589545
2386.7,1,08:28:19.247936241
2386.7,1,08:28:19.248395425
2386.7,1,08:28:19.296388479
2386.6,3,08:28:20.828790106
2386.6,1,08:28:20.829640603
2386.7,5,08:28:21.908405441
2386.7,1,08:28:23.793204381
2386.7,4,08:28:31.785549819
2386.7,1,08:28:31.785839899
2386.7,2,08:28:31.786193203
2386.7,3,08:28:32.229245637
2386.7,1,08:28:32.230160385
2386.6,2,08:28:32.596855681
2386.5,10,08:28:35.692352037
2386.6,3,08:28:35.692533099
2386.5,1,08:28:35.693630552
2386.4,5,08:28:36.438761338
2386.5,9,08:28:37.257830381
2386.5,11,08:28:37.258378826
2386.5,1,08:28:37.259004254
2386.6,1,08:28:37.271458354
2386.6,1,08:28:37.368393508
2386.5,1,08:28:37.565497675
2386.5,3,08:28:37.566124218
2386.5,1,08:28:37.566384131
2386.6,1,08:28:37.707689538
2386.6,1,08:28:37.707904160
2386.6,1,08:28:37.707983215
2386.7,3,08:28:37.776374613
2386.6,5,08:28:37.848723257
2386.5,4,08:28:38.231354793
2386.5,1,08:28:38.231731212
2386.6,1,08:28:38.231847825
2386.6,1,08:28:38.232345826
2386.5,5,08:28:38.481000151
2386.5,1,08:28:38.562657876
2386.4,2,08:28:41.288189173
2386.5,1,08:28:41.894370935
2386.4,5,08:28:41.939837135
2386.5,1,08:28:41.940357274
2386.4,2,08:28:42.232493707
2386.4,3,08:28:42.232798277
2386.4,4,08:28:42.448564858
2386.4,1,08:28:42.448861289
2386.6,1,08:28:42.889680217
2386.5,2,08:28:42.957327644
2386.4,3,08:28:42.957327644
2386.4,5,08:28:43.234284117
2386.5,1,08:28:43.237814637
2386.4,3,08:28:43.466205774
2386.4,2,08:28:43.466527743
2386.4,2,08:28:43.975336150
2386.4,3,08:28:43.975412561
2386.3,14,08:28:44.992951885
2386.3,5,08:28:45.201109990
2386.3,1,08:28:45.201324586
2386.3,6,08:28:45.502272299
2386.3,1,08:28:45.502530884
2386.3,1,08:28:45.511264422
2386.2,1,08:28:45.803009544
2386.2,1,08:28:46.011335604
2386.2,2,08:28:46.011575955
2386.1,6,08:28:46.520058431
2386.0,16,08:28:47.029254959
2386.0,1,08:28:47.029266971
2386.0,5,08:28:47.029599333
2386.0,1,08:28:47.038354069
2386.2,3,08:28:47.324547524
2386.2,1,08:28:47.326177202
2386.2,1,08:28:47.538618402
2386.1,5,08:28:47.538618402
2386.0,8,08:28:47.538618402
2386.1,1,08:28:47.539774678
2386.2,1,08:28:47.606365294
2386.2,1,08:28:47.606653812
2386.1,1,08:28:47.994045475
2386.4,1,08:28:48.578402709
2386.3,1,08:28:49.217215701
2386.6,1,08:28:50.067050091
2386.7,1,08:28:50.068660552
2386.6,1,08:28:50.397484301
2386.7,2,08:28:51.467676813
2386.7,1,08:28:51.467939014
2386.8,3,08:28:54.990199074
2386.9,5,08:28:54.990213464
2387.0,1,08:28:55.774081726
2387.0,1,08:28:55.774695041
2387.0,1,08:28:55.774983117
2387.0,1,08:28:56.460436729
2386.9,1,08:28:56.549618379
2387.0,1,08:28:56.976020102
2387.0,1,08:28:56.976973118
2387.1,4,08:28:57.012817949
2387.0,1,08:28:58.197779574
2387.0,3,08:28:58.249039329
2386.9,1,08:28:58.682430349
2386.9,7,08:28:58.683472152
2386.9,1,08:28:58.685736537
2386.8,1,08:29:01.736518230
2386.8,2,08:29:03.562619574
2386.9,1,08:29:03.562619574
2386.9,5,08:29:03.993709423
2386.9,2,08:29:03.994046374
2386.8,2,08:29:05.025189504
2386.9,2,08:29:07.005844701
2386.8,2,08:29:07.165651703
2386.7,1,08:29:07.965613295
2386.6,1,08:29:08.272292280
2386.7,2,08:29:09.748490497
2386.7,1,08:29:09.748532290
2386.9,1,08:29:10.610514300
2386.9,1,08:29:10.611325417
2386.9,1,08:29:12.329579642
2387.0,1,08:29:13.086178040
2387.0,2,08:29:13.856299079
2387.0,1,08:29:18.196387098
2387.0,1,08:29:19.080213620
2387.0,1,08:29:19.080443346
2387.1,1,08:29:19.189786453
2387.0,1,08:29:19.189786453
2386.9,1,08:29:24.252751938
2386.8,1,08:29:24.253037823
2386.9,1,08:29:27.149637524
2386.9,1,08:29:27.149848988
2386.7,2,08:29:27.254153995
2387.0,4,08:29:34.339330933
2387.1,7,08:29:34.339627950
2387.2,1,08:29:34.340022618
2387.2,2,08:29:35.006143711
2387.2,1,08:29:35.179724058
2387.2,3,08:29:35.196230041
2387.2,3,08:29:35.196268445
2387.3,1,08:29:37.121497998
2387.3,1,08:29:37.122156767
2387.2,1,08:29:37.131651709
2387.4,1,08:29:37.316321848
2387.5,4,08:29:37.316332350
2387.4,1,08:29:37.316332350
2387.5,1,08:29:37.316332350
2387.2,3,08:29:40.945621326
2387.6,1,08:29:40.996413574
2387.6,1,08:29:41.432250619
2387.2,1,08:29:42.086658160
2387.6,1,08:29:43.362168534
2387.2,2,08:29:45.525258434
2387.1,3,08:29:45.525587474
2387.1,2,08:29:45.525641004
2387.1,2,08:29:45.525889182
2387.0,4,08:29:45.526013069
2386.9,5,08:29:45.526495188
2386.8,4,08:29:45.526833933
2386.9,1,08:29:45.527445652
2386.9,2,08:29:45.527473300
2386.9,6,08:29:45.527500917
2386.7,1,08:29:45.858088763
2386.6,1,08:29:45.858304044
2386.7,1,08:29:46.015657151
2386.8,2,08:29:46.015887671
2386.9,1,08:29:46.016100351
2386.9,1,08:29:46.016147980
2387.0,4,08:29:46.016273057
2387.0,2,08:29:46.016643402
2386.6,1,08:29:46.322259210
2386.5,2,08:29:46.823664782
2386.6,3,08:29:46.823664782
2386.5,4,08:29:47.368761840
2386.5,2,08:29:47.369439059
2386.4,3,08:29:47.420489342
2386.3,4,08:29:47.420726240
2386.3,1,08:29:47.421150773
2386.6,1,08:29:47.484191373
2386.2,3,08:29:48.126607147
2386.1,1,08:29:48.127462130
2386.4,2,08:29:51.902691175
2386.4,5,08:29:52.344328330
2386.5,2,08:29:52.344592364
2386.4,2,08:29:52.344897193
2386.6,1,08:29:52.458689167
2386.7,1,08:29:53.348818295
2386.4,1,08:29:58.617336279
2388.3,1,08:30:01.263199505
2388.6,2,08:30:01.415806563
2388.7,1,08:30:01.438491607
2389.7,1,08:30:01.451146734
2389.2,1,08:30:01.478396469
2389.3,1,08:30:01.478460611
2389.3,1,08:30:01.478506478
2389.6,2,08:30:01.514908252
2389.6,1,08:30:01.571837046
2389.0,2,08:30:01.582434020
2389.0,2,08:30:01.582464987
2388.8,3,08:30:01.582571091
2389.0,3,08:30:01.582777448
2389.0,2,08:30:01.583035930
2388.8,1,08:30:01.583120316
2388.8,1,08:30:01.583170102
2388.8,1,08:30:01.583212039
2388.9,1,08:30:01.583978781
2388.9,2,08:30:01.584128615
2388.9,1,08:30:01.584211515
2388.8,1,08:30:01.584466509
2388.8,1,08:30:01.584537522
2388.9,1,08:30:01.584644535
2388.7,1,08:30:01.584746157
2388.6,1,08:30:01.584975521
2388.5,2,08:30:01.585224614
2388.5,2,08:30:01.585501167
2388.7,1,08:30:01.585659983
2388.4,3,08:30:02.049604931
2388.6,1,08:30:02.083335638
2388.7,1,08:30:02.112207469
2388.7,3,08:30:02.112346204
2388.8,1,08:30:02.113133106
2388.8,1,08:30:02.113516004
2389.0,3,08:30:02.169638446
2389.2,2,08:30:02.176103574
2389.3,3,08:30:02.274936641
2389.4,4,08:30:02.303494609
2389.2,2,08:30:02.371044474
2389.1,7,08:30:02.371200756
2389.1,4,08:30:02.614508870
2389.3,1,08:30:02.615268608
2389.2,2,08:30:02.615610512
2389.1,2,08:30:02.616034041
2389.0,1,08:30:02.616251443
2388.9,1,08:30:02.684677586
2388.9,1,08:30:02.738809114
2388.8,2,08:30:02.799246958
2388.8,1,08:30:02.799456233
2388.7,2,08:30:02.850686660
2389.1,1,08:30:03.281028811
2388.6,2,08:30:03.970111152
2388.6,1,08:30:03.970365435
2388.5,1,08:30:03.970532056
2388.7,1,08:30:03.970960807
2388.5,2,08:30:03.971026918
2388.5,1,08:30:03.971090983
2388.4,3,08:30:03.971414669
2388.4,1,08:30:03.971732854
2388.1,4,08:30:03.972491061
2388.2,1,08:30:03.973675265
2388.1,3,08:30:04.102008302
2388.2,1,08:30:04.102619483
2388.4,1,08:30:04.131711779
2388.4,1,08:30:04.303913675
2388.4,1,08:30:04.307131406
2388.5,2,08:30:04.307375722
2388.5,1,08:30:04.307854070
2388.5,1,08:30:04.307993750
2388.8,2,08:30:04.315685332
2388.8,3,08:30:04.322348282
2388.7,6,08:30:04.353898591
2388.8,2,08:30:04.353898591
2388.7,3,08:30:04.370804541
2388.7,1,08:30:04.371147530
2388.6,1,08:30:04.371263897
2389.1,1,08:30:04.851936732
2389.1,1,08:30:04.851973942
2389.2,1,08:30:04.852237788
2389.3,1,08:30:04.852492993
2389.4,3,08:30:04.852608110
2389.5,2,08:30:04.855510433
2389.6,1,08:30:04.858859635
2389.8,1,08:30:04.860927124
2390.0,2,08:30:04.875480687
2389.4,2,08:30:04.978046354
2390.0,3,08:30:05.005434775
2389.4,1,08:30:05.308660635
2390.0,2,08:30:05.433130198
2389.4,3,08:30:05.473982057
2389.7,1,08:30:05.502148741
2389.4,1,08:30:05.502711738
2389.3,2,08:30:05.503028086
2389.1,2,08:30:05.596195405
2388.9,3,08:30:05.597015665
2388.9,1,08:30:05.624540572
2389.1,2,08:30:05.669662267
2389.1,1,08:30:05.669902102
2389.4,3,08:30:05.783192554
2389.6,1,08:30:06.051331288
2389.6,1,08:30:06.051575853
2389.7,1,08:30:06.061472455
2389.9,2,08:30:06.233647211
2389.9,1,08:30:06.239043348
2389.7,3,08:30:06.537367791
2389.7,1,08:30:06.537793444
2389.8,7,08:30:06.537859461
2389.7,1,08:30:06.538132417
2389.9,1,08:30:06.553065839
2389.8,1,08:30:06.553065839
2389.9,1,08:30:06.553282266
2389.9,2,08:30:06.553639361
2390.1,3,08:30:06.686699043
2390.1,1,08:30:07.128676733
2389.7,1,08:30:07.225306302
2389.7,1,08:30:07.228029802
2389.6,2,08:30:07.321125412
2389.6,1,08:30:07.321618888
2389.6,1,08:30:07.321821599
2389.6,1,08:30:07.329258436
2389.9,3,08:30:07.478776770
2389.8,3,08:30:07.558967842
2389.8,1,08:30:07.559166790
2389.8,2,08:30:07.559198310
2389.8,1,08:30:07.642732238
2389.8,1,08:30:07.642965991
2390.0,1,08:30:07.706564829
2389.6,2,08:30:07.787327584
2389.7,3,08:30:07.787327584
2390.0,1,08:30:07.811745774
2390.0,1,08:30:07.976977114
2390.1,1,08:30:07.977179769
2390.2,1,08:30:08.025671386
2390.4,1,08:30:08.025681595
2390.3,1,08:30:08.035302786
2390.3,1,08:30:08.035402599
2390.1,1,08:30:08.116996373
2390.0,1,08:30:08.305641136
2390.4,1,08:30:08.618703611
2390.4,1,08:30:08.619492405
2390.5,2,08:30:08.624596805
2390.6,1,08:30:08.624804130
2390.7,1,08:30:08.733973139
2390.7,2,08:30:08.734214152
2390.8,2,08:30:08.735019161
2390.8,2,08:30:08.735247399
2390.7,1,08:30:08.755896142
2390.7,1,08:30:08.764894764
2390.7,1,08:30:08.766112430
2390.6,1,08:30:08.815639084
2390.6,1,08:30:08.815838526
2390.6,3,08:30:08.853060994
2390.5,3,08:30:08.853355335
2390.5,1,08:30:08.853456538
2390.5,3,08:30:08.853627975
2390.5,1,08:30:08.853689602
2390.4,1,08:30:08.854615966
2390.6,1,08:30:08.887048284
2390.2,1,08:30:08.947062460
2390.6,1,08:30:09.662540060
2390.6,2,08:30:09.662768442
2390.7,1,08:30:09.663040989
2390.7,1,08:30:09.663221674
2390.7,2,08:30:09.663314169
2390.8,1,08:30:09.663593806
2390.4,1,08:30:09.663681837
2390.5,4,08:30:09.679618070
2390.5,4,08:30:09.679858225
2390.5,1,08:30:09.680104291
2390.4,2,08:30:09.680104291
2390.5,1,08:30:09.936034473
2390.5,1,08:30:09.943073235
2390.9,1,08:30:10.062068382
2390.9,2,08:30:10.062077924
2390.5,1,08:30:10.130288632
2390.6,1,08:30:10.188484943
2390.6,1,08:30:10.582195700
2390.9,2,08:30:10.709732789
2390.9,1,08:30:10.940730548
2390.9,1,08:30:11.085029333
2390.9,1,08:30:11.085474258
2390.9,1,08:30:11.401947074
2390.9,2,08:30:11.527591811
2391.0,3,08:30:11.527591811
2391.0,1,08:30:11.527607328
2390.7,1,08:30:11.608972715
2390.5,3,08:30:11.689209465
2390.5,2,08:30:11.689256346
2390.4,1,08:30:11.689684057
2390.4,1,08:30:11.690080586
2390.3,2,08:30:11.690766956
2390.2,4,08:30:11.691333744
2390.1,2,08:30:11.691697531
2390.1,3,08:30:11.707374380
2390.0,2,08:30:11.709456720
2390.1,3,08:30:11.713095698
2390.2,2,08:30:11.713323799
2390.3,5,08:30:11.713621395
2390.4,2,08:30:11.713876757
2390.4,1,08:30:11.920445197
2390.2,1,08:30:12.011409641
2390.2,1,08:30:12.271860515
2390.3,1,08:30:12.483254921
2390.0,1,08:30:12.720357601
2390.0,1,08:30:12.929489317
2390.0,1,08:30:12.929719676
2390.4,5,08:30:13.090749394
2390.6,1,08:30:13.293458588
2390.1,1,08:30:13.340889843
2390.6,3,08:30:13.672989416
2390.6,1,08:30:13.673237207
2390.5,1,08:30:14.122145929
2390.5,2,08:30:14.225531314
2390.4,3,08:30:14.481735652
2390.3,1,08:30:14.482506022
2390.3,3,08:30:14.482615001
2390.1,3,08:30:14.483451187
2390.0,1,08:30:14.485445083
2390.1,1,08:30:14.495994782
2390.2,2,08:30:14.520696133
2390.2,1,08:30:14.520749481
2390.1,2,08:30:14.525540608
2390.2,1,08:30:14.525608654
2389.8,1,08:30:14.526188010
2389.9,3,08:30:14.526188010
2390.0,1,08:30:14.526188010
2390.1,1,08:30:15.427477471
2389.7,5,08:30:15.947091806
2389.8,1,08:30:16.016396911
2389.9,1,08:30:16.016798007
2389.9,1,08:30:16.016842642
2389.9,1,08:30:16.016918528
2390.0,5,08:30:16.151060103
2390.0,7,08:30:16.151394318
2390.2,1,08:30:16.921878289
2390.1,1,08:30:16.998096148
2390.4,1,08:30:17.186581171
2390.1,2,08:30:17.282134460
2390.2,1,08:30:17.282134460
2390.1,2,08:30:17.282515563
2390.2,1,08:30:17.324927121
2390.0,5,08:30:17.702634975
2389.9,2,08:30:17.703503989
2389.9,1,08:30:17.704107783
2389.8,2,08:30:18.061923477
2389.9,2,08:30:18.062049861
2389.9,7,08:30:18.221628913
2390.0,14,08:30:18.221926400
2390.0,3,08:30:18.222200707
2390.0,2,08:30:18.222309426
2389.9,3,08:30:18.259349441
2389.9,1,08:30:18.707914960
2389.8,1,08:30:18.721423817
2390.0,2,08:30:18.996150961
2390.0,1,08:30:18.996720409
2390.3,2,08:30:19.808190476
2390.0,2,08:30:19.826012894
2390.0,2,08:30:19.827824146
2390.0,2,08:30:19.829191358
2389.7,3,08:30:19.882543872
2389.8,1,08:30:19.882543872
2389.7,1,08:30:19.942092722
2389.8,2,08:30:19.943400688
2389.5,1,08:30:19.951779544
2389.6,1,08:30:19.953800013
2389.6,1,08:30:19.962574495
2389.7,2,08:30:20.159758458
2389.6,1,08:30:20.172112431
2389.5,1,08:30:20.172421659
2389.6,1,08:30:20.580063833
2389.6,6,08:30:20.619840510
2389.8,4,08:30:21.363183495
2389.8,2,08:30:21.363530121
2389.8,4,08:30:21.363633393
2389.9,1,08:30:21.364664982
2389.8,1,08:30:21.517927338
2389.9,2,08:30:21.533201920
2390.0,1,08:30:22.146717907
2390.0,5,08:30:22.146771873
2389.9,1,08:30:22.386736427
2389.9,1,08:30:22.387163437
2389.9,1,08:30:23.007498215
2389.8,1,08:30:23.007927405
2389.6,1,08:30:23.115148707
2389.6,1,08:30:23.116056248
2389.6,3,08:30:23.116128684
2389.6,1,08:30:23.117556784
2389.6,1,08:30:23.117890381
2389.6,1,08:30:23.151676832
2389.6,1,08:30:23.152205768
2389.4,3,08:30:23.181574058
2389.4,1,08:30:23.247197269
2389.4,2,08:30:23.247271139
2389.6,3,08:30:23.280839465
2389.5,1,08:30:23.280839465
2389.6,2,08:30:23.281168882
2389.6,1,08:30:23.537492204
2389.6,4,08:30:23.632575441
2389.7,1,08:30:23.634653527
2389.7,1,08:30:23.635588112
2389.7,1,08:30:23.645747702
2389.8,1,08:30:23.925241426
2389.8,1,08:30:23.926578422
2390.0,1,08:30:23.940839035
2389.8,1,08:30:23.951055793
2389.9,1,08:30:24.011812731
2390.0,2,08:30:24.116933100
2389.8,3,08:30:25.144234480
2389.7,1,08:30:25.144234480
2389.7,1,08:30:25.427075834
2389.9,2,08:30:25.661761054
2389.6,2,08:30:25.849295807
2389.6,1,08:30:25.886976256
2389.6,1,08:30:25.887153764
2389.7,2,08:30:25.952129295
2389.7,1,08:30:26.093357432
2389.8,1,08:30:26.094205241
2389.8,2,08:30:26.281429685
2389.8,1,08:30:26.281701319
2389.8,1,08:30:26.473383823
2389.9,1,08:30:26.473810027
2390.0,3,08:30:26.632830002
2390.0,2,08:30:26.633275514
2390.0,1,08:30:26.633306516
2390.1,1,08:30:26.633625595
2390.0,3,08:30:26.633694233
2390.0,1,08:30:26.633731459
2390.1,3,08:30:26.693742036
2389.8,2,08:30:27.240024371
2389.7,2,08:30:27.666494065
2389.7,1,08:30:27.666739328
2389.6,2,08:30:27.667590926
2389.5,1,08:30:27.669248252
2389.3,2,08:30:27.669258891
2389.4,3,08:30:27.669258891
2389.5,2,08:30:27.670197071
2389.5,2,08:30:27.670228300
2389.5,1,08:30:27.670384002
2389.5,1,08:30:27.670562684
2389.4,1,08:30:27.670732694
2389.6,1,08:30:27.737031634
2389.6,1,08:30:27.737083322
2389.6,1,08:30:27.737276212
2389.5,1,08:30:27.738654182
2389.4,2,08:30:27.782168416
2389.4,1,08:30:27.782501078
2389.4,1,08:30:27.783118141
2389.5,1,08:30:27.928445330
2389.5,2,08:30:27.928717162
2389.5,1,08:30:28.420413641
2389.5,1,08:30:28.667447254
2389.4,1,08:30:28.798367005
2389.3,1,08:30:28.802109845
2389.3,1,08:30:28.858695888
2389.2,2,08:30:28.960169780
2389.2,1,08:30:28.960371416
2389.2,1,08:30:28.962736090
2389.0,1,08:30:29.236848347
2389.1,1,08:30:29.237975127
2389.1,1,08:30:29.238118423
2389.1,2,08:30:29.238191395
2389.0,2,08:30:30.037732320
2389.0,1,08:30:30.037774304
2389.1,4,08:30:30.056134518
2389.0,1,08:30:30.056134518
2388.9,1,08:30:30.107607397
2388.9,1,08:30:30.117802107
2388.9,2,08:30:30.118110168
2388.8,1,08:30:30.118458210
2388.7,3,08:30:30.489184564
2388.7,2,08:30:30.492592169
2388.6,1,08:30:30.492676574
2388.8,1,08:30:30.494560254
2388.8,2,08:30:30.499610762
2388.9,1,08:30:30.601856172
2389.0,1,08:30:31.064641244
2388.8,1,08:30:31.197637126
2388.9,1,08:30:31.205360189
2388.9,1,08:30:31.205542916
2388.9,2,08:30:31.679221659
2389.1,4,08:30:31.679221659
2389.0,4,08:30:31.679221659
2388.8,1,08:30:32.123346035
2388.5,2,08:30:32.378522974
2388.5,1,08:30:32.383233945
2388.6,2,08:30:32.385411365
2388.1,1,08:30:32.885128648
2388.2,1,08:30:32.887637684
2388.3,1,08:30:32.947797513
2388.2,1,08:30:32.987759662
2388.3,1,08:30:33.015895085
2388.4,1,08:30:33.081328066
2388.2,1,08:30:33.347686428
2388.2,1,08:30:33.348493030
2388.1,1,08:30:33.349429603
2388.0,2,08:30:33.353380306
2387.9,1,08:30:33.353389964
2388.2,1,08:30:33.425004858
2388.1,1,08:30:33.425105477
2388.2,1,08:30:33.425515716
2388.2,1,08:30:33.425575007
2388.2,4,08:30:33.474432020
2388.3,2,08:30:33.474432020
2388.1,1,08:30:33.529700763
2388.2,3,08:30:33.531681103
2388.4,3,08:30:34.110831890
2388.5,1,08:30:34.120525529
2388.6,2,08:30:34.301470443
2388.7,3,08:30:34.301470443
2388.5,1,08:30:34.302727650
2388.5,2,08:30:34.303014673
2388.4,1,08:30:34.340577453
2388.2,1,08:30:34.380082404
2388.3,2,08:30:34.380082404
2388.3,1,08:30:34.380912206
2388.4,3,08:30:34.380965336
2388.5,2,08:30:34.381911027
2388.6,2,08:30:35.007594412
2388.6,1,08:30:35.023809935
2388.6,2,08:30:35.023918126
2388.5,1,08:30:35.440044733
2388.5,1,08:30:35.440093183
2388.6,2,08:30:35.548775803
2388.7,1,08:30:35.564232571
2388.8,2,08:30:35.583432537
2388.9,2,08:30:35.691784610
2389.0,2,08:30:35.691784610
2388.9,1,08:30:35.692309135
2388.8,1,08:30:35.693098422
2388.8,1,08:30:35.693139587
2388.7,1,08:30:35.767434132
2388.7,1,08:30:35.788799130
2388.8,1,08:30:35.789193634
2388.7,1,08:30:36.026896524
2388.9,1,08:30:36.202846536
2388.7,2,08:30:36.280458495
2388.6,1,08:30:36.281523918
2388.5,1,08:30:36.338476882
2388.4,1,08:30:36.340157697
2388.4,1,08:30:36.341150444
2388.4,1,08:30:36.343496318
2388.4,1,08:30:36.344099696
2388.5,1,08:30:36.614798772
2388.2,1,08:30:36.730028973
2388.3,1,08:30:36.799977724
2388.2,2,08:30:36.916746158
2388.3,1,08:30:37.321085643
2388.3,1,08:30:37.410242924
2388.3,1,08:30:37.410829920
2388.3,1,08:30:37.412249406
2388.2,1,08:30:37.638696289
2388.1,2,08:30:37.639597111
2388.0,1,08:30:37.733309909
2387.9,1,08:30:37.733320348
2388.1,1,08:30:37.735697663
2388.3,1,08:30:38.082768362
2388.3,1,08:30:38.139653660
2388.2,1,08:30:38.350411528
2388.1,1,08:30:38.573289693
2388.1,1,08:30:38.573463578
2388.2,1,08:30:38.688131453
2388.2,1,08:30:38.688211150
2388.0,3,08:30:39.623435085
2388.1,1,08:30:39.623623029
2388.0,1,08:30:39.624310710
2388.0,1,08:30:39.624670682
2388.1,4,08:30:40.615720706
2388.1,1,08:30:40.616337391
2388.0,1,08:30:40.909166611
2388.1,1,08:30:40.961399647
2387.9,1,08:30:41.025812998
2387.9,1,08:30:41.133129991
2387.9,1,08:30:41.144116724
2388.0,4,08:30:41.655270143
2387.8,1,08:30:42.007239724
2387.7,4,08:30:42.007694933
2387.6,1,08:30:42.010844811
2387.6,2,08:30:42.077450675
2387.6,1,08:30:42.077790710
2387.2,1,08:30:42.640247827
2387.1,1,08:30:42.656816713
2387.1,1,08:30:42.657332398
2387.1,1,08:30:42.659023280
2387.2,1,08:30:42.798097028
2387.0,3,08:30:42.835035742
2387.0,1,08:30:42.835905148
2386.9,1,08:30:42.835984977
2386.9,1,08:30:42.836338245
2387.0,1,08:30:42.836390451
2387.0,1,08:30:42.836666847
2387.1,2,08:30:43.207673211
2387.2,2,08:30:43.207673211
2387.1,1,08:30:43.208340334
2387.0,6,08:30:43.238111211
2387.0,3,08:30:43.238479804
2386.9,2,08:30:43.413294779
2387.0,3,08:30:43.413294779
2387.0,1,08:30:43.414488089
2386.7,1,08:30:43.570619156
2386.7,1,08:30:43.571026819
2386.6,1,08:30:43.620737834
2386.6,2,08:30:43.620972290
2386.5,1,08:30:43.650243137
2386.6,1,08:30:43.656056831
2386.6,1,08:30:43.656454340
2386.6,1,08:30:43.667399120
2386.6,1,08:30:43.679139922
2386.5,3,08:30:43.679184524
2386.4,2,08:30:43.937023306
2386.4,1,08:30:43.937236427
2386.2,1,08:30:43.959020250
2386.2,1,08:30:43.960719833
2386.1,1,08:30:43.961756961
2386.2,2,08:30:44.027876638
2386.3,4,08:30:44.028064408
2386.2,1,08:30:44.233979202
2386.2,1,08:30:44.285309264
2386.2,1,08:30:44.286599344
2386.3,2,08:30:44.464216312
2386.2,8,08:30:44.881608755
2386.2,2,08:30:44.881894972
2386.4,1,08:30:44.998542513
2386.4,1,08:30:44.998582847
2386.4,1,08:30:44.998659430
2386.5,2,08:30:45.032508822
2386.4,1,08:30:45.065774508
2386.4,1,08:30:45.068077091
2386.5,4,08:30:45.074663630
2386.5,1,08:30:45.075236989
2386.5,1,08:30:45.075272010
2386.5,1,08:30:45.075622792
2386.5,1,08:30:45.075934296
2386.4,1,08:30:45.137508791
2386.6,4,08:30:45.743081280
2386.6,1,08:30:45.842466095
2386.7,1,08:30:45.852908606
2386.7,1,08:30:45.903954508
2386.8,1,08:30:46.266020943
2386.9,1,08:30:46.317675234
2387.0,2,08:30:46.319259472
2387.0,2,08:30:46.319337527
2387.0,2,08:30:46.319586400
2387.0,1,08:30:46.319945984
2387.0,1,08:30:46.342440219
2386.9,1,08:30:46.351264641
2386.8,1,08:30:46.622415432
2386.8,2,08:30:46.622493792
2386.7,4,08:30:46.792343210
2386.8,1,08:30:46.792343210
2386.7,1,08:30:46.821526750
2386.8,1,08:30:47.006435366
2386.8,1,08:30:47.096637496
2386.9,1,08:30:47.186978610
2386.9,1,08:30:47.288014885
2386.9,2,08:30:47.319442412
2387.0,2,08:30:47.442663912
2387.0,1,08:30:47.443308770
2387.0,1,08:30:47.443336383
2387.0,1,08:30:47.443720848
2387.1,1,08:30:47.444102903
2387.3,1,08:30:47.575571379
2387.3,3,08:30:47.601155271
2387.4,1,08:30:47.609950069
2387.4,1,08:30:47.812271423
2387.4,1,08:30:47.812482675
2387.4,1,08:30:47.812958076
2387.5,2,08:30:47.820529745
2387.6,1,08:30:47.928620071
2387.5,1,08:30:47.936142517
2387.5,1,08:30:48.193240198
2387.4,2,08:30:48.237465322
2387.5,1,08:30:48.238213404
2387.6,3,08:30:48.238334725
2387.7,3,08:30:48.543494490
2387.8,1,08:30:48.677170359
2387.9,7,08:30:48.677353082
2388.0,1,08:30:48.678956740
2387.8,1,08:30:48.684949350
2387.8,1,08:30:48.794619802
2387.7,1,08:30:48.795465595
2387.6,1,08:30:48.885650839
2387.6,1,08:30:48.954416004
2387.7,1,08:30:48.955040580
2387.7,1,08:30:48.955346762
2387.7,1,08:30:48.955690110
2387.8,1,08:30:49.187510077
2387.7,1,08:30:49.426610821
2387.7,1,08:30:49.429323777
2387.8,1,08:30:49.430620229
2387.7,1,08:30:49.589569506
2387.9,1,08:30:49.922310473
2387.7,1,08:30:49.992677475
2387.8,1,08:30:50.232871759
2387.7,1,08:30:50.233238730
2387.7,1,08:30:50.233674364
2387.6,1,08:30:50.507554504
2387.3,1,08:30:51.150153243
2387.4,1,08:30:51.361665656
2387.3,2,08:30:51.417089160
2387.2,1,08:30:51.461734040
2387.2,1,08:30:52.104059010
2387.2,1,08:30:52.104088332
2387.2,1,08:30:52.104159021
2387.2,1,08:30:52.406709969
2387.3,2,08:30:52.476109011
2387.4,1,08:30:52.574798042
2387.5,1,08:30:52.904342204
2387.5,1,08:30:53.523438484
2387.3,1,08:30:54.046096969
2387.1,1,08:30:54.427368877
2387.1,2,08:30:54.427382496
2387.2,2,08:30:54.556636713
2387.4,1,08:30:55.019191471
2387.5,1,08:30:55.045183995
2387.5,1,08:30:55.057225862
2387.5,2,08:30:55.057603931
2387.5,1,08:30:55.058642470
2387.5,1,08:30:55.059398735
2387.4,1,08:30:55.299057054
2387.2,1,08:30:56.051479061
2387.0,1,08:30:56.473656967
2387.2,2,08:30:57.166212493
2387.0,2,08:30:57.875991523
2386.9,1,08:30:57.877333839
2386.9,1,08:30:57.877905351
2386.8,1,08:30:57.896574417
2386.8,1,08:30:57.896586104
2386.9,1,08:30:57.964055851
2386.9,2,08:30:58.069214027
2386.7,2,08:30:58.409669438
2386.7,1,08:30:58.410012757
2386.8,1,08:30:58.637612579
2386.9,1,08:30:59.016331185
2386.9,1,08:30:59.017003906
2386.8,1,08:30:59.107385508
2386.7,1,08:30:59.107661146
2386.6,1,08:30:59.123721638
2386.8,3,08:30:59.127603747
2386.9,1,08:30:59.151988788
2386.7,1,08:30:59.201634881
2386.6,4,08:30:59.201634881
2386.8,1,08:30:59.418800504
2386.7,1,08:30:59.994123231
2386.6,1,08:31:00.136027731
2386.6,1,08:31:00.136057091
2386.8,2,08:31:00.872892168
2386.7,1,08:31:01.044403529
2386.6,1,08:31:01.110115743
2386.7,1,08:31:01.505723224
2386.7,2,08:31:01.506219618
2386.8,2,08:31:01.507127198
2386.6,1,08:31:01.563516218
2386.5,1,08:31:01.572774314
2386.5,1,08:31:01.647412890
2386.6,2,08:31:01.913653676
2386.6,1,08:31:01.937312613
2386.7,2,08:31:01.972159034
2386.6,1,08:31:02.093452893
2386.6,2,08:31:02.259857234
2386.7,2,08:31:02.458666421
2386.8,1,08:31:02.458666421
2386.8,3,08:31:02.459001829
2386.9,2,08:31:02.552005302
2387.0,1,08:31:02.608647970
2387.0,2,08:31:02.609204810
2387.1,1,08:31:02.609204810
2386.9,1,08:31:02.610623815
2387.0,1,08:31:02.611530918
2386.9,1,08:31:02.611951045
2386.9,1,08:31:02.712870352
2386.7,1,08:31:02.744640327
2386.9,1,08:31:02.765560014
2387.0,5,08:31:03.578937760
2387.2,2,08:31:04.103675020
2387.2,2,08:31:04.104454520
2387.3,1,08:31:04.104995680
2387.2,1,08:31:04.105788150
2387.2,1,08:31:04.106063657
2387.1,2,08:31:04.106197298
2387.3,1,08:31:04.877844836
2387.3,2,08:31:04.878148164
2387.3,3,08:31:04.878369266
2387.3,2,08:31:04.878386114
2387.2,1,08:31:04.878711862
2387.2,1,08:31:04.878932113
2387.2,1,08:31:04.879095681
2387.0,1,08:31:04.881403941
2387.1,1,08:31:04.887299212
2387.1,1,08:31:04.887350362
2387.2,1,08:31:05.016495638
2387.2,1,08:31:05.016977475
2387.3,2,08:31:05.016977475
2387.3,5,08:31:05.163529271
2387.2,1,08:31:05.325992943
2387.1,5,08:31:05.771123924
2387.0,1,08:31:05.772087652
2387.1,1,08:31:05.810801796
2387.1,2,08:31:05.939515151
2387.1,1,08:31:05.939593239
2387.1,2,08:31:05.939945371
2387.1,1,08:31:06.137845903
2387.1,1,08:31:06.138030144
2387.0,2,08:31:06.184630270
2386.9,1,08:31:06.201174247
2386.8,1,08:31:06.435204663
2386.9,1,08:31:06.796299818
2386.9,1,08:31:07.096047799
2386.7,2,08:31:07.379803833
2386.8,1,08:31:07.380281737
2386.9,2,08:31:07.860956617
2386.8,1,08:31:07.897193898
2386.9,1,08:31:08.220132507
2386.9,1,08:31:08.220540752
2387.0,3,08:31:09.261077413
2386.9,1,08:31:09.261794615
2387.1,1,08:31:09.578168536
2387.1,1,08:31:10.393400030
2387.1,1,08:31:10.610551509
2387.1,1,08:31:10.614851881
2387.2,1,08:31:11.101129813
2387.3,1,08:31:11.101141493
2387.2,4,08:31:11.101141493
2387.3,1,08:31:11.928047218
2387.4,3,08:31:12.020937101
2387.7,1,08:31:12.531310184
2387.8,4,08:31:12.531310184
2387.8,1,08:31:12.531323928
2387.8,2,08:31:12.531985091
2387.7,1,08:31:12.532981629
2387.7,1,08:31:12.533273545
2387.6,3,08:31:13.316412674
2387.7,1,08:31:13.602213469
2387.8,1,08:31:14.212746270
2387.8,1,08:31:14.213256968
2387.7,1,08:31:14.214298151
2387.6,1,08:31:15.097512510
2387.6,2,08:31:15.097606688
2387.6,1,08:31:15.097950298
2387.7,2,08:31:15.098546784
2387.6,2,08:31:15.099224097
2387.6,1,08:31:15.099621816
2387.7,1,08:31:15.099785110
2387.6,1,08:31:15.238449148
2387.6,1,08:31:15.238717163
2387.6,2,08:31:15.239038913
2387.6,1,08:31:15.239077822
2387.5,1,08:31:15.239806266
2387.5,2,08:31:15.902435112
2387.5,1,08:31:16.082515935
2387.4,1,08:31:16.083135052
2387.4,1,08:31:16.356230046
2387.5,1,08:31:17.236082782
2387.6,1,08:31:17.413218496
2387.6,3,08:31:17.413511573
2387.6,3,08:31:17.413622341
2387.6,3,08:31:17.413976572
2387.6,2,08:31:17.414056874
2387.6,2,08:31:17.414074282
2387.6,1,08:31:17.414140331
2387.6,1,08:31:17.414155982
2387.6,1,08:31:17.414645702
2387.6,5,08:31:17.414704231
2387.5,2,08:31:17.414901950
2387.3,4,08:31:18.073219723
2387.3,1,08:31:18.082943903
2387.4,3,08:31:18.539920915
2387.4,2,08:31:19.220389446
2387.4,1,08:31:19.239982978
2387.4,2,08:31:19.322098481
2387.4,1,08:31:20.612187646
2387.5,1,08:31:21.269829607
2387.5,3,08:31:21.270068159
2387.5,1,08:31:21.270168878
2387.6,1,08:31:21.273052417
2387.7,1,08:31:21.280700464
2387.8,1,08:31:21.280718138
2387.8,4,08:31:21.280718138
2387.8,1,08:31:21.287060663
2387.8,1,08:31:21.293018178
2388.0,1,08:31:21.395770933
2388.0,3,08:31:21.400252261
2388.1,2,08:31:21.494619850
2388.2,2,08:31:21.494633146
2388.2,1,08:31:21.495185589
2388.2,2,08:31:21.495937140
2388.3,1,08:31:21.512606915
2388.2,2,08:31:21.514293285
2388.2,1,08:31:21.514364041
2388.2,1,08:31:21.515421493
2388.3,1,08:31:21.615630075
2388.3,3,08:31:21.618610913
2388.2,1,08:31:21.619330165
2388.1,4,08:31:22.075318853
2388.2,1,08:31:22.076214897
2388.1,3,08:31:22.076648165
2388.1,1,08:31:22.076955580
2388.0,2,08:31:22.077111980
2388.1,2,08:31:22.077111980
2388.0,2,08:31:22.077982635
2388.1,1,08:31:22.080496611
2388.0,3,08:31:22.145459460
2388.0,1,08:31:22.237374692
2388.0,1,08:31:22.272647957
2388.1,1,08:31:22.482101639
2388.0,2,08:31:22.994905505
2388.1,1,08:31:23.600430111
2388.0,3,08:31:24.877121965
2388.0,1,08:31:24.953730283
2388.0,1,08:31:24.953969138
2387.9,1,08:31:25.244529568
2387.9,2,08:31:25.346940819
2387.9,1,08:31:25.347063041
2387.9,1,08:31:25.658513965
2388.0,1,08:31:26.049934883
2388.1,4,08:31:27.113612563
2388.1,1,08:31:27.114230944
2388.1,1,08:31:27.114463358
2388.0,1,08:31:27.114947618
2388.0,1,08:31:27.115199165
2388.0,1,08:31:27.115595618
2387.9,2,08:31:27.115875211
2387.9,2,08:31:27.280535195
2388.0,1,08:31:29.275930199
2388.1,1,08:31:29.915088487
2388.1,1,08:31:30.035167438
2388.1,1,08:31:30.050424906
2388.1,1,08:31:30.050479922
2388.1,3,08:31:30.050659336
2388.1,1,08:31:30.050700963
2388.1,2,08:31:31.306870857
2388.1,2,08:31:31.307060960
2388.1,1,08:31:31.307134763
2388.2,3,08:31:31.307523248
2388.2,3,08:31:31.307554950
2388.1,1,08:31:31.307654677
2388.3,1,08:31:31.308988224
2388.3,1,08:31:31.309503422
2388.3,1,08:31:31.309626803
2388.2,2,08:31:31.350516314
2388.3,1,08:31:31.881732083
2388.4,1,08:31:32.341917222
2388.4,1,08:31:32.341970039
2388.5,2,08:31:32.533050237
2388.6,6,08:31:32.709441465
2388.5,2,08:31:32.709441465
2388.6,3,08:31:32.710100432
2388.6,1,08:31:32.710363659
2388.6,3,08:31:32.710536069
2388.6,5,08:31:32.710659579
2388.5,1,08:31:32.808397498
2388.4,2,08:31:33.204288243
2388.5,3,08:31:33.359288146
2388.5,1,08:31:33.473328279
2388.6,2,08:31:34.295847783
2388.7,1,08:31:34.295847783
2388.5,1,08:31:34.351979309
2388.7,1,08:31:34.526576478
2388.6,1,08:31:34.889931467
2388.6,1,08:31:34.894841464
2388.6,1,08:31:35.124549351
2388.6,1,08:31:35.124776975
2388.6,1,08:31:35.555144652
2388.6,1,08:31:35.555510944
2388.7,1,08:31:35.613518787
2388.7,3,08:31:36.236849982
2388.7,1,08:31:36.237064272
2388.7,1,08:31:36.237153810
2388.7,2,08:31:36.237213954
2388.6,1,08:31:36.245991993
2388.7,1,08:31:36.899329704
2388.7,1,08:31:37.386129430
2388.6,1,08:31:37.386195452
2388.6,1,08:31:37.886850753
2388.5,1,08:31:37.887239337
2388.5,1,08:31:37.888149058
2388.5,4,08:31:38.012244264
2388.4,1,08:31:38.012886940
2388.4,1,08:31:38.013159998
2388.5,1,08:31:38.296698123
2388.5,1,08:31:38.579838576
2388.5,2,08:31:38.580150662
2388.6,1,08:31:38.606306240
2388.5,1,08:31:38.699850418
2388.4,1,08:31:38.769053682
2388.6,1,08:31:38.777167845
2388.5,1,08:31:38.800057277
2388.7,2,08:31:38.809533518
2388.6,3,08:31:38.809533518
2388.5,3,08:31:38.810664872
2388.4,1,08:31:38.871552619
2388.3,3,08:31:39.264334142
2388.4,1,08:31:39.326530015
2388.3,1,08:31:39.375927125
2388.2,2,08:31:40.229208734
2388.0,1,08:31:41.473423356
2388.0,1,08:31:41.474578893
2387.9,2,08:31:41.806041809
2388.0,1,08:31:42.494852269
2388.0,1,08:31:43.317908175
2388.1,1,08:31:45.026619388
2388.1,1,08:31:45.028219321
2388.1,1,08:31:45.361390230
2388.2,1,08:31:47.115812797
2388.2,1,08:31:47.115844810
2388.1,1,08:31:47.243516446
2388.1,3,08:31:47.271112468
2388.0,1,08:31:47.644718074
2388.0,1,08:31:47.730849295
2388.1,1,08:31:47.730849295
2388.1,1,08:31:47.731824681
2388.3,7,08:31:48.874310381
2388.4,10,08:31:48.874310381
2388.2,4,08:31:48.874310381
2388.4,2,08:31:48.875550681
2388.5,1,08:31:48.877160591
2388.5,1,08:31:48.878602246
2388.5,1,08:31:48.878639328
2388.5,1,08:31:48.878669492
2388.5,1,08:31:48.879015214
2388.5,1,08:31:48.879741353
2388.5,1,08:31:48.879960788
2388.5,1,08:31:49.095193553
2388.4,1,08:31:49.096165208
2388.4,17,08:31:49.096406358
2388.4,3,08:31:49.096667675
2388.4,1,08:31:49.096740674
2388.4,1,08:31:49.096805418
2388.4,1,08:31:49.096872022
2388.4,3,08:31:49.097252900
2388.3,1,08:31:49.097868534
2388.4,1,08:31:49.098488611
2388.3,1,08:31:49.441289180
2388.2,1,08:31:50.105096546
2388.1,1,08:31:50.341423302
2388.1,1,08:31:50.592288100
2388.1,1,08:31:50.733940205
2388.1,1,08:31:50.935556598
2388.2,1,08:31:51.146920220
2388.3,1,08:31:51.269967530
2388.2,3,08:31:51.270489578
2388.1,2,08:31:51.279004214
2388.1,1,08:31:51.295685959
2388.2,1,08:31:51.483508172
2388.1,1,08:31:51.519673263
2388.2,1,08:31:51.958741862
2388.2,1,08:31:51.959302725
2388.3,1,08:31:52.475364661
2388.3,1,08:31:52.634564262
2388.3,1,08:31:53.219836210
2388.2,1,08:31:54.053453281
2388.3,1,08:31:54.464128489
2388.7,9,08:31:54.593850821
2388.3,2,08:31:54.593850821
2388.5,6,08:31:54.593850821
2388.9,10,08:31:54.593850821
2388.4,6,08:31:54.593850821
2388.8,10,08:31:54.593850821
2388.6,7,08:31:54.593850821
2388.9,1,08:31:54.594124628
2388.6,1,08:31:54.596173953
2388.6,1,08:31:54.597066851
2388.5,1,08:31:54.599107868
2388.5,1,08:31:54.599135766
2388.5,3,08:31:54.601260342
2388.5,1,08:31:54.603443292
2388.5,1,08:31:54.696015416
2388.6,1,08:31:55.599944520
2388.5,1,08:31:55.600291596
2388.5,1,08:31:55.600532458
2388.5,1,08:31:55.600584638
2388.5,1,08:31:55.600626716
2388.4,1,08:31:55.652139891
2388.6,1,08:31:55.933890017
2388.6,1,08:31:56.288056863
2388.6,3,08:31:56.551975902
2388.5,2,08:31:56.556571023
2388.4,1,08:31:56.559234593
2388.5,1,08:31:57.189843184
2388.5,1,08:31:57.265620622
2388.6,1,08:31:57.272440102
2388.6,1,08:31:57.272655720
2388.6,1,08:31:57.272710815
2388.7,3,08:31:57.478873591
2388.8,1,08:31:57.479683230
2388.8,1,08:31:57.481278210
2388.9,1,08:31:57.564771682
2388.8,1,08:31:57.565276389
2388.8,1,08:31:57.565468336
2388.8,1,08:31:57.565688023
2388.7,1,08:31:57.617373927
2388.6,1,08:31:57.995854867
2388.6,1,08:31:58.077814987
2388.6,4,08:31:58.078097062
2388.6,1,08:31:58.239585327
2388.6,1,08:31:59.700206431
2388.7,1,08:31:59.707831668
2388.8,1,08:31:59.861137805
2388.7,1,08:32:00.786279400
2388.6,1,08:32:01.140301600
2388.6,1,08:32:01.140505761
2388.6,4,08:32:01.140639949
2388.6,1,08:32:01.141592705
2388.5,22,08:32:01.143117563
2388.4,5,08:32:01.144773389
2388.3,1,08:32:01.146497040
2388.4,1,08:32:01.146858065
2388.4,1,08:32:01.147170253
2388.5,1,08:32:01.160729536
2388.2,1,08:32:01.164600968
2388.2,2,08:32:01.165477475
2388.1,1,08:32:01.424164957
2388.2,1,08:32:01.485173371
2388.2,1,08:32:01.485537186
2387.9,2,08:32:01.518099178
2387.8,1,08:32:01.518112444
2388.0,1,08:32:01.597862030
2388.0,2,08:32:01.597932207
2387.9,1,08:32:01.598211650
2387.7,2,08:32:02.269952393
2387.7,2,08:32:02.270008777
2387.7,1,08:32:02.270043347
2387.7,4,08:32:02.270106303
2387.7,1,08:32:02.270158864
2387.7,1,08:32:02.327325599
2387.6,2,08:32:02.537852267
2387.7,1,08:32:02.538656235
2387.7,1,08:32:02.866431254
2387.7,2,08:32:03.338719289
2387.7,2,08:32:03.352062242
2387.7,1,08:32:03.421667744
2387.7,1,08:32:03.595234428
2387.6,2,08:32:03.771872982
2387.5,1,08:32:03.775451204
2387.5,1,08:32:03.776839276
2387.7,1,08:32:03.866970935
2387.6,1,08:32:04.040153834
2387.5,1,08:32:04.126624270
2387.3,1,08:32:04.217570403
2387.2,2,08:32:04.217580169
2387.3,3,08:32:04.217580169
2387.2,2,08:32:04.217602006
2387.1,3,08:32:04.217602006
2387.3,1,08:32:04.228221935
2387.3,1,08:32:04.228580924
2387.3,1,08:32:04.263465848
2387.3,1,08:32:04.263703639
2387.2,1,08:32:04.263855952
2387.3,1,08:32:04.539217058
2387.2,2,08:32:04.571782502
2387.2,1,08:32:04.572051615
2387.2,1,08:32:04.957577826
2387.2,1,08:32:04.957992030
2387.2,1,08:32:04.958840126
2387.2,1,08:32:04.959663478
2387.2,1,08:32:05.103173547
2387.4,1,08:32:05.553472746
2387.4,1,08:32:06.259009977
2387.4,2,08:32:06.608275749
2387.4,1,08:32:06.608302636
2387.4,1,08:32:06.608557988
2387.5,1,08:32:07.221453520
2387.5,1,08:32:07.319565416
2387.5,1,08:32:08.913161115
2387.4,1,08:32:08.914224307
2387.4,1,08:32:08.914275435
2387.4,1,08:32:08.914348211
2387.3,1,08:32:08.938241986
2387.4,1,08:32:09.063288327
2387.5,1,08:32:09.415264033
2387.6,3,08:32:10.080186243
2387.5,1,08:32:10.253845434
2387.6,1,08:32:10.697188175
2387.5,1,08:32:12.382485741
2387.3,9,08:32:12.416320815
2387.2,2,08:32:12.417439376
2387.2,1,08:32:12.481552384
2387.1,1,08:32:12.494650763
2387.0,3,08:32:12.576847087
2387.1,2,08:32:12.576847087
2387.0,6,08:32:12.783932295
2386.9,1,08:32:12.786067080
2386.8,4,08:32:12.786076462
2386.9,1,08:32:12.786076462
2386.9,1,08:32:12.788155910
2387.0,1,08:32:12.832737528
2387.0,1,08:32:13.498580353
2386.9,1,08:32:13.704427938
2386.9,1,08:32:15.208469716
2387.0,2,08:32:15.325510624
2387.1,1,08:32:15.336935761
2387.1,1,08:32:15.581375305
2387.0,3,08:32:15.814560496
2387.1,2,08:32:15.814560496
2387.2,3,08:32:16.364644356
2387.2,1,08:32:16.365083443
2387.2,1,08:32:16.366529133
2387.2,1,08:32:16.368110351
2387.1,1,08:32:16.378570357
2387.3,2,08:32:16.910412337
2387.3,1,08:32:16.910944939
2387.3,1,08:32:16.910990659
2387.3,1,08:32:16.918008140
2387.3,1,08:32:16.924277037
2387.2,1,08:32:16.926972384
2387.1,1,08:32:17.244938362
2387.1,2,08:32:17.250386084
2387.1,1,08:32:17.250873009
2387.3,1,08:32:18.226905596
2387.4,1,08:32:18.231169682
2387.5,1,08:32:18.318712150
2387.3,1,08:32:18.524827425
2387.2,1,08:32:18.988886358
2387.2,1,08:32:18.989167236
2387.1,1,08:32:18.997271073
2387.1,1,08:32:18.997687376
2387.1,1,08:32:18.997928210
2387.1,1,08:32:18.997980707
2387.1,1,08:32:19.207898980
2387.1,1,08:32:19.391003708
2387.1,1,08:32:19.809767188
2387.1,2,08:32:19.810015224
2387.1,1,08:32:20.646286766
2387.1,1,08:32:20.646847546
2387.1,1,08:32:20.802805079
2387.2,1,08:32:21.617225171
2387.2,1,08:32:22.149746154
2387.2,1,08:32:22.334071116
2387.2,1,08:32:22.334324919
2387.1,1,08:32:22.334422816
2387.1,1,08:32:22.334667275
2387.2,1,08:32:22.335003314
2387.1,1,08:32:22.335377052
2387.0,1,08:32:22.336176864
2387.2,1,08:32:22.534409897
2387.3,3,08:32:22.534610291
2387.3,1,08:32:22.534650030
2387.3,1,08:32:22.535705911
2387.4,1,08:32:22.752113671
2387.4,1,08:32:22.941059889
2387.4,1,08:32:23.081758229
2387.4,1,08:32:23.273662179
2387.4,1,08:32:23.770620043
2387.5,1,08:32:24.015459005
2387.3,4,08:32:24.016326532
2387.4,1,08:32:24.192454352
2387.5,1,08:32:25.037457605
2387.5,1,08:32:25.227329043
2387.6,1,08:32:25.864420445
2387.5,1,08:32:25.868345605
2387.5,1,08:32:25.868405635
2387.4,1,08:32:26.235321727
2387.5,1,08:32:26.990548216
2387.6,5,08:32:27.991792825
2387.6,1,08:32:27.992474113
2387.6,1,08:32:27.992721904
2387.5,1,08:32:27.996519625
2387.5,1,08:32:30.144043785
2387.5,1,08:32:30.144437204
2387.6,1,08:32:30.224205582
2387.6,1,08:32:30.234910610
2387.5,1,08:32:30.552270243
2387.7,6,08:32:31.597253022
2387.7,1,08:32:31.597267628
2387.6,1,08:32:31.598320973
2387.7,1,08:32:32.529720886
2387.6,1,08:32:32.710365398
2387.7,1,08:32:32.715539802
2387.7,1,08:32:32.906891150
2387.7,1,08:32:33.342565726
2387.5,1,08:32:33.378924913
2387.5,1,08:32:33.379869764
2387.4,1,08:32:33.386927841
2387.6,1,08:32:33.564490238
2387.6,1,08:32:33.779997359
2387.6,2,08:32:34.291429950
2387.7,4,08:32:35.319443426
2387.7,1,08:32:35.319489788
2387.9,1,08:32:35.537724664
2388.1,1,08:32:35.955115450
2388.2,2,08:32:35.955693657
2388.2,1,08:32:35.955738368
2388.2,10,08:32:35.958273475
2388.2,1,08:32:35.960321292
2388.2,3,08:32:36.046881563
2388.1,1,08:32:36.248794272
2388.1,1,08:32:36.258176572
2388.0,1,08:32:36.265320092
2388.0,1,08:32:36.265351171
2388.0,2,08:32:36.265547780
2388.0,1,08:32:36.908059903
2387.9,1,08:32:37.650590299
2387.9,1,08:32:37.650664809
2387.9,1,08:32:37.652175640
2387.9,2,08:32:37.723908147
2387.9,1,08:32:39.321596019
2388.0,1,08:32:39.740771247
2387.9,1,08:32:39.921363611
2387.8,1,08:32:40.491312995
2387.7,1,08:32:43.469778043
2387.7,1,08:32:43.470037964
2387.8,4,08:32:44.339978687
2387.9,2,08:32:44.339978687
2387.8,1,08:32:44.348439948
2387.8,1,08:32:44.349536072
2387.9,1,08:32:45.209395105
2387.9,1,08:32:45.209422792
2387.8,1,08:32:46.723405068
2387.8,1,08:32:47.243386666
2387.8,1,08:32:47.243824122
2387.9,1,08:32:48.011875248
2388.0,1,08:32:48.241184715
2388.1,1,08:32:48.426036446
2388.1,1,08:32:48.609492244
2388.0,1,08:32:48.811950615
2387.9,4,08:32:48.812456708
2387.8,1,08:32:48.813693521
2387.8,2,08:32:48.813780006
2387.8,1,08:32:48.813818618
2387.7,1,08:32:48.815764106
2387.7,4,08:32:48.816269149
2387.7,1,08:32:48.816456795
2387.7,1,08:32:48.816578827
2387.7,1,08:32:48.816771045
2387.6,1,08:32:48.830718426
2387.7,2,08:32:48.939521870
2387.7,1,08:32:49.072665466
2387.8,1,08:32:49.228100145
2387.8,1,08:32:49.261196000
2387.9,1,08:32:49.781038689
2387.9,1,08:32:50.004266099
2387.8,1,08:32:50.016322693
2387.8,1,08:32:50.017200676
2387.9,1,08:32:50.651116362
2387.7,1,08:32:51.000983735
2387.8,1,08:32:51.301992850
2387.8,1,08:32:51.302218800
2387.7,1,08:32:51.484094401
2387.7,1,08:32:51.704605960
2387.8,1,08:32:51.942623038
2387.6,1,08:32:52.674881288
2387.6,1,08:32:52.675239935
2387.6,1,08:32:53.388987576
2387.7,1,08:32:53.557871884
2387.8,1,08:32:54.606788259
2387.9,3,08:32:55.937299766
2388.0,5,08:32:55.939555175
2388.1,1,08:32:56.062472822
2388.1,1,08:32:56.074359055
