bidVolume,bidPrice,askVolume,askPrice,timestamp
3,2320.8,5,2321.0,09:45:00.008175458
2,2320.8,5,2321.0,09:45:00.030689413
2,2320.8,1,2320.9,09:45:00.030833719
2,2320.8,2,2320.9,09:45:00.030864374
1,2320.8,2,2320.9,09:45:00.030887695
1,2320.8,3,2320.9,09:45:00.030911484
1,2320.8,3,2320.9,09:45:00.031058380
1,2320.8,3,2320.9,09:45:00.031071894
5,2320.7,3,2320.9,09:45:00.031206892
5,2320.7,3,2320.9,09:45:00.031206892
4,2320.7,3,2320.9,09:45:00.031365689
4,2320.7,3,2320.9,09:45:00.031534812
4,2320.7,4,2320.9,09:45:00.031674952
4,2320.7,5,2320.9,09:45:00.031691084
3,2320.7,5,2320.9,09:45:00.031711834
3,2320.7,1,2320.8,09:45:00.031948001
2,2320.7,1,2320.8,09:45:00.031989077
2,2320.7,2,2320.8,09:45:00.032047619
1,2320.7,2,2320.8,09:45:00.032106824
1,2320.7,3,2320.8,09:45:00.032378689
1,2320.7,3,2320.8,09:45:00.032389409
1,2320.7,3,2320.8,09:45:00.032421116
1,2320.7,3,2320.8,09:45:00.032455624
1,2320.7,4,2320.8,09:45:00.032493027
1,2320.7,3,2320.8,09:45:00.032780575
1,2320.7,3,2320.8,09:45:00.032792012
3,2320.6,3,2320.8,09:45:00.032897550
3,2320.6,3,2320.8,09:45:00.032897550
3,2320.6,2,2320.8,09:45:00.033088447
3,2320.6,2,2320.8,09:45:00.033228539
1,2320.7,2,2320.8,09:45:00.033288668
3,2320.6,2,2320.8,09:45:00.033412962
3,2320.6,2,2320.8,09:45:00.033412962
3,2320.6,3,2320.8,09:45:00.033448396
3,2320.6,4,2320.8,09:45:00.034628430
3,2320.6,4,2320.8,09:45:00.039941622
3,2320.6,1,2320.7,09:45:00.040631095
3,2320.6,1,2320.7,09:45:00.040833928
2,2320.6,1,2320.7,09:45:00.040860559
2,2320.6,1,2320.7,09:45:00.040869673
2,2320.6,2,2320.7,09:45:00.041025126
2,2320.6,2,2320.7,09:45:00.041034137
1,2320.6,2,2320.7,09:45:00.041078140
5,2320.5,2,2320.7,09:45:00.041436148
5,2320.5,2,2320.7,09:45:00.041436148
5,2320.5,1,2320.7,09:45:00.041454005
5,2320.5,2,2320.7,09:45:00.041549091
4,2320.5,2,2320.7,09:45:00.041628840
4,2320.5,3,2320.7,09:45:00.041650703
4,2320.5,3,2320.7,09:45:00.041662127
4,2320.5,3,2320.7,09:45:00.041679263
5,2320.5,3,2320.7,09:45:00.041797323
5,2320.5,3,2320.7,09:45:00.041867328
5,2320.5,3,2320.7,09:45:00.041867328
1,2320.6,3,2320.7,09:45:00.041996085
1,2320.6,3,2320.7,09:45:00.042018509
1,2320.6,3,2320.7,09:45:00.042123170
1,2320.6,3,2320.7,09:45:00.042155452
1,2320.6,4,2320.7,09:45:00.042178873
1,2320.6,4,2320.7,09:45:00.042178873
5,2320.5,4,2320.7,09:45:00.046398031
5,2320.5,4,2320.7,09:45:00.046398031
5,2320.5,3,2320.7,09:45:00.170451056
1,2320.6,3,2320.7,09:45:00.170594467
2,2320.6,3,2320.7,09:45:00.170672488
2,2320.6,2,2320.7,09:45:00.170798410
2,2320.6,1,2320.7,09:45:00.170825957
3,2320.6,1,2320.7,09:45:00.171009714
3,2320.6,4,2320.8,09:45:00.171650175
3,2320.6,4,2320.8,09:45:00.171650175
3,2320.6,4,2320.8,09:45:00.202604562
4,2320.6,4,2320.8,09:45:00.245373447
1,2320.7,4,2320.8,09:45:00.245722707
1,2320.7,3,2320.8,09:45:00.245883451
1,2320.7,2,2320.8,09:45:00.245925733
1,2320.7,2,2320.8,09:45:00.245938703
1,2320.7,2,2320.8,09:45:00.245955957
1,2320.7,1,2320.8,09:45:00.245986295
2,2320.7,1,2320.8,09:45:00.246014993
2,2320.7,7,2320.9,09:45:00.254215171
2,2320.7,7,2320.9,09:45:00.254215171
2,2320.7,7,2320.9,09:45:00.254445121
2,2320.7,6,2320.9,09:45:00.254462328
3,2320.7,6,2320.9,09:45:00.254531235
4,2320.7,6,2320.9,09:45:00.438385646
1,2320.8,6,2320.9,09:45:00.438528473
1,2320.8,5,2320.9,09:45:00.438646064
1,2320.8,4,2320.9,09:45:00.438663734
1,2320.8,4,2320.9,09:45:00.438699280
1,2320.8,4,2320.9,09:45:00.438714082
1,2320.8,3,2320.9,09:45:00.438735611
1,2320.8,2,2320.9,09:45:00.438760034
2,2320.8,2,2320.9,09:45:00.438788914
3,2320.8,2,2320.9,09:45:00.438824317
3,2320.8,1,2320.9,09:45:00.438926859
3,2320.8,5,2321.0,09:45:00.439205908
3,2320.8,5,2321.0,09:45:00.439205908
3,2320.8,5,2321.0,09:45:00.439362388
3,2320.8,5,2321.0,09:45:00.439404773
2,2320.8,5,2321.0,09:45:00.440484673
2,2320.8,1,2320.9,09:45:00.440643252
1,2320.8,1,2320.9,09:45:00.440671662
1,2320.8,1,2320.9,09:45:00.440733837
1,2320.8,2,2320.9,09:45:00.440783537
1,2320.8,2,2320.9,09:45:00.553060575
1,2320.8,1,2320.9,09:45:00.569080130
1,2320.8,5,2321.0,09:45:00.569181956
1,2320.8,5,2321.0,09:45:00.569181956
2,2320.8,5,2321.0,09:45:00.569201406
2,2320.8,5,2321.0,09:45:00.569328004
2,2320.8,5,2321.0,09:45:00.569489582
2,2320.8,5,2321.0,09:45:00.569489582
2,2320.8,6,2321.0,09:45:00.571908219
2,2320.8,1,2320.9,09:45:00.584211049
1,2320.8,1,2320.9,09:45:00.584240355
1,2320.8,2,2320.9,09:45:00.584423015
1,2320.8,3,2320.9,09:45:00.584438289
4,2320.7,3,2320.9,09:45:00.584657698
4,2320.7,3,2320.9,09:45:00.584657698
4,2320.7,1,2320.8,09:45:00.584926545
3,2320.7,1,2320.8,09:45:00.584951688
3,2320.7,3,2320.9,09:45:00.585180525
3,2320.7,3,2320.9,09:45:00.585180525
3,2320.7,4,2320.9,09:45:00.585211767
2,2320.7,4,2320.9,09:45:00.585211767
2,2320.7,4,2320.9,09:45:00.585217886
2,2320.7,4,2320.9,09:45:00.585226424
3,2320.7,4,2320.9,09:45:00.585226424
5,2320.6,4,2320.9,09:45:00.800025305
5,2320.6,4,2320.9,09:45:00.800025305
5,2320.6,4,2320.9,09:45:00.800157961
5,2320.6,1,2320.8,09:45:00.800300609
5,2320.6,2,2320.8,09:45:00.800375392
5,2320.6,3,2320.8,09:45:00.800435377
5,2320.6,3,2320.8,09:45:00.800503330
5,2320.6,3,2320.8,09:45:00.800563757
5,2320.6,3,2320.8,09:45:00.800575275
5,2320.6,4,2320.8,09:45:00.800597591
5,2320.6,4,2320.8,09:45:00.800610251
5,2320.6,4,2320.8,09:45:00.800631160
5,2320.6,5,2320.8,09:45:00.800727466
5,2320.6,6,2320.8,09:45:00.800744949
5,2320.6,6,2320.8,09:45:00.800760564
5,2320.6,5,2320.8,09:45:00.800861799
4,2320.6,5,2320.8,09:45:00.800912110
3,2320.6,5,2320.8,09:45:00.842673412
4,2320.6,5,2320.8,09:45:00.984613081
4,2320.6,4,2320.8,09:45:00.984752063
1,2320.7,4,2320.8,09:45:00.984895160
1,2320.7,3,2320.8,09:45:00.985029259
1,2320.7,3,2320.8,09:45:00.985056943
1,2320.7,3,2320.8,09:45:00.985093100
2,2320.7,3,2320.8,09:45:00.985175138
2,2320.7,2,2320.8,09:45:00.985192798
2,2320.7,1,2320.8,09:45:00.985344965
2,2320.7,7,2320.9,09:45:00.985357852
2,2320.7,7,2320.9,09:45:00.985357852
2,2320.7,6,2320.9,09:45:00.985614923
3,2320.7,6,2320.9,09:45:00.985672027
3,2320.7,7,2320.9,09:45:01.031885138
2,2320.7,7,2320.9,09:45:01.032123165
2,2320.7,1,2320.8,09:45:01.032252898
2,2320.7,2,2320.8,09:45:01.032447232
2,2320.7,1,2320.8,09:45:01.032547023
2,2320.7,1,2320.8,09:45:01.032555852
1,2320.7,1,2320.8,09:45:01.032568716
1,2320.7,8,2320.9,09:45:01.032722921
1,2320.7,8,2320.9,09:45:01.032722921
1,2320.7,7,2320.9,09:45:01.032885375
2,2320.7,7,2320.9,09:45:01.033010473
2,2320.7,1,2320.8,09:45:01.377464576
1,2320.7,1,2320.8,09:45:01.377492186
1,2320.7,2,2320.8,09:45:01.377521710
1,2320.7,1,2320.8,09:45:01.377748115
1,2320.7,1,2320.8,09:45:01.377761852
2,2320.7,1,2320.8,09:45:01.377848872
2,2320.7,8,2320.9,09:45:01.377990469
2,2320.7,8,2320.9,09:45:01.377990469
3,2320.7,8,2320.9,09:45:01.378018748
4,2320.7,8,2320.9,09:45:01.378173849
1,2320.8,8,2320.9,09:45:01.378200840
1,2320.8,7,2320.9,09:45:01.378222329
1,2320.8,6,2320.9,09:45:01.378236845
2,2320.8,6,2320.9,09:45:01.378373126
2,2320.8,5,2320.9,09:45:01.378387763
2,2320.8,4,2320.9,09:45:01.378443783
2,2320.8,4,2320.9,09:45:01.378539788
2,2320.8,4,2320.9,09:45:01.378588813
2,2320.8,4,2320.9,09:45:01.378601972
2,2320.8,4,2320.9,09:45:01.378615665
2,2320.8,3,2320.9,09:45:01.378637617
3,2320.8,3,2320.9,09:45:01.378674044
3,2320.8,2,2320.9,09:45:01.378735082
3,2320.8,1,2320.9,09:45:01.378816114
3,2320.8,1,2320.9,09:45:01.397148410
2,2320.8,1,2320.9,09:45:01.431794781
2,2320.8,1,2320.9,09:45:01.668630874
1,2320.8,1,2320.9,09:45:01.675013287
1,2320.8,2,2320.9,09:45:01.675071519
6,2320.7,2,2320.9,09:45:01.675253971
6,2320.7,2,2320.9,09:45:01.675253971
6,2320.7,3,2320.9,09:45:01.677202423
6,2320.7,3,2320.9,09:45:01.841677128
1,2320.8,3,2320.9,09:45:01.852795918
1,2320.8,2,2320.9,09:45:01.852969294
2,2320.8,2,2320.9,09:45:01.853002002
1,2320.8,2,2320.9,09:45:01.959354137
6,2320.7,2,2320.9,09:45:01.959480691
6,2320.7,2,2320.9,09:45:01.959480691
6,2320.7,3,2320.9,09:45:01.959558760
6,2320.7,2,2320.9,09:45:02.023045725
1,2320.8,2,2320.9,09:45:02.023197446
2,2320.8,2,2320.9,09:45:02.023281278
2,2320.8,1,2320.9,09:45:02.023310812
1,2320.8,1,2320.9,09:45:02.045468101
1,2320.8,2,2320.9,09:45:02.045607440
6,2320.7,2,2320.9,09:45:02.045649069
6,2320.7,2,2320.9,09:45:02.045649069
6,2320.7,3,2320.9,09:45:02.045677845
6,2320.7,4,2320.9,09:45:02.045694468
6,2320.7,5,2320.9,09:45:02.045755785
5,2320.7,5,2320.9,09:45:02.045810084
5,2320.7,1,2320.8,09:45:02.045881944
5,2320.7,5,2320.9,09:45:02.045976052
5,2320.7,5,2320.9,09:45:02.045976052
5,2320.7,6,2320.9,09:45:02.046020181
4,2320.7,6,2320.9,09:45:02.046055420
4,2320.7,7,2320.9,09:45:02.046072159
4,2320.7,6,2320.9,09:45:02.046120704
4,2320.7,1,2320.8,09:45:02.046190562
3,2320.7,1,2320.8,09:45:02.046216543
3,2320.7,1,2320.8,09:45:02.046288615
2,2320.7,1,2320.8,09:45:02.046398307
2,2320.7,1,2320.8,09:45:02.046614196
1,2320.7,1,2320.8,09:45:02.046653336
1,2320.7,2,2320.8,09:45:02.046701219
1,2320.7,3,2320.8,09:45:02.046875472
5,2320.6,3,2320.8,09:45:02.047035485
5,2320.6,3,2320.8,09:45:02.047035485
5,2320.6,2,2320.8,09:45:02.047090113
5,2320.6,3,2320.8,09:45:02.047206048
5,2320.6,2,2320.8,09:45:02.047253975
5,2320.6,3,2320.8,09:45:02.047272821
5,2320.6,3,2320.8,09:45:02.054052320
5,2320.6,3,2320.8,09:45:02.055947053
5,2320.6,4,2320.8,09:45:02.138908391
4,2320.6,4,2320.8,09:45:02.138930170
3,2320.6,4,2320.8,09:45:02.139074298
3,2320.6,3,2320.8,09:45:02.226066092
3,2320.6,2,2320.8,09:45:02.226213772
3,2320.6,1,2320.8,09:45:02.226447511
3,2320.6,2,2320.8,09:45:02.226577811
2,2320.7,2,2320.8,09:45:02.228818083
2,2320.7,2,2320.8,09:45:02.228835934
2,2320.7,2,2320.8,09:45:02.228841671
2,2320.7,1,2320.8,09:45:02.228997549
2,2320.7,1,2320.8,09:45:02.229020262
2,2320.7,7,2320.9,09:45:02.229119049
2,2320.7,7,2320.9,09:45:02.229119049
3,2320.7,7,2320.9,09:45:02.229212392
3,2320.7,6,2320.9,09:45:02.229312788
4,2320.7,6,2320.9,09:45:02.250519941
4,2320.7,5,2320.9,09:45:02.263321725
4,2320.7,1,2320.8,09:45:02.577182586
4,2320.7,1,2320.8,09:45:02.577390495
4,2320.7,6,2320.9,09:45:02.599819110
4,2320.7,5,2320.9,09:45:02.599819110
4,2320.7,5,2320.9,09:45:02.599819110
4,2320.7,4,2320.9,09:45:02.600066305
1,2320.8,4,2320.9,09:45:02.600220369
1,2320.8,4,2320.9,09:45:02.600365815
1,2320.8,3,2320.9,09:45:02.600388792
1,2320.8,3,2320.9,09:45:02.600400383
5,2320.7,3,2320.9,09:45:02.634530239
5,2320.7,3,2320.9,09:45:02.634530239
5,2320.7,3,2320.9,09:45:02.634530239
5,2320.7,3,2320.9,09:45:02.645331995
1,2320.8,3,2320.9,09:45:02.645410579
1,2320.8,2,2320.9,09:45:02.648865599
1,2320.8,1,2320.9,09:45:02.853834146
1,2320.8,6,2321.0,09:45:02.853944481
1,2320.8,6,2321.0,09:45:02.853944481
2,2320.8,6,2321.0,09:45:02.854016822
2,2320.8,6,2321.0,09:45:02.854303141
2,2320.8,6,2321.0,09:45:02.862466477
3,2320.8,6,2321.0,09:45:02.862675367
3,2320.8,1,2320.9,09:45:03.009735034
3,2320.8,6,2321.0,09:45:03.012533804
3,2320.8,6,2321.0,09:45:03.012533804
3,2320.8,7,2321.0,09:45:03.014356558
3,2320.8,1,2320.9,09:45:03.023838970
2,2320.8,1,2320.9,09:45:03.024007300
2,2320.8,7,2321.0,09:45:03.031164670
2,2320.8,7,2321.0,09:45:03.031164670
3,2320.8,7,2321.0,09:45:03.031191976
3,2320.8,6,2321.0,09:45:03.040654198
3,2320.8,5,2321.0,09:45:03.040766716
4,2320.8,5,2321.0,09:45:03.040789241
4,2320.8,4,2321.0,09:45:03.040828940
1,2320.9,4,2321.0,09:45:03.040858508
1,2320.9,4,2321.0,09:45:03.040898049
1,2320.9,4,2321.0,09:45:03.041011738
1,2320.9,4,2321.0,09:45:03.041026027
1,2320.9,4,2321.0,09:45:03.041042340
2,2320.9,4,2321.0,09:45:03.041076803
1,2320.9,4,2321.0,09:45:03.046746420
1,2320.9,5,2321.0,09:45:03.046774476
1,2320.9,5,2321.0,09:45:03.046790661
1,2320.9,4,2321.0,09:45:03.047339649
1,2320.9,3,2321.0,09:45:03.050574882
2,2320.9,3,2321.0,09:45:03.050731269
3,2320.9,3,2321.0,09:45:03.050746943
2,2320.9,3,2321.0,09:45:03.100333376
1,2320.9,3,2321.0,09:45:03.100497321
2,2320.9,3,2321.0,09:45:03.264664786
3,2320.9,3,2321.0,09:45:03.360954874
3,2320.9,2,2321.0,09:45:03.361403372
3,2320.9,7,2321.1,09:45:03.361545903
3,2320.9,7,2321.1,09:45:03.361545903
3,2320.9,6,2321.1,09:45:03.361613111
1,2321.0,6,2321.1,09:45:03.361684715
3,2320.9,6,2321.1,09:45:03.361826757
3,2320.9,6,2321.1,09:45:03.361826757
3,2320.9,6,2321.1,09:45:03.361958286
3,2320.9,5,2321.1,09:45:03.362013820
1,2321.0,5,2321.1,09:45:03.362041225
1,2321.0,5,2321.1,09:45:03.362110356
1,2321.0,5,2321.1,09:45:03.362125973
1,2321.0,5,2321.1,09:45:03.362143788
1,2321.0,4,2321.1,09:45:03.362166044
1,2321.0,4,2321.1,09:45:03.362176454
1,2321.0,3,2321.1,09:45:03.362197609
4,2320.9,3,2321.1,09:45:03.363696302
4,2320.9,3,2321.1,09:45:03.363696302
4,2320.9,5,2321.2,09:45:03.431053852
4,2320.9,4,2321.2,09:45:03.431053852
4,2320.9,4,2321.2,09:45:03.431053852
1,2321.0,4,2321.2,09:45:03.431149184
2,2321.0,4,2321.2,09:45:03.431320897
2,2321.0,4,2321.2,09:45:03.431342001
2,2321.0,4,2321.2,09:45:03.431352465
2,2321.0,4,2321.2,09:45:03.431396841
3,2321.0,4,2321.2,09:45:03.431468493
3,2321.0,4,2321.2,09:45:03.431550917
4,2321.0,4,2321.2,09:45:03.431574062
4,2321.0,4,2321.2,09:45:03.431604969
4,2321.0,4,2321.2,09:45:03.431733471
5,2321.0,4,2321.2,09:45:03.431762214
5,2321.0,4,2321.2,09:45:03.431776669
6,2321.0,4,2321.2,09:45:03.431819390
7,2321.0,4,2321.2,09:45:03.431887065
6,2321.0,4,2321.2,09:45:03.431918332
7,2321.0,4,2321.2,09:45:03.431965745
8,2321.0,4,2321.2,09:45:03.432114378
8,2321.0,3,2321.2,09:45:03.432133345
8,2321.0,3,2321.2,09:45:03.432159246
8,2321.0,2,2321.2,09:45:03.432219286
8,2321.0,2,2321.2,09:45:03.432364947
7,2321.0,2,2321.2,09:45:03.432426215
7,2321.0,2,2321.2,09:45:03.432438622
7,2321.0,1,2321.2,09:45:03.432538816
7,2321.0,1,2321.2,09:45:03.432593723
7,2321.0,1,2321.2,09:45:03.432593723
1,2321.1,1,2321.2,09:45:03.432655214
2,2321.1,1,2321.2,09:45:03.432738720
2,2321.1,1,2321.2,09:45:03.432768551
3,2321.1,1,2321.2,09:45:03.432790459
2,2321.1,1,2321.2,09:45:03.432852592
2,2321.1,1,2321.2,09:45:03.432880634
2,2321.1,6,2321.3,09:45:03.432907060
2,2321.1,6,2321.3,09:45:03.432907060
2,2321.1,5,2321.3,09:45:03.432932327
1,2321.1,5,2321.3,09:45:03.432985832
1,2321.1,4,2321.3,09:45:03.433008329
1,2321.1,4,2321.3,09:45:03.433029466
1,2321.1,4,2321.3,09:45:03.433041895
1,2321.1,4,2321.3,09:45:03.433062317
2,2321.1,4,2321.3,09:45:03.433093394
2,2321.1,4,2321.3,09:45:03.433168057
2,2321.1,1,2321.2,09:45:03.433282370
3,2321.1,1,2321.2,09:45:03.433295394
4,2321.1,1,2321.2,09:45:03.433304214
4,2321.1,4,2321.3,09:45:03.433337843
4,2321.1,4,2321.3,09:45:03.433337843
4,2321.1,4,2321.3,09:45:03.433381002
4,2321.1,4,2321.3,09:45:03.433394897
3,2321.1,4,2321.3,09:45:03.433464501
3,2321.1,4,2321.3,09:45:03.439262212
3,2321.1,4,2321.3,09:45:03.439262212
3,2321.1,4,2321.3,09:45:03.442259824
3,2321.1,4,2321.3,09:45:03.650847468
3,2321.1,4,2321.3,09:45:03.650862583
3,2321.1,3,2321.3,09:45:03.681210247
4,2321.1,3,2321.3,09:45:03.681248007
1,2321.2,3,2321.3,09:45:03.681279797
1,2321.2,3,2321.3,09:45:03.681364468
1,2321.2,3,2321.3,09:45:03.681472011
1,2321.2,2,2321.3,09:45:03.681493189
1,2321.2,2,2321.3,09:45:03.681505769
1,2321.2,1,2321.3,09:45:03.681550154
1,2321.2,1,2321.3,09:45:03.681649209
1,2321.2,1,2321.3,09:45:03.681745602
1,2321.2,2,2321.3,09:45:03.686761841
4,2321.1,2,2321.3,09:45:03.686873184
4,2321.1,2,2321.3,09:45:03.686873184
4,2321.1,2,2321.3,09:45:03.692229695
3,2321.1,2,2321.3,09:45:03.887650981
3,2321.1,3,2321.3,09:45:03.887779665
3,2321.1,4,2321.3,09:45:04.014303659
2,2321.1,4,2321.3,09:45:04.014552820
2,2321.1,5,2321.3,09:45:04.014589691
2,2321.1,1,2321.2,09:45:04.014743885
1,2321.1,1,2321.2,09:45:04.014780027
1,2321.1,2,2321.2,09:45:04.014900795
1,2321.1,1,2321.2,09:45:04.083046522
2,2321.1,1,2321.2,09:45:04.083076831
2,2321.1,5,2321.3,09:45:04.083206091
2,2321.1,5,2321.3,09:45:04.083206091
3,2321.1,5,2321.3,09:45:04.083376092
3,2321.1,4,2321.3,09:45:04.083552882
4,2321.1,4,2321.3,09:45:04.193586050
4,2321.1,3,2321.3,09:45:04.193706187
5,2321.1,3,2321.3,09:45:04.193822372
1,2321.2,3,2321.3,09:45:04.193849502
1,2321.2,2,2321.3,09:45:04.193951677
1,2321.2,5,2321.4,09:45:04.211836470
1,2321.2,2,2321.4,09:45:04.211836470
1,2321.2,2,2321.4,09:45:04.211836470
2,2321.2,2,2321.4,09:45:04.211888257
3,2321.2,2,2321.4,09:45:04.212041213
4,2321.2,2,2321.4,09:45:04.212090888
5,2321.2,2,2321.4,09:45:04.212392886
5,2321.2,2,2321.4,09:45:04.212421149
5,2321.2,2,2321.4,09:45:04.212449241
5,2321.2,1,2321.4,09:45:04.212480640
6,2321.2,1,2321.4,09:45:04.212510375
6,2321.2,2,2321.4,09:45:04.212537681
1,2321.3,2,2321.4,09:45:04.212605957
2,2321.3,2,2321.4,09:45:04.212670631
2,2321.3,2,2321.4,09:45:04.212851905
2,2321.3,2,2321.4,09:45:04.212910059
2,2321.3,1,2321.4,09:45:04.212975495
1,2321.3,1,2321.4,09:45:04.213024602
1,2321.3,1,2321.4,09:45:04.213058756
1,2321.3,7,2321.5,09:45:04.213120940
1,2321.3,7,2321.5,09:45:04.213120940
4,2321.2,7,2321.5,09:45:04.213151015
4,2321.2,7,2321.5,09:45:04.213151015
4,2321.2,7,2321.5,09:45:04.213173172
4,2321.2,7,2321.5,09:45:04.213182964
4,2321.2,7,2321.5,09:45:04.213236047
4,2321.2,7,2321.5,09:45:04.213236047
4,2321.2,7,2321.5,09:45:04.213264636
4,2321.2,1,2321.3,09:45:04.213339696
4,2321.2,1,2321.3,09:45:04.213362133
4,2321.2,6,2321.5,09:45:04.213546388
4,2321.2,6,2321.5,09:45:04.213546388
4,2321.2,6,2321.5,09:45:04.213595599
4,2321.2,6,2321.5,09:45:04.213648092
4,2321.2,7,2321.5,09:45:04.213734425
4,2321.2,1,2321.4,09:45:04.213792340
4,2321.2,2,2321.4,09:45:04.213822548
4,2321.2,2,2321.4,09:45:04.213911747
3,2321.2,2,2321.4,09:45:04.213990379
3,2321.2,3,2321.4,09:45:04.214065923
3,2321.2,4,2321.4,09:45:04.214085484
3,2321.2,5,2321.4,09:45:04.214210684
3,2321.2,4,2321.4,09:45:04.214226982
3,2321.2,5,2321.4,09:45:04.214268778
3,2321.2,5,2321.4,09:45:04.219988743
2,2321.2,5,2321.4,09:45:04.221733504
1,2321.2,5,2321.4,09:45:04.222569847
1,2321.2,5,2321.4,09:45:04.397847461
1,2321.2,1,2321.3,09:45:04.604652982
5,2321.1,1,2321.3,09:45:04.604682695
5,2321.1,1,2321.3,09:45:04.604682695
5,2321.1,1,2321.3,09:45:04.604833984
5,2321.1,1,2321.3,09:45:04.604904043
5,2321.1,2,2321.3,09:45:04.605035749
6,2321.1,2,2321.3,09:45:04.607625144
1,2321.2,2,2321.3,09:45:04.607757719
1,2321.2,1,2321.3,09:45:04.607790422
1,2321.2,5,2321.4,09:45:04.607998090
1,2321.2,5,2321.4,09:45:04.607998090
2,2321.2,5,2321.4,09:45:04.608081208
2,2321.2,4,2321.4,09:45:04.608171303
3,2321.2,4,2321.4,09:45:04.608292083
3,2321.2,1,2321.3,09:45:04.609624538
2,2321.2,1,2321.3,09:45:04.618663504
1,2321.2,1,2321.3,09:45:04.618782223
2,2321.2,1,2321.3,09:45:04.661273829
3,2321.2,1,2321.3,09:45:04.661375779
3,2321.2,4,2321.4,09:45:04.661497789
3,2321.2,4,2321.4,09:45:04.661497789
2,2321.2,4,2321.4,09:45:04.661528873
2,2321.2,4,2321.4,09:45:04.665296799
3,2321.2,4,2321.4,09:45:04.665372375
3,2321.2,7,2321.5,09:45:05.181652774
3,2321.2,7,2321.6,09:45:05.181652774
3,2321.2,3,2321.6,09:45:05.181652774
3,2321.2,3,2321.6,09:45:05.181652774
3,2321.2,3,2321.6,09:45:05.181652774
1,2321.3,3,2321.6,09:45:05.181710134
1,2321.3,3,2321.6,09:45:05.181741358
1,2321.3,3,2321.6,09:45:05.181765880
2,2321.3,3,2321.6,09:45:05.181773531
3,2321.3,3,2321.6,09:45:05.181856525
3,2321.3,3,2321.6,09:45:05.181870730
4,2321.3,3,2321.6,09:45:05.181910286
5,2321.3,3,2321.6,09:45:05.182187891
5,2321.3,3,2321.6,09:45:05.182200953
5,2321.3,3,2321.6,09:45:05.182210935
6,2321.3,3,2321.6,09:45:05.182380004
7,2321.3,3,2321.6,09:45:05.182453846
7,2321.3,3,2321.6,09:45:05.182633846
7,2321.3,3,2321.6,09:45:05.182903333
7,2321.3,3,2321.6,09:45:05.182918185
7,2321.3,3,2321.6,09:45:05.182932041
7,2321.3,3,2321.6,09:45:05.182947075
7,2321.3,3,2321.6,09:45:05.182960682
7,2321.3,3,2321.6,09:45:05.182983482
7,2321.3,3,2321.6,09:45:05.183078025
9,2321.3,3,2321.6,09:45:05.183094236
9,2321.3,1,2321.5,09:45:05.183146122
9,2321.3,1,2321.5,09:45:05.183168494
10,2321.3,1,2321.5,09:45:05.183293420
11,2321.3,1,2321.5,09:45:05.183312591
11,2321.3,1,2321.5,09:45:05.183323859
11,2321.3,1,2321.5,09:45:05.183340054
11,2321.3,1,2321.5,09:45:05.183355297
11,2321.3,1,2321.5,09:45:05.183371316
1,2321.4,1,2321.5,09:45:05.183450470
1,2321.4,1,2321.5,09:45:05.183502455
1,2321.4,1,2321.5,09:45:05.183632084
1,2321.4,1,2321.5,09:45:05.183647582
1,2321.4,1,2321.5,09:45:05.183716879
1,2321.4,1,2321.5,09:45:05.183730627
1,2321.4,1,2321.5,09:45:05.183777972
1,2321.4,1,2321.5,09:45:05.183810786
1,2321.4,1,2321.5,09:45:05.183810786
1,2321.4,1,2321.5,09:45:05.184130721
2,2321.4,1,2321.5,09:45:05.184168629
2,2321.4,1,2321.5,09:45:05.184177519
3,2321.4,1,2321.5,09:45:05.184200908
3,2321.4,1,2321.5,09:45:05.184215558
3,2321.4,1,2321.5,09:45:05.184258096
3,2321.4,1,2321.5,09:45:05.184373471
3,2321.4,1,2321.5,09:45:05.184387459
3,2321.4,1,2321.5,09:45:05.184420623
2,2321.4,1,2321.5,09:45:05.184593636
1,2321.4,1,2321.5,09:45:05.184618059
1,2321.4,1,2321.5,09:45:05.184939998
1,2321.4,1,2321.5,09:45:05.184968018
1,2321.4,5,2321.6,09:45:05.185140569
1,2321.4,5,2321.6,09:45:05.185140569
2,2321.4,5,2321.6,09:45:05.185273758
3,2321.4,5,2321.6,09:45:05.185281832
3,2321.4,5,2321.6,09:45:05.185532169
3,2321.4,1,2321.5,09:45:05.186431362
2,2321.4,1,2321.5,09:45:05.186557215
1,2321.4,1,2321.5,09:45:05.186705539
1,2321.4,1,2321.5,09:45:05.186792160
1,2321.4,1,2321.5,09:45:05.191703664
1,2321.4,1,2321.5,09:45:05.192122517
1,2321.4,2,2321.5,09:45:05.198863615
9,2321.3,2,2321.5,09:45:05.199022765
9,2321.3,2,2321.5,09:45:05.199022765
8,2321.3,2,2321.5,09:45:05.199342436
7,2321.3,2,2321.5,09:45:05.199360199
7,2321.3,1,2321.5,09:45:05.201306584
1,2321.4,1,2321.5,09:45:05.201429024
1,2321.4,1,2321.5,09:45:05.370271221
7,2321.3,1,2321.5,09:45:05.415556275
7,2321.3,1,2321.5,09:45:05.415556275
7,2321.3,2,2321.5,09:45:05.415590189
7,2321.3,3,2321.5,09:45:05.415737206
6,2321.3,3,2321.5,09:45:05.415826532
6,2321.3,2,2321.5,09:45:05.415930935
6,2321.3,1,2321.5,09:45:05.416018898
6,2321.3,2,2321.5,09:45:05.433096295
1,2321.4,2,2321.5,09:45:05.803672685
2,2321.4,2,2321.5,09:45:05.803947500
1,2321.4,2,2321.5,09:45:05.812845484
6,2321.3,2,2321.5,09:45:05.812965583
6,2321.3,2,2321.5,09:45:05.812965583
5,2321.3,2,2321.5,09:45:05.960387573
1,2321.4,2,2321.5,09:45:05.987788896
5,2321.3,2,2321.5,09:45:06.191505007
5,2321.3,2,2321.5,09:45:06.191505007
5,2321.3,3,2321.5,09:45:06.191759485
5,2321.3,3,2321.5,09:45:06.202006812
5,2321.3,1,2321.5,09:45:06.349151053
1,2321.4,1,2321.5,09:45:06.349294061
1,2321.4,6,2321.6,09:45:06.349427840
1,2321.4,6,2321.6,09:45:06.349427840
1,2321.4,6,2321.6,09:45:06.357620664
1,2321.4,6,2321.6,09:45:06.360139819
5,2321.3,6,2321.6,09:45:06.386096665
5,2321.3,6,2321.6,09:45:06.386096665
5,2321.3,2,2321.5,09:45:06.386400613
5,2321.3,3,2321.5,09:45:06.386535105
5,2321.3,3,2321.5,09:45:06.386661972
5,2321.3,4,2321.5,09:45:06.387745194
5,2321.3,5,2321.5,09:45:06.388244216
5,2321.3,1,2321.4,09:45:06.388385204
3,2321.3,1,2321.4,09:45:06.388412369
3,2321.3,1,2321.4,09:45:06.388500762
3,2321.3,1,2321.4,09:45:06.388512458
3,2321.3,1,2321.4,09:45:06.388529754
3,2321.3,1,2321.4,09:45:06.388545303
3,2321.3,7,2321.5,09:45:06.388643680
3,2321.3,7,2321.5,09:45:06.388643680
2,2321.3,7,2321.5,09:45:06.388706552
2,2321.3,1,2321.4,09:45:06.388723591
1,2321.3,1,2321.4,09:45:06.388763497
2,2321.3,1,2321.4,09:45:06.388854711
7,2321.2,1,2321.4,09:45:06.388913560
7,2321.2,1,2321.4,09:45:06.388913560
7,2321.2,1,2321.4,09:45:06.388939721
7,2321.2,2,2321.4,09:45:06.389137546
6,2321.2,2,2321.4,09:45:06.389217870
5,2321.2,2,2321.4,09:45:06.389236270
4,2321.2,2,2321.4,09:45:06.392850145
3,2321.2,2,2321.4,09:45:06.392974557
3,2321.2,3,2321.4,09:45:06.392994023
3,2321.2,4,2321.4,09:45:06.393013879
3,2321.2,1,2321.3,09:45:06.393069317
2,2321.2,1,2321.3,09:45:06.393145191
2,2321.2,1,2321.3,09:45:06.393154010
2,2321.2,1,2321.3,09:45:06.393193611
1,2321.2,1,2321.3,09:45:06.393219791
1,2321.2,4,2321.4,09:45:06.393478139
1,2321.2,4,2321.4,09:45:06.393478139
1,2321.2,5,2321.4,09:45:06.394693478
1,2321.2,5,2321.4,09:45:06.394741105
1,2321.2,1,2321.3,09:45:06.394822626
1,2321.2,5,2321.4,09:45:06.394964271
1,2321.2,5,2321.4,09:45:06.394964271
1,2321.2,5,2321.4,09:45:06.397499784
1,2321.2,4,2321.4,09:45:06.450602918
2,2321.2,4,2321.4,09:45:06.450802763
3,2321.2,4,2321.4,09:45:06.450820744
3,2321.2,3,2321.4,09:45:06.450859650
4,2321.2,3,2321.4,09:45:06.450880629
5,2321.2,3,2321.4,09:45:06.450914348
6,2321.2,3,2321.4,09:45:06.450931658
7,2321.2,3,2321.4,09:45:06.450977835
8,2321.2,3,2321.4,09:45:06.451028277
7,2321.2,3,2321.4,09:45:06.451045208
6,2321.2,3,2321.4,09:45:06.451096986
5,2321.2,3,2321.4,09:45:06.451112964
1,2321.3,3,2321.4,09:45:06.451157742
5,2321.2,3,2321.4,09:45:06.451204348
5,2321.2,3,2321.4,09:45:06.451204348
4,2321.2,3,2321.4,09:45:06.451230191
5,2321.2,3,2321.4,09:45:06.477094840
4,2321.2,3,2321.4,09:45:06.519783034
4,2321.2,3,2321.4,09:45:06.689334446
5,2321.2,3,2321.4,09:45:06.689904989
1,2321.3,3,2321.4,09:45:06.690043443
1,2321.3,2,2321.4,09:45:06.690073774
2,2321.3,2,2321.4,09:45:06.690103544
2,2321.3,2,2321.4,09:45:06.690352592
2,2321.3,1,2321.4,09:45:06.690397249
1,2321.3,1,2321.4,09:45:06.820430172
6,2321.2,1,2321.4,09:45:06.820555855
6,2321.2,1,2321.4,09:45:06.820555855
6,2321.2,2,2321.4,09:45:06.820633329
6,2321.2,1,2321.4,09:45:06.938252869
1,2321.3,1,2321.4,09:45:06.938384618
1,2321.3,2,2321.4,09:45:06.938414907
1,2321.3,1,2321.4,09:45:06.938553083
1,2321.3,2,2321.4,09:45:06.946141306
6,2321.2,2,2321.4,09:45:06.946389903
6,2321.2,2,2321.4,09:45:06.946389903
6,2321.2,1,2321.3,09:45:06.946565106
6,2321.2,1,2321.3,09:45:06.946591578
5,2321.2,1,2321.3,09:45:06.946609225
4,2321.2,1,2321.3,09:45:06.946769181
4,2321.2,1,2321.3,09:45:07.374353018
4,2321.2,3,2321.4,09:45:07.609188598
4,2321.2,3,2321.4,09:45:07.609188598
4,2321.2,4,2321.4,09:45:07.609606266
3,2321.2,4,2321.4,09:45:07.733392033
3,2321.2,1,2321.3,09:45:07.733523442
2,2321.2,1,2321.3,09:45:07.733593530
2,2321.2,2,2321.3,09:45:07.733622331
2,2321.2,3,2321.3,09:45:07.733646040
2,2321.2,2,2321.3,09:45:07.733843157
2,2321.2,2,2321.3,09:45:07.733867628
6,2321.1,2,2321.3,09:45:07.734089399
6,2321.1,2,2321.3,09:45:07.734089399
6,2321.1,3,2321.3,09:45:07.734194243
6,2321.1,4,2321.3,09:45:07.734296750
6,2321.1,5,2321.3,09:45:07.734314635
5,2321.1,5,2321.3,09:45:07.734401283
5,2321.1,1,2321.2,09:45:07.734431728
5,2321.1,1,2321.2,09:45:07.734511990
5,2321.1,1,2321.2,09:45:07.734525152
5,2321.1,1,2321.2,09:45:07.734615067
4,2321.1,1,2321.2,09:45:07.734665113
4,2321.1,1,2321.2,09:45:07.734688739
4,2321.1,1,2321.2,09:45:07.734703904
4,2321.1,1,2321.2,09:45:07.734776696
3,2321.1,1,2321.2,09:45:07.734848380
3,2321.1,2,2321.2,09:45:07.735072824
3,2321.1,2,2321.2,09:45:07.735317187
3,2321.1,2,2321.2,09:45:07.735317187
3,2321.1,2,2321.2,09:45:07.736000407
3,2321.1,2,2321.2,09:45:07.736465505
3,2321.1,2,2321.2,09:45:07.736465505
3,2321.1,3,2321.2,09:45:07.737440167
3,2321.1,3,2321.2,09:45:07.737440167
3,2321.1,3,2321.2,09:45:07.744974491
3,2321.1,3,2321.2,09:45:07.752866949
3,2321.1,4,2321.2,09:45:07.828052885
2,2321.1,4,2321.2,09:45:07.828357183
2,2321.1,4,2321.2,09:45:07.828385974
1,2321.1,4,2321.2,09:45:07.828564307
7,2321.0,4,2321.2,09:45:07.828627825
7,2321.0,4,2321.2,09:45:07.828627825
7,2321.0,5,2321.2,09:45:07.828653647
7,2321.0,1,2321.1,09:45:07.828653647
6,2321.0,1,2321.1,09:45:07.828695817
6,2321.0,5,2321.2,09:45:07.828759191
6,2321.0,5,2321.2,09:45:07.828759191
6,2321.0,5,2321.2,09:45:07.828906109
6,2321.0,5,2321.2,09:45:07.828919287
6,2321.0,5,2321.2,09:45:07.828945988
6,2321.0,5,2321.2,09:45:07.828964104
6,2321.0,6,2321.2,09:45:07.828979170
5,2321.0,6,2321.2,09:45:07.828998002
5,2321.0,6,2321.2,09:45:07.829009923
5,2321.0,5,2321.2,09:45:07.829028281
5,2321.0,5,2321.2,09:45:07.829042669
5,2321.0,6,2321.2,09:45:07.829069379
4,2321.0,6,2321.2,09:45:07.829085943
3,2321.0,6,2321.2,09:45:07.829120862
3,2321.0,6,2321.2,09:45:07.829174255
3,2321.0,6,2321.2,09:45:07.829205555
3,2321.0,5,2321.2,09:45:07.829235299
3,2321.0,5,2321.2,09:45:07.829261890
3,2321.0,5,2321.2,09:45:07.829261890
3,2321.0,2,2321.1,09:45:07.829510403
3,2321.0,2,2321.1,09:45:07.829638351
3,2321.0,3,2321.1,09:45:07.831170378
3,2321.0,3,2321.1,09:45:07.831170378
3,2321.0,3,2321.1,09:45:07.841296487
2,2321.0,3,2321.1,09:45:07.854419964
1,2321.0,3,2321.1,09:45:07.854558738
6,2320.9,3,2321.1,09:45:07.854705682
6,2320.9,3,2321.1,09:45:07.854705682
6,2320.9,1,2321.0,09:45:07.854723244
6,2320.9,1,2321.0,09:45:07.854750957
5,2320.9,1,2321.0,09:45:07.854777197
5,2320.9,4,2321.1,09:45:07.854824177
5,2320.9,4,2321.1,09:45:07.854824177
5,2320.9,4,2321.1,09:45:07.854988299
5,2320.9,4,2321.1,09:45:07.855030940
5,2320.9,4,2321.1,09:45:07.855060966
4,2320.9,4,2321.1,09:45:07.855082051
4,2320.9,4,2321.1,09:45:07.855111994
4,2320.9,5,2321.1,09:45:07.855131950
3,2320.9,5,2321.1,09:45:07.855151688
3,2320.9,5,2321.1,09:45:07.855165064
3,2320.9,3,2321.1,09:45:07.855261920
3,2320.9,3,2321.1,09:45:07.855344879
3,2320.9,3,2321.1,09:45:07.855359748
3,2320.9,3,2321.1,09:45:07.855373739
3,2320.9,2,2321.0,09:45:07.855474151
2,2320.9,2,2321.0,09:45:07.855672706
1,2320.9,2,2321.0,09:45:07.855713411
1,2320.9,3,2321.0,09:45:07.857157552
1,2320.9,3,2321.0,09:45:07.857157552
1,2320.9,3,2321.0,09:45:07.865078000
1,2320.9,3,2321.0,09:45:07.883863585
1,2320.9,3,2321.0,09:45:07.915077014
1,2320.9,3,2321.0,09:45:07.965395444
2,2320.9,3,2321.0,09:45:08.018900517
2,2320.9,3,2321.0,09:45:08.019136873
3,2320.9,3,2321.0,09:45:08.217845897
3,2320.9,1,2321.0,09:45:08.218004131
3,2320.9,3,2321.1,09:45:08.218007850
3,2320.9,3,2321.1,09:45:08.218007850
4,2320.9,3,2321.1,09:45:08.218046097
1,2321.0,3,2321.1,09:45:08.218071777
1,2321.0,2,2321.1,09:45:08.218097529
1,2321.0,2,2321.1,09:45:08.218604860
2,2321.0,2,2321.1,09:45:08.218640273
2,2321.0,2,2321.1,09:45:08.218707749
2,2321.0,1,2321.1,09:45:08.218739375
2,2321.0,1,2321.1,09:45:08.218768211
1,2321.0,1,2321.1,09:45:08.218794099
2,2321.0,1,2321.1,09:45:08.218872952
3,2321.0,1,2321.1,09:45:08.219328600
2,2321.0,1,2321.1,09:45:08.278889013
1,2321.0,1,2321.1,09:45:08.279110332
5,2320.9,1,2321.1,09:45:08.279259113
5,2320.9,1,2321.1,09:45:08.279259113
5,2320.9,2,2321.1,09:45:08.279417910
1,2321.0,2,2321.1,09:45:08.525850366
1,2321.0,1,2321.1,09:45:08.526058823
1,2321.0,1,2321.1,09:45:08.565399327
7,2320.9,1,2321.1,09:45:08.720255833
7,2320.9,1,2321.1,09:45:08.720255833
7,2320.9,2,2321.1,09:45:08.720290926
7,2320.9,3,2321.1,09:45:08.720305102
7,2320.9,4,2321.1,09:45:08.720412751
7,2320.9,5,2321.1,09:45:08.720449267
7,2320.9,4,2321.1,09:45:08.720671390
7,2320.9,4,2321.1,09:45:08.735386212
6,2320.9,4,2321.1,09:45:08.976487669
5,2320.9,4,2321.1,09:45:09.125657853
5,2320.9,1,2321.0,09:45:09.126034886
4,2320.9,1,2321.0,09:45:09.126183192
3,2320.9,1,2321.0,09:45:09.126203828
3,2320.9,1,2321.0,09:45:09.126947764
3,2320.9,1,2321.0,09:45:09.127001377
3,2320.9,5,2321.1,09:45:09.158057722
3,2320.9,5,2321.1,09:45:09.158057722
3,2320.9,5,2321.1,09:45:09.226901228
3,2320.9,4,2321.1,09:45:09.600139277
4,2320.9,4,2321.1,09:45:09.600252486
4,2320.9,3,2321.1,09:45:09.600399208
1,2321.0,3,2321.1,09:45:09.600630336
2,2321.0,3,2321.1,09:45:09.600672718
2,2321.0,2,2321.1,09:45:09.600714878
2,2321.0,2,2321.1,09:45:09.601003841
2,2321.0,1,2321.1,09:45:09.601037090
2,2321.0,6,2321.2,09:45:09.608865721
2,2321.0,6,2321.2,09:45:09.608865721
2,2321.0,6,2321.2,09:45:09.609060973
2,2321.0,5,2321.2,09:45:09.609082567
3,2321.0,5,2321.2,09:45:09.609104142
3,2321.0,5,2321.2,09:45:09.609277714
3,2321.0,5,2321.2,09:45:09.609359152
3,2321.0,5,2321.2,09:45:09.626845164
3,2321.0,4,2321.2,09:45:09.790901842
1,2321.1,4,2321.2,09:45:09.791032850
2,2321.1,4,2321.2,09:45:09.791068057
2,2321.1,3,2321.2,09:45:09.791088620
2,2321.1,3,2321.2,09:45:09.791100397
2,2321.1,3,2321.2,09:45:09.791203823
2,2321.1,2,2321.2,09:45:09.791228054
2,2321.1,2,2321.2,09:45:09.791239698
2,2321.1,2,2321.2,09:45:09.791274893
1,2321.1,2,2321.2,09:45:09.792277383
5,2321.0,2,2321.2,09:45:09.896373196
5,2321.0,2,2321.2,09:45:09.896373196
5,2321.0,3,2321.2,09:45:09.896478702
5,2321.0,4,2321.2,09:45:09.896582300
4,2321.0,4,2321.2,09:45:10.009791642
3,2321.0,4,2321.2,09:45:10.009810491
2,2321.0,4,2321.2,09:45:10.009941355
2,2321.0,1,2321.1,09:45:10.010075207
1,2321.0,1,2321.1,09:45:10.010203530
1,2321.0,1,2321.1,09:45:10.010323651
1,2321.0,1,2321.1,09:45:10.010360170
1,2321.0,2,2321.1,09:45:10.011591514
5,2320.9,2,2321.1,09:45:10.032789000
5,2320.9,2,2321.1,09:45:10.032789000
4,2320.9,2,2321.1,09:45:10.032839995
4,2320.9,1,2321.0,09:45:10.032864306
4,2320.9,1,2321.0,09:45:10.032889066
4,2320.9,2,2321.0,09:45:10.032933149
4,2320.9,3,2321.0,09:45:10.032951134
4,2320.9,3,2321.0,09:45:10.032964296
4,2320.9,3,2321.0,09:45:10.033144927
4,2320.9,3,2321.0,09:45:10.033242381
4,2320.9,3,2321.0,09:45:10.033278689
4,2320.9,4,2321.0,09:45:10.033298056
3,2320.9,4,2321.0,09:45:10.033353139
3,2320.9,5,2321.0,09:45:10.033373674
2,2320.9,5,2321.0,09:45:10.033412939
2,2320.9,5,2321.0,09:45:10.033680694
2,2320.9,5,2321.0,09:45:10.033708762
2,2320.9,6,2321.0,09:45:10.033758334
2,2320.9,6,2321.0,09:45:10.033774271
2,2320.9,5,2321.0,09:45:10.033838198
2,2320.9,5,2321.0,09:45:10.033894353
2,2320.9,6,2321.0,09:45:10.034564494
1,2320.9,6,2321.0,09:45:10.036592746
6,2320.8,6,2321.0,09:45:10.036782024
6,2320.8,6,2321.0,09:45:10.036782024
6,2320.8,6,2321.0,09:45:10.036815804
6,2320.8,1,2320.9,09:45:10.037126671
6,2320.8,1,2320.9,09:45:10.037274594
6,2320.8,1,2320.9,09:45:10.037290694
5,2320.8,1,2320.9,09:45:10.037310780
5,2320.8,1,2320.9,09:45:10.037323721
4,2320.8,1,2320.9,09:45:10.037372759
4,2320.8,1,2320.9,09:45:10.037384455
4,2320.8,1,2320.9,09:45:10.037754607
4,2320.8,1,2320.9,09:45:10.037937817
4,2320.8,1,2320.9,09:45:10.037937817
4,2320.8,2,2320.9,09:45:10.037999841
4,2320.8,2,2320.9,09:45:10.038136247
3,2320.8,2,2320.9,09:45:10.038178440
3,2320.8,2,2320.9,09:45:10.041641616
3,2320.8,2,2320.9,09:45:10.124833353
3,2320.8,2,2320.9,09:45:10.216594142
3,2320.8,4,2320.9,09:45:10.283687346
4,2320.7,4,2320.9,09:45:10.284023926
4,2320.7,4,2320.9,09:45:10.284023926
4,2320.7,5,2320.9,09:45:10.284061655
4,2320.7,1,2320.8,09:45:10.284061655
3,2320.7,1,2320.8,09:45:10.284361719
3,2320.7,1,2320.8,09:45:10.284372221
3,2320.7,1,2320.8,09:45:10.284541444
3,2320.7,1,2320.8,09:45:10.284573739
3,2320.7,1,2320.8,09:45:10.284592677
3,2320.7,1,2320.8,09:45:10.284607301
2,2320.7,1,2320.8,09:45:10.284669696
2,2320.7,1,2320.8,09:45:10.284685203
2,2320.7,1,2320.8,09:45:10.284715083
1,2320.7,1,2320.8,09:45:10.284741691
1,2320.7,1,2320.8,09:45:10.284764101
1,2320.7,2,2320.8,09:45:10.284808697
5,2320.6,2,2320.8,09:45:10.284858215
5,2320.6,2,2320.8,09:45:10.284858215
5,2320.6,2,2320.8,09:45:10.284880955
5,2320.6,2,2320.8,09:45:10.285048468
5,2320.6,2,2320.8,09:45:10.285100239
5,2320.6,2,2320.8,09:45:10.285172516
1,2320.7,2,2320.8,09:45:10.285334115
1,2320.7,2,2320.8,09:45:10.285357620
4,2320.6,2,2320.8,09:45:10.285412802
4,2320.6,2,2320.8,09:45:10.285412802
5,2320.6,2,2320.8,09:45:10.285437289
5,2320.6,2,2320.8,09:45:10.285473549
5,2320.6,2,2320.8,09:45:10.285473549
1,2320.7,2,2320.8,09:45:10.285504429
1,2320.7,1,2320.8,09:45:10.285605878
1,2320.7,1,2320.8,09:45:10.285617123
2,2320.7,1,2320.8,09:45:10.285650500
3,2320.7,1,2320.8,09:45:10.285691761
2,2320.7,1,2320.8,09:45:10.285792925
3,2320.7,1,2320.8,09:45:10.285811357
2,2320.7,1,2320.8,09:45:10.285908214
2,2320.7,1,2320.8,09:45:10.285954179
2,2320.7,2,2320.8,09:45:10.286049475
2,2320.7,3,2320.8,09:45:10.286079622
1,2320.7,3,2320.8,09:45:10.286139427
1,2320.7,2,2320.8,09:45:10.286395743
1,2320.7,1,2320.8,09:45:10.286804462
1,2320.7,2,2320.8,09:45:10.354693375
6,2320.6,2,2320.8,09:45:10.354835925
6,2320.6,2,2320.8,09:45:10.354835925
6,2320.6,2,2320.8,09:45:10.354971538
6,2320.6,2,2320.8,09:45:10.354986005
6,2320.6,3,2320.8,09:45:10.355098653
6,2320.6,3,2320.8,09:45:10.355227498
1,2320.7,3,2320.8,09:45:10.356568974
1,2320.7,2,2320.8,09:45:10.357423340
1,2320.7,1,2320.8,09:45:10.357555008
1,2320.7,6,2320.9,09:45:10.423353309
1,2320.7,6,2320.9,09:45:10.423353309
2,2320.7,6,2320.9,09:45:10.423464988
3,2320.7,6,2320.9,09:45:10.423479244
4,2320.7,6,2320.9,09:45:10.423559057
5,2320.7,6,2320.9,09:45:10.423577303
6,2320.7,6,2320.9,09:45:10.423624380
6,2320.7,6,2320.9,09:45:10.423640578
6,2320.7,6,2320.9,09:45:10.423671043
6,2320.7,5,2320.9,09:45:10.423692067
7,2320.7,5,2320.9,09:45:10.423708872
8,2320.7,5,2320.9,09:45:10.423741361
7,2320.7,5,2320.9,09:45:10.423888295
6,2320.7,5,2320.9,09:45:10.423905554
5,2320.7,5,2320.9,09:45:10.424039281
5,2320.7,1,2320.8,09:45:10.521173282
4,2320.7,1,2320.8,09:45:10.521338249
3,2320.7,1,2320.8,09:45:10.521359824
2,2320.7,1,2320.8,09:45:10.521380305
1,2320.7,1,2320.8,09:45:10.521467551
1,2320.7,2,2320.8,09:45:10.521514493
1,2320.7,2,2320.8,09:45:10.521606914
1,2320.7,2,2320.8,09:45:10.521672800
1,2320.7,1,2320.8,09:45:10.630720693
2,2320.7,1,2320.8,09:45:10.630840188
3,2320.7,1,2320.8,09:45:10.630983670
3,2320.7,2,2320.8,09:45:10.631014119
3,2320.7,2,2320.8,09:45:10.631021953
2,2320.7,2,2320.8,09:45:10.631269744
1,2320.7,2,2320.8,09:45:10.631292291
1,2320.7,2,2320.8,09:45:10.631428540
2,2320.7,2,2320.8,09:45:10.864593016
2,2320.7,1,2320.8,09:45:10.865310231
2,2320.7,1,2320.8,09:45:10.865445389
3,2320.7,1,2320.8,09:45:10.967143235
3,2320.7,6,2320.9,09:45:10.967387103
3,2320.7,6,2320.9,09:45:10.967387103
4,2320.7,6,2320.9,09:45:10.967510900
4,2320.7,5,2320.9,09:45:10.967639674
3,2320.7,5,2320.9,09:45:11.098117685
3,2320.7,1,2320.8,09:45:11.098247124
2,2320.7,1,2320.8,09:45:11.098286888
1,2320.7,1,2320.8,09:45:11.098348025
1,2320.7,1,2320.8,09:45:11.098577262
1,2320.7,2,2320.8,09:45:11.102815953
1,2320.7,2,2320.8,09:45:11.102942249
5,2320.6,2,2320.8,09:45:11.103020952
5,2320.6,2,2320.8,09:45:11.103020952
1,2320.7,2,2320.8,09:45:11.104108077
2,2320.7,2,2320.8,09:45:11.116769238
2,2320.7,1,2320.8,09:45:11.116876847
2,2320.7,1,2320.8,09:45:11.117002075
3,2320.7,1,2320.8,09:45:11.127257419
3,2320.7,6,2320.9,09:45:11.165755159
3,2320.7,6,2320.9,09:45:11.165755159
3,2320.7,5,2320.9,09:45:11.165912688
4,2320.7,5,2320.9,09:45:11.380669763
1,2320.8,5,2320.9,09:45:11.382457156
1,2320.8,4,2320.9,09:45:11.382476197
2,2320.8,4,2320.9,09:45:11.382522649
2,2320.8,4,2320.9,09:45:11.382652930
2,2320.8,4,2320.9,09:45:11.382670187
2,2320.8,3,2320.9,09:45:11.382693295
1,2320.8,3,2320.9,09:45:11.413891344
5,2320.7,3,2320.9,09:45:11.414002895
5,2320.7,3,2320.9,09:45:11.414002895
5,2320.7,5,2320.9,09:45:11.618689636
5,2320.7,4,2320.9,09:45:11.820634927
5,2320.7,2,2320.9,09:45:11.820864228
1,2320.8,2,2320.9,09:45:11.820999136
1,2320.8,2,2320.9,09:45:11.821074318
2,2320.8,2,2320.9,09:45:11.821127964
3,2320.8,2,2320.9,09:45:11.821161503
4,2320.8,2,2320.9,09:45:11.821182432
3,2320.8,2,2320.9,09:45:11.821286060
3,2320.8,2,2320.9,09:45:11.821325405
2,2320.8,2,2320.9,09:45:11.821520606
1,2320.8,2,2320.9,09:45:11.821573643
6,2320.7,2,2320.9,09:45:11.821645053
6,2320.7,2,2320.9,09:45:11.821645053
6,2320.7,3,2320.9,09:45:11.821670797
6,2320.7,4,2320.9,09:45:11.822996715
6,2320.7,4,2320.9,09:45:11.822996715
5,2320.7,4,2320.9,09:45:11.965996109
4,2320.7,4,2320.9,09:45:12.090032297
3,2320.7,4,2320.9,09:45:12.090157038
2,2320.7,4,2320.9,09:45:12.090255818
2,2320.7,1,2320.8,09:45:12.090281341
1,2320.7,1,2320.8,09:45:12.090343058
1,2320.7,2,2320.8,09:45:12.090458080
1,2320.7,1,2320.8,09:45:12.090482090
1,2320.7,1,2320.8,09:45:12.090510907
1,2320.7,1,2320.8,09:45:12.090540022
2,2320.7,1,2320.8,09:45:12.090608184
2,2320.7,1,2320.8,09:45:12.090651749
2,2320.7,6,2320.9,09:45:12.090680351
2,2320.7,6,2320.9,09:45:12.090680351
2,2320.7,5,2320.9,09:45:12.090799073
2,2320.7,1,2320.8,09:45:12.092010407
2,2320.7,1,2320.8,09:45:12.092010407
2,2320.7,1,2320.8,09:45:12.102132422
2,2320.7,1,2320.8,09:45:12.102148042
2,2320.7,6,2320.9,09:45:12.102375752
2,2320.7,6,2320.9,09:45:12.102375752
2,2320.7,5,2320.9,09:45:12.102577707
3,2320.7,5,2320.9,09:45:12.102625008
4,2320.7,5,2320.9,09:45:12.102771046
5,2320.7,5,2320.9,09:45:12.102814355
4,2320.7,5,2320.9,09:45:12.115719630
1,2320.8,5,2320.9,09:45:12.390271871
1,2320.8,4,2320.9,09:45:12.390298045
2,2320.8,4,2320.9,09:45:12.390419014
2,2320.8,3,2320.9,09:45:12.390538757
1,2320.8,3,2320.9,09:45:12.418514328
4,2320.7,3,2320.9,09:45:12.418720160
4,2320.7,3,2320.9,09:45:12.418720160
4,2320.7,2,2320.9,09:45:12.619324455
4,2320.7,1,2320.8,09:45:12.629165745
4,2320.7,1,2320.8,09:45:12.629347855
3,2320.7,1,2320.8,09:45:12.629369973
2,2320.7,1,2320.8,09:45:12.629739142
2,2320.7,1,2320.8,09:45:12.629867609
2,2320.7,4,2320.9,09:45:12.819339555
2,2320.7,4,2320.9,09:45:12.819339555
2,2320.7,3,2320.9,09:45:12.819687607
3,2320.7,3,2320.9,09:45:12.819733032
4,2320.7,3,2320.9,09:45:12.819848023
5,2320.7,3,2320.9,09:45:12.819887656
1,2320.8,3,2320.9,09:45:12.820010477
1,2320.8,2,2320.9,09:45:12.820147171
2,2320.8,2,2320.9,09:45:12.871785976
3,2320.8,2,2320.9,09:45:13.118785740
3,2320.8,7,2321.0,09:45:13.119053032
3,2320.8,7,2321.0,09:45:13.119053032
1,2320.9,7,2321.0,09:45:13.119073167
1,2320.9,6,2321.0,09:45:13.119144656
3,2320.8,6,2321.0,09:45:13.119187483
3,2320.8,6,2321.0,09:45:13.119187483
1,2320.9,6,2321.0,09:45:13.119318944
1,2320.9,6,2321.0,09:45:13.119470148
1,2320.9,6,2321.0,09:45:13.119519644
1,2320.9,5,2321.0,09:45:13.119539343
1,2320.9,5,2321.0,09:45:13.119552934
4,2320.8,5,2321.0,09:45:13.119705394
4,2320.8,5,2321.0,09:45:13.119705394
4,2320.8,1,2320.9,09:45:13.120978540
4,2320.8,1,2320.9,09:45:13.121142086
3,2320.8,1,2320.9,09:45:13.121168346
3,2320.8,6,2321.0,09:45:13.131441125
3,2320.8,6,2321.0,09:45:13.131441125
3,2320.8,6,2321.0,09:45:13.131603698
1,2320.9,6,2321.0,09:45:13.171800655
1,2320.9,6,2321.0,09:45:13.171930460
1,2320.9,5,2321.0,09:45:13.171950962
1,2320.9,5,2321.0,09:45:13.171982160
1,2320.9,5,2321.0,09:45:13.361801068
2,2320.9,5,2321.0,09:45:13.768859338
2,2320.9,4,2321.0,09:45:13.768875219
2,2320.9,4,2321.0,09:45:13.768905681
2,2320.9,3,2321.0,09:45:13.769259531
2,2320.9,2,2321.0,09:45:13.769259531
2,2320.9,2,2321.0,09:45:13.769280623
2,2320.9,2,2321.1,09:45:13.769447164
2,2320.9,2,2321.1,09:45:13.769447164
1,2321.0,2,2321.1,09:45:13.769466163
1,2321.0,2,2321.1,09:45:13.769520682
1,2321.0,2,2321.1,09:45:13.769639462
1,2321.0,2,2321.1,09:45:13.769661354
4,2320.9,2,2321.1,09:45:13.769724840
4,2320.9,2,2321.1,09:45:13.769724840
5,2320.9,2,2321.1,09:45:13.769905036
5,2320.9,1,2321.1,09:45:13.769933452
6,2320.9,1,2321.1,09:45:13.770015037
8,2320.9,1,2321.1,09:45:13.770137184
8,2320.9,1,2321.1,09:45:13.770150765
8,2320.9,2,2321.1,09:45:13.770218639
1,2321.0,2,2321.1,09:45:13.770239819
1,2321.0,2,2321.1,09:45:13.770261711
8,2320.9,2,2321.1,09:45:13.770425852
8,2320.9,2,2321.1,09:45:13.770425852
7,2320.9,2,2321.1,09:45:13.770598617
7,2320.9,3,2321.1,09:45:13.770639847
6,2320.9,3,2321.1,09:45:13.770657265
6,2320.9,4,2321.1,09:45:13.770678907
6,2320.9,5,2321.1,09:45:13.770696398
6,2320.9,6,2321.1,09:45:13.770780653
6,2320.9,1,2321.0,09:45:13.770893337
6,2320.9,1,2321.0,09:45:13.770992264
5,2320.9,1,2321.0,09:45:13.771012952
5,2320.9,7,2321.1,09:45:13.771213046
5,2320.9,7,2321.1,09:45:13.771213046
4,2320.9,7,2321.1,09:45:13.771879693
4,2320.9,6,2321.1,09:45:13.771950344
4,2320.9,5,2321.1,09:45:13.771983125
4,2320.9,4,2321.1,09:45:13.772038826
1,2321.0,4,2321.1,09:45:13.772189161
1,2321.0,3,2321.1,09:45:13.772214701
1,2321.0,3,2321.1,09:45:13.772229827
1,2321.0,2,2321.1,09:45:13.772299340
1,2321.0,2,2321.1,09:45:13.772428222
1,2321.0,1,2321.1,09:45:13.772459641
1,2321.0,1,2321.1,09:45:13.772588168
1,2321.0,4,2321.2,09:45:13.772674330
1,2321.0,4,2321.2,09:45:13.772674330
1,2321.0,4,2321.2,09:45:13.773229013
1,2321.0,3,2321.2,09:45:13.773283410
1,2321.0,3,2321.2,09:45:13.773295238
2,2321.0,3,2321.2,09:45:13.773379384
3,2321.0,3,2321.2,09:45:13.773419321
2,2321.0,3,2321.2,09:45:13.773531125
2,2321.0,3,2321.2,09:45:13.773758233
2,2321.0,3,2321.2,09:45:13.773758233
2,2321.0,3,2321.2,09:45:13.774143134
2,2321.0,3,2321.2,09:45:13.774143134
3,2321.0,3,2321.2,09:45:13.774269728
3,2321.0,3,2321.2,09:45:13.774392627
3,2321.0,3,2321.2,09:45:13.777642574
3,2321.0,3,2321.2,09:45:13.859833612
3,2321.0,3,2321.2,09:45:13.948488978
7,2320.9,3,2321.2,09:45:14.234032950
5,2320.9,3,2321.2,09:45:14.234032950
5,2320.9,3,2321.2,09:45:14.234032950
5,2320.9,1,2321.1,09:45:14.234125714
5,2320.9,1,2321.1,09:45:14.234148828
5,2320.9,1,2321.1,09:45:14.234188083
5,2320.9,2,2321.1,09:45:14.234272927
5,2320.9,3,2321.1,09:45:14.234315788
4,2320.9,3,2321.1,09:45:14.234337213
4,2320.9,4,2321.1,09:45:14.234372916
4,2320.9,4,2321.1,09:45:14.234385834
4,2320.9,4,2321.1,09:45:14.234614729
4,2320.9,4,2321.1,09:45:14.234632143
4,2320.9,5,2321.1,09:45:14.234651677
4,2320.9,6,2321.1,09:45:14.234684970
3,2320.9,6,2321.1,09:45:14.234763596
2,2320.9,6,2321.1,09:45:14.234786384
2,2320.9,7,2321.1,09:45:14.234801878
2,2320.9,7,2321.1,09:45:14.234814765
2,2320.9,8,2321.1,09:45:14.234861070
2,2320.9,8,2321.1,09:45:14.234909951
2,2320.9,7,2321.1,09:45:14.235054373
2,2320.9,8,2321.1,09:45:14.235107868
2,2320.9,8,2321.1,09:45:14.235122197
3,2320.9,8,2321.1,09:45:14.235148038
3,2320.9,8,2321.1,09:45:14.235200625
4,2320.9,8,2321.1,09:45:14.235288016
2,2320.9,8,2321.1,09:45:14.235310186
2,2320.9,8,2321.1,09:45:14.235321066
2,2320.9,7,2321.1,09:45:14.235337515
2,2320.9,6,2321.1,09:45:14.235358004
2,2320.9,6,2321.1,09:45:14.235738915
3,2320.9,6,2321.1,09:45:14.256252249
3,2320.9,5,2321.1,09:45:14.256356939
3,2320.9,5,2321.1,09:45:14.296188619
2,2320.9,5,2321.1,09:45:14.507370701
3,2320.9,5,2321.1,09:45:14.657594086
2,2320.9,5,2321.1,09:45:14.668570352
2,2320.9,5,2321.1,09:45:14.828998506
3,2320.9,5,2321.1,09:45:14.964524494
3,2320.9,4,2321.1,09:45:14.964654612
1,2321.0,4,2321.1,09:45:14.964799603
1,2321.0,4,2321.1,09:45:14.964985368
1,2321.0,3,2321.1,09:45:14.965008331
4,2320.9,3,2321.1,09:45:15.090780747
4,2320.9,3,2321.1,09:45:15.090780747
3,2320.9,3,2321.1,09:45:15.090976853
3,2320.9,3,2321.1,09:45:15.091662256
3,2320.9,4,2321.1,09:45:15.092629375
2,2320.9,4,2321.1,09:45:15.122174976
2,2320.9,1,2321.0,09:45:15.122310121
2,2320.9,1,2321.0,09:45:15.122467337
2,2320.9,1,2321.0,09:45:15.122483308
2,2320.9,2,2321.0,09:45:15.123898553
1,2320.9,2,2321.0,09:45:15.124046351
5,2320.8,2,2321.0,09:45:15.124175148
5,2320.8,2,2321.0,09:45:15.124175148
5,2320.8,2,2321.0,09:45:15.124342079
5,2320.8,2,2321.0,09:45:15.132768725
5,2320.8,2,2321.0,09:45:15.132785663
5,2320.8,3,2321.0,09:45:15.141559094
5,2320.8,5,2321.0,09:45:15.349519735
5,2320.8,5,2321.0,09:45:15.353862150
5,2320.8,5,2321.0,09:45:15.353875065
5,2320.8,6,2321.0,09:45:15.373149584
4,2320.8,6,2321.0,09:45:15.373382181
1,2320.9,6,2321.0,09:45:16.142168964
2,2320.9,6,2321.0,09:45:16.142262393
2,2320.9,6,2321.0,09:45:16.142420374
2,2320.9,5,2321.0,09:45:16.142518459
2,2320.9,4,2321.0,09:45:16.142538271
1,2320.9,4,2321.0,09:45:16.144084180
5,2320.8,4,2321.0,09:45:16.144170701
5,2320.8,4,2321.0,09:45:16.144170701
5,2320.8,5,2321.1,09:45:16.162271328
5,2320.8,5,2321.1,09:45:16.162271328
1,2320.9,5,2321.1,09:45:16.162289703
2,2320.9,5,2321.1,09:45:16.162387327
3,2320.9,5,2321.1,09:45:16.162401539
3,2320.9,5,2321.1,09:45:16.162540783
4,2320.9,5,2321.1,09:45:16.162854687
5,2320.9,5,2321.1,09:45:16.162887647
6,2320.9,5,2321.1,09:45:16.163068387
6,2320.9,4,2321.1,09:45:16.163202269
5,2320.9,4,2321.1,09:45:16.163250907
6,2320.9,4,2321.1,09:45:16.163267931
5,2320.9,4,2321.1,09:45:16.163463592
1,2321.0,4,2321.1,09:45:16.163661647
1,2321.0,4,2321.1,09:45:16.163804533
1,2321.0,4,2321.1,09:45:16.163820626
6,2320.9,4,2321.1,09:45:16.165717804
6,2320.9,4,2321.1,09:45:16.165717804
6,2320.9,1,2321.0,09:45:16.165767597
5,2320.9,1,2321.0,09:45:16.165903674
4,2320.9,1,2321.0,09:45:16.165942938
4,2320.9,1,2321.0,09:45:16.165959700
4,2320.9,5,2321.1,09:45:16.166069952
4,2320.9,5,2321.1,09:45:16.166069952
4,2320.9,6,2321.1,09:45:16.166091245
3,2320.9,6,2321.1,09:45:16.166091245
2,2320.9,6,2321.1,09:45:16.166117447
2,2320.9,1,2321.0,09:45:16.166266381
1,2320.9,1,2321.0,09:45:16.166292910
1,2320.9,6,2321.1,09:45:16.166383203
1,2320.9,6,2321.1,09:45:16.166383203
2,2320.9,6,2321.1,09:45:16.166567328
3,2320.9,6,2321.1,09:45:16.166599555
4,2320.9,6,2321.1,09:45:16.166656588
5,2320.9,6,2321.1,09:45:16.166746192
4,2320.9,6,2321.1,09:45:16.166800505
5,2320.9,6,2321.1,09:45:16.167959388
5,2320.9,6,2321.1,09:45:16.167959388
4,2320.9,6,2321.1,09:45:16.168298864
3,2320.9,6,2321.1,09:45:16.168488622
3,2320.9,1,2321.0,09:45:16.168533278
2,2320.9,1,2321.0,09:45:16.168580345
2,2320.9,2,2321.0,09:45:16.168661367
1,2320.9,2,2321.0,09:45:16.169066946
1,2320.9,1,2321.0,09:45:16.169271729
1,2320.9,6,2321.1,09:45:16.169291479
1,2320.9,6,2321.1,09:45:16.169291479
2,2320.9,6,2321.1,09:45:16.169473765
3,2320.9,6,2321.1,09:45:16.169488171
4,2320.9,6,2321.1,09:45:16.169524959
4,2320.9,5,2321.1,09:45:16.169812846
3,2320.9,5,2321.1,09:45:16.171196615
4,2320.9,5,2321.1,09:45:16.172001550
3,2320.9,5,2321.1,09:45:16.175162244
4,2320.9,5,2321.1,09:45:16.176429757
4,2320.9,4,2321.1,09:45:16.176526281
1,2321.0,4,2321.1,09:45:16.176671020
1,2321.0,4,2321.1,09:45:16.176861894
1,2321.0,3,2321.1,09:45:16.178296842
1,2321.0,3,2321.1,09:45:16.178420102
5,2320.9,3,2321.1,09:45:16.183623928
5,2320.9,3,2321.1,09:45:16.183623928
4,2320.9,3,2321.1,09:45:16.183769487
4,2320.9,4,2321.1,09:45:16.191791376
4,2320.9,5,2321.1,09:45:16.191810161
3,2320.9,5,2321.1,09:45:16.191853106
2,2320.9,5,2321.1,09:45:16.192015268
2,2320.9,1,2321.0,09:45:16.192172897
2,2320.9,1,2321.0,09:45:16.269914951
2,2320.9,2,2321.0,09:45:16.330099035
1,2320.9,2,2321.0,09:45:16.330343324
2,2320.9,2,2321.0,09:45:16.839190426
3,2320.9,2,2321.0,09:45:16.839201683
3,2320.9,1,2321.0,09:45:16.839321901
3,2320.9,1,2321.0,09:45:16.839445346
3,2320.9,5,2321.1,09:45:16.839577439
3,2320.9,5,2321.1,09:45:16.839577439
4,2320.9,5,2321.1,09:45:16.862158482
4,2320.9,5,2321.1,09:45:16.923265919
5,2320.9,5,2321.1,09:45:17.223182673
5,2320.9,4,2321.1,09:45:17.412550209
5,2320.9,3,2321.1,09:45:17.412570040
6,2320.9,3,2321.1,09:45:17.412588997
1,2321.0,3,2321.1,09:45:17.412689498
2,2321.0,3,2321.1,09:45:17.412784313
3,2321.0,3,2321.1,09:45:17.412801593
3,2321.0,3,2321.1,09:45:17.412917451
3,2321.0,3,2321.1,09:45:17.413071838
3,2321.0,3,2321.1,09:45:17.413087704
3,2321.0,3,2321.1,09:45:17.477849833
2,2321.0,3,2321.1,09:45:17.478265567
1,2321.0,3,2321.1,09:45:17.478364342
7,2320.9,3,2321.1,09:45:17.478503648
7,2320.9,3,2321.1,09:45:17.478503648
7,2320.9,3,2321.1,09:45:17.478577585
6,2320.9,3,2321.1,09:45:17.478767243
1,2321.0,3,2321.1,09:45:17.478808476
6,2320.9,3,2321.1,09:45:17.478955113
6,2320.9,3,2321.1,09:45:17.478955113
1,2321.0,3,2321.1,09:45:17.518277045
1,2321.0,3,2321.1,09:45:17.518434686
2,2321.0,3,2321.1,09:45:17.519663476
1,2321.0,3,2321.1,09:45:17.537289242
1,2321.0,3,2321.1,09:45:17.540229628
2,2321.0,3,2321.1,09:45:17.565783421
2,2321.0,3,2321.1,09:45:17.986964429
1,2321.0,3,2321.1,09:45:18.215617485
7,2320.9,3,2321.1,09:45:18.225034741
7,2320.9,3,2321.1,09:45:18.225034741
6,2320.9,3,2321.1,09:45:18.225194622
5,2320.9,3,2321.1,09:45:18.225212117
5,2320.9,3,2321.1,09:45:18.225229881
1,2321.0,3,2321.1,09:45:18.225259686
1,2321.0,3,2321.1,09:45:18.227210430
2,2321.0,3,2321.1,09:45:18.227455071
3,2321.0,3,2321.1,09:45:18.227578946
3,2321.0,2,2321.1,09:45:18.227619834
3,2321.0,2,2321.1,09:45:18.227720143
3,2321.0,2,2321.1,09:45:18.237744447
3,2321.0,2,2321.1,09:45:18.238085830
3,2321.0,6,2321.2,09:45:18.346356736
3,2321.0,6,2321.2,09:45:18.346356736
4,2321.0,6,2321.2,09:45:18.346598066
4,2321.0,6,2321.2,09:45:18.346692807
4,2321.0,6,2321.2,09:45:18.346706660
4,2321.0,5,2321.2,09:45:18.346726590
5,2321.0,5,2321.2,09:45:18.346933157
5,2321.0,5,2321.2,09:45:18.346933157
1,2321.1,5,2321.2,09:45:18.347346887
1,2321.1,5,2321.2,09:45:18.347476554
1,2321.1,5,2321.2,09:45:18.347490960
1,2321.1,5,2321.2,09:45:18.347528814
1,2321.1,4,2321.2,09:45:18.347604461
1,2321.1,3,2321.2,09:45:18.347623005
1,2321.1,2,2321.2,09:45:18.347644203
2,2321.1,2,2321.2,09:45:18.347696696
2,2321.1,2,2321.2,09:45:18.358237181
2,2321.1,1,2321.2,09:45:18.573415907
2,2321.1,5,2321.3,09:45:18.574195341
2,2321.1,5,2321.3,09:45:18.574195341
2,2321.1,5,2321.3,09:45:18.574243568
3,2321.1,5,2321.3,09:45:18.574492060
3,2321.1,5,2321.3,09:45:18.574511536
3,2321.1,5,2321.3,09:45:18.574569930
1,2321.2,5,2321.3,09:45:18.574602088
1,2321.2,5,2321.3,09:45:18.574641296
1,2321.2,6,2321.3,09:45:18.574761880
1,2321.2,6,2321.3,09:45:18.574789954
1,2321.2,6,2321.3,09:45:18.575004432
1,2321.2,6,2321.3,09:45:18.575091112
1,2321.2,6,2321.3,09:45:18.575106668
1,2321.2,5,2321.3,09:45:18.575127071
1,2321.2,5,2321.3,09:45:18.575152477
4,2321.1,5,2321.3,09:45:18.575305516
4,2321.1,5,2321.3,09:45:18.575305516
4,2321.1,1,2321.2,09:45:18.575341978
4,2321.1,2,2321.2,09:45:18.575404207
4,2321.1,2,2321.2,09:45:18.575481616
4,2321.1,2,2321.2,09:45:18.575652140
3,2321.1,2,2321.2,09:45:18.575675764
2,2321.1,2,2321.2,09:45:18.575727099
1,2321.1,2,2321.2,09:45:18.575769164
1,2321.1,2,2321.2,09:45:18.575897784
6,2321.0,2,2321.2,09:45:18.575928492
6,2321.0,2,2321.2,09:45:18.575928492
6,2321.0,3,2321.2,09:45:18.576704447
6,2321.0,3,2321.2,09:45:18.578964794
6,2321.0,4,2321.2,09:45:18.580890085
5,2321.0,4,2321.2,09:45:18.580925735
4,2321.0,4,2321.2,09:45:18.581220048
4,2321.0,4,2321.2,09:45:18.590836220
4,2321.0,4,2321.2,09:45:18.593956484
4,2321.0,5,2321.2,09:45:18.752076169
4,2321.0,1,2321.1,09:45:18.752233480
3,2321.0,1,2321.1,09:45:18.752251347
3,2321.0,2,2321.1,09:45:18.752288423
3,2321.0,2,2321.1,09:45:18.752316955
3,2321.0,3,2321.1,09:45:18.752455690
2,2321.0,3,2321.1,09:45:18.752477441
2,2321.0,3,2321.1,09:45:18.752504750
2,2321.0,3,2321.1,09:45:18.752517870
2,2321.0,4,2321.1,09:45:18.752540300
2,2321.0,3,2321.1,09:45:18.752640724
1,2321.0,3,2321.1,09:45:18.752699698
1,2321.0,2,2321.1,09:45:18.752783137
1,2321.0,2,2321.1,09:45:18.752885786
1,2321.0,3,2321.1,09:45:18.753558535
5,2320.9,3,2321.1,09:45:18.761162489
5,2320.9,3,2321.1,09:45:18.761162489
5,2320.9,1,2321.0,09:45:18.761180960
4,2320.9,1,2321.0,09:45:18.761194883
4,2320.9,2,2321.0,09:45:18.761277902
4,2320.9,1,2321.0,09:45:18.761439266
4,2320.9,3,2321.1,09:45:18.761450803
4,2320.9,3,2321.1,09:45:18.761450803
4,2320.9,3,2321.1,09:45:18.761539541
3,2320.9,3,2321.1,09:45:18.761561532
3,2320.9,1,2321.0,09:45:18.761584370
3,2320.9,1,2321.0,09:45:18.761607356
3,2320.9,1,2321.0,09:45:18.761787370
3,2320.9,1,2321.0,09:45:18.761884674
3,2320.9,2,2321.0,09:45:18.762194239
2,2320.9,2,2321.0,09:45:18.762338164
2,2320.9,2,2321.0,09:45:18.762441453
1,2320.9,2,2321.0,09:45:18.762467802
1,2320.9,2,2321.0,09:45:18.762486381
1,2320.9,2,2321.0,09:45:18.763361158
1,2320.9,3,2321.0,09:45:18.772657634
1,2320.9,4,2321.0,09:45:18.772782429
1,2320.9,4,2321.0,09:45:18.772791787
1,2320.9,3,2321.0,09:45:18.776197762
1,2320.9,3,2321.0,09:45:18.776345327
5,2320.8,3,2321.0,09:45:18.776738698
5,2320.8,3,2321.0,09:45:18.776738698
5,2320.8,1,2320.9,09:45:18.776758164
5,2320.8,1,2320.9,09:45:18.776773906
4,2320.8,1,2320.9,09:45:18.776803624
4,2320.8,2,2320.9,09:45:18.776879856
4,2320.8,1,2320.9,09:45:18.776946124
4,2320.8,4,2321.0,09:45:18.777038784
4,2320.8,4,2321.0,09:45:18.777038784
4,2320.8,4,2321.0,09:45:18.777062903
4,2320.8,4,2321.0,09:45:18.777073127
4,2320.8,5,2321.0,09:45:18.777109781
3,2320.8,5,2321.0,09:45:18.777130226
3,2320.8,5,2321.0,09:45:18.777156992
3,2320.8,5,2321.0,09:45:18.777283967
4,2320.8,5,2321.0,09:45:18.782655563
4,2320.8,4,2321.0,09:45:18.782853737
4,2320.8,4,2321.0,09:45:18.839836694
4,2320.8,4,2321.0,09:45:18.884152090
4,2320.8,4,2321.0,09:45:18.884567314
4,2320.8,5,2321.0,09:45:18.917723954
4,2320.8,5,2321.0,09:45:18.917840455
3,2320.8,5,2321.0,09:45:18.917946138
3,2320.8,6,2321.0,09:45:18.917960800
3,2320.8,1,2320.9,09:45:18.918002347
2,2320.8,1,2320.9,09:45:18.918029842
2,2320.8,2,2320.9,09:45:18.918087266
2,2320.8,3,2320.9,09:45:18.918105091
1,2320.8,3,2320.9,09:45:18.918258368
1,2320.8,3,2320.9,09:45:18.918371679
1,2320.8,2,2320.9,09:45:19.061808044
1,2320.8,2,2320.9,09:45:19.062056945
1,2320.8,2,2320.9,09:45:19.062056945
1,2320.8,2,2320.9,09:45:19.142418934
1,2320.8,3,2320.9,09:45:19.142577922
5,2320.7,3,2320.9,09:45:19.142799602
5,2320.7,3,2320.9,09:45:19.142799602
5,2320.7,3,2320.9,09:45:19.142867583
5,2320.7,4,2320.9,09:45:19.142957235
5,2320.7,1,2320.8,09:45:19.142982049
5,2320.7,4,2320.9,09:45:19.143034818
5,2320.7,4,2320.9,09:45:19.143034818
5,2320.7,4,2320.9,09:45:19.143120813
5,2320.7,4,2320.9,09:45:19.143135294
5,2320.7,4,2320.9,09:45:19.143157057
5,2320.7,1,2320.8,09:45:19.143184443
4,2320.7,1,2320.8,09:45:19.143203247
4,2320.7,1,2320.8,09:45:19.143247689
4,2320.7,1,2320.8,09:45:19.143266422
4,2320.7,1,2320.8,09:45:19.143281543
3,2320.7,1,2320.8,09:45:19.143302606
3,2320.7,1,2320.8,09:45:19.143315124
3,2320.7,1,2320.8,09:45:19.143391318
3,2320.7,1,2320.8,09:45:19.143435232
3,2320.7,1,2320.8,09:45:19.143468920
2,2320.7,1,2320.8,09:45:19.143520357
1,2320.7,1,2320.8,09:45:19.143544268
1,2320.7,1,2320.8,09:45:19.143675074
1,2320.7,1,2320.8,09:45:19.144759502
2,2320.7,1,2320.8,09:45:19.181606124
2,2320.7,5,2320.9,09:45:19.181866619
2,2320.7,5,2320.9,09:45:19.181866619
3,2320.7,5,2320.9,09:45:19.181902539
4,2320.7,5,2320.9,09:45:19.181945312
5,2320.7,5,2320.9,09:45:19.182003875
5,2320.7,4,2320.9,09:45:19.182098038
4,2320.7,4,2320.9,09:45:19.182175406
1,2320.8,4,2320.9,09:45:19.434033778
1,2320.8,4,2320.9,09:45:19.434056240
2,2320.8,4,2320.9,09:45:19.434107116
2,2320.8,3,2320.9,09:45:19.434148486
2,2320.8,2,2320.9,09:45:19.434190093
2,2320.8,2,2320.9,09:45:19.434223565
2,2320.8,1,2320.9,09:45:19.434252933
2,2320.8,6,2321.0,09:45:19.434290066
2,2320.8,6,2321.0,09:45:19.434290066
2,2320.8,6,2321.0,09:45:19.434486899
2,2320.8,1,2320.9,09:45:19.435158474
1,2320.8,1,2320.9,09:45:19.435312384
1,2320.8,2,2320.9,09:45:19.435464852
5,2320.7,2,2320.9,09:45:19.435588163
5,2320.7,2,2320.9,09:45:19.435588163
4,2320.7,2,2320.9,09:45:19.439766523
4,2320.7,3,2320.9,09:45:19.439824610
4,2320.7,1,2320.8,09:45:19.439883888
3,2320.7,1,2320.8,09:45:19.439911021
3,2320.7,1,2320.8,09:45:19.440004399
3,2320.7,2,2320.8,09:45:19.440033360
3,2320.7,3,2320.8,09:45:19.440120072
1,2320.7,3,2320.8,09:45:19.440163819
1,2320.7,4,2320.8,09:45:19.440209638
1,2320.7,4,2320.8,09:45:19.440224067
6,2320.6,4,2320.8,09:45:19.440333651
6,2320.6,4,2320.8,09:45:19.440333651
6,2320.6,5,2320.8,09:45:19.440377674
4,2320.6,5,2320.8,09:45:19.440451579
4,2320.6,5,2320.8,09:45:19.440561268
4,2320.6,6,2320.8,09:45:19.440580106
3,2320.6,6,2320.8,09:45:19.440622773
3,2320.6,6,2320.8,09:45:19.440770981
3,2320.6,7,2320.8,09:45:19.440791429
6,2320.5,7,2320.8,09:45:19.440903572
6,2320.5,7,2320.8,09:45:19.440903572
6,2320.5,7,2320.8,09:45:19.440939224
6,2320.5,8,2320.8,09:45:19.441035918
6,2320.5,9,2320.8,09:45:19.441049093
6,2320.5,1,2320.7,09:45:19.441407141
6,2320.5,2,2320.7,09:45:19.441514838
6,2320.5,2,2320.7,09:45:19.441751349
6,2320.5,2,2320.7,09:45:19.441847348
6,2320.5,3,2320.7,09:45:19.441892479
6,2320.5,4,2320.7,09:45:19.441929244
6,2320.5,3,2320.7,09:45:19.442011662
6,2320.5,3,2320.7,09:45:19.442038309
6,2320.5,3,2320.7,09:45:19.442093289
6,2320.5,4,2320.7,09:45:19.442115964
6,2320.5,5,2320.7,09:45:19.442268922
6,2320.5,6,2320.7,09:45:19.442499518
5,2320.5,6,2320.7,09:45:19.442657166
4,2320.5,6,2320.7,09:45:19.442696700
4,2320.5,6,2320.7,09:45:19.442747688
4,2320.5,6,2320.7,09:45:19.442960763
4,2320.5,7,2320.7,09:45:19.442980881
4,2320.5,7,2320.7,09:45:19.442994862
3,2320.5,7,2320.7,09:45:19.443017692
3,2320.5,7,2320.7,09:45:19.443028028
2,2320.5,7,2320.7,09:45:19.443203865
2,2320.5,7,2320.7,09:45:19.443228090
2,2320.5,8,2320.7,09:45:19.443284926
2,2320.5,9,2320.7,09:45:19.443302178
2,2320.5,9,2320.7,09:45:19.443327541
2,2320.5,9,2320.7,09:45:19.443338550
2,2320.5,9,2320.7,09:45:19.443473538
6,2320.4,9,2320.7,09:45:19.443573853
6,2320.4,9,2320.7,09:45:19.443573853
6,2320.4,1,2320.6,09:45:19.443616254
6,2320.4,1,2320.6,09:45:19.443640623
6,2320.4,1,2320.6,09:45:19.443650114
5,2320.4,1,2320.6,09:45:19.443733082
5,2320.4,1,2320.6,09:45:19.443892356
5,2320.4,1,2320.6,09:45:19.443987979
5,2320.4,1,2320.6,09:45:19.444608047
5,2320.4,1,2320.6,09:45:19.444769906
5,2320.4,1,2320.6,09:45:19.444786838
5,2320.4,1,2320.6,09:45:19.444832689
5,2320.4,1,2320.6,09:45:19.444846952
5,2320.4,1,2320.6,09:45:19.444846952
5,2320.4,1,2320.6,09:45:19.444892088
5,2320.4,2,2320.6,09:45:19.444923797
5,2320.4,3,2320.6,09:45:19.444947324
5,2320.4,4,2320.6,09:45:19.445026110
5,2320.4,4,2320.6,09:45:19.445079366
5,2320.4,4,2320.6,09:45:19.445332474
5,2320.4,5,2320.6,09:45:19.445360418
5,2320.4,5,2320.6,09:45:19.445399122
5,2320.4,5,2320.6,09:45:19.445412194
5,2320.4,6,2320.6,09:45:19.445430095
6,2320.4,6,2320.6,09:45:19.445576591
6,2320.4,7,2320.6,09:45:19.445593459
6,2320.4,7,2320.6,09:45:19.445709145
6,2320.4,7,2320.6,09:45:19.445723001
6,2320.4,6,2320.6,09:45:19.445739935
6,2320.4,6,2320.6,09:45:19.445856492
6,2320.4,6,2320.6,09:45:19.445856492
6,2320.4,5,2320.6,09:45:19.445932835
7,2320.4,5,2320.6,09:45:19.445978039
7,2320.4,4,2320.6,09:45:19.446107824
6,2320.4,4,2320.6,09:45:19.446177678
5,2320.4,4,2320.6,09:45:19.446220969
5,2320.4,4,2320.6,09:45:19.446275383
4,2320.4,4,2320.6,09:45:19.446313688
4,2320.4,4,2320.6,09:45:19.446338002
4,2320.4,3,2320.6,09:45:19.446359560
4,2320.4,2,2320.6,09:45:19.446497671
5,2320.4,2,2320.6,09:45:19.446534518
5,2320.4,2,2320.6,09:45:19.446605540
1,2320.5,2,2320.6,09:45:19.446678235
5,2320.4,2,2320.6,09:45:19.446757249
5,2320.4,2,2320.6,09:45:19.446757249
1,2320.5,2,2320.6,09:45:19.447049331
1,2320.5,8,2320.7,09:45:19.447254494
1,2320.5,8,2320.7,09:45:19.447254494
1,2320.6,8,2320.7,09:45:19.447481877
1,2320.6,8,2320.7,09:45:19.447528662
1,2320.6,8,2320.7,09:45:19.447550103
1,2320.6,7,2320.7,09:45:19.447565096
1,2320.6,6,2320.7,09:45:19.447582468
1,2320.6,6,2320.7,09:45:19.447634925
1,2320.6,6,2320.7,09:45:19.447654314
1,2320.6,6,2320.7,09:45:19.447694912
1,2320.6,5,2320.7,09:45:19.447713773
1,2320.6,4,2320.7,09:45:19.447828851
1,2320.6,4,2320.7,09:45:19.447930856
1,2320.6,3,2320.7,09:45:19.447996278
1,2320.6,2,2320.7,09:45:19.448031130
1,2320.6,1,2320.7,09:45:19.448182993
2,2320.6,1,2320.7,09:45:19.448270687
2,2320.6,1,2320.7,09:45:19.448281180
2,2320.6,1,2320.7,09:45:19.448298522
2,2320.6,1,2320.7,09:45:19.448402850
2,2320.6,6,2320.8,09:45:19.448427462
2,2320.6,6,2320.8,09:45:19.448427462
2,2320.6,6,2320.8,09:45:19.448533723
2,2320.6,5,2320.8,09:45:19.448575131
2,2320.6,1,2320.7,09:45:19.448599119
2,2320.6,1,2320.7,09:45:19.448763199
1,2320.6,1,2320.7,09:45:19.448932066
1,2320.6,1,2320.7,09:45:19.448970775
1,2320.6,2,2320.7,09:45:19.449146756
1,2320.6,3,2320.7,09:45:19.449155725
5,2320.5,3,2320.7,09:45:19.449249357
5,2320.5,3,2320.7,09:45:19.449249357
5,2320.5,3,2320.7,09:45:19.449276163
5,2320.5,2,2320.7,09:45:19.449343041
5,2320.5,3,2320.7,09:45:19.449374143
5,2320.5,4,2320.7,09:45:19.449512283
4,2320.5,4,2320.7,09:45:19.449890060
3,2320.5,4,2320.7,09:45:19.450020642
3,2320.5,4,2320.7,09:45:19.450415383
3,2320.5,3,2320.7,09:45:19.450937822
3,2320.5,4,2320.7,09:45:19.453534313
2,2320.5,4,2320.7,09:45:19.455815347
2,2320.5,1,2320.6,09:45:19.455875656
2,2320.5,2,2320.6,09:45:19.455942807
1,2320.5,2,2320.6,09:45:19.456044427
1,2320.5,2,2320.6,09:45:19.456073644
1,2320.5,1,2320.6,09:45:19.456904941
2,2320.5,1,2320.6,09:45:19.456928682
3,2320.5,1,2320.6,09:45:19.456984543
3,2320.5,1,2320.6,09:45:19.457000703
3,2320.5,3,2320.7,09:45:19.457045862
3,2320.5,3,2320.7,09:45:19.457045862
4,2320.5,3,2320.7,09:45:19.457107330
3,2320.5,3,2320.7,09:45:19.457232692
3,2320.5,4,2320.7,09:45:19.457254071
3,2320.5,3,2320.7,09:45:19.459029643
4,2320.5,3,2320.7,09:45:19.459142132
4,2320.5,4,2320.7,09:45:19.463518159
3,2320.5,4,2320.7,09:45:19.463829299
4,2320.5,4,2320.7,09:45:19.466278442
4,2320.5,3,2320.7,09:45:19.466393993
5,2320.5,3,2320.7,09:45:19.466532831
1,2320.6,3,2320.7,09:45:19.470040472
1,2320.6,2,2320.7,09:45:19.470100848
1,2320.6,2,2320.7,09:45:19.470173618
2,2320.6,2,2320.7,09:45:19.470205141
2,2320.6,1,2320.7,09:45:19.470263332
2,2320.6,6,2320.8,09:45:19.470317525
2,2320.6,6,2320.8,09:45:19.470317525
3,2320.6,6,2320.8,09:45:19.475844689
4,2320.6,6,2320.8,09:45:19.475864449
4,2320.6,6,2320.8,09:45:19.489771709
4,2320.6,6,2320.8,09:45:19.510571369
4,2320.6,6,2320.8,09:45:19.538527135
4,2320.6,1,2320.7,09:45:19.542211318
3,2320.6,1,2320.7,09:45:19.542266209
2,2320.6,1,2320.7,09:45:19.542286875
1,2320.6,1,2320.7,09:45:19.542406522
1,2320.6,2,2320.7,09:45:19.542446261
6,2320.5,2,2320.7,09:45:19.542745547
6,2320.5,2,2320.7,09:45:19.542745547
6,2320.5,2,2320.7,09:45:19.542770537
6,2320.5,3,2320.7,09:45:19.542866688
5,2320.5,3,2320.7,09:45:19.545812220
6,2320.5,3,2320.7,09:45:19.574953559
1,2320.6,3,2320.7,09:45:19.575101302
1,2320.6,2,2320.7,09:45:19.575219631
2,2320.6,2,2320.7,09:45:19.575263466
2,2320.6,1,2320.7,09:45:19.575289518
2,2320.6,6,2320.8,09:45:19.575307307
2,2320.6,6,2320.8,09:45:19.575307307
1,2320.6,6,2320.8,09:45:19.582529182
2,2320.6,6,2320.8,09:45:19.583521389
3,2320.6,6,2320.8,09:45:19.613717375
3,2320.6,6,2320.8,09:45:19.621222330
3,2320.6,5,2320.8,09:45:19.648992941
4,2320.6,5,2320.8,09:45:19.649084009
4,2320.6,4,2320.8,09:45:19.649101702
5,2320.6,4,2320.8,09:45:19.649120793
6,2320.6,4,2320.8,09:45:19.649137107
6,2320.6,4,2320.8,09:45:19.649204622
6,2320.6,3,2320.8,09:45:19.672521995
1,2320.7,3,2320.8,09:45:19.672628787
1,2320.7,3,2320.8,09:45:19.672756291
1,2320.7,3,2320.8,09:45:19.672773763
1,2320.7,3,2320.8,09:45:19.672788742
1,2320.7,3,2320.8,09:45:19.672881900
7,2320.6,3,2320.8,09:45:19.673021026
7,2320.6,3,2320.8,09:45:19.673021026
6,2320.6,3,2320.8,09:45:19.673040975
6,2320.6,4,2320.8,09:45:19.673137220
6,2320.6,5,2320.8,09:45:19.673300935
5,2320.6,5,2320.8,09:45:19.673300935
4,2320.6,5,2320.8,09:45:19.673319844
4,2320.6,6,2320.8,09:45:19.673337419
4,2320.6,6,2320.8,09:45:19.673353237
3,2320.6,6,2320.8,09:45:19.673847190
3,2320.6,6,2320.8,09:45:19.710856645
3,2320.6,6,2320.8,09:45:19.710869881
3,2320.6,6,2320.8,09:45:19.745468280
4,2320.6,6,2320.8,09:45:19.859215468
4,2320.6,6,2320.8,09:45:19.859378159
4,2320.6,5,2320.8,09:45:19.859396764
4,2320.6,6,2320.8,09:45:20.122004624
4,2320.6,1,2320.7,09:45:20.122141465
4,2320.6,2,2320.7,09:45:20.122330768
3,2320.6,2,2320.7,09:45:20.122360660
2,2320.6,2,2320.7,09:45:20.122490202
1,2320.6,2,2320.7,09:45:20.122910213
2,2320.6,2,2320.7,09:45:20.137307646
2,2320.6,1,2320.7,09:45:20.137429364
2,2320.6,6,2320.8,09:45:20.137564697
2,2320.6,6,2320.8,09:45:20.137564697
3,2320.6,6,2320.8,09:45:20.137823512
4,2320.6,6,2320.8,09:45:20.137860918
4,2320.6,5,2320.8,09:45:20.137948506
5,2320.6,5,2320.8,09:45:20.137986232
6,2320.6,5,2320.8,09:45:20.138002495
5,2320.6,5,2320.8,09:45:20.138082983
4,2320.6,5,2320.8,09:45:20.138146597
3,2320.6,5,2320.8,09:45:20.497134493
3,2320.6,1,2320.7,09:45:20.810801389
2,2320.6,1,2320.7,09:45:20.810904185
2,2320.6,2,2320.7,09:45:20.810931671
2,2320.6,3,2320.7,09:45:20.811076278
1,2320.6,3,2320.7,09:45:20.811186008
1,2320.6,2,2320.7,09:45:20.811223139
1,2320.6,1,2320.7,09:45:20.811494095
2,2320.6,1,2320.7,09:45:20.811518448
2,2320.6,5,2320.8,09:45:20.811624386
2,2320.6,5,2320.8,09:45:20.811624386
2,2320.6,6,2320.8,09:45:20.818551274
2,2320.6,1,2320.7,09:45:20.818682057
1,2320.6,1,2320.7,09:45:20.818699178
1,2320.6,2,2320.7,09:45:20.818753486
1,2320.6,3,2320.7,09:45:20.818773742
1,2320.6,4,2320.7,09:45:20.818830678
1,2320.6,5,2320.7,09:45:20.818860903
1,2320.6,4,2320.7,09:45:20.818898001
1,2320.6,3,2320.7,09:45:20.819063130
1,2320.6,2,2320.7,09:45:20.942605472
1,2320.6,1,2320.7,09:45:21.054429776
1,2320.6,6,2320.8,09:45:21.054506055
1,2320.6,6,2320.8,09:45:21.054506055
2,2320.6,6,2320.8,09:45:21.054575910
3,2320.6,6,2320.8,09:45:21.054624794
3,2320.6,5,2320.8,09:45:21.054707470
3,2320.6,1,2320.7,09:45:21.054775600
2,2320.6,1,2320.7,09:45:21.054799661
1,2320.6,1,2320.7,09:45:21.054934063
1,2320.6,2,2320.7,09:45:21.055070361
1,2320.6,1,2320.7,09:45:21.153694619
1,2320.6,5,2320.8,09:45:21.153772359
1,2320.6,5,2320.8,09:45:21.153772359
2,2320.6,5,2320.8,09:45:21.153798750
3,2320.6,5,2320.8,09:45:21.153823483
4,2320.6,5,2320.8,09:45:21.153839797
5,2320.6,5,2320.8,09:45:21.153879640
6,2320.6,5,2320.8,09:45:21.153925072
5,2320.6,5,2320.8,09:45:21.154093770
4,2320.6,5,2320.8,09:45:21.154234220
4,2320.6,1,2320.7,09:45:21.169288348
4,2320.6,1,2320.7,09:45:21.169288348
3,2320.6,1,2320.7,09:45:21.169539278
3,2320.6,2,2320.7,09:45:21.181066873
2,2320.6,2,2320.7,09:45:21.181181932
3,2320.6,2,2320.7,09:45:21.225913949
3,2320.6,1,2320.7,09:45:21.225960437
4,2320.6,1,2320.7,09:45:21.226072417
4,2320.6,5,2320.8,09:45:21.226716621
4,2320.6,5,2320.8,09:45:21.226716621
4,2320.6,4,2320.8,09:45:21.226826563
1,2320.7,4,2320.8,09:45:21.226870861
1,2320.7,4,2320.8,09:45:21.226936171
1,2320.7,3,2320.8,09:45:21.227002419
2,2320.7,3,2320.8,09:45:21.227034481
2,2320.7,3,2320.8,09:45:21.227059361
2,2320.7,3,2320.8,09:45:21.229540259
1,2320.7,3,2320.8,09:45:21.235481881
1,2320.7,2,2320.8,09:45:21.239244413
2,2320.7,2,2320.8,09:45:21.239374966
3,2320.7,2,2320.8,09:45:21.239412650
4,2320.7,2,2320.8,09:45:21.239433994
5,2320.7,2,2320.8,09:45:21.239463495
6,2320.7,2,2320.8,09:45:21.239540223
5,2320.7,2,2320.8,09:45:21.239772859
5,2320.7,5,2320.9,09:45:21.239866774
5,2320.7,5,2320.9,09:45:21.239866774
5,2320.7,4,2320.9,09:45:21.239979614
5,2320.7,4,2320.9,09:45:21.240108632
5,2320.7,4,2320.9,09:45:21.240124568
5,2320.7,3,2320.9,09:45:21.240146860
5,2320.7,4,2320.9,09:45:21.243090759
4,2320.7,4,2320.9,09:45:21.245955872
4,2320.7,5,2320.9,09:45:21.247455689
3,2320.7,5,2320.9,09:45:21.247643846
3,2320.7,4,2320.9,09:45:21.248856184
4,2320.7,4,2320.9,09:45:21.251620239
5,2320.7,4,2320.9,09:45:21.251706299
5,2320.7,4,2320.9,09:45:21.251799270
1,2320.8,4,2320.9,09:45:21.258897903
1,2320.8,3,2320.9,09:45:21.259015112
1,2320.8,3,2320.9,09:45:21.259079557
1,2320.8,3,2320.9,09:45:21.259093637
1,2320.8,3,2320.9,09:45:21.260793657
1,2320.8,3,2320.9,09:45:21.260793657
1,2320.8,3,2320.9,09:45:21.260844845
6,2320.7,3,2320.9,09:45:21.261496515
6,2320.7,3,2320.9,09:45:21.261496515
5,2320.7,3,2320.9,09:45:21.261732002
5,2320.7,1,2320.8,09:45:21.261861044
5,2320.7,2,2320.8,09:45:21.261926645
4,2320.7,2,2320.8,09:45:21.261941094
4,2320.7,2,2320.8,09:45:21.262104457
3,2320.7,2,2320.8,09:45:21.262128451
2,2320.7,2,2320.8,09:45:21.262171377
2,2320.7,1,2320.8,09:45:21.262213512
2,2320.7,1,2320.8,09:45:21.262302429
2,2320.7,5,2320.9,09:45:21.262329287
2,2320.7,5,2320.9,09:45:21.262329287
1,2320.7,5,2320.9,09:45:21.262422104
1,2320.7,1,2320.8,09:45:21.262548661
1,2320.7,5,2320.9,09:45:21.262619828
1,2320.7,5,2320.9,09:45:21.262619828
1,2320.7,6,2320.9,09:45:21.262678283
1,2320.7,1,2320.8,09:45:21.262810023
1,2320.7,2,2320.8,09:45:21.263587625
1,2320.7,2,2320.8,09:45:21.263714224
2,2320.7,2,2320.8,09:45:21.279856229
2,2320.7,1,2320.8,09:45:21.279980369
2,2320.7,1,2320.8,09:45:21.280120251
2,2320.7,2,2320.8,09:45:21.288954300
2,2320.7,3,2320.8,09:45:21.288988288
1,2320.7,3,2320.8,09:45:21.289151670
1,2320.7,3,2320.8,09:45:21.289183005
1,2320.7,4,2320.8,09:45:21.299881794
1,2320.7,4,2320.8,09:45:21.299881794
5,2320.6,4,2320.8,09:45:21.435665681
5,2320.6,4,2320.8,09:45:21.435665681
5,2320.6,1,2320.7,09:45:21.435811085
5,2320.6,2,2320.7,09:45:21.435885845
4,2320.6,2,2320.7,09:45:21.435902069
4,2320.6,1,2320.7,09:45:21.435929926
4,2320.6,1,2320.7,09:45:21.436007736
4,2320.6,4,2320.8,09:45:21.436056444
4,2320.6,4,2320.8,09:45:21.436056444
3,2320.6,4,2320.8,09:45:21.436080960
3,2320.6,5,2320.8,09:45:21.436194949
2,2320.6,5,2320.8,09:45:21.436214850
2,2320.6,5,2320.8,09:45:21.436226172
2,2320.6,1,2320.7,09:45:21.437729879
2,2320.6,2,2320.7,09:45:21.511192105
2,2320.6,3,2320.7,09:45:21.511226912
1,2320.6,3,2320.7,09:45:21.511254025
1,2320.6,4,2320.7,09:45:21.511276851
1,2320.6,5,2320.7,09:45:21.511296513
1,2320.6,6,2320.7,09:45:21.511328980
5,2320.5,6,2320.7,09:45:21.511386467
5,2320.5,6,2320.7,09:45:21.511386467
5,2320.5,1,2320.6,09:45:21.511415766
5,2320.5,6,2320.7,09:45:21.511444900
5,2320.5,6,2320.7,09:45:21.511444900
5,2320.5,6,2320.7,09:45:21.511616679
5,2320.5,5,2320.7,09:45:21.511694700
5,2320.5,5,2320.7,09:45:21.511756462
5,2320.5,5,2320.7,09:45:21.511872457
4,2320.5,5,2320.7,09:45:21.511895923
4,2320.5,6,2320.7,09:45:21.511909731
3,2320.5,6,2320.7,09:45:21.511930571
2,2320.5,6,2320.7,09:45:21.512029379
2,2320.5,1,2320.6,09:45:21.512097937
1,2320.5,1,2320.6,09:45:21.512447461
1,2320.5,1,2320.6,09:45:21.513095996
1,2320.5,1,2320.6,09:45:21.513095996
1,2320.5,2,2320.6,09:45:21.513795651
1,2320.5,2,2320.6,09:45:21.513795651
1,2320.5,1,2320.6,09:45:21.522877872
2,2320.5,1,2320.6,09:45:21.522903140
3,2320.5,1,2320.6,09:45:21.523048762
2,2320.5,1,2320.6,09:45:21.523268546
1,2320.5,1,2320.6,09:45:21.529433707
1,2320.5,1,2320.6,09:45:21.529554365
1,2320.5,2,2320.6,09:45:21.538363951
1,2320.5,2,2320.6,09:45:21.538505595
2,2320.5,2,2320.6,09:45:21.548311918
2,2320.5,1,2320.6,09:45:21.548443665
1,2320.5,1,2320.6,09:45:21.548461882
2,2320.5,1,2320.6,09:45:21.592102029
2,2320.5,6,2320.7,09:45:21.592370041
2,2320.5,6,2320.7,09:45:21.592370041
3,2320.5,6,2320.7,09:45:21.592532910
4,2320.5,6,2320.7,09:45:21.592552988
5,2320.5,6,2320.7,09:45:21.627682029
5,2320.5,6,2320.7,09:45:21.627795714
5,2320.5,5,2320.7,09:45:21.922068568
5,2320.5,4,2320.7,09:45:21.922088777
5,2320.5,3,2320.7,09:45:21.922107648
1,2320.6,3,2320.7,09:45:21.922219983
2,2320.6,3,2320.7,09:45:21.922306666
2,2320.6,2,2320.7,09:45:21.922339249
3,2320.6,2,2320.7,09:45:21.922358699
4,2320.6,2,2320.7,09:45:21.922749594
4,2320.6,2,2320.7,09:45:21.922749594
5,2320.6,2,2320.7,09:45:21.922749594
5,2320.6,2,2320.7,09:45:21.922887324
5,2320.6,1,2320.7,09:45:21.922919017
5,2320.6,1,2320.7,09:45:21.923021983
4,2320.6,1,2320.7,09:45:21.923042470
3,2320.6,1,2320.7,09:45:21.923224012
3,2320.6,5,2320.8,09:45:21.923488437
3,2320.6,5,2320.8,09:45:21.923488437
4,2320.6,5,2320.8,09:45:21.924435202
4,2320.6,5,2320.8,09:45:21.924461900
4,2320.6,2,2320.7,09:45:21.925920473
3,2320.6,2,2320.7,09:45:21.926158193
2,2320.6,2,2320.7,09:45:21.926190184
1,2320.6,2,2320.7,09:45:21.926213682
1,2320.6,3,2320.7,09:45:21.926308362
1,2320.6,4,2320.7,09:45:21.927529126
6,2320.5,4,2320.7,09:45:21.930646127
6,2320.5,4,2320.7,09:45:21.930646127
6,2320.5,3,2320.7,09:45:21.992026183
1,2320.6,3,2320.7,09:45:21.992057002
2,2320.6,3,2320.7,09:45:21.992154503
2,2320.6,3,2320.7,09:45:21.992161392
2,2320.6,3,2320.7,09:45:21.992193070
1,2320.6,3,2320.7,09:45:22.012922764
6,2320.5,3,2320.7,09:45:22.012949635
6,2320.5,3,2320.7,09:45:22.012949635
6,2320.5,3,2320.7,09:45:22.013092338
5,2320.5,3,2320.7,09:45:22.410104517
5,2320.5,4,2320.7,09:45:22.410207981
5,2320.5,5,2320.7,09:45:22.410243541
4,2320.5,5,2320.7,09:45:22.410383239
4,2320.5,6,2320.7,09:45:22.486241031
5,2320.5,6,2320.7,09:45:23.238145687
5,2320.5,5,2320.7,09:45:23.238273501
5,2320.5,5,2320.7,09:45:23.238291549
5,2320.5,4,2320.7,09:45:23.238334293
4,2320.5,4,2320.7,09:45:23.238408371
1,2320.6,4,2320.7,09:45:23.238463908
4,2320.5,4,2320.7,09:45:23.238548259
4,2320.5,4,2320.7,09:45:23.238548259
5,2320.5,4,2320.7,09:45:23.238601933
6,2320.5,4,2320.7,09:45:23.275358518
1,2320.6,4,2320.7,09:45:23.275468072
2,2320.6,4,2320.7,09:45:23.275521789
2,2320.6,1,2320.7,09:45:23.288416503
2,2320.6,5,2320.8,09:45:23.288442433
2,2320.6,5,2320.8,09:45:23.288442433
3,2320.6,5,2320.8,09:45:23.288504626
4,2320.6,5,2320.8,09:45:23.288641394
5,2320.6,5,2320.8,09:45:23.288684726
6,2320.6,5,2320.8,09:45:23.288714912
7,2320.6,5,2320.8,09:45:23.288819672
8,2320.6,5,2320.8,09:45:23.288927383
9,2320.6,5,2320.8,09:45:23.288961007
8,2320.6,5,2320.8,09:45:23.288977695
7,2320.6,5,2320.8,09:45:23.289132389
6,2320.6,5,2320.8,09:45:23.289559326
6,2320.6,6,2320.8,09:45:23.298707923
5,2320.6,6,2320.8,09:45:23.298832476
5,2320.6,6,2320.8,09:45:23.299118501
5,2320.6,1,2320.7,09:45:23.321471685
4,2320.6,1,2320.7,09:45:23.321602011
3,2320.6,1,2320.7,09:45:23.321638287
3,2320.6,1,2320.7,09:45:23.321681776
3,2320.6,2,2320.7,09:45:23.321947064
2,2320.6,2,2320.7,09:45:23.322063108
1,2320.6,2,2320.7,09:45:23.322180668
1,2320.6,3,2320.7,09:45:23.579541593
1,2320.6,4,2320.7,09:45:23.579678183
6,2320.5,4,2320.7,09:45:23.579734592
6,2320.5,4,2320.7,09:45:23.579734592
6,2320.5,1,2320.6,09:45:23.579766340
5,2320.5,1,2320.6,09:45:23.579987503
5,2320.5,4,2320.7,09:45:23.580096289
5,2320.5,4,2320.7,09:45:23.580096289
5,2320.5,4,2320.7,09:45:23.580117305
5,2320.5,5,2320.7,09:45:23.580117305
4,2320.5,5,2320.7,09:45:23.580128581
3,2320.5,5,2320.7,09:45:23.580215565
2,2320.5,5,2320.7,09:45:23.580288799
2,2320.5,4,2320.7,09:45:23.580534903
2,2320.5,1,2320.6,09:45:23.580557761
3,2320.5,1,2320.6,09:45:23.580583342
4,2320.5,1,2320.6,09:45:23.580605809
4,2320.5,2,2320.6,09:45:23.580717963
4,2320.5,2,2320.6,09:45:23.580835746
3,2320.5,2,2320.6,09:45:23.580935020
3,2320.5,1,2320.6,09:45:23.581209893
3,2320.5,1,2320.6,09:45:23.581427935
3,2320.5,1,2320.6,09:45:23.581907737
3,2320.5,2,2320.6,09:45:23.583994480
2,2320.5,2,2320.6,09:45:23.584127346
1,2320.5,2,2320.6,09:45:23.584190986
1,2320.5,2,2320.6,09:45:23.584237147
1,2320.5,3,2320.6,09:45:23.584278847
5,2320.4,3,2320.6,09:45:23.584305747
5,2320.4,3,2320.6,09:45:23.584305747
5,2320.4,4,2320.6,09:45:23.584333062
5,2320.4,5,2320.6,09:45:23.584417550
5,2320.4,5,2320.6,09:45:23.584461353
5,2320.4,5,2320.6,09:45:23.584475837
5,2320.4,5,2320.6,09:45:23.584488624
5,2320.4,5,2320.6,09:45:23.584503748
5,2320.4,4,2320.6,09:45:23.584596066
5,2320.4,4,2320.6,09:45:23.584705592
6,2320.4,4,2320.6,09:45:23.593046205
6,2320.4,4,2320.6,09:45:23.593219843
6,2320.4,5,2320.6,09:45:23.593466758
6,2320.4,5,2320.6,09:45:23.665120759
5,2320.4,5,2320.6,09:45:23.784659461
5,2320.4,5,2320.6,09:45:23.819799699
5,2320.4,4,2320.6,09:45:24.028636556
5,2320.4,3,2320.6,09:45:24.028735710
5,2320.4,2,2320.6,09:45:24.028758117
1,2320.5,2,2320.6,09:45:24.028889050
2,2320.5,2,2320.6,09:45:24.028940956
2,2320.5,2,2320.6,09:45:24.029004611
1,2320.5,2,2320.6,09:45:24.031603201
1,2320.5,3,2320.6,09:45:24.031691386
1,2320.5,4,2320.6,09:45:24.032188440
6,2320.4,4,2320.6,09:45:24.032211065
6,2320.4,4,2320.6,09:45:24.032211065
6,2320.4,5,2320.6,09:45:24.032253233
6,2320.4,4,2320.6,09:45:24.032880910
6,2320.4,4,2320.6,09:45:24.260229431
6,2320.4,4,2320.6,09:45:24.523503776
5,2320.4,4,2320.6,09:45:24.533672448
5,2320.4,5,2320.6,09:45:24.533859978
5,2320.4,5,2320.6,09:45:24.533877457
5,2320.4,1,2320.5,09:45:24.534218118
5,2320.4,2,2320.5,09:45:24.534270604
5,2320.4,3,2320.5,09:45:24.534288771
4,2320.4,3,2320.5,09:45:24.534370708
4,2320.4,4,2320.5,09:45:24.534435243
4,2320.4,4,2320.5,09:45:24.534689943
3,2320.4,4,2320.5,09:45:24.534777132
3,2320.4,4,2320.5,09:45:24.534915958
3,2320.4,4,2320.5,09:45:24.534931948
3,2320.4,4,2320.5,09:45:24.534947293
3,2320.4,4,2320.5,09:45:24.534974253
2,2320.4,4,2320.5,09:45:24.534997924
1,2320.4,4,2320.5,09:45:24.535021700
1,2320.4,4,2320.5,09:45:24.535047554
1,2320.4,4,2320.5,09:45:24.535087075
1,2320.4,4,2320.5,09:45:24.535125526
1,2320.4,3,2320.5,09:45:24.535177761
10,2320.3,3,2320.5,09:45:24.535453738
10,2320.3,3,2320.5,09:45:24.535453738
10,2320.3,3,2320.5,09:45:24.535557280
10,2320.3,3,2320.5,09:45:24.535628125
10,2320.3,2,2320.5,09:45:24.535650446
10,2320.3,2,2320.5,09:45:24.535772650
10,2320.3,3,2320.5,09:45:24.535795012
10,2320.3,4,2320.5,09:45:24.535820606
10,2320.3,4,2320.5,09:45:24.535820606
10,2320.3,4,2320.5,09:45:24.535857718
10,2320.3,4,2320.5,09:45:24.535857718
10,2320.3,4,2320.5,09:45:24.536109041
10,2320.3,4,2320.5,09:45:24.536651599
10,2320.3,5,2320.5,09:45:24.536925861
10,2320.3,5,2320.5,09:45:24.538477885
1,2320.4,5,2320.5,09:45:24.554618767
1,2320.4,4,2320.5,09:45:24.554637949
1,2320.4,3,2320.5,09:45:24.554660852
2,2320.4,3,2320.5,09:45:24.554718971
3,2320.4,3,2320.5,09:45:24.554751065
3,2320.4,2,2320.5,09:45:24.595747113
3,2320.4,6,2320.6,09:45:24.595932260
3,2320.4,6,2320.6,09:45:24.595932260
3,2320.4,5,2320.6,09:45:24.595985432
4,2320.4,5,2320.6,09:45:24.596008437
1,2320.5,5,2320.6,09:45:24.596091811
4,2320.4,5,2320.6,09:45:24.596120824
4,2320.4,5,2320.6,09:45:24.596120824
4,2320.4,5,2320.6,09:45:24.596202134
4,2320.4,4,2320.6,09:45:24.596225808
4,2320.4,3,2320.6,09:45:24.596274638
5,2320.4,3,2320.6,09:45:24.596292392
5,2320.4,3,2320.6,09:45:24.596328060
6,2320.4,3,2320.6,09:45:24.596337484
5,2320.4,3,2320.6,09:45:24.596367218
5,2320.4,4,2320.6,09:45:24.817424338
4,2320.4,4,2320.6,09:45:24.974095011
3,2320.4,4,2320.6,09:45:24.974177057
3,2320.4,1,2320.5,09:45:24.974225180
3,2320.4,2,2320.5,09:45:24.974258336
2,2320.4,2,2320.5,09:45:24.974341570
2,2320.4,3,2320.5,09:45:24.974361944
1,2320.4,3,2320.5,09:45:24.974387173
1,2320.4,3,2320.5,09:45:24.974421597
1,2320.4,3,2320.5,09:45:24.974464971
1,2320.4,2,2320.5,09:45:24.974502395
2,2320.4,2,2320.5,09:45:24.974531775
2,2320.4,2,2320.5,09:45:24.974540857
3,2320.4,2,2320.5,09:45:24.974572938
3,2320.4,1,2320.5,09:45:24.974621876
3,2320.4,6,2320.6,09:45:24.974640680
3,2320.4,6,2320.6,09:45:24.974640680
3,2320.4,5,2320.6,09:45:24.974789934
3,2320.4,1,2320.5,09:45:24.976284827
2,2320.4,1,2320.5,09:45:25.134853981
3,2320.4,1,2320.5,09:45:25.414490909
3,2320.4,5,2320.6,09:45:25.414731112
3,2320.4,5,2320.6,09:45:25.414731112
3,2320.4,5,2320.6,09:45:25.415221157
4,2320.4,5,2320.6,09:45:25.415245699
5,2320.4,5,2320.6,09:45:25.415423228
5,2320.4,5,2320.6,09:45:25.425404194
5,2320.4,5,2320.6,09:45:25.622114473
5,2320.4,6,2320.6,09:45:25.651044526
4,2320.4,6,2320.6,09:45:25.795514569
4,2320.4,1,2320.5,09:45:25.795659919
3,2320.4,1,2320.5,09:45:25.795677670
2,2320.4,1,2320.5,09:45:25.796051921
1,2320.4,1,2320.5,09:45:25.796228839
1,2320.4,2,2320.5,09:45:25.796269503
1,2320.4,2,2320.5,09:45:25.796692580
1,2320.4,2,2320.5,09:45:25.796754421
1,2320.4,2,2320.5,09:45:25.798323647
1,2320.4,3,2320.5,09:45:25.808144849
10,2320.3,3,2320.5,09:45:25.978816977
10,2320.3,3,2320.5,09:45:25.978816977
10,2320.3,3,2320.5,09:45:25.978950224
10,2320.3,4,2320.5,09:45:26.019659028
9,2320.3,4,2320.5,09:45:26.019678002
8,2320.3,4,2320.5,09:45:26.019695058
7,2320.3,4,2320.5,09:45:26.019773543
6,2320.3,4,2320.5,09:45:26.373007071
6,2320.3,5,2320.5,09:45:26.375912553
6,2320.3,1,2320.4,09:45:26.376052040
6,2320.3,1,2320.4,09:45:26.376195170
6,2320.3,1,2320.4,09:45:26.376226905
6,2320.3,1,2320.4,09:45:26.376240400
6,2320.3,1,2320.4,09:45:26.376560608
6,2320.3,1,2320.4,09:45:26.558801404
6,2320.3,6,2320.5,09:45:26.634210850
6,2320.3,6,2320.5,09:45:26.634210850
1,2320.4,6,2320.5,09:45:26.634762237
1,2320.4,6,2320.5,09:45:26.634785070
1,2320.4,5,2320.5,09:45:26.634906396
1,2320.4,5,2320.5,09:45:26.634922761
1,2320.4,4,2320.5,09:45:26.635046651
1,2320.4,3,2320.5,09:45:26.635405277
7,2320.3,3,2320.5,09:45:26.636589544
7,2320.3,3,2320.5,09:45:26.636589544
7,2320.3,4,2320.5,09:45:26.636759403
6,2320.3,4,2320.5,09:45:26.636864321
7,2320.3,4,2320.5,09:45:26.984074707
7,2320.3,3,2320.5,09:45:26.984135207
8,2320.3,3,2320.5,09:45:26.984154130
8,2320.3,4,2320.5,09:45:26.986549077
9,2320.3,4,2320.5,09:45:26.986679547
9,2320.3,3,2320.5,09:45:26.986806634
9,2320.3,4,2320.5,09:45:27.078514089
8,2320.3,4,2320.5,09:45:27.078695728
7,2320.3,4,2320.5,09:45:27.078714855
7,2320.3,5,2320.5,09:45:27.078759957
6,2320.3,5,2320.5,09:45:27.079907653
6,2320.3,1,2320.4,09:45:27.086872273
6,2320.3,1,2320.4,09:45:27.088019049
4,2320.3,1,2320.4,09:45:27.088095067
4,2320.3,2,2320.4,09:45:27.088228851
4,2320.3,2,2320.4,09:45:27.105606373
8,2320.2,2,2320.4,09:45:27.199792658
8,2320.2,2,2320.4,09:45:27.199792658
8,2320.2,1,2320.3,09:45:27.199812700
8,2320.2,1,2320.3,09:45:27.199845065
8,2320.2,1,2320.3,09:45:27.199988131
8,2320.2,1,2320.3,09:45:27.200019041
8,2320.2,1,2320.3,09:45:27.200035181
7,2320.2,1,2320.3,09:45:27.200157910
7,2320.2,2,2320.3,09:45:27.200204187
7,2320.2,3,2320.3,09:45:27.200219131
6,2320.2,3,2320.3,09:45:27.200409400
6,2320.2,3,2320.3,09:45:27.200426546
6,2320.2,3,2320.3,09:45:27.200443302
6,2320.2,3,2320.3,09:45:27.200473347
6,2320.2,2,2320.3,09:45:27.200499169
6,2320.2,2,2320.3,09:45:27.200522660
6,2320.2,2,2320.3,09:45:27.200558213
6,2320.2,2,2320.3,09:45:27.200572428
6,2320.2,2,2320.3,09:45:27.200756473
6,2320.2,2,2320.3,09:45:27.200809198
5,2320.2,2,2320.3,09:45:27.200884843
5,2320.2,2,2320.3,09:45:27.201017892
4,2320.2,2,2320.3,09:45:27.201038405
4,2320.2,2,2320.3,09:45:27.201069612
4,2320.2,2,2320.3,09:45:27.201098442
4,2320.2,2,2320.3,09:45:27.201098442
4,2320.2,1,2320.3,09:45:27.201140062
4,2320.2,1,2320.3,09:45:27.201166187
4,2320.2,1,2320.3,09:45:27.201421078
4,2320.2,1,2320.3,09:45:27.201482501
4,2320.2,1,2320.3,09:45:27.201482501
4,2320.2,1,2320.3,09:45:27.201514303
4,2320.2,4,2320.4,09:45:27.201695097
4,2320.2,4,2320.4,09:45:27.201695097
4,2320.2,4,2320.4,09:45:27.201863695
4,2320.2,4,2320.4,09:45:27.202473324
5,2320.2,4,2320.4,09:45:27.203825338
6,2320.2,4,2320.4,09:45:27.203887637
7,2320.2,4,2320.4,09:45:27.203921909
7,2320.2,3,2320.4,09:45:27.203943436
7,2320.2,3,2320.4,09:45:27.203955315
1,2320.3,3,2320.4,09:45:27.204201637
2,2320.3,3,2320.4,09:45:27.204255648
2,2320.3,3,2320.4,09:45:27.204408165
2,2320.3,2,2320.4,09:45:27.204447168
2,2320.3,1,2320.4,09:45:27.204590413
2,2320.3,6,2320.5,09:45:27.204869554
2,2320.3,6,2320.5,09:45:27.204869554
3,2320.3,6,2320.5,09:45:27.204998716
3,2320.3,6,2320.5,09:45:27.205083021
3,2320.3,3,2320.5,09:45:27.207801462
1,2320.4,3,2320.5,09:45:27.207898476
2,2320.4,3,2320.5,09:45:27.207965828
2,2320.4,2,2320.5,09:45:27.208000283
3,2320.4,2,2320.5,09:45:27.208016728
3,2320.4,2,2320.5,09:45:27.208142523
3,2320.4,2,2320.5,09:45:27.208262797
3,2320.4,1,2320.5,09:45:27.208308146
3,2320.4,7,2320.6,09:45:27.208343404
3,2320.4,7,2320.6,09:45:27.208343404
3,2320.4,7,2320.6,09:45:27.208422010
2,2320.4,7,2320.6,09:45:27.208461179
1,2320.4,7,2320.6,09:45:27.208585040
1,2320.4,1,2320.5,09:45:27.208641684
1,2320.4,1,2320.5,09:45:27.208732903
1,2320.4,2,2320.5,09:45:27.208765815
1,2320.4,3,2320.5,09:45:27.208784842
5,2320.3,3,2320.5,09:45:27.208808923
5,2320.3,3,2320.5,09:45:27.208808923
5,2320.3,4,2320.5,09:45:27.208834795
5,2320.3,3,2320.5,09:45:27.208864137
4,2320.3,3,2320.5,09:45:27.209021542
4,2320.3,4,2320.5,09:45:27.209794700
3,2320.3,4,2320.5,09:45:27.212874589
3,2320.3,4,2320.5,09:45:27.221296397
3,2320.3,3,2320.5,09:45:27.233720939
4,2320.3,3,2320.5,09:45:27.233742130
4,2320.3,4,2320.5,09:45:27.233838455
3,2320.3,4,2320.5,09:45:27.239861344
3,2320.3,5,2320.5,09:45:27.269892571
3,2320.3,5,2320.5,09:45:27.375516879
3,2320.3,4,2320.5,09:45:27.375638148
3,2320.3,7,2320.6,09:45:27.698303792
3,2320.3,5,2320.7,09:45:27.698303792
3,2320.3,7,2320.8,09:45:27.698303792
3,2320.3,9,2320.9,09:45:27.698303792
7,2320.8,9,2320.9,09:45:27.698303792
7,2320.8,9,2320.9,09:45:27.698303792
7,2320.8,9,2320.9,09:45:27.698303792
7,2320.8,9,2320.9,09:45:27.698303792
7,2320.8,9,2320.9,09:45:27.698303792
7,2320.8,9,2320.9,09:45:27.698358386
7,2320.8,9,2320.9,09:45:27.698358386
7,2320.8,9,2320.9,09:45:27.698358386
7,2320.8,9,2320.9,09:45:27.698637673
7,2320.8,9,2320.9,09:45:27.698718841
7,2320.8,9,2320.9,09:45:27.698770634
7,2320.8,9,2320.9,09:45:27.698787197
7,2320.8,9,2320.9,09:45:27.698903897
7,2320.8,9,2320.9,09:45:27.698973850
7,2320.8,8,2320.9,09:45:27.699363923
7,2320.8,8,2320.9,09:45:27.699363923
7,2320.8,8,2320.9,09:45:27.699363923
7,2320.8,7,2320.9,09:45:27.699363923
7,2320.8,7,2320.9,09:45:27.699363923
7,2320.8,7,2320.9,09:45:27.699410077
7,2320.8,6,2320.9,09:45:27.699486488
9,2320.4,6,2320.9,09:45:27.699892496
9,2320.4,6,2320.9,09:45:27.699892496
11,2320.4,6,2320.9,09:45:27.699919561
11,2320.4,2,2320.7,09:45:27.699925834
11,2320.4,2,2320.7,09:45:27.699959038
11,2320.4,3,2320.7,09:45:27.699959038
11,2320.4,3,2320.7,09:45:27.699964404
11,2320.4,3,2320.7,09:45:27.699993463
11,2320.4,3,2320.7,09:45:27.699993463
12,2320.4,3,2320.7,09:45:27.700014853
12,2320.4,3,2320.7,09:45:27.700029292
1,2320.6,3,2320.7,09:45:27.700083959
1,2320.6,3,2320.7,09:45:27.700102760
1,2320.6,3,2320.7,09:45:27.700188054
2,2320.6,3,2320.7,09:45:27.700271390
2,2320.6,3,2320.7,09:45:27.700283013
2,2320.6,3,2320.7,09:45:27.700343149
2,2320.6,3,2320.7,09:45:27.700367328
2,2320.6,3,2320.7,09:45:27.700403566
2,2320.6,3,2320.7,09:45:27.700451637
2,2320.6,3,2320.7,09:45:27.700510163
2,2320.6,3,2320.7,09:45:27.700529735
2,2320.6,3,2320.7,09:45:27.700584821
2,2320.6,3,2320.7,09:45:27.700611948
2,2320.6,3,2320.7,09:45:27.700693722
2,2320.6,3,2320.7,09:45:27.700705076
2,2320.6,3,2320.7,09:45:27.700718887
2,2320.6,3,2320.7,09:45:27.700733608
2,2320.6,3,2320.7,09:45:27.700757544
2,2320.6,3,2320.7,09:45:27.700934540
2,2320.6,3,2320.7,09:45:27.700950323
2,2320.6,3,2320.7,09:45:27.701021821
2,2320.6,3,2320.7,09:45:27.701055541
2,2320.6,3,2320.7,09:45:27.701411823
2,2320.6,3,2320.7,09:45:27.701411823
2,2320.6,3,2320.7,09:45:27.701562959
2,2320.6,3,2320.7,09:45:27.701714933
2,2320.6,3,2320.7,09:45:27.701734255
2,2320.6,3,2320.7,09:45:27.701780506
2,2320.6,3,2320.7,09:45:27.701792759
2,2320.6,3,2320.7,09:45:27.701867567
2,2320.6,3,2320.7,09:45:27.701900022
2,2320.6,3,2320.7,09:45:27.701915958
2,2320.6,3,2320.7,09:45:27.701951153
2,2320.6,3,2320.7,09:45:27.701983572
2,2320.6,3,2320.7,09:45:27.702001143
2,2320.6,3,2320.7,09:45:27.702019672
2,2320.6,3,2320.7,09:45:27.702048552
2,2320.6,4,2320.7,09:45:27.702118125
2,2320.6,5,2320.7,09:45:27.702146900
2,2320.6,5,2320.7,09:45:27.702158648
2,2320.6,6,2320.7,09:45:27.702177182
2,2320.6,7,2320.7,09:45:27.702193963
2,2320.6,8,2320.7,09:45:27.702225562
2,2320.6,9,2320.7,09:45:27.702290273
1,2320.6,9,2320.7,09:45:27.702383237
5,2320.5,9,2320.7,09:45:27.702424957
5,2320.5,9,2320.7,09:45:27.702424957
4,2320.5,9,2320.7,09:45:27.702463723
4,2320.5,1,2320.6,09:45:27.702560009
4,2320.5,1,2320.6,09:45:27.702586116
4,2320.5,7,2320.7,09:45:27.702623134
4,2320.5,7,2320.7,09:45:27.702623134
4,2320.5,1,2320.6,09:45:27.702726194
4,2320.5,1,2320.6,09:45:27.702745430
4,2320.5,1,2320.6,09:45:27.702769767
4,2320.5,1,2320.6,09:45:27.702803138
4,2320.5,6,2320.7,09:45:27.702845209
4,2320.5,6,2320.7,09:45:27.702845209
5,2320.5,6,2320.7,09:45:27.702875049
5,2320.5,6,2320.7,09:45:27.703197494
5,2320.5,6,2320.7,09:45:27.703371971
5,2320.5,5,2320.7,09:45:27.703435022
4,2320.5,5,2320.7,09:45:27.703480133
4,2320.5,5,2320.7,09:45:27.703558359
4,2320.5,5,2320.7,09:45:27.703573403
3,2320.5,5,2320.7,09:45:27.703596494
3,2320.5,4,2320.7,09:45:27.703629164
3,2320.5,1,2320.6,09:45:27.703668604
3,2320.5,1,2320.6,09:45:27.703709021
2,2320.5,1,2320.6,09:45:27.703807856
2,2320.5,2,2320.6,09:45:27.703840003
1,2320.5,2,2320.6,09:45:27.703861571
1,2320.5,2,2320.6,09:45:27.704121672
1,2320.5,3,2320.6,09:45:27.704142621
1,2320.5,2,2320.6,09:45:27.704162707
2,2320.5,2,2320.6,09:45:27.704453548
3,2320.5,2,2320.6,09:45:27.704469702
3,2320.5,3,2320.6,09:45:27.704542488
3,2320.5,2,2320.6,09:45:27.704561371
2,2320.5,2,2320.6,09:45:27.704600630
1,2320.5,2,2320.6,09:45:27.704679274
10,2320.4,2,2320.6,09:45:27.704708853
10,2320.4,2,2320.6,09:45:27.704708853
10,2320.4,3,2320.6,09:45:27.704748412
10,2320.4,4,2320.6,09:45:27.704929791
9,2320.4,4,2320.6,09:45:27.704948022
8,2320.4,4,2320.6,09:45:27.705011077
8,2320.4,4,2320.6,09:45:27.705067733
8,2320.4,3,2320.6,09:45:27.705113052
6,2320.4,3,2320.6,09:45:27.705130224
6,2320.4,3,2320.6,09:45:27.705560982
6,2320.4,3,2320.6,09:45:27.705560982
1,2320.5,3,2320.6,09:45:27.706436430
2,2320.5,3,2320.6,09:45:27.706471036
2,2320.5,2,2320.6,09:45:27.706503705
6,2320.4,2,2320.6,09:45:27.707311706
3,2320.4,2,2320.6,09:45:27.707311706
3,2320.4,2,2320.6,09:45:27.707311706
3,2320.4,3,2320.6,09:45:27.707411829
3,2320.4,4,2320.6,09:45:27.707714119
3,2320.4,4,2320.6,09:45:27.707714119
4,2320.4,4,2320.6,09:45:27.707736594
4,2320.4,5,2320.6,09:45:27.707736594
1,2320.5,5,2320.6,09:45:27.707755321
1,2320.5,5,2320.6,09:45:27.707780252
5,2320.4,5,2320.6,09:45:27.707806630
5,2320.4,5,2320.6,09:45:27.707806630
5,2320.4,4,2320.6,09:45:27.707915724
5,2320.4,3,2320.6,09:45:27.707964080
5,2320.4,3,2320.6,09:45:27.708432627
5,2320.4,3,2320.6,09:45:27.708432627
5,2320.4,3,2320.6,09:45:27.708552005
6,2320.4,3,2320.6,09:45:27.710141765
1,2320.5,3,2320.6,09:45:27.710206454
1,2320.5,3,2320.6,09:45:27.710288184
1,2320.5,3,2320.6,09:45:27.718618883
1,2320.5,2,2320.6,09:45:27.718725218
1,2320.5,3,2320.6,09:45:27.733266385
6,2320.4,3,2320.6,09:45:27.735434339
6,2320.4,3,2320.6,09:45:27.735434339
5,2320.4,3,2320.6,09:45:27.735458269
5,2320.4,3,2320.6,09:45:27.800504572
5,2320.4,3,2320.6,09:45:27.803795656
5,2320.4,3,2320.6,09:45:27.825532417
5,2320.4,3,2320.6,09:45:27.825548184
5,2320.4,4,2320.6,09:45:27.868540963
4,2320.4,4,2320.6,09:45:27.868672556
4,2320.4,4,2320.6,09:45:27.875524634
4,2320.4,4,2320.6,09:45:28.097150728
4,2320.4,4,2320.7,09:45:28.149218362
4,2320.4,6,2320.8,09:45:28.149218362
4,2320.4,10,2320.9,09:45:28.149218362
4,2320.4,4,2320.9,09:45:28.149218362
4,2320.4,4,2320.9,09:45:28.149218362
4,2320.4,4,2320.9,09:45:28.149218362
4,2320.4,4,2320.9,09:45:28.149218362
1,2320.5,4,2320.9,09:45:28.149362379
2,2320.5,4,2320.9,09:45:28.149377474
3,2320.5,4,2320.9,09:45:28.149428822
3,2320.5,4,2320.9,09:45:28.149444630
3,2320.5,4,2320.9,09:45:28.149470503
4,2320.5,4,2320.9,09:45:28.149513271
4,2320.5,4,2320.9,09:45:28.149528318
5,2320.5,4,2320.9,09:45:28.149768048
5,2320.5,4,2320.9,09:45:28.149802576
6,2320.5,4,2320.9,09:45:28.149820589
7,2320.5,4,2320.9,09:45:28.150008382
7,2320.5,4,2320.9,09:45:28.150175534
8,2320.5,4,2320.9,09:45:28.150191916
9,2320.5,4,2320.9,09:45:28.150291626
9,2320.5,4,2320.9,09:45:28.150316584
10,2320.5,4,2320.9,09:45:28.150333982
11,2320.5,4,2320.9,09:45:28.150399183
13,2320.5,4,2320.9,09:45:28.150760849
14,2320.5,4,2320.9,09:45:28.150776574
14,2320.5,2,2320.8,09:45:28.150807268
14,2320.5,2,2320.8,09:45:28.150851100
14,2320.5,2,2320.8,09:45:28.150897114
15,2320.5,2,2320.8,09:45:28.150970882
15,2320.5,2,2320.8,09:45:28.150986236
15,2320.5,2,2320.8,09:45:28.151036858
1,2320.6,2,2320.8,09:45:28.151065392
1,2320.6,2,2320.8,09:45:28.151092222
1,2320.6,2,2320.8,09:45:28.151137980
1,2320.6,2,2320.8,09:45:28.151152291
1,2320.6,2,2320.8,09:45:28.151167254
1,2320.6,2,2320.8,09:45:28.151167254
2,2320.6,2,2320.8,09:45:28.151200096
3,2320.6,2,2320.8,09:45:28.151248653
4,2320.6,2,2320.8,09:45:28.151277854
5,2320.6,2,2320.8,09:45:28.151296255
5,2320.6,2,2320.8,09:45:28.151321593
6,2320.6,2,2320.8,09:45:28.151622287
6,2320.6,2,2320.8,09:45:28.151710436
6,2320.6,2,2320.8,09:45:28.151710436
7,2320.6,2,2320.8,09:45:28.151812179
8,2320.6,2,2320.8,09:45:28.151829731
9,2320.6,2,2320.8,09:45:28.151848320
10,2320.6,2,2320.8,09:45:28.152000640
10,2320.6,8,2320.9,09:45:28.152028097
10,2320.6,8,2320.9,09:45:28.152028097
11,2320.6,8,2320.9,09:45:28.152052670
11,2320.6,8,2320.9,09:45:28.152098339
11,2320.6,8,2320.9,09:45:28.152142883
11,2320.6,2,2320.8,09:45:28.152181578
12,2320.6,2,2320.8,09:45:28.152205656
12,2320.6,2,2320.8,09:45:28.152214693
12,2320.6,2,2320.8,09:45:28.152229208
1,2320.7,2,2320.8,09:45:28.152284265
1,2320.7,2,2320.8,09:45:28.152306310
1,2320.7,2,2320.8,09:45:28.152329034
2,2320.7,2,2320.8,09:45:28.152413339
2,2320.7,2,2320.8,09:45:28.152423094
2,2320.7,2,2320.8,09:45:28.152438309
2,2320.7,2,2320.8,09:45:28.152454006
2,2320.7,2,2320.8,09:45:28.152467472
2,2320.7,2,2320.8,09:45:28.152630547
2,2320.7,2,2320.8,09:45:28.152831131
2,2320.7,5,2320.9,09:45:28.152857301
2,2320.7,5,2320.9,09:45:28.152857301
3,2320.7,5,2320.9,09:45:28.152910838
3,2320.7,5,2320.9,09:45:28.152948841
3,2320.7,5,2320.9,09:45:28.152999560
2,2320.7,5,2320.9,09:45:28.153053468
1,2320.7,5,2320.9,09:45:28.153104073
6,2320.6,5,2320.9,09:45:28.153145402
6,2320.6,5,2320.9,09:45:28.153145402
6,2320.6,5,2320.9,09:45:28.153171486
6,2320.6,1,2320.8,09:45:28.153202322
6,2320.6,1,2320.8,09:45:28.153260477
6,2320.6,1,2320.8,09:45:28.153275069
6,2320.6,1,2320.8,09:45:28.153275069
1,2320.7,1,2320.8,09:45:28.153353557
1,2320.7,2,2320.8,09:45:28.153415904
1,2320.7,2,2320.8,09:45:28.153523666
1,2320.7,2,2320.8,09:45:28.153557465
1,2320.7,3,2320.8,09:45:28.153608598
1,2320.7,2,2320.8,09:45:28.153706601
6,2320.6,2,2320.8,09:45:28.153741882
6,2320.6,2,2320.8,09:45:28.153741882
6,2320.6,2,2320.8,09:45:28.157432068
6,2320.6,2,2320.8,09:45:28.159450636
6,2320.6,2,2320.8,09:45:28.159646756
5,2320.6,2,2320.8,09:45:28.161401102
5,2320.6,2,2320.8,09:45:28.161533018
5,2320.6,2,2320.8,09:45:28.162686561
6,2320.6,2,2320.8,09:45:28.162744885
1,2320.7,2,2320.8,09:45:28.162846762
2,2320.7,2,2320.8,09:45:28.162937296
2,2320.7,2,2320.8,09:45:28.162947721
1,2320.7,2,2320.8,09:45:28.163084005
6,2320.6,2,2320.8,09:45:28.163229778
6,2320.6,2,2320.8,09:45:28.163229778
5,2320.6,2,2320.8,09:45:28.163313432
5,2320.6,3,2320.8,09:45:28.163333761
5,2320.6,4,2320.8,09:45:28.173202917
1,2320.7,4,2320.8,09:45:28.181240394
1,2320.7,3,2320.8,09:45:28.181380138
1,2320.7,2,2320.8,09:45:28.181414289
5,2320.6,2,2320.8,09:45:28.183117072
4,2320.6,2,2320.8,09:45:28.183117072
4,2320.6,2,2320.8,09:45:28.183117072
4,2320.6,3,2320.8,09:45:28.183311540
4,2320.6,2,2320.8,09:45:28.235880551
5,2320.6,2,2320.8,09:45:28.235918625
1,2320.7,2,2320.8,09:45:28.236022768
1,2320.7,2,2320.8,09:45:28.236047114
2,2320.7,2,2320.8,09:45:28.236087304
3,2320.7,2,2320.8,09:45:28.236120072
3,2320.7,1,2320.8,09:45:28.236238821
3,2320.7,7,2320.9,09:45:28.236521898
3,2320.7,7,2320.9,09:45:28.236521898
3,2320.7,6,2320.9,09:45:28.236629331
3,2320.7,5,2320.9,09:45:28.236645887
3,2320.7,5,2320.9,09:45:28.236756853
3,2320.7,4,2320.9,09:45:28.236792761
3,2320.7,3,2320.9,09:45:28.236829520
3,2320.7,3,2320.9,09:45:28.236974298
3,2320.7,2,2320.9,09:45:28.237010590
4,2320.7,2,2320.9,09:45:28.237044869
4,2320.7,2,2320.9,09:45:28.237060027
1,2320.8,2,2320.9,09:45:28.241795774
1,2320.8,2,2320.9,09:45:28.241951310
1,2320.8,2,2320.9,09:45:28.241967080
1,2320.8,2,2320.9,09:45:28.241980885
1,2320.8,1,2320.9,09:45:28.242037120
2,2320.8,1,2320.9,09:45:28.242383313
3,2320.8,1,2320.9,09:45:28.255503906
3,2320.8,7,2321.0,09:45:28.255745537
3,2320.8,7,2321.0,09:45:28.255745537
1,2320.9,7,2321.0,09:45:28.255771201
1,2320.9,6,2321.0,09:45:28.255835394
1,2320.9,6,2321.0,09:45:28.255850813
1,2320.9,5,2321.0,09:45:28.255869104
4,2320.8,5,2321.0,09:45:28.255893601
4,2320.8,5,2321.0,09:45:28.255893601
4,2320.8,5,2321.0,09:45:28.255965477
4,2320.8,5,2321.0,09:45:28.256051364
4,2320.8,5,2321.0,09:45:28.256080224
4,2320.8,5,2321.0,09:45:28.256096554
4,2320.8,5,2321.0,09:45:28.256161823
4,2320.8,4,2321.0,09:45:28.256184386
4,2320.8,4,2321.0,09:45:28.256248161
4,2320.8,4,2321.0,09:45:28.256264779
