price,volume,timestamp
2320.8,1,09:45:00.031186332
2320.6,1,09:45:00.041428628
2320.6,1,09:45:00.046389640
2320.7,1,09:45:00.171641679
2320.8,1,09:45:00.254207126
2320.9,1,09:45:00.439197537
2320.8,1,09:45:00.440472833
2320.8,1,09:45:00.584649653
2320.8,1,09:45:00.585172262
2320.7,3,09:45:00.800015231
2320.6,1,09:45:00.842661844
2320.8,1,09:45:01.032530879
2320.8,1,09:45:01.377731864
2320.8,1,09:45:01.377982254
2320.9,1,09:45:02.023033785
2320.8,1,09:45:02.045460802
2320.8,1,09:45:02.226054473
2320.8,1,09:45:02.599810867
2320.9,1,09:45:02.599810867
2320.8,1,09:45:02.634522136
2320.9,1,09:45:03.012525808
2321.0,1,09:45:03.040644730
2321.0,1,09:45:03.050563445
2321.0,2,09:45:03.361536211
2321.0,1,09:45:03.363688657
2321.2,1,09:45:03.431044834
2321.1,3,09:45:03.431044834
2321.2,1,09:45:03.432504070
2321.3,1,09:45:04.211776619
2321.3,1,09:45:04.211789429
2321.4,2,09:45:04.211789429
2321.4,1,09:45:04.211789429
2321.4,1,09:45:04.213092511
2321.3,1,09:45:04.213517166
2321.3,1,09:45:04.661489952
2321.4,4,09:45:05.181637343
2321.6,4,09:45:05.181637343
2321.5,7,09:45:05.181637343
2321.5,1,09:45:05.185110725
2321.5,2,09:45:06.349142625
2321.4,1,09:45:06.388634915
2321.3,1,09:45:06.388706552
2321.3,1,09:45:06.388902408
2321.2,1,09:45:06.392838023
2321.4,1,09:45:06.450591324
2321.3,1,09:45:06.946382089
2321.2,1,09:45:07.733380654
2321.2,2,09:45:07.734080474
2321.1,1,09:45:07.828357183
2321.1,1,09:45:07.828556595
2321.1,1,09:45:07.828627825
2321.0,1,09:45:07.854697259
2321.0,2,09:45:08.217954473
2321.0,1,09:45:08.218007850
2321.1,1,09:45:09.608857728
2321.2,1,09:45:09.790891417
2321.0,1,09:45:10.032781057
2320.9,1,09:45:10.036584971
2320.9,1,09:45:10.036773675
2320.8,3,09:45:10.284018077
2320.7,1,09:45:10.285384405
2320.8,1,09:45:10.423345552
2320.8,1,09:45:10.967378847
2320.9,1,09:45:11.820623321
2320.9,2,09:45:11.820851767
2320.7,1,09:45:12.090018521
2320.8,1,09:45:12.102367595
2320.8,1,09:45:12.819330557
2320.9,2,09:45:13.119043177
2320.9,1,09:45:13.131433007
2321.0,1,09:45:13.769177901
2321.0,1,09:45:13.769259531
2321.0,2,09:45:13.769437958
2321.0,1,09:45:13.770395660
2321.0,3,09:45:14.234022872
2320.9,2,09:45:14.234022872
2320.9,1,09:45:16.144076693
2321.0,4,09:45:16.162261696
2321.0,1,09:45:16.166061411
2321.0,1,09:45:16.166359692
2321.0,1,09:45:16.839569451
2321.1,2,09:45:18.346346938
2321.2,1,09:45:18.573400281
2321.2,1,09:45:18.574187629
2321.0,1,09:45:18.761153804
2320.9,1,09:45:18.776730263
2320.8,1,09:45:19.142791055
2320.8,1,09:45:19.181857883
2320.7,2,09:45:19.440134367
2320.7,1,09:45:19.440302031
2320.6,2,09:45:19.440439813
2320.6,3,09:45:19.440868867
2320.5,2,09:45:19.443541591
2320.6,2,09:45:19.447244645
2320.6,1,09:45:19.449241568
2320.8,1,09:45:19.648982321
2320.8,1,09:45:19.672510222
2320.7,1,09:45:19.673012280
2320.7,1,09:45:20.137556637
2320.7,1,09:45:21.054414914
2320.7,1,09:45:21.153673857
2320.7,1,09:45:21.226707962
2320.8,1,09:45:21.239231421
2320.8,2,09:45:21.239839100
2320.7,1,09:45:21.261718920
2320.7,1,09:45:21.435657614
2320.6,1,09:45:21.592362361
2320.7,1,09:45:21.923483177
2320.5,1,09:45:22.410093335
2320.7,3,09:45:23.288407140
2320.7,1,09:45:23.288440193
2320.6,1,09:45:23.580087678
2320.6,1,09:45:24.028624319
2320.5,1,09:45:24.595725814
2320.5,2,09:45:24.595924212
2320.4,1,09:45:24.974083974
2320.5,1,09:45:25.414722453
2320.3,1,09:45:26.372997730
2320.4,1,09:45:26.634202783
2320.4,1,09:45:26.636581714
2320.3,4,09:45:27.199782991
2320.5,3,09:45:27.207789234
2320.7,5,09:45:27.698285584
2320.8,7,09:45:27.698285584
2320.6,7,09:45:27.698285584
2320.5,4,09:45:27.698285584
2320.8,7,09:45:27.699884538
2320.6,1,09:45:27.702354546
2320.6,1,09:45:27.702403914
2320.6,1,09:45:27.702595969
2320.5,1,09:45:27.704571074
2320.5,2,09:45:27.707301810
2320.4,3,09:45:27.707301810
2320.9,6,09:45:28.149202698
2320.6,4,09:45:28.149202698
2320.8,6,09:45:28.149202698
2320.7,4,09:45:28.149202698
2320.7,1,09:45:28.153029448
2320.7,1,09:45:28.153121031
2320.7,1,09:45:28.153714076
2320.7,1,09:45:28.163076169
2320.7,1,09:45:28.183109158
2320.6,1,09:45:28.183109158
2320.8,1,09:45:28.236514084
2320.9,1,09:45:28.255737191
2320.9,2,09:45:29.159552294
2320.8,1,09:45:29.159552294
2320.9,1,09:45:29.161995780
2320.9,1,09:45:29.427568682
2320.9,1,09:45:29.725104272
2320.9,1,09:45:29.725714169
2320.5,1,09:45:30.953647208
2320.4,1,09:45:31.245027680
2320.5,1,09:45:32.062220127
2320.5,1,09:45:32.558395459
2320.4,2,09:45:32.561706411
2320.3,3,09:45:32.561706411
2320.4,1,09:45:32.563126233
2320.4,3,09:45:32.635552638
2320.4,1,09:45:33.486016070
2320.5,3,09:45:33.667518853
2320.9,2,09:45:34.295808975
2320.9,1,09:45:34.298060645
2321.0,1,09:45:34.533808019
2321.0,2,09:45:34.534041072
2321.0,1,09:45:34.534678593
2320.9,2,09:45:34.648983061
2320.8,1,09:45:35.277616771
2320.8,2,09:45:35.650985723
2320.8,1,09:45:35.651495124
2320.7,1,09:45:35.651778328
2320.8,1,09:45:35.652237313
2320.7,1,09:45:35.897986407
2320.8,2,09:45:35.924941034
2320.7,1,09:45:36.512593944
2320.4,1,09:45:36.960487156
2320.3,3,09:45:37.282230564
2320.2,2,09:45:38.447655686
2320.1,1,09:45:38.457079495
2320.0,1,09:45:38.457091169
2320.0,3,09:45:38.457091169
2320.0,4,09:45:38.457125464
2320.0,1,09:45:38.457130434
2320.1,1,09:45:38.468448148
2320.0,1,09:45:38.655177247
2320.1,1,09:45:38.759967522
2320.1,1,09:45:38.762093216
2320.2,2,09:45:39.749646314
2320.4,2,09:45:40.365046622
2320.3,1,09:45:44.059278088
2320.4,1,09:45:44.130166484
2320.7,1,09:45:45.265977927
2320.6,1,09:45:45.403783815
2320.7,2,09:45:46.239911656
2320.6,1,09:45:46.240034503
2320.6,1,09:45:46.240076244
2320.6,1,09:45:46.243699348
2320.8,1,09:45:46.544023708
2321.0,2,09:45:47.197777492
2321.2,1,09:45:47.806649373
2321.2,1,09:45:48.071314625
2321.2,1,09:45:50.027708177
2321.2,1,09:45:50.028484029
2321.3,1,09:45:50.529255000
2321.2,3,09:45:50.721603507
2321.2,2,09:45:50.721888649
2321.1,1,09:45:50.934298708
2321.1,1,09:45:51.181812427
2321.1,1,09:45:51.376439411
2321.0,1,09:45:52.005871252
2320.9,1,09:45:52.395068048
2320.8,1,09:45:53.556891141
2320.7,1,09:45:53.560762567
2320.7,1,09:45:55.628017745
2320.8,2,09:45:56.126949060
2320.9,1,09:45:56.775550858
2320.7,1,09:45:59.778062734
2320.7,1,09:45:59.778347774
2320.7,1,09:45:59.778502666
2320.7,1,09:45:59.778519515
2320.7,1,09:45:59.778535569
2320.7,1,09:45:59.778840215
2320.8,2,09:45:59.779166571
2320.7,1,09:46:00.797808066
2320.6,1,09:46:01.059004995
2320.8,1,09:46:01.552089747
2320.7,1,09:46:01.577464889
2320.8,2,09:46:02.158318462
2320.8,1,09:46:02.158660830
2320.9,1,09:46:02.816818233
2320.9,1,09:46:02.816854820
2320.9,2,09:46:02.817184631
2321.1,7,09:46:03.273126417
2321.2,7,09:46:03.273126417
2321.0,8,09:46:03.273126417
2321.3,3,09:46:03.273126417
2321.2,1,09:46:03.277234733
2321.3,1,09:46:03.280628280
2321.3,1,09:46:03.495738813
2321.3,1,09:46:03.495964194
2321.3,1,09:46:03.704268448
2321.2,1,09:46:03.719210774
2321.2,1,09:46:03.728116336
2321.4,1,09:46:03.977275378
2321.2,1,09:46:03.982668492
2321.2,1,09:46:04.052695189
2321.1,1,09:46:05.082853029
2321.2,1,09:46:05.345486606
2321.2,1,09:46:05.345834261
2321.2,1,09:46:05.457863553
2321.1,2,09:46:05.620718602
2321.0,4,09:46:05.622881454
2321.0,1,09:46:05.669425974
2321.0,1,09:46:05.670418228
2321.1,1,09:46:05.839210127
2321.0,1,09:46:06.333366211
2320.9,1,09:46:06.333765295
2320.8,1,09:46:06.333776821
2320.9,1,09:46:07.056296067
2321.0,1,09:46:07.059443926
2321.1,1,09:46:07.970412931
2321.2,1,09:46:08.340834957
2321.1,1,09:46:08.575161534
2321.1,1,09:46:08.575389094
2321.0,2,09:46:08.589582132
2320.9,3,09:46:08.637886089
2320.9,1,09:46:08.637954974
2320.9,5,09:46:08.638061522
2320.7,1,09:46:08.680996040
2320.6,2,09:46:08.738579646
2320.5,1,09:46:08.941148637
2320.6,1,09:46:09.119896066
2320.6,1,09:46:09.134886163
2320.6,1,09:46:10.591958546
2320.5,1,09:46:10.862586945
2320.6,1,09:46:10.911930304
2320.7,1,09:46:11.212999369
2320.9,1,09:46:11.601235568
2320.8,2,09:46:11.986628983
2320.8,1,09:46:12.042128113
2320.6,1,09:46:12.603131304
2320.6,1,09:46:14.094308727
2320.6,1,09:46:14.096772822
2320.6,1,09:46:14.097435203
2320.6,1,09:46:14.897907932
2320.6,1,09:46:14.898366523
2320.7,1,09:46:15.096578219
2320.6,1,09:46:15.309101506
2320.6,1,09:46:15.409550141
2320.4,1,09:46:16.621609068
2320.4,1,09:46:16.621619756
2320.4,2,09:46:16.621812410
2320.4,1,09:46:16.622571698
2320.7,4,09:46:17.804286940
2320.7,1,09:46:18.109264995
2320.7,1,09:46:20.420884909
2320.7,1,09:46:20.421113531
2320.8,1,09:46:20.608028295
2320.8,1,09:46:20.608284135
2320.8,3,09:46:20.608392805
2320.8,1,09:46:20.608392805
2320.6,1,09:46:21.734447408
2320.5,1,09:46:21.945299888
2320.6,3,09:46:22.131223881
2320.7,1,09:46:22.156946510
2320.6,1,09:46:23.935248115
2320.6,1,09:46:24.401880813
2320.7,1,09:46:26.059014459
2320.8,3,09:46:26.964245107
2320.8,1,09:46:27.182822700
2320.8,1,09:46:27.189258971
2320.9,1,09:46:27.284765176
2320.8,1,09:46:28.323741419
2321.0,3,09:46:29.634061354
2321.3,2,09:46:30.097194034
2321.3,1,09:46:30.333278992
2321.4,1,09:46:30.436768751
2321.4,1,09:46:30.517470559
2321.2,1,09:46:30.878447158
2321.2,1,09:46:30.878635191
2321.1,1,09:46:31.000391658
2321.1,3,09:46:31.732085165
2321.3,1,09:46:32.162401650
2321.2,1,09:46:32.443913560
2321.2,2,09:46:32.742829431
2321.1,1,09:46:33.169255846
2321.3,1,09:46:33.561895091
2321.4,1,09:46:33.631043716
2321.4,1,09:46:33.631225361
2321.4,4,09:46:33.631701911
2321.3,1,09:46:34.218041113
2321.5,2,09:46:34.480731040
2321.5,2,09:46:34.480879126
2321.4,2,09:46:34.832782909
2321.2,1,09:46:35.706929873
2321.3,1,09:46:37.684977714
2321.4,1,09:46:40.241836232
2321.4,1,09:46:40.253138549
2321.1,1,09:46:43.052399616
2321.1,1,09:46:43.219263146
2321.0,1,09:46:43.354779585
2320.9,2,09:46:43.773140496
2320.9,1,09:46:43.774713586
2321.0,2,09:46:43.776263160
2321.0,2,09:46:44.107338822
2321.1,1,09:46:44.230974332
2321.2,3,09:46:44.232125260
2321.3,3,09:46:44.255893817
2321.5,1,09:46:44.298422574
2321.5,1,09:46:44.983859163
2321.5,1,09:46:44.984073750
2321.5,1,09:46:45.009856214
2321.5,2,09:46:48.315967198
2321.6,1,09:46:48.355117608
2321.6,1,09:46:49.430024483
2321.7,5,09:46:49.798908374
2321.7,1,09:46:49.801572130
2321.7,1,09:46:49.801716283
2321.6,2,09:46:50.048467096
2321.7,2,09:46:50.421075826
2321.9,1,09:46:51.755782415
2321.9,1,09:46:51.755796553
2321.8,1,09:46:51.756191531
2321.7,1,09:46:51.757609406
2321.7,1,09:46:52.005611879
2321.7,1,09:46:52.251823225
2321.7,1,09:46:53.159674744
2321.8,1,09:46:53.257061912
2321.8,1,09:46:53.257288579
2321.8,1,09:46:53.511297564
2321.9,2,09:46:53.596865145
2321.9,1,09:46:53.723169567
2321.8,10,09:46:54.070861590
2321.9,3,09:46:54.071339789
2321.9,2,09:46:54.071391704
2322.0,1,09:46:54.073306885
2322.0,1,09:46:54.073344729
2322.1,1,09:46:54.255611262
2322.1,1,09:46:54.258415124
2322.0,1,09:46:54.716608127
2322.2,1,09:46:55.352644920
2322.2,4,09:46:55.352738816
2322.1,1,09:46:55.352853302
2322.2,1,09:46:55.355707596
2322.2,1,09:46:55.355805810
2322.3,1,09:46:55.365458309
2322.3,1,09:46:55.365710714
2322.4,6,09:46:55.812331648
2322.4,1,09:46:55.814885383
2322.4,1,09:46:55.815783689
2322.5,1,09:46:55.817086679
2322.4,2,09:46:57.048440598
2322.5,1,09:46:57.049690837
2322.6,1,09:46:57.165195615
2322.8,1,09:46:57.208575203
2322.8,1,09:46:57.208590192
2322.6,1,09:46:57.310346059
2322.6,1,09:46:57.376765789
2322.6,4,09:46:57.425478473
2322.6,4,09:46:57.426271354
2322.6,2,09:46:57.509293848
2322.5,2,09:46:57.925632755
2322.7,4,09:46:58.360286219
2322.6,2,09:46:58.363619506
2322.6,1,09:46:58.504519169
2322.6,1,09:46:58.537454547
2322.6,1,09:46:58.538209611
2322.7,1,09:46:58.570119329
2322.6,1,09:46:58.983316281
2322.6,1,09:46:59.554590891
2322.5,2,09:46:59.554590891
2322.5,1,09:46:59.977689890
2322.7,4,09:47:00.021065114
2322.7,1,09:47:00.021213201
2322.6,1,09:47:00.023822998
2322.8,1,09:47:00.165731818
2322.9,1,09:47:00.178351055
2322.9,1,09:47:00.189867774
2322.8,1,09:47:00.216888489
2322.7,1,09:47:00.470225905
2322.8,2,09:47:01.442628114
2322.8,3,09:47:01.443341670
2322.8,2,09:47:01.443999419
2322.9,6,09:47:01.851859065
2322.9,1,09:47:01.852811242
2322.7,1,09:47:02.843027261
2322.7,2,09:47:02.843328397
2322.8,1,09:47:02.850173402
2322.8,1,09:47:03.122666410
2322.9,1,09:47:03.517220402
2323.1,1,09:47:03.664025077
2323.0,19,09:47:03.664025077
2323.1,1,09:47:03.664038703
2322.9,2,09:47:03.666012846
2323.0,1,09:47:03.666012846
2322.9,1,09:47:03.666073324
2322.9,1,09:47:03.666098819
2323.0,1,09:47:03.666937924
2322.9,1,09:47:03.667919652
2322.9,1,09:47:03.667965660
2322.9,1,09:47:03.668055905
2322.8,1,09:47:03.752929050
2322.8,1,09:47:04.143585406
2322.7,4,09:47:04.429490316
2322.4,12,09:47:04.429490316
2322.5,5,09:47:04.429490316
2322.6,8,09:47:04.429490316
2322.3,12,09:47:04.429490316
2322.2,9,09:47:04.429490316
2322.2,1,09:47:04.429754801
2322.5,1,09:47:04.432274602
2322.5,1,09:47:04.432648088
2322.4,1,09:47:04.436375971
2322.4,1,09:47:04.436416254
2322.5,1,09:47:04.445070806
2322.3,1,09:47:04.628550167
2322.3,1,09:47:04.666819334
2322.3,2,09:47:04.882717794
2322.2,1,09:47:04.892625815
2322.2,1,09:47:04.936822413
2322.1,1,09:47:05.231988506
2322.2,1,09:47:05.232373257
2322.1,4,09:47:05.472567610
2322.0,8,09:47:05.472567610
2321.9,2,09:47:05.472567610
2322.1,1,09:47:05.474377848
2322.1,1,09:47:05.476077230
2322.2,1,09:47:05.877234899
2322.2,1,09:47:05.877632305
2322.2,1,09:47:05.895086539
2322.2,1,09:47:06.171633668
2322.1,1,09:47:06.995267665
2322.1,1,09:47:06.995469804
2322.2,4,09:47:07.136217316
2322.3,1,09:47:07.144868566
2322.2,1,09:47:07.190878388
2322.2,1,09:47:07.405450638
2322.0,1,09:47:07.618171751
2322.2,8,09:47:07.618171751
2322.1,5,09:47:07.618171751
2322.0,1,09:47:07.801318183
2322.0,1,09:47:07.812046000
2322.0,1,09:47:07.812743659
2322.0,1,09:47:08.026717447
2322.1,2,09:47:08.903835429
2322.0,1,09:47:08.951434597
2322.0,1,09:47:09.244663489
2322.1,4,09:47:10.365510339
2322.1,1,09:47:10.366348478
2322.1,1,09:47:10.367387485
2322.1,2,09:47:10.369186868
2322.2,4,09:47:10.369186868
2322.2,2,09:47:10.369886623
2322.2,1,09:47:10.370438410
2322.2,1,09:47:10.370884429
2322.2,1,09:47:10.371350125
2322.2,1,09:47:10.371474329
2322.2,3,09:47:10.371545753
2322.2,1,09:47:10.610888796
2322.2,3,09:47:10.687952799
2322.2,1,09:47:10.693621590
2322.3,1,09:47:11.426602374
2322.3,2,09:47:11.662974281
2322.3,1,09:47:12.547602732
2322.3,1,09:47:12.559367575
2322.4,1,09:47:13.220281754
2322.4,1,09:47:13.220508874
2322.5,2,09:47:13.288041295
2322.5,1,09:47:13.288565945
2322.6,2,09:47:13.666206386
2322.7,1,09:47:13.674628713
2322.6,1,09:47:14.374612157
2322.7,3,09:47:15.313186100
2322.6,1,09:47:15.516017172
2322.6,1,09:47:15.516311405
2322.5,1,09:47:15.521761962
2322.5,1,09:47:15.527185507
2322.5,1,09:47:15.600856618
2322.5,1,09:47:15.601359141
2322.5,1,09:47:15.632313315
2322.4,2,09:47:15.707548753
2322.4,2,09:47:16.124391142
2322.3,2,09:47:16.276995331
2322.3,1,09:47:16.277218849
2322.3,5,09:47:16.277326849
2322.2,3,09:47:16.368496922
2322.2,1,09:47:16.370024502
2322.2,1,09:47:17.822781044
2322.1,1,09:47:20.043166853
2322.0,1,09:47:20.149771078
2322.0,1,09:47:20.149786921
2322.2,1,09:47:20.158760983
2322.2,3,09:47:20.239756857
2322.2,1,09:47:20.612912754
2322.2,1,09:47:20.613750505
2322.3,1,09:47:21.343903648
2322.3,1,09:47:21.344070908
2322.4,4,09:47:21.940489183
2322.4,1,09:47:24.802687791
2322.4,1,09:47:24.803193561
2322.3,1,09:47:25.090177169
2322.4,1,09:47:25.384402715
2322.4,1,09:47:25.384586767
2322.3,2,09:47:25.412842720
2322.2,1,09:47:25.558358132
2322.1,1,09:47:25.570997529
2322.1,1,09:47:25.571277352
2322.1,1,09:47:25.571354048
2322.1,1,09:47:25.571802694
2322.0,1,09:47:25.697878574
2322.0,2,09:47:25.698149664
2321.9,2,09:47:25.824432506
2321.9,1,09:47:25.849403134
2322.0,4,09:47:26.955417952
2322.0,1,09:47:26.955949323
2322.0,1,09:47:26.955993245
2322.0,1,09:47:26.956040135
2322.0,1,09:47:26.956163632
2322.0,1,09:47:26.956335664
2322.0,1,09:47:26.956534430
2322.0,4,09:47:26.956759574
2321.9,1,09:47:26.957527816
2322.0,10,09:47:27.417910137
2321.9,1,09:47:27.699812837
2321.8,1,09:47:27.755189725
2321.8,4,09:47:27.755440081
2321.9,1,09:47:28.238494612
2321.8,1,09:47:29.519456812
2321.7,1,09:47:29.813727136
2321.7,1,09:47:29.814086535
2321.7,2,09:47:29.814493616
2321.6,1,09:47:30.419882542
2321.6,2,09:47:30.420105660
2321.7,1,09:47:30.424681118
2321.6,1,09:47:30.505073922
2321.6,1,09:47:30.563756681
2321.8,1,09:47:30.632411251
2321.9,1,09:47:31.159787072
2321.8,1,09:47:31.159787072
2322.0,1,09:47:31.412018634
2321.8,1,09:47:32.216005802
2321.7,1,09:47:32.384329341
2321.8,1,09:47:33.111586726
2321.9,1,09:47:33.212341415
2321.9,1,09:47:33.307057835
2322.0,1,09:47:33.869497014
2322.0,7,09:47:34.556103541
2322.1,3,09:47:34.556103541
2322.1,1,09:47:34.595768837
2322.1,1,09:47:35.401539154
2322.4,6,09:47:35.539876723
2322.3,4,09:47:35.539876723
2322.2,1,09:47:36.863236394
2322.1,1,09:47:36.876803676
2322.1,1,09:47:38.117224716
2322.2,1,09:47:38.117282210
2322.3,1,09:47:39.204808564
2322.2,2,09:47:39.386784710
2322.2,2,09:47:39.387150845
2322.3,1,09:47:40.261043034
2322.2,1,09:47:40.275636860
2322.0,2,09:47:40.395644800
2322.1,1,09:47:41.656236155
2322.2,2,09:47:41.740424102
2322.2,1,09:47:42.019501078
2322.2,1,09:47:42.019579595
2322.2,1,09:47:42.216498702
2322.2,2,09:47:42.216835381
2322.1,1,09:47:42.419053950
2322.2,1,09:47:42.594205796
2322.2,1,09:47:42.594757296
2322.3,1,09:47:43.002358987
2322.4,1,09:47:44.210139918
2322.4,1,09:47:44.210171052
2322.3,1,09:47:46.068543244
2322.2,1,09:47:46.268997032
2322.1,1,09:47:46.400635404
2322.2,1,09:47:46.545113164
2322.2,1,09:47:46.545322986
2322.2,1,09:47:49.589237342
2322.1,1,09:47:49.590526808
2321.9,1,09:47:50.668008796
2321.9,1,09:47:51.238824467
2322.1,1,09:47:52.897326439
2322.1,1,09:47:52.897746979
2322.2,3,09:47:53.430598617
2322.2,1,09:47:53.430645613
2322.1,2,09:47:54.191597514
2322.1,3,09:47:54.191827367
2322.1,2,09:47:54.191886658
2321.8,2,09:48:00.244945131
2322.0,5,09:48:01.585643741
2322.0,1,09:48:01.586454292
2322.1,1,09:48:02.292797062
2322.2,1,09:48:02.314095290
2322.2,1,09:48:02.314297899
2322.1,1,09:48:03.259238201
2322.1,1,09:48:03.271488499
2322.2,1,09:48:06.594501965
2322.3,1,09:48:07.044737930
2322.3,1,09:48:07.794003896
2322.1,2,09:48:09.706028930
2322.1,1,09:48:10.772433537
2322.1,1,09:48:10.773259299
2322.3,2,09:48:12.177853321
2322.3,1,09:48:12.178129163
2322.3,1,09:48:12.178204864
2322.3,2,09:48:12.178276341
2322.5,2,09:48:12.919669147
2322.5,3,09:48:13.081754159
2322.4,3,09:48:13.533440421
2322.2,2,09:48:13.881027036
2322.2,1,09:48:13.881307737
2322.1,1,09:48:14.569881936
2322.0,2,09:48:14.569881936
2322.3,5,09:48:15.183235645
2322.3,1,09:48:16.237161369
2322.2,1,09:48:17.181139917
2322.1,1,09:48:17.619703104
2322.2,1,09:48:17.812313694
2322.0,1,09:48:19.476155806
2322.0,1,09:48:19.476535324
2322.4,2,09:48:21.034354405
2322.5,3,09:48:21.345744809
2322.6,1,09:48:21.812426333
2322.6,1,09:48:22.021762801
2322.6,1,09:48:22.022042682
2322.6,1,09:48:22.370201524
2322.6,1,09:48:22.370478765
2322.6,1,09:48:22.377626477
2322.7,1,09:48:22.862592804
2322.7,1,09:48:22.862627562
2322.7,2,09:48:22.862716214
2322.6,1,09:48:22.869756119
2322.5,4,09:48:23.362024602
2322.6,1,09:48:24.232111539
2322.7,1,09:48:24.410886509
2322.7,1,09:48:24.411078567
2322.6,1,09:48:25.528311248
2322.7,1,09:48:25.730304006
2322.6,1,09:48:25.894854505
2322.8,1,09:48:26.140639857
2322.8,3,09:48:26.449201169
2322.7,3,09:48:26.449201169
2322.8,1,09:48:26.450655074
2322.7,1,09:48:26.450742212
2322.9,2,09:48:27.122234467
2322.9,1,09:48:27.408382889
2322.9,1,09:48:27.408694495
2323.0,1,09:48:27.555136262
2322.9,1,09:48:27.584661612
2322.9,2,09:48:27.973510690
2322.8,2,09:48:28.189038686
2322.8,1,09:48:28.190588589
2322.7,1,09:48:28.334486175
2322.8,2,09:48:28.344679845
2322.8,1,09:48:28.536596263
2322.8,1,09:48:29.459151991
2322.9,3,09:48:29.794996484
2323.0,2,09:48:29.910972990
2323.0,8,09:48:29.911232908
2323.0,1,09:48:29.920642893
2323.0,1,09:48:29.921126922
2323.0,1,09:48:29.921166411
2322.9,2,09:48:30.427856597
2322.9,1,09:48:30.695569760
2322.9,1,09:48:30.712078043
2322.8,2,09:48:31.003040645
2323.0,1,09:48:31.255987656
2323.0,1,09:48:31.265783431
2323.1,1,09:48:32.356404554
2323.2,1,09:48:32.356415992
2323.2,2,09:48:32.381665048
2323.1,3,09:48:32.514634353
2323.0,3,09:48:32.515696371
2322.9,1,09:48:32.521535184
2322.8,3,09:48:32.550442780
2322.8,1,09:48:32.550561909
2322.7,2,09:48:32.552120597
2322.7,1,09:48:32.552155036
2322.7,5,09:48:32.552202572
2322.6,3,09:48:32.561296554
2322.6,2,09:48:32.562132619
2322.6,1,09:48:32.562479669
2322.6,2,09:48:32.608710070
2322.7,1,09:48:32.667686525
2322.6,1,09:48:32.667686525
2322.6,1,09:48:32.668107190
2322.6,1,09:48:32.668191284
2322.5,1,09:48:32.758634920
2322.4,1,09:48:32.766278137
2322.6,1,09:48:33.001689463
2322.6,1,09:48:33.002051394
2322.5,1,09:48:33.002184481
2322.5,1,09:48:33.002389743
2322.5,1,09:48:33.002794900
2322.5,1,09:48:33.022598662
2322.6,4,09:48:33.213653004
2322.5,1,09:48:33.216328019
2322.5,1,09:48:33.487895055
2322.4,1,09:48:33.568489387
2322.4,2,09:48:33.568593344
2322.7,1,09:48:33.645559679
2322.8,1,09:48:33.765028375
2322.6,1,09:48:33.773794170
2322.6,1,09:48:33.779554770
2322.6,1,09:48:33.785377406
2322.4,1,09:48:34.207117070
2322.4,1,09:48:34.363036472
2322.4,1,09:48:34.363686674
2322.4,1,09:48:34.373362549
2322.4,1,09:48:34.373724223
2322.4,1,09:48:35.026868254
2322.2,8,09:48:35.026868254
2322.3,5,09:48:35.026868254
2322.1,6,09:48:35.026868254
2322.3,1,09:48:35.029590168
2322.3,1,09:48:35.031273533
2322.3,1,09:48:35.031347800
2322.3,2,09:48:35.116766655
2322.2,4,09:48:35.409933436
2322.2,1,09:48:35.896378431
2322.2,1,09:48:36.242909964
2322.2,3,09:48:36.243191199
2322.1,1,09:48:36.243638625
2322.1,1,09:48:36.243696777
2322.1,1,09:48:36.367421672
2322.1,2,09:48:36.693992361
2322.0,2,09:48:37.363324630
2321.9,5,09:48:37.363335020
2322.0,1,09:48:37.470801655
2322.0,1,09:48:37.869587319
2322.0,1,09:48:38.754407462
2322.1,1,09:48:38.958677210
2322.1,1,09:48:39.132486632
2322.1,1,09:48:39.138564703
2322.0,3,09:48:39.138564703
2321.9,2,09:48:39.138564703
2321.9,1,09:48:39.379123307
2321.9,1,09:48:42.024925716
2321.9,3,09:48:42.648346490
2321.8,1,09:48:42.654295440
2321.8,2,09:48:42.654500765
2321.8,2,09:48:42.654648643
2321.8,1,09:48:42.655646673
2321.8,1,09:48:42.655972952
2321.9,1,09:48:42.930216780
2322.0,2,09:48:42.938981446
2322.1,1,09:48:43.175774171
2322.1,1,09:48:43.674901098
2322.0,1,09:48:44.977178322
2322.2,2,09:48:45.945781902
2322.2,3,09:48:45.946048071
2322.2,2,09:48:45.946113707
2322.2,1,09:48:45.946153948
2322.2,1,09:48:45.946224791
2322.2,1,09:48:45.946549838
2322.1,2,09:48:45.947208434
2322.1,1,09:48:46.226096868
2322.2,2,09:48:46.416661547
2322.1,1,09:48:46.629663780
2322.1,1,09:48:46.630315706
2322.2,1,09:48:47.252282584
2322.2,1,09:48:47.252472783
2322.2,1,09:48:47.479744458
2322.2,1,09:48:47.479906061
2322.2,1,09:48:47.480073793
2322.2,1,09:48:47.718555152
2322.2,1,09:48:47.718729933
2322.2,1,09:48:47.718811074
2322.2,1,09:48:48.017431478
2322.2,1,09:48:48.017642503
2322.3,3,09:48:48.017923087
2322.3,3,09:48:48.018069219
2322.4,1,09:48:48.020368296
2322.4,1,09:48:48.020956573
2322.4,1,09:48:48.028715146
2322.3,1,09:48:48.072109436
2322.3,1,09:48:48.072698962
2322.3,3,09:48:48.389962855
2322.3,1,09:48:48.390350933
2322.2,1,09:48:48.416738230
2322.2,1,09:48:49.275466214
2322.2,2,09:48:49.317044326
2322.2,1,09:48:49.319312045
2322.2,2,09:48:49.325782246
2322.2,2,09:48:49.939934006
2322.1,1,09:48:50.082614855
2322.0,2,09:48:50.338337062
2321.9,3,09:48:50.838538958
2321.9,2,09:48:50.838640829
2321.9,1,09:48:50.838677092
2321.8,2,09:48:50.839932174
2321.7,1,09:48:50.966509933
2321.9,1,09:48:51.314711330
2322.0,1,09:48:51.645096168
2322.1,1,09:48:51.928126255
2322.1,1,09:48:51.928330375
2322.0,1,09:48:51.936781614
2322.1,1,09:48:52.501064949
2322.1,1,09:48:55.580472918
2321.9,1,09:48:57.915985581
2321.9,2,09:48:57.916184414
2322.0,1,09:48:57.916904118
2322.0,1,09:48:57.949511245
2322.0,1,09:48:58.345187947
2322.1,1,09:48:58.913020953
2321.8,1,09:48:59.951803231
2321.6,2,09:49:00.789656752
2321.6,1,09:49:00.789871643
2321.6,1,09:49:00.958147496
2321.6,1,09:49:01.022075146
2321.6,1,09:49:01.030258162
2321.5,9,09:49:01.676655922
2321.4,1,09:49:01.677769699
2321.4,1,09:49:01.677778634
2321.3,1,09:49:01.677786484
2321.3,2,09:49:01.677798736
2321.4,1,09:49:01.680541730
2321.5,2,09:49:02.200949319
2321.7,2,09:49:02.445953353
2321.9,1,09:49:03.512787558
2321.9,1,09:49:03.931703664
2322.0,1,09:49:04.018571371
2321.9,1,09:49:04.414075117
2321.7,5,09:49:05.317203689
2321.8,4,09:49:05.317203689
2321.6,1,09:49:05.317203689
2321.8,1,09:49:05.319677454
2321.9,1,09:49:07.475835643
2321.8,1,09:49:08.122429630
2321.9,1,09:49:08.599848669
2322.0,1,09:49:11.339480938
2322.1,5,09:49:11.343981531
2322.2,1,09:49:11.345469449
2322.2,1,09:49:11.345522564
2322.2,2,09:49:11.345717931
2322.2,1,09:49:11.346745082
2322.3,4,09:49:11.346745082
2322.3,1,09:49:11.349270006
2322.3,1,09:49:11.349676661
2322.4,5,09:49:11.352262645
2322.4,1,09:49:11.353211960
2322.4,9,09:49:11.353316996
2322.3,1,09:49:11.356223801
2322.2,3,09:49:11.412708036
2322.2,1,09:49:11.412739899
2322.2,1,09:49:11.413536882
2322.1,1,09:49:11.781187558
2322.0,1,09:49:11.808473992
2322.1,1,09:49:12.345518539
2322.0,1,09:49:14.984955459
2322.0,2,09:49:17.776810254
2322.3,1,09:49:20.483917246
2322.3,1,09:49:20.485231846
2322.4,1,09:49:22.511608029
2322.4,1,09:49:22.745489284
2322.3,2,09:49:22.745567538
2322.5,2,09:49:23.765664696
2322.4,1,09:49:24.864414200
2322.4,3,09:49:24.864611286
2322.3,1,09:49:24.888931481
2322.3,1,09:49:25.685423786
2322.4,3,09:49:26.388527735
2322.4,1,09:49:26.391580575
2322.6,1,09:49:26.396008149
2322.6,2,09:49:26.396079702
2322.7,5,09:49:26.397512371
2322.7,1,09:49:26.397552707
2322.7,2,09:49:26.398177517
2322.7,3,09:49:26.401371261
2322.7,6,09:49:26.401402564
2322.7,1,09:49:26.401443455
2322.7,1,09:49:26.401589480
2322.7,1,09:49:26.401973299
2322.7,1,09:49:26.404231143
2322.6,2,09:49:26.463490124
2322.6,1,09:49:26.464089814
2322.6,1,09:49:26.464314955
2322.5,1,09:49:26.476945699
2322.3,1,09:49:27.693288685
2322.4,1,09:49:27.693740201
2322.5,1,09:49:29.074197305
2322.5,1,09:49:29.567266589
2322.5,1,09:49:29.567307802
2322.6,4,09:49:29.634890724
2322.6,1,09:49:29.702564463
2322.7,1,09:49:31.564671278
2322.8,2,09:49:34.002202834
2322.8,1,09:49:34.003383392
2322.8,1,09:49:34.004095343
2322.8,1,09:49:36.381065773
2322.7,2,09:49:36.590447025
2322.9,1,09:49:37.172657333
2322.9,1,09:49:37.172760910
2323.0,3,09:49:37.174632226
2323.1,1,09:49:37.178312094
2323.1,1,09:49:37.185018312
2323.0,1,09:49:37.217884478
2323.0,1,09:49:37.218010119
2323.1,5,09:49:37.233286852
2323.1,3,09:49:37.239122857
2323.1,1,09:49:37.239523266
2323.1,1,09:49:37.241580850
2323.2,3,09:49:37.241580850
2323.2,2,09:49:37.241658089
2323.2,1,09:49:37.247962620
2323.2,1,09:49:37.274066071
2323.2,3,09:49:37.274109326
2323.3,2,09:49:37.307088003
2323.3,1,09:49:37.307104909
2323.4,1,09:49:37.307104909
2323.3,1,09:49:37.307632254
2323.3,1,09:49:37.308220631
2323.3,2,09:49:37.310652906
2323.4,3,09:49:37.310652906
2323.3,1,09:49:37.312499286
2323.3,1,09:49:37.314658732
2323.4,4,09:49:37.353056901
2323.4,1,09:49:37.353429132
2323.5,1,09:49:37.422166546
2323.6,1,09:49:37.422178296
2323.5,1,09:49:37.426468290
2323.4,1,09:49:37.443500684
2323.3,1,09:49:37.595809996
2323.4,1,09:49:37.596977101
2323.5,1,09:49:37.734025356
2323.5,1,09:49:38.608893052
2323.5,1,09:49:38.884518287
2323.6,1,09:49:39.048193451
2323.6,1,09:49:39.052439693
2323.6,1,09:49:39.053231037
2323.5,1,09:49:39.377659474
2323.5,1,09:49:39.618100655
2323.6,1,09:49:39.728261792
2323.7,3,09:49:39.753741048
2323.7,1,09:49:39.775791006
2323.7,1,09:49:39.776142482
2323.6,3,09:49:40.009919852
2323.7,4,09:49:40.012236986
2323.7,1,09:49:40.013406446
2323.7,1,09:49:40.013814685
2323.8,6,09:49:40.015669157
2323.8,2,09:49:40.016443557
2323.8,3,09:49:40.017594198
2323.8,1,09:49:40.017678721
2323.8,2,09:49:40.017819340
2323.8,2,09:49:40.017887535
2323.8,4,09:49:40.017969114
2323.9,8,09:49:40.019056210
2324.0,1,09:49:40.019072486
2323.9,4,09:49:40.019656543
2323.9,1,09:49:40.116460891
2323.7,1,09:49:40.125857019
2323.7,1,09:49:40.293656344
2323.7,1,09:49:40.760016257
2323.7,1,09:49:40.852033446
2323.8,7,09:49:41.647199988
2323.7,3,09:49:41.647199988
2323.7,1,09:49:41.648456473
2323.7,1,09:49:41.649028538
2323.7,1,09:49:41.649388181
2323.7,1,09:49:42.063923280
2323.8,3,09:49:42.066883013
2323.8,1,09:49:42.067565930
2323.9,5,09:49:42.071663257
2324.0,3,09:49:42.074615549
2324.0,3,09:49:42.076152922
2323.9,1,09:49:42.151223513
2323.8,1,09:49:42.151421510
2323.9,1,09:49:42.457138758
2324.0,3,09:49:42.660699758
2324.0,1,09:49:42.661071894
2324.0,1,09:49:42.661194130
2324.0,1,09:49:42.661858329
2324.0,1,09:49:42.662307327
2324.0,1,09:49:42.662472940
2324.1,1,09:49:42.666562552
2324.1,2,09:49:42.671180398
2324.1,1,09:49:42.686200374
2324.1,1,09:49:42.696407810
2324.2,2,09:49:42.717078611
2324.2,1,09:49:42.718304303
2324.2,1,09:49:42.718505552
2324.2,1,09:49:42.719056619
2324.2,1,09:49:42.719304912
2324.3,5,09:49:42.720994634
2324.3,4,09:49:42.721456068
2324.3,2,09:49:42.721920011
2324.3,1,09:49:42.729668548
2324.2,2,09:49:42.731656649
2324.3,3,09:49:42.753725956
2324.1,1,09:49:42.825421012
2324.1,2,09:49:42.825628478
2324.1,3,09:49:42.825774133
2324.2,1,09:49:42.827555768
2324.2,1,09:49:42.828426202
2324.0,2,09:49:42.853181462
2324.1,2,09:49:42.853181462
2324.1,1,09:49:42.854290626
2324.1,1,09:49:42.854371418
2324.1,1,09:49:42.856166328
2324.2,2,09:49:43.096145409
2324.1,1,09:49:43.100430704
2324.1,1,09:49:43.275785724
2324.2,2,09:49:43.275785724
2324.1,2,09:49:43.677249222
2324.0,1,09:49:43.749234571
2324.0,1,09:49:44.574084406
2324.0,1,09:49:44.651713607
2324.1,1,09:49:45.108243776
2324.0,1,09:49:45.827527398
2323.9,1,09:49:46.870703486
2323.9,2,09:49:46.870786009
2323.9,1,09:49:46.870815325
2323.9,1,09:49:46.870843016
2323.9,1,09:49:46.870877938
2323.8,1,09:49:46.872448696
2323.8,3,09:49:46.872680092
2323.9,1,09:49:47.006653526
2323.8,1,09:49:47.226129420
2323.9,1,09:49:47.226810409
2324.0,4,09:49:47.978996371
2324.1,2,09:49:48.266607347
2324.0,2,09:49:48.266607347
2323.9,2,09:49:48.467086747
2323.9,1,09:49:48.467645030
2323.9,1,09:49:48.467918757
2323.9,1,09:49:48.571241472
2323.8,1,09:49:48.691563530
2323.8,1,09:49:48.973116327
2323.9,1,09:49:50.479835857
2323.9,1,09:49:50.858771874
2323.8,1,09:49:51.019000509
2324.0,3,09:49:51.620030591
2324.0,2,09:49:51.620953723
2324.0,1,09:49:51.621149277
2324.1,1,09:49:51.625887217
2324.1,1,09:49:51.634149999
2324.0,1,09:49:51.639637668
2324.0,1,09:49:51.647141127
2324.1,1,09:49:51.669261579
2324.1,1,09:49:51.669342438
2324.2,10,09:49:51.680455129
2324.2,3,09:49:51.680649814
2324.2,1,09:49:51.681315450
2324.4,1,09:49:51.686359884
2324.3,2,09:49:51.686359884
2324.2,1,09:49:51.742229635
2324.1,3,09:49:51.826095370
2324.0,7,09:49:51.826095370
2324.0,2,09:49:51.827879633
2324.0,3,09:49:52.371559924
2324.0,1,09:49:52.371944377
2324.1,1,09:49:52.372117286
2324.1,1,09:49:52.372203307
2324.1,1,09:49:52.372663031
2324.1,1,09:49:52.372778112
2324.3,2,09:49:52.379142845
2324.3,3,09:49:52.379607305
2323.9,1,09:49:52.973042661
2323.9,2,09:49:52.973208159
2324.0,3,09:49:53.275379785
2323.9,1,09:49:53.533981373
2323.8,2,09:49:55.342540626
2323.9,1,09:49:55.839619127
2323.8,1,09:49:55.875685487
2323.9,1,09:49:56.737028792
2323.9,1,09:49:56.737843589
2324.0,1,09:49:56.861425792
2324.0,1,09:49:56.861763998
2324.0,1,09:49:57.566465298
2324.0,1,09:49:57.570212156
2324.1,1,09:49:57.570943460
2324.0,2,09:49:57.571238871
2324.1,4,09:49:57.571646790
2324.1,1,09:49:57.572529418
2324.1,1,09:49:57.572598421
2324.2,4,09:49:57.575759176
2324.1,5,09:49:57.575759176
2324.1,1,09:49:57.577565942
2324.0,2,09:49:57.599433189
2324.1,2,09:49:57.629358833
2324.0,1,09:49:57.629358833
2323.9,1,09:49:57.684844825
2323.9,1,09:49:57.770197391
2323.9,1,09:49:58.243773305
2323.8,1,09:49:58.591691800
2323.8,1,09:49:58.591999169
2323.7,2,09:49:58.593561774
2323.6,1,09:49:58.593571377
2323.6,2,09:49:58.602013576
2323.5,1,09:49:58.607613090
2323.5,1,09:49:58.621018013
2323.5,1,09:49:58.807749071
2323.6,1,09:49:58.826345709
2323.5,2,09:49:58.997500921
2323.4,1,09:49:59.026304899
2323.4,1,09:49:59.026321228
2323.6,1,09:49:59.627360130
2323.6,1,09:49:59.652138701
2323.6,1,09:49:59.652407042
2323.7,1,09:50:00.018642646
2323.6,1,09:50:00.019723017
2323.7,1,09:50:00.217228793
2323.7,2,09:50:00.217558304
2323.7,1,09:50:00.246507885
2323.7,1,09:50:00.247822849
2323.4,2,09:50:00.611607835
2323.4,1,09:50:00.613393371
2323.3,1,09:50:00.814330645
2323.5,1,09:50:00.837730063
2323.4,1,09:50:00.838149457
2323.4,1,09:50:00.838419200
2323.3,1,09:50:00.839542554
2323.3,1,09:50:00.839585748
2323.3,1,09:50:00.841017313
2323.4,3,09:50:00.885087163
2323.3,3,09:50:01.555699084
2323.3,1,09:50:01.607265174
2323.4,1,09:50:01.936570231
2323.4,2,09:50:01.995157535
2323.5,3,09:50:02.187830745
2323.5,1,09:50:02.187863581
2323.5,1,09:50:02.188625645
2323.4,1,09:50:02.315064153
2323.4,1,09:50:02.315541788
2323.4,1,09:50:02.482317895
2323.4,1,09:50:03.812041262
2323.3,1,09:50:03.817760650
2323.2,1,09:50:03.990359015
2323.1,2,09:50:04.155664721
2323.1,1,09:50:04.155832165
2323.1,4,09:50:04.155873474
2323.1,4,09:50:04.155914790
2323.1,1,09:50:04.556164071
2323.1,2,09:50:04.556956670
2323.1,2,09:50:04.556998696
2323.1,1,09:50:04.558711069
2323.0,1,09:50:06.907064509
2323.1,3,09:50:06.911089141
2323.2,6,09:50:07.330824008
2323.4,6,09:50:07.330824008
2323.5,1,09:50:07.330824008
2323.3,7,09:50:07.330824008
2323.3,1,09:50:07.340157764
2323.2,5,09:50:07.398772749
2323.2,1,09:50:07.485565248
2323.3,1,09:50:07.537711526
2323.3,2,09:50:08.206053546
2323.3,1,09:50:08.206342645
2323.3,1,09:50:08.829428549
2323.3,3,09:50:09.011064721
2323.3,1,09:50:09.011133006
2323.3,2,09:50:09.602662504
2323.2,1,09:50:10.142595785
2323.3,1,09:50:10.143549398
2323.3,1,09:50:10.546621169
2323.2,1,09:50:11.234341504
2323.2,2,09:50:11.854675109
2323.1,1,09:50:12.799844498
2323.1,1,09:50:12.799948205
2322.9,1,09:50:13.985727913
2322.7,1,09:50:14.484773864
2322.7,1,09:50:14.485219712
2322.6,1,09:50:15.634521622
2322.6,1,09:50:15.634979500
2322.6,1,09:50:15.739616318
2322.5,4,09:50:16.000721173
2322.4,2,09:50:16.002822531
2322.3,2,09:50:16.305747398
2322.4,1,09:50:16.368220089
2322.4,2,09:50:16.400090373
2322.3,1,09:50:17.097811090
2322.5,3,09:50:17.121619604
2322.3,1,09:50:17.123605001
2322.4,1,09:50:17.139455452
2322.4,1,09:50:17.179307806
2322.5,1,09:50:17.340012296
2322.4,1,09:50:18.137938968
2322.3,1,09:50:18.687574411
2322.3,1,09:50:18.692973928
2322.3,1,09:50:18.695169204
2322.2,1,09:50:18.817681332
2322.3,1,09:50:19.199996604
2322.4,1,09:50:20.311238141
2322.2,1,09:50:20.536945444
2322.1,3,09:50:20.648518236
2322.1,1,09:50:20.888613205
2322.1,1,09:50:20.888891412
2322.0,1,09:50:23.369683284
2321.9,1,09:50:23.397586271
2321.8,1,09:50:23.397596649
2322.0,1,09:50:23.605647563
2322.0,1,09:50:23.605857775
2322.1,1,09:50:24.686898726
2321.8,1,09:50:25.471817803
2321.8,1,09:50:25.472904049
2321.7,2,09:50:26.684232390
2322.0,1,09:50:28.187759972
2322.2,2,09:50:28.678340856
2322.1,1,09:50:28.705039485
2322.3,1,09:50:29.007062204
2322.3,1,09:50:29.482816344
2322.3,1,09:50:29.645127272
2322.2,1,09:50:30.710116403
2322.3,1,09:50:32.318092443
2322.4,2,09:50:32.510912795
2322.4,1,09:50:32.512621530
2322.3,1,09:50:32.515737209
2322.3,1,09:50:33.051791572
2322.1,1,09:50:33.868919347
2322.1,1,09:50:35.122124679
2322.2,1,09:50:35.404150367
2322.2,1,09:50:35.406173265
2322.1,1,09:50:39.014967686
2322.0,2,09:50:39.097122976
2322.2,1,09:50:40.344876329
2322.1,1,09:50:40.753771621
2322.1,1,09:50:41.555521363
2322.0,1,09:50:41.596981379
2322.2,1,09:50:45.329574572
2322.4,1,09:50:45.935733979
2322.5,3,09:50:45.936232550
2322.5,1,09:50:45.936874026
2322.4,1,09:50:45.938755721
2322.4,1,09:50:45.940451157
2322.5,1,09:50:46.298505532
2322.5,1,09:50:46.901077822
2322.4,3,09:50:46.982628493
2322.4,1,09:50:46.983232143
2322.5,1,09:50:49.547671656
2322.5,1,09:50:50.779505827
2322.5,1,09:50:51.412483728
2322.4,1,09:50:51.552143436
2322.4,1,09:50:52.092117796
2322.5,5,09:50:52.749391068
2322.4,1,09:50:52.752988772
2322.3,1,09:50:52.840129151
2322.2,1,09:50:52.861756355
2322.4,1,09:50:53.459668833
2322.6,1,09:50:53.939813718
2322.6,1,09:50:53.940298455
2322.5,1,09:50:55.899192865
2322.5,1,09:50:57.547314189
2322.7,1,09:50:58.398081555
2322.6,1,09:50:59.049956179
2322.8,1,09:50:59.654133670
2322.9,1,09:50:59.897028193
2322.9,1,09:50:59.897194881
2322.8,1,09:51:00.889530073
2322.7,3,09:51:01.071971006
2322.6,3,09:51:01.701353221
2322.5,6,09:51:01.702075183
2322.4,9,09:51:01.702939881
2322.3,1,09:51:01.704913518
2322.3,1,09:51:01.704943877
2322.3,1,09:51:01.705190653
2322.2,1,09:51:01.709330199
2322.1,1,09:51:01.711795202
2322.1,2,09:51:01.721071219
2322.1,1,09:51:01.721273531
2322.0,1,09:51:01.814085150
2322.1,1,09:51:01.848367270
2322.1,1,09:51:01.905636673
2322.0,1,09:51:01.926431508
2322.0,1,09:51:01.932180836
2322.1,1,09:51:01.967299914
2322.2,1,09:51:02.017917762
2322.1,1,09:51:02.053885926
2322.2,1,09:51:02.473661700
2322.2,5,09:51:03.355977181
2322.2,9,09:51:03.356737248
2322.2,12,09:51:03.356913414
2322.2,11,09:51:03.356952497
2322.3,3,09:51:03.358028649
2322.3,1,09:51:03.364192259
2322.2,1,09:51:03.364634364
2322.2,1,09:51:03.512112253
2322.1,1,09:51:04.160322713
2322.1,1,09:51:04.214125329
2322.1,1,09:51:04.231090657
2322.1,1,09:51:04.232476911
2322.1,1,09:51:05.458766379
2322.2,1,09:51:05.565674950
2322.2,1,09:51:05.724390990
2322.0,1,09:51:06.376511068
2321.9,1,09:51:06.476157701
2321.8,1,09:51:10.014730220
2321.8,1,09:51:10.015653576
2321.7,1,09:51:10.856657599
2321.9,1,09:51:12.052442604
2321.9,1,09:51:12.052475571
2321.9,1,09:51:12.054256007
2321.8,1,09:51:12.389636597
2321.9,1,09:51:14.170401408
2321.9,2,09:51:14.195986061
2321.9,1,09:51:14.447917912
2321.9,1,09:51:15.289777097
2321.8,1,09:51:15.291476559
2322.0,1,09:51:16.955245243
2322.0,1,09:51:16.985775181
2321.9,1,09:51:17.584305506
2321.8,1,09:51:18.841141031
2321.9,1,09:51:19.963285315
2321.8,1,09:51:21.410377818
2321.8,1,09:51:22.083507581
2321.7,1,09:51:23.303508164
2321.9,1,09:51:23.929049938
2321.8,1,09:51:24.263110206
2322.1,3,09:51:26.369455401
2322.3,3,09:51:27.930803289
2322.1,2,09:51:27.930803289
2322.2,5,09:51:27.930803289
2322.2,2,09:51:27.939796952
2322.3,6,09:51:27.941545736
2322.2,3,09:51:27.941545736
2322.3,3,09:51:27.942691343
2322.3,2,09:51:27.943095044
2322.2,1,09:51:27.982068892
2322.2,1,09:51:28.154430594
2322.2,1,09:51:28.908272990
2322.2,1,09:51:29.384088860
2322.2,1,09:51:29.586672593
2322.2,1,09:51:31.664238928
2322.2,1,09:51:31.664591417
2322.1,1,09:51:31.677899467
2321.9,1,09:51:31.687440763
2322.0,1,09:51:32.092196663
2322.0,2,09:51:33.026828410
2322.1,1,09:51:33.945875996
2322.1,1,09:51:33.945959232
2322.1,1,09:51:35.377256990
2322.1,1,09:51:35.661883889
2322.3,1,09:51:36.512668214
2322.3,1,09:51:37.309634002
2322.4,2,09:51:39.235713554
2322.5,2,09:51:39.238320218
2322.5,1,09:51:39.250159676
2322.6,1,09:51:39.932672628
2322.5,1,09:51:40.793944295
2322.7,2,09:51:42.957537950
2322.7,2,09:51:42.958838097
2322.7,1,09:51:42.958875186
2322.6,1,09:51:43.237147795
2322.7,1,09:51:43.715833407
2322.6,8,09:51:43.901635440
2322.6,2,09:51:43.901746207
2322.6,1,09:51:43.902339131
2322.6,1,09:51:43.903097319
2322.6,1,09:51:43.903679971
2322.6,1,09:51:43.903872771
2322.6,1,09:51:43.904408453
2322.4,1,09:51:44.990022957
2322.6,1,09:51:46.269589662
2322.6,2,09:51:46.270100876
2322.6,1,09:51:46.270964595
2322.6,1,09:51:46.271015841
2322.6,1,09:51:46.271792548
2322.6,1,09:51:46.275477317
2322.7,3,09:51:46.306573283
2322.6,1,09:51:47.482739908
2322.6,1,09:51:47.514738164
2322.6,1,09:51:47.515299103
2322.6,1,09:51:47.543098235
2322.7,1,09:51:48.183177974
2322.8,3,09:51:48.191534558
2322.7,1,09:51:48.769787930
2322.8,1,09:51:48.984802112
2322.7,3,09:51:51.411384995
2322.8,2,09:51:51.411384995
2322.6,1,09:51:51.755806462
2322.7,1,09:51:52.196360696
2322.7,2,09:51:52.196924471
2322.8,1,09:51:52.202088318
2322.9,1,09:51:52.263826801
2322.9,1,09:51:52.731228062
2322.9,2,09:51:52.731729263
2323.0,1,09:51:53.292976414
2323.0,1,09:51:53.293369631
2322.9,1,09:51:53.431273295
2322.7,1,09:51:53.868127775
2322.8,1,09:51:54.387485466
2322.8,1,09:51:54.388275581
2322.8,3,09:51:54.530258042
2322.8,1,09:51:54.954518718
2322.8,3,09:51:55.539168810
2322.8,1,09:51:55.990743985
2322.9,1,09:51:56.899716071
2322.9,1,09:51:57.120894137
2323.0,1,09:51:57.288301228
2323.1,3,09:51:57.340585189
2323.1,4,09:51:57.340762662
2323.2,1,09:51:57.342826543
2323.3,8,09:51:58.695059518
2323.4,2,09:51:58.695059518
2323.3,1,09:51:58.697341862
2323.3,2,09:51:58.698153629
2323.3,1,09:51:58.698200622
2323.3,1,09:51:58.767941245
2323.3,2,09:51:58.768256935
2323.2,1,09:51:58.926825586
2323.4,1,09:51:59.641053525
2323.4,1,09:51:59.641356395
2323.3,1,09:51:59.789888843
2323.5,1,09:51:59.863422841
2323.4,2,09:52:00.036552503
2323.5,5,09:52:00.039587629
2323.6,7,09:52:00.043398493
2323.6,2,09:52:00.043590075
2323.5,2,09:52:00.049688991
2323.5,1,09:52:00.049947704
2323.4,1,09:52:00.241994460
2323.4,1,09:52:00.420669986
2323.3,2,09:52:00.420669986
2323.4,1,09:52:01.239843633
2323.2,1,09:52:01.490721196
2323.2,2,09:52:01.490972401
2323.2,1,09:52:01.814596504
2323.3,1,09:52:01.975510517
2323.2,1,09:52:01.978169854
2323.4,2,09:52:02.248861986
2323.3,3,09:52:02.250198618
2323.4,3,09:52:02.250198618
2323.3,2,09:52:02.250307058
2323.4,1,09:52:02.250307058
2323.4,1,09:52:02.250758187
2323.4,1,09:52:02.251669287
2323.4,1,09:52:02.252627319
2323.3,1,09:52:02.531988261
2323.3,1,09:52:02.734288581
2323.5,1,09:52:02.961606962
2323.3,1,09:52:03.079717673
2323.5,1,09:52:03.424901192
2323.4,1,09:52:03.684970980
2323.5,1,09:52:04.007741714
2323.4,1,09:52:05.262039522
2323.4,1,09:52:05.262713241
2323.4,3,09:52:08.873471436
2323.5,6,09:52:09.708076531
2323.5,1,09:52:09.708127720
2323.5,1,09:52:09.709096786
2323.4,1,09:52:09.713429772
2323.4,1,09:52:09.714161851
2323.5,1,09:52:10.722419786
2323.5,1,09:52:10.834471695
2323.5,1,09:52:10.834899025
2323.6,2,09:52:11.088890404
2323.6,1,09:52:11.089236472
2323.7,1,09:52:13.424586759
2323.7,4,09:52:13.424885427
2323.6,2,09:52:13.491797164
2323.5,2,09:52:13.972040570
2323.6,4,09:52:14.245027493
2323.6,1,09:52:15.136935552
2323.6,1,09:52:15.140717500
2323.6,1,09:52:15.460536929
2323.6,2,09:52:15.462796478
2323.7,6,09:52:15.462796478
2323.7,5,09:52:15.463749300
2323.5,1,09:52:15.691342214
2323.4,1,09:52:15.709052227
2323.4,1,09:52:15.709304888
2323.4,1,09:52:15.713744546
2323.4,1,09:52:16.325935881
2323.5,1,09:52:16.326632481
2323.6,1,09:52:16.536617814
2323.8,1,09:52:17.055643780
2323.9,1,09:52:17.244865634
2323.9,1,09:52:17.244878485
2323.8,1,09:52:17.488180501
2323.7,4,09:52:17.512822623
2323.7,3,09:52:17.513002553
2323.7,1,09:52:17.513039526
2323.7,2,09:52:17.513066650
2323.7,1,09:52:17.984335473
2323.7,1,09:52:17.984560784
2323.7,1,09:52:18.697412483
2323.6,1,09:52:18.725366780
2323.7,2,09:52:19.507856402
2323.7,3,09:52:19.951498639
2323.6,1,09:52:21.966162886
2323.5,3,09:52:23.324812408
2323.5,1,09:52:23.324840056
2323.5,2,09:52:24.173893203
2323.4,1,09:52:24.174565952
2323.5,1,09:52:24.763367044
2323.6,2,09:52:24.843730966
2323.8,1,09:52:26.289107163
2323.7,1,09:52:26.289496559
2323.6,1,09:52:26.300681050
2323.7,1,09:52:26.498358637
2323.6,1,09:52:27.891874208
2323.6,1,09:52:27.892511437
2323.4,1,09:52:28.918602925
2323.4,1,09:52:28.919395235
2323.5,3,09:52:29.207373163
2323.5,2,09:52:30.024473095
2323.4,1,09:52:30.169257480
2323.3,1,09:52:30.339581822
2323.4,2,09:52:30.416326480
2323.3,1,09:52:30.560270918
2323.3,1,09:52:30.811393391
2323.4,1,09:52:31.674266842
2323.5,2,09:52:31.677619481
2323.4,2,09:52:31.677619481
2323.4,1,09:52:32.143574336
2323.3,1,09:52:32.156791075
2323.3,1,09:52:33.608893434
2323.2,1,09:52:33.623727396
2323.4,2,09:52:34.680521986
2323.4,1,09:52:34.775972437
2323.4,1,09:52:35.339636531
2323.5,3,09:52:35.490129178
2323.5,1,09:52:35.720278451
2323.4,1,09:52:36.320632219
2323.4,1,09:52:36.838420488
2323.2,2,09:52:37.324658091
2323.4,3,09:52:40.980717814
2323.5,2,09:52:40.980717814
2323.3,1,09:52:41.058477929
2323.4,1,09:52:41.762685304
2323.3,2,09:52:42.009394362
2323.2,2,09:52:43.367541230
2323.1,1,09:52:43.367541230
2323.1,1,09:52:43.367553639
2323.4,1,09:52:43.500876503
2323.3,4,09:52:43.500876503
2323.3,3,09:52:44.799232085
2323.4,1,09:52:44.800624208
2323.4,1,09:52:45.788695056
2323.4,1,09:52:45.789208465
2323.3,1,09:52:45.791563152
2323.3,1,09:52:45.791793109
2323.3,1,09:52:45.791909689
2323.1,1,09:52:46.342527449
2323.1,1,09:52:46.400274413
2323.1,1,09:52:46.400600483
2323.1,1,09:52:46.400652679
2323.0,1,09:52:46.610331800
2323.0,1,09:52:46.610533685
2323.0,3,09:52:46.689351347
2323.1,1,09:52:46.702011621
2323.1,3,09:52:46.702338658
2323.0,1,09:52:46.703621035
2323.2,1,09:52:48.163416186
2323.2,1,09:52:48.462545407
2323.3,1,09:52:48.813137773
2323.4,1,09:52:48.911011275
2323.2,2,09:52:49.022729404
2323.1,1,09:52:50.493964772
2323.0,1,09:52:50.512116066
2322.8,1,09:52:50.780220495
2322.8,2,09:52:50.892558552
2322.8,1,09:52:50.892837862
2322.8,1,09:52:50.922330276
2322.8,1,09:52:50.937696716
2322.7,2,09:52:51.034546253
2322.9,1,09:52:51.350125834
2323.0,1,09:52:51.421352892
2322.9,1,09:52:51.670844487
2323.0,1,09:52:51.671326225
2323.0,1,09:52:52.323053490
2323.0,2,09:52:53.249707071
2323.0,2,09:52:53.914819702
2322.9,2,09:52:53.914819702
2323.0,1,09:52:54.002843491
2322.9,1,09:52:54.135565667
2322.8,1,09:52:54.407250022
2322.9,2,09:52:54.407250022
2322.8,1,09:52:55.016817073
2322.8,3,09:52:55.118638661
2322.7,1,09:52:55.230597788
2322.8,2,09:52:55.721352822
2322.8,1,09:52:55.722165734
2322.8,1,09:52:56.914918970
2322.8,1,09:52:57.432942185
2322.9,1,09:52:57.628044021
2322.8,3,09:52:57.837990528
2322.7,1,09:52:57.841249674
2322.8,1,09:52:58.312190342
2322.8,1,09:52:58.927766669
2322.9,1,09:52:59.699680584
2322.9,4,09:52:59.699810298
2323.0,7,09:52:59.701581048
2322.9,1,09:52:59.704739395
2323.1,3,09:52:59.710551925
2323.1,1,09:52:59.714547229
2323.0,1,09:52:59.715193235
2323.0,1,09:52:59.715779177
2323.1,1,09:52:59.716635085
2323.1,3,09:52:59.717889520
2323.1,1,09:52:59.723685003
2323.2,1,09:52:59.936647752
2323.0,1,09:53:00.048104754
2322.9,1,09:53:00.139364037
2322.9,1,09:53:00.142226536
2322.8,3,09:53:00.258019816
2322.8,2,09:53:00.258316143
2322.8,1,09:53:00.258391058
2322.8,1,09:53:00.259139874
2322.7,1,09:53:00.319808884
2322.7,1,09:53:00.320920689
2322.7,1,09:53:00.321268507
2322.6,1,09:53:00.476192905
2322.6,1,09:53:00.476555441
2322.5,1,09:53:00.494489498
2322.3,1,09:53:00.773439905
2322.4,1,09:53:00.959905946
2322.5,2,09:53:01.477377337
2322.5,1,09:53:01.478848007
2322.5,1,09:53:01.478903781
2322.4,1,09:53:02.021746624
2322.4,1,09:53:02.090821793
2322.5,3,09:53:02.333399349
2322.4,2,09:53:03.855208861
2322.3,2,09:53:03.855208861
2322.4,1,09:53:03.856326949
2322.5,1,09:53:03.857167391
2322.3,1,09:53:05.261829317
2322.3,1,09:53:05.262215616
2322.3,1,09:53:05.262430071
2322.2,1,09:53:05.265305815
2322.2,2,09:53:05.265317172
2322.1,4,09:53:05.265317172
2322.2,1,09:53:05.377120547
2322.2,1,09:53:05.431726603
2322.1,2,09:53:06.704148806
2322.2,2,09:53:07.124229090
2322.1,1,09:53:07.124229090
2322.1,1,09:53:07.127804682
2322.1,3,09:53:07.287789662
2322.3,1,09:53:07.609106602
2322.2,1,09:53:07.897562260
2322.1,1,09:53:09.538683619
2322.2,1,09:53:10.871485490
2322.0,2,09:53:13.330907741
2321.9,1,09:53:13.330920729
2321.8,1,09:53:13.754899050
2322.0,3,09:53:14.457894659
2322.1,1,09:53:14.736392625
2321.9,1,09:53:14.922039635
2321.9,2,09:53:16.865782657
2321.9,1,09:53:16.865973896
2322.0,1,09:53:17.704447194
2322.0,1,09:53:17.704755969
2321.9,1,09:53:18.210398043
2321.8,1,09:53:18.213436545
2321.8,1,09:53:18.313140442
2321.8,3,09:53:18.551394591
2321.7,1,09:53:18.554594089
2321.7,1,09:53:18.554608787
2321.8,1,09:53:18.825576441
2321.9,1,09:53:18.835433685
2322.0,1,09:53:19.564644474
2322.0,1,09:53:19.606063772
2322.1,1,09:53:19.958704926
2322.2,1,09:53:19.958708619
2322.1,1,09:53:20.015868103
2322.0,1,09:53:20.138947355
2322.2,2,09:53:20.186595796
2322.2,1,09:53:20.251181605
2322.2,1,09:53:20.251493858
2322.1,1,09:53:20.736680338
2321.8,1,09:53:21.207941443
2321.8,1,09:53:22.022522322
2321.8,5,09:53:22.439999979
2321.8,2,09:53:23.447018355
2322.1,2,09:53:23.784777282
2322.1,2,09:53:23.896027327
2322.2,1,09:53:23.896027327
2322.1,1,09:53:23.897384983
2321.9,1,09:53:24.168153086
2322.0,1,09:53:24.240664457
2321.9,1,09:53:26.466815559
2321.8,1,09:53:27.802087213
2321.7,1,09:53:28.879922448
2321.7,1,09:53:28.888899294
2321.6,1,09:53:29.363574974
2321.6,1,09:53:29.363586567
2321.6,1,09:53:29.363861287
2321.6,1,09:53:29.417373777
2321.5,5,09:53:29.778205616
2321.6,1,09:53:29.778832662
2321.6,1,09:53:29.803861206
2321.5,1,09:53:30.686570443
2321.6,1,09:53:30.719990759
2321.6,1,09:53:30.792912254
2321.6,1,09:53:30.835013209
2321.6,1,09:53:31.562771545
2321.5,1,09:53:31.565703133
2321.5,1,09:53:32.392353519
2321.5,1,09:53:33.011080621
2321.4,1,09:53:33.030204185
2321.2,3,09:53:33.030219727
2321.4,3,09:53:33.030219727
2321.3,6,09:53:33.030219727
2321.2,1,09:53:33.030219727
2321.2,1,09:53:33.030448945
2321.1,1,09:53:33.030459838
2321.2,9,09:53:33.030459838
2321.1,10,09:53:33.030469246
2321.2,2,09:53:33.036174446
2321.3,1,09:53:33.036957911
2321.3,2,09:53:33.038259115
2321.3,1,09:53:33.038679572
2321.3,1,09:53:33.039996974
2321.2,1,09:53:33.062790970
2321.3,1,09:53:33.230967543
2321.2,2,09:53:33.240613031
2321.4,1,09:53:33.567786579
2321.0,1,09:53:33.940970900
2321.0,1,09:53:33.940984590
2321.2,1,09:53:34.231374214
2321.2,1,09:53:34.781038034
2321.0,4,09:53:35.606088812
2321.1,1,09:53:35.606487371
2321.1,1,09:53:35.606730591
2321.2,2,09:53:35.608293682
2321.1,1,09:53:36.249674243
2321.2,1,09:53:36.355891956
2321.0,4,09:53:36.619658732
2321.0,1,09:53:36.621060280
2320.9,3,09:53:36.621741561
2320.9,2,09:53:36.621741561
2320.9,1,09:53:36.621741561
2321.0,2,09:53:36.622012127
2320.9,1,09:53:36.622012127
2321.0,1,09:53:36.629089361
2321.0,2,09:53:36.636191766
2321.0,1,09:53:37.028441346
2321.0,2,09:53:37.183740480
2321.0,2,09:53:37.547408088
2321.0,1,09:53:37.697482933
2321.0,1,09:53:38.068813454
2321.1,1,09:53:38.078985979
2321.1,1,09:53:38.929489399
2320.9,4,09:53:39.264053201
2320.9,4,09:53:39.264570037
2321.0,1,09:53:39.668266322
2320.9,1,09:53:40.550161722
2321.0,2,09:53:40.765889964
2320.9,1,09:53:41.002870527
2320.9,1,09:53:41.197828229
2320.9,1,09:53:41.200982302
2320.8,1,09:53:41.224906564
2320.8,1,09:53:41.283471931
2320.8,1,09:53:41.300688099
2320.9,1,09:53:41.864582509
2320.9,1,09:53:42.384746513
2320.9,1,09:53:42.387881274
2320.9,1,09:53:43.697963764
2320.8,1,09:53:44.412392358
2320.8,1,09:53:45.730418854
2320.9,2,09:53:45.742643197
2321.0,1,09:53:46.156344813
2320.9,1,09:53:46.562951673
2320.9,1,09:53:46.789201714
2320.8,2,09:53:47.473180294
2320.7,3,09:53:48.622237191
2320.7,1,09:53:48.622268917
2320.6,2,09:53:49.242009372
2320.7,1,09:53:50.477412737
2320.6,4,09:53:51.079270176
2320.6,1,09:53:51.080305775
2320.6,1,09:53:51.111761728
2320.6,1,09:53:52.204209260
2320.7,1,09:53:53.326794355
2320.7,1,09:53:53.721884874
2320.5,4,09:53:54.022323629
2320.4,1,09:53:54.040103460
2320.5,1,09:53:54.258419493
2320.5,1,09:53:54.258623324
2320.5,1,09:53:54.498919355
2320.6,1,09:53:55.757679302
2320.7,1,09:53:57.420575555
2320.7,5,09:53:57.420815115
2320.6,1,09:53:57.695115576
2320.5,4,09:53:58.567962395
2320.4,1,09:53:58.586460455
2320.3,2,09:53:58.879520057
2320.2,10,09:53:58.879529875
2320.3,1,09:53:59.261175929
2320.3,1,09:53:59.261635751
2320.2,2,09:53:59.393378024
2320.3,1,09:54:00.291125016
2320.5,1,09:54:00.372305425
2320.4,1,09:54:01.187541849
2320.4,1,09:54:01.497816608
2320.2,10,09:54:01.600391205
2320.2,3,09:54:01.600795725
2320.1,1,09:54:01.839961600
2320.1,3,09:54:01.840308925
2320.2,1,09:54:02.602988547
2320.1,1,09:54:04.065568817
2320.2,5,09:54:04.194756035
2320.2,3,09:54:04.194940734
2320.2,1,09:54:04.195622828
2320.2,1,09:54:04.195851001
2320.2,2,09:54:04.195882474
2320.2,2,09:54:04.195943730
2320.2,1,09:54:04.195988240
2320.1,1,09:54:04.447057324
2320.0,6,09:54:04.871886689
2320.0,1,09:54:04.871893288
2320.0,8,09:54:04.872691605
2319.9,1,09:54:05.179874614
2319.8,1,09:54:05.179886051
2320.0,1,09:54:05.741998749
2319.8,3,09:54:06.063729469
2319.9,1,09:54:06.573158750
2320.0,2,09:54:07.721298704
2320.0,1,09:54:07.721336314
2320.0,1,09:54:07.895404119
2319.9,4,09:54:08.504341643
2319.9,1,09:54:08.504624305
2319.7,4,09:54:09.862515905
2319.7,1,09:54:09.865627788
2319.7,1,09:54:10.000865280
2319.7,1,09:54:10.188714420
2319.7,1,09:54:10.189822612
2319.6,1,09:54:10.781847663
2319.8,1,09:54:11.114340765
2319.8,1,09:54:11.126279716
2319.9,1,09:54:11.749626018
2319.7,1,09:54:11.753102186
2319.7,1,09:54:12.810140234
2319.8,1,09:54:13.240699421
2319.7,1,09:54:13.282560985
2319.7,1,09:54:13.481047704
2319.6,3,09:54:13.781673047
2319.7,1,09:54:14.196672415
2319.7,1,09:54:14.196693410
2319.7,2,09:54:14.196800354
2319.6,3,09:54:14.342739972
2319.7,2,09:54:14.371794091
2319.7,1,09:54:14.377947475
2319.6,1,09:54:14.377947475
2319.7,1,09:54:14.550031173
2319.7,1,09:54:14.550769681
2319.7,1,09:54:15.140105286
2319.6,1,09:54:16.483208945
2319.5,1,09:54:16.492848880
2319.4,2,09:54:16.517922967
2319.5,1,09:54:16.691035329
2319.5,2,09:54:16.824945996
2319.4,1,09:54:16.854092225
2319.4,9,09:54:16.854285544
2319.4,1,09:54:16.854373177
2319.4,1,09:54:16.854425150
2319.5,1,09:54:16.865655117
2319.4,1,09:54:16.973565070
2319.5,1,09:54:17.303247941
2319.5,1,09:54:17.605418504
2319.4,1,09:54:17.866896639
2319.4,1,09:54:18.624759484
2319.5,1,09:54:18.663130107
2319.4,2,09:54:19.894527097
2319.3,3,09:54:19.963342184
2319.3,1,09:54:19.969345972
2319.3,1,09:54:19.975831799
2319.3,1,09:54:19.976553794
2319.3,1,09:54:20.010475403
2319.4,1,09:54:20.055932112
2319.4,1,09:54:20.056651644
2319.3,1,09:54:20.100138044
2319.3,1,09:54:20.101364667
2319.3,1,09:54:20.102049813
2319.3,1,09:54:20.102584426
2319.2,1,09:54:20.155452081
2319.2,1,09:54:20.159437649
2319.2,1,09:54:20.182681677
2319.2,1,09:54:20.182971494
2319.2,1,09:54:20.183698507
2319.3,3,09:54:20.184824401
2319.4,1,09:54:20.343206828
2319.2,2,09:54:20.741390257
2319.3,1,09:54:21.015003415
2319.3,1,09:54:21.099586828
2319.3,1,09:54:21.406543065
2319.2,2,09:54:21.410808482
2319.3,1,09:54:21.410808482
2319.2,6,09:54:21.510738233
2319.3,3,09:54:21.510738233
2319.2,1,09:54:21.511587995
2319.2,1,09:54:21.511756261
2319.2,3,09:54:21.590919018
2319.4,1,09:54:21.819763995
2319.4,3,09:54:21.819868803
2319.5,1,09:54:21.897129594
2319.5,3,09:54:21.897247945
2319.6,1,09:54:21.897247945
2319.5,1,09:54:21.897488923
2319.5,1,09:54:21.897970564
2319.6,6,09:54:21.900885695
2319.6,1,09:54:21.901474878
2319.6,1,09:54:22.050830296
2319.5,3,09:54:22.646481441
2319.6,1,09:54:22.647061224
2319.6,1,09:54:22.647481590
2319.5,3,09:54:23.366139267
2319.5,1,09:54:23.665408731
2319.5,1,09:54:23.665503321
2319.5,1,09:54:23.722398917
2319.4,2,09:54:23.722398917
2319.4,1,09:54:23.769681197
2319.4,1,09:54:23.770087836
2319.4,2,09:54:24.168111801
2319.5,1,09:54:24.571747989
2319.4,1,09:54:25.403173183
2319.5,4,09:54:25.655554263
2319.5,1,09:54:25.655593286
2319.4,1,09:54:25.671433810
2319.3,2,09:54:25.839152386
2319.3,1,09:54:25.839192009
2319.4,2,09:54:26.987799093
2319.4,2,09:54:26.988010579
2319.3,3,09:54:27.150294760
2319.4,1,09:54:27.151577570
2319.5,1,09:54:27.834089441
2319.3,3,09:54:28.226498770
2319.3,2,09:54:28.227049192
2319.3,1,09:54:29.161891273
2319.4,1,09:54:29.467873761
2319.4,1,09:54:29.468065413
2319.3,4,09:54:31.072826855
2319.3,1,09:54:31.073726672
2319.3,1,09:54:31.081956620
2319.4,1,09:54:31.101064566
2319.4,1,09:54:31.134848215
2319.5,1,09:54:31.220845390
2319.5,2,09:54:31.247192069
2319.4,1,09:54:31.866460851
2319.4,2,09:54:32.662530098
2319.5,1,09:54:32.662530098
2319.5,2,09:54:33.684084510
2319.6,1,09:54:33.684084510
2319.6,1,09:54:33.684768716
2319.7,1,09:54:33.895628581
2319.6,2,09:54:34.486013437
2319.6,1,09:54:34.486390491
2319.7,1,09:54:34.919152274
2319.7,1,09:54:34.919885917
2319.6,1,09:54:34.920708574
2319.6,1,09:54:36.370476071
2319.7,1,09:54:36.469566271
2319.7,1,09:54:36.607393502
2319.8,1,09:54:36.653613443
2319.7,1,09:54:36.898234834
2319.7,1,09:54:38.641533751
2319.8,1,09:54:38.924368130
2319.9,1,09:54:38.945773928
2319.9,1,09:54:38.945790651
2319.9,5,09:54:38.945892455
2320.0,3,09:54:38.954585869
2320.0,1,09:54:38.954805527
2320.0,1,09:54:38.954908064
2320.0,1,09:54:38.955179538
2320.0,2,09:54:38.979490019
2320.0,1,09:54:39.035737123
2320.1,1,09:54:40.586768745
2320.0,1,09:54:40.783874316
2319.9,2,09:54:41.027456041
2319.8,3,09:54:41.135066486
2319.9,3,09:54:41.544085818
2319.9,1,09:54:42.010074129
2320.1,1,09:54:43.247386729
2320.1,1,09:54:43.247401824
2320.1,1,09:54:43.974311682
2320.1,1,09:54:44.529090056
2320.0,1,09:54:45.007535304
2320.0,1,09:54:45.007907773
2319.8,1,09:54:46.737027497
2319.8,1,09:54:47.330557498
2319.7,1,09:54:47.765894330
2319.6,2,09:54:47.782900802
2319.6,1,09:54:49.384506038
2319.5,6,09:54:49.385405165
2319.5,2,09:54:50.036020096
2319.4,5,09:54:50.036733041
2319.3,7,09:54:50.036733041
2319.3,1,09:54:50.037173073
2319.2,1,09:54:50.039000239
2319.3,1,09:54:50.039162319
2319.2,1,09:54:50.043173843
2319.2,1,09:54:50.043497254
2319.1,4,09:54:50.043793637
2319.2,1,09:54:50.043793637
2319.0,1,09:54:50.043802397
2319.0,1,09:54:50.043810048
2319.0,2,09:54:50.043823415
2319.2,1,09:54:50.044158468
2319.2,1,09:54:50.045422669
2319.1,1,09:54:50.047831086
2319.1,1,09:54:50.048564937
2319.2,1,09:54:50.085307979
2319.1,2,09:54:50.182104530
2319.2,1,09:54:50.205443813
2319.2,1,09:54:50.206827803
2319.1,1,09:54:50.244257124
2319.2,1,09:54:50.774655231
2319.2,1,09:54:50.775438031
2319.2,1,09:54:51.007193556
2319.0,3,09:54:51.786385347
2319.0,1,09:54:51.786399117
2319.0,1,09:54:51.787871441
2319.0,1,09:54:51.788046763
2319.0,1,09:54:51.788262003
2319.1,8,09:54:51.791556114
2319.1,7,09:54:51.791620029
2319.1,5,09:54:51.791732985
2319.1,4,09:54:51.791760582
2319.1,1,09:54:51.791785841
2319.1,1,09:54:51.791823636
2319.1,4,09:54:51.791866329
2319.1,3,09:54:51.791946304
2319.1,1,09:54:51.791977473
2319.1,1,09:54:51.792014696
2319.1,13,09:54:51.792084605
2319.1,2,09:54:51.793804083
2319.1,1,09:54:51.822798531
2319.0,1,09:54:52.052415579
2319.1,2,09:54:52.273319600
2318.9,1,09:54:52.929315002
2319.1,1,09:54:53.426100799
2319.0,1,09:54:53.426626473
2319.0,1,09:54:53.435625519
2319.0,1,09:54:53.435896324
2318.9,2,09:54:54.175141699
2318.9,2,09:54:54.354768228
2318.9,1,09:54:54.356040129
2318.9,3,09:54:54.356574044
2318.7,1,09:54:54.571911644
2318.7,1,09:54:54.571924691
2318.7,1,09:54:54.825657030
2318.6,2,09:54:54.900648764
2318.5,1,09:54:55.059787852
2318.5,2,09:54:55.060115774
2318.5,1,09:54:55.069908925
2318.7,1,09:54:55.287665888
2318.7,2,09:54:55.288231263
2318.7,1,09:54:55.289381289
2318.6,2,09:54:55.840406011
2318.7,1,09:54:56.253323117
2318.6,4,09:54:56.253323117
2318.6,1,09:54:56.383387080
2318.6,2,09:54:56.717389852
2318.6,1,09:54:56.825240134
2318.5,1,09:54:57.010659255
2318.5,3,09:54:57.311616894
2318.6,1,09:54:57.323965272
2318.6,1,09:54:57.777138622
2318.5,1,09:54:58.111549910
2318.5,1,09:54:58.111867852
2318.5,1,09:54:58.217094314
2318.6,7,09:54:58.451680802
2318.6,1,09:54:58.451718780
2318.6,1,09:54:58.451929956
2318.6,1,09:54:58.452054975
2318.6,1,09:54:58.452136114
2318.6,1,09:54:58.452919995
2318.6,1,09:54:58.453157990
2318.5,1,09:54:58.456002624
2318.5,1,09:54:58.554090480
2318.4,1,09:54:58.747439351
2318.6,1,09:54:58.939030715
2318.6,1,09:54:58.952666523
2318.6,1,09:54:58.952907525
2318.5,1,09:54:59.079000510
2318.7,2,09:54:59.331473105
2318.8,1,09:54:59.437507998
2319.0,2,09:55:00.820536743
2319.0,1,09:55:01.022785157
2319.1,1,09:55:01.163037736
2319.1,2,09:55:01.203580669
2318.9,1,09:55:01.323400115
2319.0,1,09:55:01.323887840
2319.2,1,09:55:01.761754122
2319.2,1,09:55:02.511643979
2319.2,1,09:55:02.626110286
2319.2,1,09:55:02.626374490
2319.2,1,09:55:02.920239411
2319.1,1,09:55:04.067289206
2319.1,2,09:55:04.977659643
2319.2,1,09:55:05.002642444
2319.1,1,09:55:05.002918953
2319.0,1,09:55:05.003874664
2319.0,3,09:55:05.003930540
2319.0,1,09:55:05.113020446
2319.2,2,09:55:07.583366732
2319.2,1,09:55:07.583666056
2319.2,1,09:55:07.583785453
2319.3,1,09:55:07.712060374
2319.4,3,09:55:07.987201934
2319.3,1,09:55:08.227384122
2319.4,1,09:55:09.120182834
2319.4,1,09:55:09.171063918
2319.3,1,09:55:09.173106954
2319.4,1,09:55:09.593172340
2319.2,2,09:55:09.740958882
2319.0,1,09:55:09.872850920
2319.0,2,09:55:09.873041756
2318.9,1,09:55:11.244934149
2318.8,1,09:55:11.561121317
2318.9,1,09:55:12.589375509
2319.0,1,09:55:12.782970185
2319.1,1,09:55:13.360773030
2319.1,1,09:55:13.361354581
2319.1,1,09:55:13.500904737
2319.2,4,09:55:13.717051048
2319.1,1,09:55:13.782810050
2319.3,1,09:55:14.388724581
2319.2,2,09:55:14.389918993
2319.3,1,09:55:14.645864823
2319.2,1,09:55:15.996404935
2319.1,1,09:55:15.996404935
2319.1,1,09:55:15.997221034
2319.0,1,09:55:16.970290034
2319.0,3,09:55:17.036069715
2318.9,7,09:55:17.036069715
2319.1,1,09:55:17.293140008
2319.1,1,09:55:17.393583404
2319.1,1,09:55:17.442704227
2319.1,1,09:55:18.745241401
2319.1,3,09:55:19.205824245
2319.1,1,09:55:19.206126578
2319.1,1,09:55:20.614291983
2319.1,1,09:55:22.126712624
2319.1,1,09:55:22.126739344
2319.2,3,09:55:22.684791562
2319.1,1,09:55:22.685575491
2319.1,1,09:55:22.685667839
2319.0,1,09:55:23.346029454
2319.0,1,09:55:23.346565964
2319.3,3,09:55:23.780362858
2319.2,7,09:55:23.780362858
2319.1,4,09:55:23.780362858
2319.2,1,09:55:23.783003510
2319.3,1,09:55:23.831728906
2319.3,1,09:55:23.831975875
2319.2,2,09:55:23.850967416
2319.0,1,09:55:23.850967416
2319.1,7,09:55:23.850967416
2319.3,1,09:55:24.206662657
2319.3,1,09:55:24.255971629
2319.2,1,09:55:24.486318330
2319.3,1,09:55:25.304104644
2319.1,1,09:55:26.270380107
2319.2,1,09:55:26.592502793
2319.4,1,09:55:27.041778879
2319.3,3,09:55:28.807101635
2319.4,1,09:55:28.951413911
2319.5,1,09:55:29.424597447
2319.5,2,09:55:29.426966417
2319.5,1,09:55:29.427400252
2319.4,1,09:55:29.496810267
2319.4,3,09:55:29.498651053
2319.5,4,09:55:30.045427856
2319.6,8,09:55:30.045427856
2319.6,2,09:55:30.046481305
2319.6,6,09:55:30.046699543
2319.4,2,09:55:30.169007905
2319.4,1,09:55:30.169644413
2319.4,1,09:55:30.169722704
2319.3,1,09:55:32.338881708
2319.5,1,09:55:33.060149848
2319.5,2,09:55:33.060412317
2319.4,1,09:55:33.730649985
2319.5,5,09:55:34.417238800
2319.6,7,09:55:34.417238800
2319.6,1,09:55:34.418711937
2319.6,7,09:55:34.418991782
2319.5,1,09:55:34.455298242
2319.5,1,09:55:34.536292057
2319.5,1,09:55:35.311996185
2319.5,1,09:55:35.608897486
2319.6,2,09:55:35.608897486
2319.4,2,09:55:36.563118456
2319.6,1,09:55:37.664043014
2319.6,1,09:55:37.664521334
2319.7,1,09:55:37.738796735
2319.7,1,09:55:37.739023171
2319.8,2,09:55:37.773248130
2319.7,2,09:55:38.075752425
2319.6,1,09:55:38.617243336
2319.4,2,09:55:41.085708328
2319.4,2,09:55:41.086691592
2319.4,2,09:55:41.086958936
2319.4,1,09:55:41.119175812
2319.4,1,09:55:41.263595610
2319.5,1,09:55:41.263595610
2319.4,1,09:55:41.264029360
2319.3,1,09:55:41.264947551
2319.4,1,09:55:42.142922128
2319.4,1,09:55:43.634745015
2319.4,1,09:55:43.635142242
2319.3,1,09:55:44.296969298
2319.3,1,09:55:44.301897372
2319.3,1,09:55:44.304937884
2319.5,1,09:55:45.591022296
2319.7,1,09:55:45.819564086
2319.7,1,09:55:46.012983082
2319.6,1,09:55:46.644903134
2319.6,1,09:55:48.544328804
2319.7,5,09:55:49.409467982
2319.6,2,09:55:49.409467982
2319.7,2,09:55:49.411163796
2319.7,2,09:55:49.445371318
2319.7,1,09:55:49.445419802
2319.7,3,09:55:49.445591015
2319.8,1,09:55:50.310824721
2319.7,1,09:55:50.311281729
2319.7,1,09:55:50.311504997
2319.7,1,09:55:50.762551693
2319.7,1,09:55:51.106541329
2319.7,1,09:55:51.388358492
2319.7,1,09:55:51.388968674
2319.7,1,09:55:51.389313177
2319.8,1,09:55:51.742237005
2319.7,3,09:55:51.785189026
2319.7,1,09:55:51.787412621
2319.7,1,09:55:51.787496296
2319.8,2,09:55:53.439450421
2319.8,2,09:55:53.439481186
2319.7,1,09:55:54.134098234
2319.9,1,09:55:57.002781035
2319.9,1,09:55:57.002997548
2320.0,1,09:55:57.012410710
2320.0,2,09:55:57.012457380
2320.1,1,09:55:57.032573613
2320.0,1,09:55:57.037623222
2319.9,1,09:55:57.038786881
2319.9,1,09:55:57.151206984
2320.0,1,09:55:57.432582726
2320.0,1,09:55:57.432821604
2320.0,1,09:55:57.433105693
2319.9,4,09:55:57.567665326
2320.0,4,09:55:57.567665326
2320.0,1,09:55:57.569294278
2319.9,1,09:55:59.943250361
2319.8,2,09:56:00.761529692
2319.8,1,09:56:00.762133980
2319.9,1,09:56:03.943557151
2319.8,2,09:56:04.022565710
2319.7,2,09:56:04.023501002
2319.5,1,09:56:04.277932333
2319.5,3,09:56:04.278296478
2319.5,1,09:56:04.457724328
2319.7,1,09:56:04.646754110
2319.7,1,09:56:04.850079018
2319.6,3,09:56:04.850174057
2319.7,1,09:56:04.850567742
2319.7,1,09:56:05.420833363
2319.6,4,09:56:05.564774274
2319.6,3,09:56:05.565285449
2319.7,1,09:56:05.566743117
2319.7,3,09:56:05.996528659
2319.8,1,09:56:06.022147640
2319.8,1,09:56:06.022399507
2319.7,1,09:56:06.554044038
2319.7,1,09:56:06.981126149
2319.7,2,09:56:07.646938272
2319.7,1,09:56:07.647816425
2319.7,1,09:56:08.830365489
2319.9,1,09:56:09.121564933
2319.7,1,09:56:09.659219964
2319.8,1,09:56:09.721443308
2319.8,1,09:56:09.723025620
2319.9,1,09:56:10.338801525
2319.8,1,09:56:10.422790079
2319.7,1,09:56:10.513669235
2319.7,1,09:56:10.514160081
2319.8,1,09:56:10.539331280
2319.8,1,09:56:10.539900258
2319.8,1,09:56:11.750227008
2319.8,1,09:56:12.305865934
2319.8,1,09:56:12.903060781
2319.8,1,09:56:15.342168469
2319.9,1,09:56:17.006245649
2320.1,1,09:56:18.633781411
2320.2,1,09:56:19.148921418
2320.1,1,09:56:19.149433042
2320.1,4,09:56:19.149658224
2320.0,1,09:56:19.151559404
2320.0,2,09:56:19.224033182
2320.2,2,09:56:20.577279627
2320.1,1,09:56:20.580861405
2320.0,1,09:56:20.660228995
2320.0,1,09:56:21.409339544
2320.0,1,09:56:23.487639398
2320.0,1,09:56:23.644741304
2320.0,2,09:56:23.644935130
2320.0,1,09:56:25.775912849
2319.9,2,09:56:26.065267066
2320.0,1,09:56:26.948630774
2319.8,2,09:56:27.306675499
2320.0,1,09:56:27.608183633
2319.8,1,09:56:28.379580005
2319.9,2,09:56:28.432349775
2319.8,1,09:56:29.998666713
2319.8,2,09:56:30.230512314
2319.9,1,09:56:30.776676226
2319.7,6,09:56:31.820762491
2319.8,1,09:56:32.262643911
2319.8,2,09:56:34.038307281
2319.8,1,09:56:34.039178934
2319.9,1,09:56:34.057694046
2320.0,1,09:56:34.057694046
2319.9,1,09:56:34.058612900
2320.0,2,09:56:34.984255863
2319.9,1,09:56:34.984255863
2320.0,3,09:56:35.138760166
2320.1,1,09:56:35.141275346
2320.1,1,09:56:35.141548439
2320.1,1,09:56:35.944608813
2320.1,2,09:56:35.945665215
2320.1,3,09:56:36.437685378
2320.2,1,09:56:37.230502997
2320.2,1,09:56:37.231217360
2320.3,1,09:56:37.781437871
2320.4,1,09:56:37.781449145
2320.2,5,09:56:38.091625388
2320.3,1,09:56:38.513795440
2320.3,2,09:56:39.244430681
2320.3,1,09:56:39.244626557
2320.3,1,09:56:39.245885798
2320.2,1,09:56:39.775698592
2320.3,1,09:56:41.826522590
2320.4,5,09:56:42.711693531
2320.4,1,09:56:42.712077859
2320.4,2,09:56:42.712137563
2320.4,4,09:56:42.712203650
2320.4,1,09:56:42.712340040
2320.4,4,09:56:42.712500977
2320.4,3,09:56:42.712500977
2320.4,3,09:56:42.712503662
2320.4,6,09:56:42.712779399
2320.4,3,09:56:42.712779399
2320.4,2,09:56:42.712779399
2320.4,3,09:56:42.712827638
2320.4,1,09:56:42.712827638
2320.4,4,09:56:42.713033312
2320.4,1,09:56:42.713070922
2320.4,6,09:56:42.713451433
2320.3,2,09:56:42.714045938
2320.3,1,09:56:42.727272994
2320.2,6,09:56:42.727272994
2320.1,1,09:56:42.727272994
2320.3,1,09:56:43.196051941
2320.3,1,09:56:43.196144861
2320.3,1,09:56:43.196181626
2320.3,1,09:56:44.020268862
2320.3,1,09:56:45.021755037
2320.3,2,09:56:45.616398635
2320.3,1,09:56:45.617175511
2320.3,1,09:56:47.114609173
2320.4,1,09:56:48.596008912
2320.4,1,09:56:48.596269714
2320.4,1,09:56:48.596295506
2320.4,2,09:56:48.596335992
2320.4,1,09:56:48.596441948
2320.3,1,09:56:48.622525004
2320.3,1,09:56:49.597970644
2320.3,2,09:56:49.598192044
2320.4,1,09:56:49.708358113
2320.5,2,09:56:49.726131610
2320.5,1,09:56:49.726149943
2320.5,1,09:56:49.726343730
2320.5,1,09:56:49.727115160
2320.5,4,09:56:52.551849964
2320.5,1,09:56:53.042639750
2320.5,1,09:56:53.154965817
2320.4,2,09:56:53.719675699
2320.4,1,09:56:53.750025219
2320.6,7,09:56:53.862002858
2320.5,3,09:56:53.862002858
2320.5,1,09:56:53.863492853
2320.5,1,09:56:53.863831391
2320.5,1,09:56:53.864241310
2320.5,1,09:56:54.017163434
2320.5,1,09:56:54.859911005
2320.5,1,09:56:55.095957972
2320.5,1,09:56:56.028621805
2320.7,5,09:56:56.066496261
2320.8,5,09:56:56.066496261
2320.8,1,09:56:56.066509521
2320.7,1,09:56:56.068664685
2320.8,1,09:56:56.099440348
2320.8,2,09:56:56.933850443
2320.8,3,09:56:57.122680892
2320.8,1,09:56:58.086799650
2320.8,1,09:56:58.589702625
2320.9,2,09:56:59.913221403
2321.0,1,09:57:00.176975422
2320.9,1,09:57:00.295251678
2320.9,2,09:57:00.395958391
2321.0,1,09:57:00.396034120
2320.9,1,09:57:00.396201560
2321.0,1,09:57:00.396538287
2321.1,4,09:57:00.805377520
2321.0,1,09:57:00.906252146
2321.1,1,09:57:01.381755613
2321.1,1,09:57:01.430712028
2321.0,1,09:57:01.522938045
2321.1,1,09:57:02.335792998
2321.0,1,09:57:02.336168385
2321.0,1,09:57:03.382373658
2321.0,1,09:57:03.732733647
2321.1,1,09:57:03.793089267
2321.0,1,09:57:03.794991629
2321.1,2,09:57:04.317042009
2320.9,2,09:57:04.606353113
2320.9,1,09:57:06.435899404
2320.9,1,09:57:06.436092050
2320.9,2,09:57:06.686859323
2321.0,1,09:57:06.994040262
2321.0,1,09:57:06.994737057
2320.9,1,09:57:07.856966034
2321.0,1,09:57:09.442199310
2321.0,1,09:57:09.442655694
2320.8,1,09:57:10.432842046
2320.8,1,09:57:10.433067299
2320.8,6,09:57:10.433142788
2320.8,1,09:57:10.434043974
2320.9,2,09:57:12.045524174
2321.1,1,09:57:12.570210784
2321.0,1,09:57:13.316683661
2320.8,1,09:57:14.715245057
2320.9,1,09:57:16.398294944
2320.8,2,09:57:16.399089280
2320.8,1,09:57:16.399356076
2320.8,1,09:57:16.625694636
2320.7,5,09:57:16.630709473
2320.6,1,09:57:17.032307690
2320.6,1,09:57:17.033044425
2320.6,1,09:57:17.040976809
2320.8,1,09:57:18.474786606
2321.1,5,09:57:19.919318620
2321.0,2,09:57:20.375712099
2321.0,3,09:57:20.376765681
2321.0,1,09:57:20.377865025
2320.8,2,09:57:20.708987031
2320.7,2,09:57:20.711938092
2320.7,1,09:57:20.712129436
2320.6,1,09:57:21.208048038
2320.6,1,09:57:21.651397572
2320.6,1,09:57:24.870582929
2320.5,1,09:57:24.912084258
2320.7,1,09:57:24.948929058
2320.5,1,09:57:27.051487637
2320.4,1,09:57:27.051499606
2320.5,1,09:57:27.051830235
2320.4,1,09:57:27.233883656
2320.4,1,09:57:27.937473221
2320.3,2,09:57:30.038631839
2320.3,1,09:57:30.939042584
2320.5,1,09:57:31.204936896
2320.5,1,09:57:31.305788853
2320.4,4,09:57:33.595697481
2320.5,2,09:57:33.821211569
2320.4,1,09:57:34.805471395
2320.2,6,09:57:35.214255057
2320.2,1,09:57:36.490567076
2320.2,1,09:57:36.490655772
2320.3,1,09:57:38.954746277
2320.3,2,09:57:38.954918140
2320.4,1,09:57:39.549376798
2320.4,1,09:57:40.874488246
2320.3,1,09:57:43.749114549
2320.3,2,09:57:43.828608882
2320.4,2,09:57:44.931141705
2320.5,2,09:57:46.589272842
2320.3,1,09:57:49.176171275
2320.2,2,09:57:49.368686345
2320.1,1,09:57:50.036613384
2320.1,3,09:57:50.036896039
2320.1,1,09:57:50.037887982
2320.2,1,09:57:50.145096245
2320.1,1,09:57:50.613940682
2320.0,2,09:57:51.107477276
2320.2,3,09:57:52.641569916
2320.2,2,09:57:52.641658596
2320.3,1,09:57:53.030254445
2320.2,1,09:57:55.631799283
2320.2,1,09:57:55.632027521
2320.3,1,09:57:57.387736917
2320.5,1,09:57:58.090597811
2320.5,1,09:57:58.090645261
2320.5,1,09:57:58.090728403
2320.6,2,09:57:58.172784694
2320.7,1,09:57:58.278651996
2320.5,2,09:57:58.571216967
2320.5,1,09:58:00.212337237
2320.5,2,09:58:04.638656625
2320.5,5,09:58:04.638682936
2320.5,3,09:58:04.638928534
2320.5,2,09:58:04.693100476
2320.6,3,09:58:04.694198679
2320.6,2,09:58:04.883759092
2320.6,1,09:58:06.463129499
2320.6,1,09:58:06.463183052
2320.5,8,09:58:15.441772855
2320.6,3,09:58:15.441772855
2320.5,1,09:58:15.442948415
2320.5,1,09:58:15.443259016
2320.5,2,09:58:15.452261351
2320.5,1,09:58:15.452309601
2320.5,1,09:58:15.452334719
2320.5,1,09:58:15.452444648
2320.5,1,09:58:15.452478405
2320.5,1,09:58:15.452498510
2320.6,1,09:58:15.570646044
2320.5,1,09:58:15.759261909
2320.5,1,09:58:15.759444526
2320.5,1,09:58:15.760177479
2320.5,1,09:58:17.951981580
2320.5,1,09:58:17.952232619
2320.6,1,09:58:19.667363818
2320.7,1,09:58:20.097374048
2320.7,5,09:58:20.097667408
2320.7,1,09:58:20.097897505
2320.6,2,09:58:20.098194644
2320.5,1,09:58:20.099215586
2320.5,1,09:58:20.099581388
2320.5,1,09:58:20.105902754
2320.6,1,09:58:20.116062623
2320.4,1,09:58:22.716956901
2320.4,1,09:58:22.806641116
2320.5,1,09:58:26.123683039
2320.5,2,09:58:26.673839928
2320.5,3,09:58:26.676572503
2320.4,1,09:58:27.548535987
2320.4,1,09:58:28.568245270
2320.4,1,09:58:28.568288292
2320.4,2,09:58:28.569760207
2320.3,4,09:58:31.004387848
2320.4,1,09:58:31.317343450
2320.3,2,09:58:31.900040485
2320.4,1,09:58:33.918600588
2320.3,2,09:58:34.419858106
2320.3,2,09:58:35.271993112
2320.3,4,09:58:37.221247399
2320.4,3,09:58:37.695239830
2320.4,1,09:58:37.695510731
2320.3,1,09:58:38.204551898
2320.5,1,09:58:40.351268874
2320.5,1,09:58:40.351830418
2320.8,1,09:58:44.604272523
2320.8,1,09:58:44.604535363
2320.7,1,09:58:44.853584609
2320.7,3,09:58:45.904869063
2320.6,3,09:58:45.905032471
2320.5,2,09:58:45.905092057
2320.4,2,09:58:45.905149687
2320.3,2,09:58:47.637485723
2320.5,3,09:58:48.552901610
2320.5,2,09:58:48.552942906
2320.4,1,09:58:53.852803996
2320.2,3,09:58:55.272871758
2320.2,2,09:58:55.273217778
2320.2,1,09:58:55.461584625
2320.2,1,09:58:55.555458920
2320.1,1,09:58:57.151139765
2320.1,3,09:58:57.151521488
2320.0,3,09:58:57.322405875
2320.0,2,09:58:57.322615066
2319.8,1,09:58:57.839498681
2319.7,1,09:58:57.839510850
2319.8,1,09:58:57.839664607
2319.7,7,09:58:57.982629683
2319.7,1,09:58:57.982851269
2319.7,1,09:58:57.982932845
2319.6,1,09:59:00.007104671
2319.6,1,09:59:00.007572533
2319.6,3,09:59:00.007990561
2319.6,1,09:59:00.008379596
2319.4,1,09:59:00.202707418
2319.5,3,09:59:01.230823799
2319.4,1,09:59:03.970493873
2319.3,1,09:59:05.136518199
2319.2,2,09:59:05.136531146
2319.2,3,09:59:06.189388171
2319.1,1,09:59:06.189388171
2319.3,1,09:59:06.995212630
2319.3,1,09:59:07.826865525
2319.4,1,09:59:08.406796593
2319.4,2,09:59:09.842566842
2319.4,1,09:59:09.931890915
2319.5,1,09:59:10.001281040
2319.4,1,09:59:10.011590424
2319.5,3,09:59:11.965780039
2319.6,1,09:59:12.856855540
2319.7,1,09:59:13.668597514
2319.7,1,09:59:15.795734411
2319.6,1,09:59:16.513347940
2319.6,3,09:59:16.513592955
2319.7,1,09:59:18.226352572
2319.5,2,09:59:20.776893824
2319.6,1,09:59:20.777055805
2319.5,1,09:59:20.984754715
2319.5,1,09:59:22.337861265
2319.5,1,09:59:22.338198914
2319.5,1,09:59:24.563022911
2319.4,1,09:59:25.139643358
2319.4,1,09:59:27.170029863
2319.4,1,09:59:27.170450761
2319.3,1,09:59:30.098507965
2319.3,1,09:59:30.103798123
2319.2,1,09:59:30.321486669
2319.4,1,09:59:32.559798641
2319.5,1,09:59:32.757310722
2319.5,1,09:59:33.728423985
2319.6,3,09:59:37.384782959
2319.4,1,09:59:38.556285103
2319.4,10,09:59:38.896142394
2319.3,2,09:59:38.896399110
2319.4,1,09:59:40.143849866
2319.4,1,09:59:40.144050363
2319.3,1,09:59:40.324366927
2319.4,1,09:59:41.124937182
2319.4,1,09:59:41.125219780
2319.3,1,09:59:42.277686358
2319.4,1,09:59:42.278072600
2319.5,2,09:59:42.519587675
2319.5,1,09:59:42.520260996
2319.4,2,09:59:43.688759057
2319.5,1,09:59:44.834278623
2319.4,2,09:59:50.421737509
2319.3,1,09:59:50.987457794
2319.2,4,09:59:50.987806044
2319.0,1,09:59:50.996722578
2319.3,1,09:59:51.125479106
2319.3,1,09:59:51.125741403
2319.1,1,09:59:53.156953751
2319.1,1,09:59:54.088181936
2319.2,3,09:59:54.088402520
2318.8,1,09:59:55.322862469
2318.9,2,09:59:55.323086893
2319.1,2,09:59:55.323887773
2318.8,3,09:59:55.962908084
2318.4,2,09:59:55.962908084
2318.5,1,09:59:55.962908084
2318.7,2,09:59:55.962908084
2318.1,1,09:59:55.962941809
2318.2,1,09:59:55.962941809
2318.3,5,09:59:55.962941809
2318.3,1,09:59:55.962941809
2318.0,1,09:59:55.962967638
2318.0,1,09:59:55.962974073
2318.0,1,09:59:55.962981795
2318.0,1,09:59:55.962988067
2318.0,1,09:59:55.963079496
2318.4,2,09:59:55.963592774
2318.4,1,09:59:55.964533692
2318.4,1,09:59:55.964571586
2318.4,1,09:59:55.964591443
2318.4,1,09:59:55.964646774
2318.4,1,09:59:55.964667876
2318.3,1,09:59:55.964978347
2318.3,1,09:59:55.965071305
2318.4,1,09:59:55.965071305
2318.4,1,09:59:55.965307899
2318.4,2,09:59:55.965307899
2318.4,2,09:59:55.965345199
2318.4,2,09:59:55.965398624
2318.4,2,09:59:55.965481928
2318.4,2,09:59:55.965507666
2318.4,1,09:59:55.965760228
2318.4,2,09:59:55.965763322
2318.4,2,09:59:55.965807544
2318.4,3,09:59:55.965807544
2318.4,1,09:59:55.965845483
2318.4,3,09:59:55.965939032
2318.4,1,09:59:55.966047783
2318.2,1,09:59:55.966111970
2318.4,1,09:59:55.966342391
2318.4,1,09:59:55.966450978
2318.4,1,09:59:55.966710523
2318.4,1,09:59:55.971187371
2318.4,1,09:59:55.971566387
2318.3,1,09:59:55.977378065
2318.3,2,09:59:55.977591536
2318.4,1,09:59:55.978164520
2318.4,1,09:59:55.978239352
2318.5,1,09:59:55.978447239
2318.7,1,09:59:55.996757240
2318.6,2,09:59:56.020207360
2318.5,1,09:59:56.020452616
2318.4,1,09:59:56.024384727
2318.7,1,09:59:56.028371483
2318.4,1,09:59:56.266849138
2318.1,2,09:59:57.005561749
2318.1,1,09:59:57.005838869
2318.1,1,09:59:57.012378661
2318.1,1,09:59:57.029931776
2318.1,1,09:59:57.030652331
2318.0,4,09:59:57.031048067
2318.4,1,09:59:57.578957300
2318.4,1,09:59:57.760182175
2318.5,1,09:59:57.760708726
2318.4,1,09:59:57.760708726
2318.5,3,09:59:57.760988446
2318.5,2,09:59:57.852699946
2318.6,1,09:59:57.853046565
2318.5,2,09:59:57.853272057
2318.5,1,09:59:57.853473597
2318.5,2,09:59:57.853713983
2318.7,2,09:59:57.953854132
2318.2,3,09:59:58.371166370
2318.1,3,09:59:58.372234668
2318.4,2,09:59:59.021394519
2318.1,3,09:59:59.374169936
2318.5,1,09:59:59.374573471
2318.5,1,09:59:59.374788784
2318.5,1,09:59:59.555007231
2318.6,1,09:59:59.679940989
2318.6,1,10:00:00.017921349
2318.6,1,10:00:00.018144726
2318.7,2,10:00:00.065005615
2318.1,1,10:00:00.111758739
2318.1,5,10:00:00.317370974
2317.9,3,10:00:00.317370974
2317.8,2,10:00:00.317387441
2317.5,10,10:00:00.317387441
2317.4,6,10:00:00.317387441
2317.5,4,10:00:00.317387441
2317.6,1,10:00:00.317387441
2317.7,3,10:00:00.317387441
2317.7,1,10:00:00.317387441
2317.4,4,10:00:00.317487719
2317.4,1,10:00:00.317495002
2317.3,1,10:00:00.317495002
2317.3,2,10:00:00.317502788
2317.3,1,10:00:00.317502788
2317.9,1,10:00:00.317901883
2317.9,2,10:00:00.317901883
2317.8,2,10:00:00.319133265
2317.9,1,10:00:00.319133265
2317.9,3,10:00:00.319258778
2317.9,1,10:00:00.319523491
2317.8,1,10:00:00.319561875
2317.8,1,10:00:00.319630260
2317.9,4,10:00:00.319630260
2317.8,1,10:00:00.319686297
2318.0,2,10:00:00.320291929
2318.1,3,10:00:00.417805735
2317.5,1,10:00:00.490784209
2318.1,1,10:00:00.515993004
2318.1,1,10:00:00.516200573
2318.3,1,10:00:00.537543589
2318.4,1,10:00:00.537555448
2318.3,1,10:00:00.537555448
2318.4,1,10:00:00.868405532
2318.3,1,10:00:01.112293806
2318.3,3,10:00:01.112547398
2318.2,2,10:00:01.113052829
2318.2,2,10:00:01.113632941
2318.1,2,10:00:01.630838079
2318.1,1,10:00:01.631056292
2318.3,2,10:00:01.695375487
2317.8,1,10:00:02.175649333
2318.3,1,10:00:02.865560456
2318.3,1,10:00:02.866248684
2318.3,1,10:00:02.866375291
2318.3,1,10:00:02.866800775
2318.4,1,10:00:02.866800775
2318.4,2,10:00:02.901131143
2318.5,5,10:00:02.901526895
2318.6,1,10:00:02.901858309
2318.6,1,10:00:02.902558554
2318.4,1,10:00:02.941912463
2318.6,1,10:00:02.942354309
2318.4,1,10:00:02.946959461
2318.7,3,10:00:03.129849824
2318.6,1,10:00:03.130431170
2318.6,2,10:00:03.130648602
2318.5,1,10:00:03.130873017
2318.5,2,10:00:03.130921430
2318.4,3,10:00:03.131211256
2318.4,3,10:00:03.131265783
2318.3,5,10:00:03.131597460
2318.2,3,10:00:03.132031391
2318.1,3,10:00:03.132585389
2318.1,3,10:00:03.226766029
2318.0,1,10:00:03.226766029
2318.1,1,10:00:03.610868523
2318.1,1,10:00:03.611122467
2318.2,2,10:00:03.611512920
2317.8,1,10:00:04.094972192
2318.0,1,10:00:04.169992193
2318.0,1,10:00:04.170090450
2318.1,2,10:00:04.170538841
2318.3,2,10:00:04.373657499
2318.3,2,10:00:04.373946516
2318.3,1,10:00:04.374483890
2318.3,1,10:00:04.689916600
2318.1,3,10:00:04.935734226
2318.3,2,10:00:05.122701755
2318.3,1,10:00:05.122782041
2318.3,1,10:00:05.122868280
2318.3,1,10:00:05.691356379
2318.5,1,10:00:05.995498213
2318.6,1,10:00:05.995498213
2318.5,1,10:00:05.996481126
2318.4,3,10:00:06.136438279
2318.5,1,10:00:06.136497170
2318.4,1,10:00:06.154723841
2318.3,1,10:00:06.182672810
2318.3,1,10:00:06.182875185
2318.5,1,10:00:06.190522562
2318.3,1,10:00:06.664411883
2318.5,1,10:00:06.674769960
2318.6,4,10:00:06.976432454
2318.6,1,10:00:07.019807707
2318.7,1,10:00:07.095382657
2318.8,1,10:00:07.234046529
2318.8,1,10:00:07.597355360
2318.8,1,10:00:07.597407373
2318.9,1,10:00:07.598016099
2318.8,1,10:00:07.601907397
2318.9,2,10:00:07.969096001
2319.0,5,10:00:07.969911207
2319.1,2,10:00:07.970593148
2319.2,1,10:00:07.970607750
2319.0,1,10:00:07.983546718
2319.0,1,10:00:07.983732145
2319.0,1,10:00:07.984005812
2318.9,4,10:00:08.008286284
2319.2,1,10:00:08.008328381
2318.8,1,10:00:08.061032357
2318.9,1,10:00:08.061535190
2318.7,1,10:00:08.161895405
2318.5,1,10:00:09.136744836
2318.7,2,10:00:09.268009295
2318.7,1,10:00:09.268291896
2318.9,2,10:00:10.466256886
2319.0,1,10:00:10.515930800
2319.1,2,10:00:10.525281560
2319.2,1,10:00:10.533453910
2319.1,2,10:00:10.535072078
2319.0,1,10:00:10.649412655
2319.0,2,10:00:10.649645461
2319.2,2,10:00:11.076420424
2319.3,3,10:00:11.077174646
2319.4,1,10:00:11.079203302
2319.5,2,10:00:11.079216307
2319.3,3,10:00:11.087498817
2319.3,1,10:00:11.088057628
2319.2,2,10:00:11.091493012
2319.1,3,10:00:11.770756621
2319.1,1,10:00:11.771033040
2319.1,1,10:00:11.771601477
2318.9,1,10:00:11.773826184
2318.9,2,10:00:11.775226583
2318.9,1,10:00:11.917463639
2318.5,2,10:00:11.946830166
2318.6,4,10:00:11.946830166
2318.7,4,10:00:11.946830166
2318.8,2,10:00:11.946830166
2318.9,1,10:00:11.946830166
2318.5,1,10:00:11.947032631
2318.5,2,10:00:11.947515814
2318.5,1,10:00:11.947609611
2318.5,3,10:00:11.947643664
2318.6,1,10:00:11.948830363
2318.7,1,10:00:11.949271309
2318.8,1,10:00:11.965194616
2319.6,6,10:00:13.366337359
2319.8,3,10:00:13.366337359
2319.9,6,10:00:13.366337359
2319.7,3,10:00:13.366337359
2319.0,6,10:00:13.366337359
2318.9,5,10:00:13.366337359
2319.2,4,10:00:13.366337359
2319.3,4,10:00:13.366337359
2319.4,5,10:00:13.366337359
2319.5,4,10:00:13.366337359
2319.1,4,10:00:13.366337359
2320.3,1,10:00:13.367603970
2320.5,3,10:00:13.367603970
2320.1,2,10:00:13.367603970
2320.2,4,10:00:13.367603970
2320.0,6,10:00:13.367603970
2320.4,3,10:00:13.367603970
2319.7,1,10:00:13.371337687
2319.9,1,10:00:13.371614720
2319.9,1,10:00:13.371846168
2319.9,2,10:00:13.372100931
2320.4,1,10:00:13.376535395
2320.5,1,10:00:13.376535395
2320.3,1,10:00:13.377113253
2320.3,1,10:00:13.379603940
2320.4,2,10:00:13.379891156
2320.3,1,10:00:13.380920565
2320.4,1,10:00:13.381177914
2320.2,1,10:00:13.381531864
2320.3,1,10:00:13.381633840
2320.5,2,10:00:13.382439481
2320.6,5,10:00:13.383093536
2320.7,2,10:00:13.384073854
2320.8,1,10:00:13.385077778
2320.8,2,10:00:13.385305636
2320.9,1,10:00:13.386394422
2320.9,2,10:00:13.392290468
2320.8,3,10:00:13.392576147
2320.9,1,10:00:13.392576147
2320.9,1,10:00:13.392678715
2321.0,1,10:00:13.392911904
2321.2,1,10:00:13.392922579
2321.1,2,10:00:13.392922579
2321.3,1,10:00:13.392933882
2320.9,1,10:00:13.393060473
2321.0,1,10:00:13.393461643
2321.0,1,10:00:13.409837983
2321.0,4,10:00:13.409925056
2321.1,1,10:00:13.410082512
2320.8,1,10:00:13.410707776
2320.9,1,10:00:13.411223012
2321.0,2,10:00:13.412113609
2320.7,1,10:00:13.413671436
2320.6,1,10:00:13.420834197
2320.5,1,10:00:13.420834197
2320.6,1,10:00:13.424203216
2320.7,1,10:00:13.426563849
2320.6,1,10:00:13.463135564
2320.7,2,10:00:13.463553864
2320.5,1,10:00:13.463616431
2320.6,2,10:00:13.475845949
2320.5,1,10:00:13.476595416
2320.6,1,10:00:13.506852221
2320.7,1,10:00:13.507118735
2320.6,1,10:00:13.507319389
2320.6,1,10:00:13.508398786
2320.7,3,10:00:13.558995981
2320.7,1,10:00:13.559216874
2320.7,1,10:00:13.559400396
2320.7,1,10:00:13.570169639
2320.8,1,10:00:13.592047572
2320.8,1,10:00:13.710291853
2320.7,4,10:00:13.711674350
2320.7,2,10:00:13.711975430
2320.7,1,10:00:13.712095867
2320.6,2,10:00:13.768065577
2320.7,1,10:00:13.813698284
2320.7,1,10:00:13.871199196
2320.7,1,10:00:13.875851501
2320.8,1,10:00:13.893270556
2320.9,1,10:00:14.028993250
2320.9,1,10:00:14.029196230
2321.2,1,10:00:14.068072665
2320.9,4,10:00:14.136328445
2321.2,1,10:00:14.200579905
2321.5,1,10:00:14.432339516
2321.5,1,10:00:14.432353029
2321.1,3,10:00:14.494016589
2321.1,3,10:00:14.494269342
2321.0,1,10:00:14.507655309
2320.9,3,10:00:14.510644127
2320.9,1,10:00:14.511267550
2320.9,1,10:00:14.512524639
2320.8,3,10:00:14.513652588
2320.7,1,10:00:14.524571253
2320.6,2,10:00:14.528800311
2320.6,1,10:00:14.529012846
2320.6,1,10:00:14.529674328
2320.5,2,10:00:14.540167593
2320.4,1,10:00:14.540179199
2320.7,1,10:00:14.598470092
2320.7,1,10:00:14.609580732
2320.8,1,10:00:14.640777198
2320.7,1,10:00:14.641129800
2321.0,1,10:00:14.678817916
2320.8,1,10:00:14.707979739
2320.7,1,10:00:14.739705025
2320.7,1,10:00:14.753533111
2320.7,1,10:00:14.758921121
2320.9,1,10:00:15.005549310
2320.6,1,10:00:15.024012536
2320.9,3,10:00:15.046701812
2321.0,1,10:00:15.048587914
2321.0,1,10:00:15.048777003
2320.9,1,10:00:15.049092562
2321.0,1,10:00:15.241264235
2321.0,1,10:00:15.261741794
2321.1,1,10:00:15.355951129
2321.6,1,10:00:15.474711755
2321.6,1,10:00:15.475900115
2321.5,2,10:00:15.476271617
2321.5,1,10:00:15.477498358
2321.3,2,10:00:15.884529269
2321.3,1,10:00:15.884564342
2321.5,1,10:00:16.076530556
2321.6,1,10:00:16.082897414
2321.6,1,10:00:16.123024622
2321.4,3,10:00:16.359287672
2321.2,2,10:00:16.363463306
2321.1,1,10:00:16.372307625
2321.0,1,10:00:16.372914661
2320.8,4,10:00:16.509511012
2320.9,1,10:00:16.573828314
2320.9,2,10:00:16.634183298
2320.9,2,10:00:16.634256694
2320.8,1,10:00:16.775436393
2320.8,1,10:00:16.840066352
2320.9,1,10:00:16.947784647
2320.9,2,10:00:16.956780912
2321.1,2,10:00:17.122748104
2321.0,2,10:00:17.122748104
2320.9,3,10:00:17.366472341
2320.8,2,10:00:17.366472341
2320.8,1,10:00:17.396016923
2320.6,3,10:00:17.786119607
2320.7,2,10:00:17.786119607
2321.1,1,10:00:17.791295075
2321.0,4,10:00:17.791295075
2320.9,5,10:00:17.791295075
2320.8,4,10:00:17.854389295
2320.6,1,10:00:17.905963954
2320.4,1,10:00:17.922117782
2320.4,1,10:00:17.922169918
2320.5,5,10:00:18.118315081
2320.3,1,10:00:18.140667698
2320.4,1,10:00:18.350675031
2320.2,1,10:00:18.503644953
2320.4,1,10:00:18.604052800
2320.2,4,10:00:18.649258847
2320.2,1,10:00:18.649602195
2320.3,1,10:00:18.650683468
2320.3,1,10:00:18.650906893
2320.1,2,10:00:18.712336992
2320.2,1,10:00:18.712336992
2320.3,3,10:00:18.763353928
2320.4,1,10:00:18.763353928
2320.1,1,10:00:18.804422794
2320.1,3,10:00:19.139517883
2320.0,2,10:00:19.139517883
2320.2,1,10:00:19.140853187
2320.2,3,10:00:19.477954998
2320.2,1,10:00:19.494419935
2320.2,2,10:00:19.494627046
2320.1,3,10:00:19.512143150
2320.1,2,10:00:19.512208677
2320.2,1,10:00:19.657495670
2320.3,1,10:00:20.044347634
2320.2,4,10:00:20.066319170
2320.1,1,10:00:20.066319170
2320.2,1,10:00:20.067159409
2320.3,1,10:00:20.086309986
2320.3,1,10:00:20.174533621
2320.2,3,10:00:20.241471542
2320.4,1,10:00:20.340351580
2320.4,2,10:00:20.340605144
2320.6,2,10:00:20.434501875
2320.5,2,10:00:20.434501875
2320.3,3,10:00:20.638029596
2320.3,3,10:00:20.865655238
2320.2,2,10:00:20.865776252
2320.2,2,10:00:21.747018736
2320.1,2,10:00:21.749295834
2320.1,1,10:00:21.749706994
2320.2,3,10:00:22.612979413
2320.0,1,10:00:22.742258597
2320.1,4,10:00:22.742258597
2320.2,1,10:00:23.166741760
2320.2,2,10:00:23.640608217
2320.2,1,10:00:23.640725681
2320.3,1,10:00:23.680835347
2320.3,3,10:00:23.680848956
2320.4,1,10:00:23.680848956
2320.4,1,10:00:23.721535564
2320.3,1,10:00:23.721535564
2320.2,1,10:00:23.781240253
2320.0,4,10:00:24.202518576
2319.9,3,10:00:24.531817869
2319.9,3,10:00:24.531873583
2319.8,2,10:00:24.532895530
2319.8,1,10:00:24.533273211
2319.9,1,10:00:24.534179079
2319.7,4,10:00:24.604947742
2319.6,2,10:00:24.605385102
2319.7,1,10:00:24.822585442
2319.7,1,10:00:24.822703344
2319.7,2,10:00:24.822873255
2319.7,1,10:00:24.823449472
2319.8,1,10:00:24.824408733
2319.8,1,10:00:24.824503029
2319.7,1,10:00:24.840375502
2319.8,2,10:00:24.892407036
2319.8,2,10:00:25.243709647
2319.7,2,10:00:25.509838725
2319.7,1,10:00:25.510679849
2320.0,4,10:00:27.400393140
2320.0,3,10:00:27.400562203
2320.0,2,10:00:27.400672493
2320.0,2,10:00:27.400731108
2320.0,1,10:00:27.400767337
2320.0,1,10:00:27.400813837
2319.9,4,10:00:27.544275435
2320.0,1,10:00:27.544335131
2319.8,3,10:00:27.545087668
2319.7,1,10:00:27.546385511
2319.7,2,10:00:27.571085938
2319.6,2,10:00:28.812804428
2319.6,1,10:00:28.813010230
2319.5,2,10:00:28.894354463
2319.4,1,10:00:28.895067280
2319.4,3,10:00:28.895270794
2319.5,1,10:00:28.896059188
2319.4,1,10:00:28.896149923
2319.6,6,10:00:29.156679458
2319.5,2,10:00:29.156679458
2319.7,2,10:00:29.156679458
2319.5,2,10:00:29.609608416
2319.5,1,10:00:29.609888320
2319.5,1,10:00:29.615368558
2319.4,2,10:00:30.335834446
2319.3,2,10:00:30.364655022
2319.3,1,10:00:30.411667042
2319.3,1,10:00:30.489230749
2319.2,2,10:00:30.634646360
2319.1,4,10:00:30.634646360
2319.2,1,10:00:30.636289356
2318.9,4,10:00:30.812363519
2318.8,4,10:00:30.812363519
2319.0,4,10:00:30.812363519
2318.7,9,10:00:30.812363519
2318.6,9,10:00:30.812363519
2318.8,1,10:00:30.814122204
2318.8,1,10:00:30.814760527
2318.8,1,10:00:30.816277569
2318.5,6,10:00:30.816542003
2318.6,4,10:00:30.816542003
2318.9,1,10:00:30.816760043
2318.9,1,10:00:30.816827302
2318.9,1,10:00:30.817074702
2318.9,2,10:00:30.817242517
2318.9,1,10:00:30.818303562
2318.9,3,10:00:30.818678516
2318.8,2,10:00:30.818678516
2318.8,1,10:00:30.820171084
2319.0,3,10:00:30.820675859
2319.0,1,10:00:30.820713687
2319.1,4,10:00:30.821357601
2319.1,1,10:00:30.823497878
2319.0,2,10:00:31.085187501
2318.9,1,10:00:31.097990092
2318.8,2,10:00:31.099277727
2319.0,1,10:00:31.359496383
2318.8,3,10:00:31.539110112
2318.7,5,10:00:31.539110112
2318.6,3,10:00:31.539835400
2318.4,6,10:00:31.540473233
2318.5,3,10:00:31.540473233
2318.3,1,10:00:31.540473233
2318.6,1,10:00:31.542109859
2318.6,1,10:00:31.542579628
2318.3,6,10:00:31.543253267
2318.2,4,10:00:31.544619656
2318.3,1,10:00:31.544619656
2318.1,3,10:00:31.546127232
2318.1,3,10:00:31.546418259
2318.0,4,10:00:31.547832752
2318.0,1,10:00:31.547869018
2318.0,1,10:00:31.550645429
2318.0,1,10:00:31.550777508
2318.0,1,10:00:31.550843692
2318.0,1,10:00:31.551290879
2318.1,2,10:00:31.650799699
2318.1,1,10:00:31.650834449
2318.1,1,10:00:31.650869386
2318.2,1,10:00:31.654570588
2318.1,1,10:00:31.769342166
2318.2,1,10:00:31.777431570
2318.1,1,10:00:31.813584632
2318.1,1,10:00:31.833582424
2318.0,1,10:00:31.921648729
2318.0,2,10:00:31.923461524
2318.1,3,10:00:31.973903518
2318.1,1,10:00:32.020817715
2318.0,1,10:00:32.021137405
2318.0,2,10:00:32.021810046
2317.9,3,10:00:32.022040455
2317.8,1,10:00:32.022053339
2318.0,2,10:00:32.159937944
2318.0,1,10:00:32.160455257
2318.0,4,10:00:32.362241743
2317.9,1,10:00:32.362241743
2318.1,1,10:00:32.362849445
2318.1,1,10:00:32.377431374
2318.3,2,10:00:32.641904284
2318.4,1,10:00:32.643075590
2318.4,3,10:00:32.652437613
2318.4,2,10:00:32.653024114
2318.4,1,10:00:32.653051087
2318.2,3,10:00:32.901641779
2318.3,2,10:00:32.901641779
2318.3,1,10:00:32.960355304
2318.4,1,10:00:32.960846831
2318.4,1,10:00:32.975244820
2318.5,1,10:00:33.069847329
2318.5,1,10:00:33.070097549
2318.6,6,10:00:33.315806371
2318.7,18,10:00:33.375869103
2318.7,4,10:00:33.376174252
2318.7,3,10:00:33.376295694
2318.7,4,10:00:33.376295694
2318.7,1,10:00:33.376373756
2318.7,6,10:00:33.376373756
2318.7,3,10:00:33.376461941
2318.7,6,10:00:33.376549898
2318.7,3,10:00:33.376549898
2318.7,3,10:00:33.376818156
2318.7,8,10:00:33.376818156
2318.7,5,10:00:33.376894535
2318.7,27,10:00:33.377021392
2318.7,1,10:00:33.377051959
2318.8,1,10:00:33.379428986
2318.8,1,10:00:33.381117004
2318.8,1,10:00:33.381150461
2318.8,1,10:00:33.381202430
2318.8,1,10:00:33.383547991
2318.8,1,10:00:33.383889041
2318.8,1,10:00:33.488894589
2318.7,2,10:00:33.498037212
2318.8,1,10:00:33.498116323
2318.8,1,10:00:33.498141489
2318.9,1,10:00:33.507013630
2318.8,3,10:00:33.764398654
2318.7,2,10:00:33.764398654
2318.8,1,10:00:33.765274266
2318.7,2,10:00:33.849325702
2318.6,3,10:00:33.849325702
2318.7,1,10:00:33.850347548
2318.7,1,10:00:33.884535724
2318.6,1,10:00:34.002119856
2318.7,1,10:00:34.048088708
2318.6,2,10:00:34.603865223
2318.6,3,10:00:34.604301285
2318.6,1,10:00:34.604607691
2318.5,5,10:00:34.651407981
2318.5,1,10:00:34.652828611
2318.4,2,10:00:35.039494271
2318.4,1,10:00:35.052654878
2318.4,1,10:00:35.052941412
2318.3,2,10:00:35.429731492
2318.4,1,10:00:35.429783080
2318.2,2,10:00:35.461552648
2318.3,1,10:00:35.461695080
2318.3,1,10:00:35.477682768
2318.4,2,10:00:35.636421939
2318.4,1,10:00:35.667845243
2318.2,2,10:00:35.828863321
2318.2,3,10:00:35.829452865
2318.4,3,10:00:36.010864601
2318.5,5,10:00:36.010864601
2318.5,3,10:00:36.011644181
2318.3,2,10:00:36.075790961
2318.3,2,10:00:36.109081555
2318.2,1,10:00:36.297465245
2318.3,1,10:00:36.401203875
2318.6,1,10:00:36.983895737
2318.8,1,10:00:37.313796205
2318.9,3,10:00:37.489247749
2318.9,1,10:00:37.489412028
2318.9,6,10:00:37.489480973
2318.9,1,10:00:37.489568702
2318.9,13,10:00:37.489695886
2319.0,3,10:00:37.491784488
2319.0,2,10:00:37.492035761
2319.0,1,10:00:37.492817239
2318.9,2,10:00:37.521110615
2318.9,1,10:00:37.521746577
2318.9,1,10:00:37.792449310
2319.0,1,10:00:38.088079614
2319.1,1,10:00:38.220518835
2319.1,1,10:00:38.220853402
2319.1,2,10:00:38.408489581
2318.9,4,10:00:38.408489581
2318.7,2,10:00:38.408489581
2319.0,4,10:00:38.408489581
2318.8,8,10:00:38.408489581
2319.0,1,10:00:38.410420349
2319.0,1,10:00:38.411366372
2319.0,1,10:00:38.412235948
2319.0,1,10:00:38.416762804
2319.0,1,10:00:38.522232231
2319.2,1,10:00:38.708472279
2319.3,1,10:00:38.996708443
2319.2,1,10:00:39.018122356
2319.4,4,10:00:39.230129134
2319.3,1,10:00:39.232453777
2319.3,1,10:00:39.240942789
2319.3,1,10:00:39.480499832
2319.4,1,10:00:39.527706165
2319.4,1,10:00:39.527961473
2319.4,2,10:00:39.632391582
2319.3,1,10:00:39.633453172
2319.4,1,10:00:40.040066852
2319.4,1,10:00:40.040329385
2319.5,1,10:00:40.290373457
2319.6,4,10:00:40.290387797
2319.4,1,10:00:40.413980177
2319.4,1,10:00:40.476864336
2319.5,1,10:00:40.540914535
2319.4,1,10:00:40.567239795
2319.5,1,10:00:40.574193538
2319.2,1,10:00:41.741905502
2319.2,2,10:00:41.742018176
2319.2,1,10:00:41.742047435
2319.1,1,10:00:41.744492140
2319.0,1,10:00:41.746343019
2319.0,1,10:00:41.746455459
2319.0,1,10:00:41.752896136
2319.0,1,10:00:41.753603882
2319.1,1,10:00:41.965709926
2319.1,1,10:00:42.034500086
2319.1,1,10:00:42.063005022
2319.0,1,10:00:42.678127873
2318.9,3,10:00:43.042116218
2318.8,2,10:00:43.042116218
2319.0,1,10:00:43.606707889
2318.9,2,10:00:43.780168865
2318.9,1,10:00:43.802438279
2319.0,1,10:00:43.990644248
2319.2,2,10:00:44.007557044
2319.3,2,10:00:44.008841141
2319.2,1,10:00:44.009470632
2319.2,1,10:00:44.079017903
2319.2,1,10:00:44.774948412
2319.1,1,10:00:45.789094304
2319.0,1,10:00:46.336440560
2318.8,1,10:00:46.609288902
2319.0,4,10:00:46.809738516
2319.1,3,10:00:46.809738516
2318.9,3,10:00:46.809738516
2318.8,3,10:00:46.892389295
2318.8,1,10:00:46.914889707
2318.9,1,10:00:47.141776336
2319.0,1,10:00:47.464766912
2319.0,1,10:00:47.590039593
2319.0,3,10:00:47.590136079
2319.3,1,10:00:47.779090221
2319.1,1,10:00:47.978933908
2319.0,1,10:00:48.472240372
2318.9,1,10:00:48.485057628
2318.8,1,10:00:48.557235964
2319.0,6,10:00:48.820295688
2318.9,2,10:00:48.820295688
2319.0,2,10:00:48.821124434
2319.0,2,10:00:48.821173126
2319.0,2,10:00:48.821277672
2319.0,2,10:00:48.821323471
2319.0,2,10:00:48.821400827
2319.0,1,10:00:48.821472086
2319.0,1,10:00:48.821569764
2319.0,3,10:00:48.821655286
2319.0,1,10:00:48.821730670
2319.0,1,10:00:48.821892805
2319.0,2,10:00:48.822664750
2319.1,2,10:00:48.822664750
2319.1,1,10:00:48.824061280
2319.1,3,10:00:49.430533696
2319.0,3,10:00:49.430533696
2319.0,1,10:00:49.526996022
2319.1,1,10:00:49.526996022
2319.0,1,10:00:49.802591579
2318.9,1,10:00:49.803788902
2318.9,1,10:00:49.812662149
2318.9,1,10:00:49.812839830
2318.8,1,10:00:49.824459328
2318.8,1,10:00:49.828007946
2318.6,2,10:00:50.041364003
2318.7,3,10:00:50.041364003
2318.7,1,10:00:50.042664772
2318.6,1,10:00:50.048743966
2318.7,2,10:00:50.052407487
2318.8,2,10:00:50.158898161
2318.8,1,10:00:50.159457698
2318.7,1,10:00:50.379145685
2318.7,1,10:00:50.470194073
2318.6,1,10:00:50.872293503
2318.3,1,10:00:50.901315853
2318.2,3,10:00:51.027188712
2318.1,1,10:00:51.079135633
2318.0,12,10:00:51.286350448
2318.1,3,10:00:51.746713448
2318.2,1,10:00:51.747940722
2318.3,1,10:00:51.831143126
2318.5,2,10:00:52.316207093
2318.4,3,10:00:52.316207093
2318.5,1,10:00:52.679537705
2318.6,1,10:00:53.169706770
2318.7,1,10:00:53.316141901
2318.7,1,10:00:53.320338120
2318.7,1,10:00:54.144150763
2318.8,2,10:00:54.223805212
2318.9,1,10:00:54.508074370
2318.9,1,10:00:54.508097891
2319.0,1,10:00:54.604208525
2319.0,1,10:00:55.122049675
2319.2,2,10:00:55.587896451
2319.4,2,10:00:55.611060994
2319.5,1,10:00:55.631618695
2319.5,3,10:00:55.719934712
2319.5,1,10:00:55.721518806
2319.4,1,10:00:55.828898211
