price,volume,timestamp
5060.75,1,14:31:48.528545831
5060.75,1,14:31:48.528627273
5060.75,1,14:31:48.528961816
5060.75,2,14:31:48.529155229
5060.75,1,14:31:48.540439178
5060.5,1,14:31:48.546562041
5060.5,1,14:31:48.546734105
5060.5,1,14:31:48.546770269
5060.5,3,14:31:48.546882380
5060.5,9,14:31:48.553879654
5060.5,2,14:31:48.553931540
5060.5,3,14:31:48.554003340
5060.5,1,14:31:48.554109777
5060.5,1,14:31:48.554471116
5060.5,1,14:31:48.556550617
5060.5,1,14:31:48.557800194
5060.5,2,14:31:48.558234251
5060.5,1,14:31:48.558557179
5060.5,2,14:31:48.558610002
5060.5,7,14:31:48.558782418
5060.5,1,14:31:48.558832199
5060.5,3,14:31:48.558981036
5060.5,1,14:31:48.559197659
5060.25,2,14:31:48.559747270
5060.5,1,14:31:48.562719541
5060.25,1,14:31:48.563287940
5060.5,6,14:31:48.565680490
5060.5,1,14:31:48.565855664
5060.25,5,14:31:48.571750158
5060.25,14,14:31:48.572087564
5060.25,3,14:31:48.572900409
5060.25,3,14:31:48.573209720
5060.25,3,14:31:48.573342926
5060.25,7,14:31:48.573558287
5060.25,1,14:31:48.573693176
5060.25,1,14:31:48.573859145
5060.25,1,14:31:48.573902496
5060.25,2,14:31:48.574115128
5060.25,2,14:31:48.574308450
5060.25,2,14:31:48.575425439
5060.25,1,14:31:48.575502688
5060.25,1,14:31:48.575601679
5060.25,5,14:31:48.575695866
5060.5,1,14:31:48.580240746
5060.5,1,14:31:48.580266494
5060.5,2,14:31:48.580353697
5060.5,3,14:31:48.580396136
5060.25,5,14:31:48.580460199
5060.5,1,14:31:48.580507509
5060.5,1,14:31:48.580611915
5060.5,1,14:31:48.580647829
5060.5,1,14:31:48.580720435
5060.25,1,14:31:48.580720435
5060.25,10,14:31:48.585030016
5060.25,2,14:31:48.590743738
5060.25,4,14:31:48.590875033
5060.25,1,14:31:48.590948846
5060.5,5,14:31:48.619567737
5060.75,7,14:31:48.629668731
5060.75,1,14:31:48.629933383
5060.5,10,14:31:48.630788478
5060.5,4,14:31:48.632456089
5060.5,2,14:31:48.632846738
5060.25,2,14:31:48.650843791
5060.25,1,14:31:48.651066055
5060.25,1,14:31:48.651145568
5060.25,6,14:31:48.651272623
5060.25,1,14:31:48.651302470
5060.25,3,14:31:48.651410092
5060.25,2,14:31:48.667585460
5060.25,2,14:31:48.667649209
5060.25,2,14:31:48.667826263
5060.25,2,14:31:48.683860464
5060.25,1,14:31:48.683893063
5060.25,1,14:31:48.683944264
5060.25,1,14:31:48.684084225
5060.25,2,14:31:48.684262242
5060.25,3,14:31:48.684323729
5060.25,2,14:31:48.684434389
5060.25,1,14:31:48.684666125
5060.0,12,14:31:48.690345913
5060.0,5,14:31:48.690361821
5060.0,2,14:31:48.690361821
5060.0,1,14:31:48.690361821
5060.0,3,14:31:48.690361821
5060.25,2,14:31:48.690641712
5060.25,1,14:31:48.690778178
5060.25,1,14:31:48.690951817
5060.25,1,14:31:48.691018172
5060.25,1,14:31:48.691089165
5060.0,1,14:31:48.705257462
5060.25,1,14:31:48.721075349
5060.25,2,14:31:48.721118588
5060.25,1,14:31:48.721225780
5060.25,1,14:31:48.721254065
5060.25,1,14:31:48.721279173
5060.25,5,14:31:48.721376244
5060.25,1,14:31:48.721459136
5060.25,3,14:31:48.721715566
5060.0,10,14:31:48.754062229
5060.0,3,14:31:48.754398091
5060.0,2,14:31:48.763410273
5060.0,7,14:31:48.763572667
5060.0,1,14:31:48.763602091
5060.0,1,14:31:48.763669005
5060.0,1,14:31:48.763712784
5060.0,38,14:31:48.763888705
5059.75,4,14:31:48.765041186
5059.75,1,14:31:48.765054834
5059.75,5,14:31:48.765054834
5059.75,10,14:31:48.765313976
5059.75,3,14:31:48.765739552
5059.75,2,14:31:48.765814703
5059.75,3,14:31:48.765974942
5059.75,1,14:31:48.766019067
5059.75,1,14:31:48.766053466
5059.75,6,14:31:48.766361910
5059.75,4,14:31:48.766707594
5059.75,1,14:31:48.766895899
5059.75,1,14:31:48.798725139
5059.75,2,14:31:48.799561303
5059.75,2,14:31:48.799725771
5059.75,1,14:31:48.799931333
5059.75,1,14:31:48.803927097
5059.75,2,14:31:48.804044219
5059.75,5,14:31:48.804142566
5059.75,1,14:31:48.807691937
5060.0,2,14:31:48.829457772
5060.0,1,14:31:48.829621560
5060.0,15,14:31:48.829754088
5060.0,5,14:31:48.842246500
5059.75,1,14:31:48.871025080
5059.75,1,14:31:48.871197618
5059.75,2,14:31:48.871276560
5059.5,2,14:31:48.876757286
5059.5,1,14:31:48.876768553
5059.5,3,14:31:48.876768553
5059.5,9,14:31:48.876768553
5059.5,1,14:31:48.876999729
5059.5,1,14:31:48.877902073
5059.5,1,14:31:48.878129201
5059.5,2,14:31:48.878169365
5059.5,2,14:31:48.878329436
5059.5,1,14:31:48.878387561
5059.5,1,14:31:48.878440522
5059.5,1,14:31:48.878466757
5059.5,1,14:31:48.878570954
5059.5,1,14:31:48.878608372
5059.5,1,14:31:48.878769422
5059.5,1,14:31:48.878944408
5059.75,5,14:31:48.882455013
5059.75,3,14:31:48.882507929
5059.75,1,14:31:48.882616450
5059.75,1,14:31:48.882780146
5059.75,1,14:31:48.882818876
5059.5,1,14:31:48.885137528
5059.75,14,14:31:48.916737330
5060.0,6,14:31:48.921486504
5060.0,1,14:31:48.921617585
5060.0,1,14:31:48.921651077
5060.0,1,14:31:48.921688220
5060.0,5,14:31:48.921727712
5060.0,6,14:31:48.953590326
5060.0,3,14:31:48.953662702
5060.0,1,14:31:48.954790488
5060.0,1,14:31:48.974139387
5060.0,10,14:31:48.991440257
5060.0,1,14:31:48.994584433
5060.0,3,14:31:49.076383475
5060.0,2,14:31:49.076596529
5060.0,1,14:31:49.076873695
5060.0,1,14:31:49.076927354
5059.75,5,14:31:49.103409328
5059.75,2,14:31:49.105252846
5059.75,1,14:31:49.105415877
5059.75,1,14:31:49.105458861
5059.75,10,14:31:49.105482999
5059.75,2,14:31:49.105577369
5059.75,3,14:31:49.105609731
5059.75,2,14:31:49.105685585
5059.75,3,14:31:49.105737161
5059.75,1,14:31:49.114946252
5059.75,1,14:31:49.117825241
5059.75,5,14:31:49.119281741
5059.75,2,14:31:49.143173909
5059.75,7,14:31:49.143425162
5059.75,10,14:31:49.184459724
5059.75,1,14:31:49.184603820
5059.75,3,14:31:49.184672209
5059.75,3,14:31:49.217815987
5059.75,2,14:31:49.218116797
5059.75,1,14:31:49.222059241
5059.75,1,14:31:49.222232009
5059.75,1,14:31:49.226083265
5059.75,3,14:31:49.226122266
5059.75,3,14:31:49.231162164
5059.75,2,14:31:49.231319673
5059.75,1,14:31:49.231361069
5059.75,1,14:31:49.231407644
5059.75,1,14:31:49.231524814
5060.0,2,14:31:49.293499092
5060.0,1,14:31:49.293683508
5060.0,8,14:31:49.304309751
5060.0,2,14:31:49.304441146
5060.0,3,14:31:49.304475412
5060.0,1,14:31:49.304506331
5060.0,1,14:31:49.304669595
5060.0,4,14:31:49.306163670
5060.0,1,14:31:49.325329209
5060.0,1,14:31:49.325357971
5060.0,4,14:31:49.325413767
5060.0,1,14:31:49.325656457
5059.75,2,14:31:49.357442141
5059.75,16,14:31:49.357598000
5059.75,1,14:31:49.357636298
5059.5,4,14:31:49.374794193
5059.5,3,14:31:49.374827211
5059.5,1,14:31:49.374873804
5059.5,1,14:31:49.391668204
5059.25,17,14:31:49.399448130
5059.25,2,14:31:49.399635178
5059.25,1,14:31:49.411231764
5059.0,20,14:31:49.453110581
5058.75,1,14:31:49.453138582
5058.75,1,14:31:49.453143127
5058.75,1,14:31:49.453149066
5058.75,1,14:31:49.453157239
5059.0,1,14:31:49.469988944
5059.0,1,14:31:49.471262660
5059.0,22,14:31:49.472497705
5059.25,2,14:31:49.480742374
5059.25,1,14:31:49.480855455
5059.25,1,14:31:49.480888563
5059.25,4,14:31:49.480964577
5059.25,7,14:31:49.481463099
5059.0,16,14:31:49.481463099
5059.25,1,14:31:49.481682921
5058.75,15,14:31:49.481682921
5059.0,12,14:31:49.481682921
5059.25,1,14:31:49.481761284
5059.25,2,14:31:49.481840175
5059.25,1,14:31:49.481840175
5059.0,1,14:31:49.482232071
5059.0,1,14:31:49.482581643
5059.0,1,14:31:49.482634175
5059.0,1,14:31:49.482664829
5059.0,2,14:31:49.482703713
5059.0,1,14:31:49.482832554
5059.0,1,14:31:49.482922396
5059.0,1,14:31:49.483081730
5058.75,1,14:31:49.506916729
5059.0,8,14:31:49.510942234
5059.0,1,14:31:49.511275249
5059.25,8,14:31:49.532055821
5059.25,1,14:31:49.532370800
5059.25,1,14:31:49.532402052
5059.25,1,14:31:49.532522432
5059.25,1,14:31:49.532557047
5059.25,1,14:31:49.532597099
5059.25,1,14:31:49.534836952
5059.25,2,14:31:49.534995125
5059.25,2,14:31:49.542091179
5059.5,5,14:31:49.574722303
5059.5,1,14:31:49.628248176
5059.5,1,14:31:49.628277540
5059.5,2,14:31:49.628312177
5059.5,4,14:31:49.628379711
5059.5,1,14:31:49.628626203
5059.5,6,14:31:49.628848175
5059.5,1,14:31:49.629010310
5059.5,1,14:31:49.629172405
5059.5,1,14:31:49.629217222
5059.5,1,14:31:49.629250170
5059.5,2,14:31:49.629569384
5059.5,1,14:31:49.629603118
5059.5,1,14:31:49.629636645
5059.5,1,14:31:49.629698855
5059.5,1,14:31:49.629743291
5059.5,1,14:31:49.629783299
5059.5,1,14:31:49.629862205
5059.5,2,14:31:49.629900251
5059.5,1,14:31:49.633035530
5059.75,2,14:31:49.655177301
5059.75,3,14:31:49.655246885
5060.0,1,14:31:49.687683540
5060.0,1,14:31:49.707003876
5059.75,10,14:31:49.766673989
5059.75,4,14:31:49.766890096
5059.75,4,14:31:49.766954831
5059.75,4,14:31:49.778348769
5059.75,1,14:31:49.778547348
5059.75,1,14:31:49.778575342
5059.75,2,14:31:49.778765815
5059.75,1,14:31:49.778914429
5060.0,1,14:31:49.793048919
5059.75,1,14:31:49.795494469
5059.75,5,14:31:49.797303334
5059.75,1,14:31:49.799059273
5059.5,2,14:31:49.805378412
5059.75,1,14:31:49.859099136
5059.75,2,14:31:49.875559443
5059.75,1,14:31:49.875804164
5059.75,3,14:31:49.875910823
5059.75,1,14:31:49.876049660
5059.75,1,14:31:49.881229275
5059.75,3,14:31:49.920537223
5059.75,1,14:31:49.940877329
5059.5,2,14:31:49.954022384
5059.5,3,14:31:49.954082331
5059.5,2,14:31:49.954156662
5059.5,1,14:31:49.954156662
5059.5,1,14:31:49.954225754
5059.5,1,14:31:49.954250401
5059.25,1,14:31:49.962920938
5059.25,3,14:31:49.963517189
5059.25,2,14:31:49.980395674
5059.25,1,14:31:49.980580087
5059.25,2,14:31:49.980683290
5059.25,1,14:31:49.980771106
5059.25,1,14:31:49.981014906
5059.25,3,14:31:49.981069630
5059.0,1,14:31:49.993080557
5059.0,1,14:31:50.004775801
5059.0,1,14:31:50.039580032
5059.0,7,14:31:50.039852699
5059.0,4,14:31:50.042082696
5059.0,1,14:31:50.042254160
5059.25,2,14:31:50.077831382
5059.25,1,14:31:50.078078798
5059.25,4,14:31:50.079687300
5059.0,1,14:31:50.089187467
5059.25,12,14:31:50.137290244
5059.25,4,14:31:50.137641205
5059.25,4,14:31:50.194814501
5059.25,1,14:31:50.195026176
5059.25,1,14:31:50.229410604
5059.5,13,14:31:50.284054783
5059.5,1,14:31:50.284475528
5059.5,1,14:31:50.284509145
5059.5,8,14:31:50.284613525
5059.5,2,14:31:50.284658783
5059.5,1,14:31:50.284793877
5059.5,1,14:31:50.284835795
5059.5,1,14:31:50.284951199
5059.5,1,14:31:50.284981432
5059.5,1,14:31:50.285031181
5059.5,4,14:31:50.303922640
5059.5,1,14:31:50.304186390
5059.5,1,14:31:50.304216323
5059.5,1,14:31:50.304266919
5059.75,1,14:31:50.337813666
5059.5,2,14:31:50.351962662
5059.5,9,14:31:50.361840518
5059.25,1,14:31:50.361840518
5059.5,1,14:31:50.362201613
5059.5,3,14:31:50.416049934
5059.25,2,14:31:50.438150728
5059.25,1,14:31:50.495269873
5059.5,1,14:31:50.495710605
5059.25,1,14:31:50.516423026
5059.25,1,14:31:50.518177640
5059.25,1,14:31:50.533350794
5059.25,1,14:31:50.533411518
5059.25,1,14:31:50.533484458
5059.25,3,14:31:50.533836439
5059.25,2,14:31:50.534032828
5059.25,1,14:31:50.534062069
5059.25,2,14:31:50.534109011
5059.25,1,14:31:50.537478753
5059.25,3,14:31:50.547183573
5059.25,1,14:31:50.547819125
5059.25,1,14:31:50.548019177
5059.5,5,14:31:50.556767817
5059.25,1,14:31:50.590874216
5059.25,1,14:31:50.592392177
5059.25,1,14:31:50.600390712
5059.25,3,14:31:50.606153573
5059.0,1,14:31:50.628653381
5059.5,8,14:31:50.629599461
5059.25,17,14:31:50.629599461
5059.5,1,14:31:50.678329010
5059.5,12,14:31:50.690597851
5059.75,4,14:31:50.699644643
5059.75,4,14:31:50.699825557
5059.75,4,14:31:50.700198785
5059.75,3,14:31:50.701646717
5059.75,3,14:31:50.701851052
5059.75,1,14:31:50.710123449
5059.75,5,14:31:50.710368995
5059.75,1,14:31:50.710675754
5059.75,2,14:31:50.710860606
5059.75,9,14:31:50.711344926
5059.75,1,14:31:50.711498570
5060.0,1,14:31:50.748679704
5059.75,1,14:31:50.781393476
5059.75,2,14:31:50.781589200
5059.75,1,14:31:50.781647914
5059.75,3,14:31:50.781715781
5059.75,1,14:31:50.781743827
5059.75,1,14:31:50.782005422
5059.75,2,14:31:50.782177816
5059.75,1,14:31:50.782479598
5059.75,1,14:31:50.782526552
5059.75,3,14:31:50.885791889
5060.0,1,14:31:50.905449984
5060.0,5,14:31:50.918135711
5060.0,3,14:31:50.918234158
5060.0,1,14:31:50.918234158
5060.0,1,14:31:50.918307961
5060.0,1,14:31:50.918380996
5060.0,8,14:31:50.957679961
5060.0,6,14:31:50.969456950
5060.0,4,14:31:50.969522142
5060.0,9,14:31:50.978829350
5060.25,12,14:31:51.013270565
5060.25,5,14:31:51.018022239
5060.5,1,14:31:51.034595377
5060.0,2,14:31:51.061196479
5060.25,13,14:31:51.061196479
5060.25,1,14:31:51.061654760
5060.25,1,14:31:51.061752624
5060.25,1,14:31:51.061831701
5060.25,1,14:31:51.062007129
5060.25,1,14:31:51.062035853
5060.25,1,14:31:51.062122453
5060.25,1,14:31:51.064167886
5060.25,1,14:31:51.072884676
5060.0,3,14:31:51.104955309
5060.0,10,14:31:51.105097988
5060.0,1,14:31:51.105136171
5060.0,1,14:31:51.105169465
5060.0,25,14:31:51.105204847
5060.0,1,14:31:51.105311509
5060.0,1,14:31:51.106870971
5060.0,4,14:31:51.107097058
5060.0,3,14:31:51.107360200
5060.0,1,14:31:51.107525954
5060.0,1,14:31:51.107584991
5060.0,5,14:31:51.107692597
5060.0,1,14:31:51.115196691
5060.0,1,14:31:51.115233763
5060.0,1,14:31:51.115501215
5060.0,1,14:31:51.123420530
5060.0,1,14:31:51.132008108
5060.0,1,14:31:51.178626548
5059.75,2,14:31:51.197620803
5059.75,8,14:31:51.281414511
5059.5,1,14:31:51.285657141
5059.75,1,14:31:51.297726881
5059.75,3,14:31:51.303550113
5059.75,8,14:31:51.363352227
5059.75,4,14:31:51.364536186
5059.75,3,14:31:51.378949567
5060.0,1,14:31:51.385647236
5060.0,5,14:31:51.399832587
5060.0,1,14:31:51.399971297
5060.0,1,14:31:51.400026588
5060.0,1,14:31:51.400089655
5060.0,2,14:31:51.400119803
5060.25,2,14:31:51.432642253
5060.25,3,14:31:51.432713589
5060.25,1,14:31:51.432773068
5060.25,1,14:31:51.432831649
5060.25,2,14:31:51.432898265
5060.25,6,14:31:51.433223765
5060.25,9,14:31:51.433492075
5060.25,1,14:31:51.433525413
5060.25,1,14:31:51.442519745
5060.0,2,14:31:51.480992095
5060.25,4,14:31:51.527485428
5060.25,3,14:31:51.527650721
5060.25,10,14:31:51.527999513
5060.25,2,14:31:51.528066826
5060.25,3,14:31:51.528161041
5060.0,1,14:31:51.558052287
5060.25,1,14:31:51.610865379
5060.25,7,14:31:51.619469610
5060.25,1,14:31:51.619870972
5060.5,1,14:31:51.680686707
5060.5,1,14:31:51.707398638
5060.25,1,14:31:51.729832636
5060.25,1,14:31:51.729992223
5060.25,1,14:31:51.730043657
5060.25,1,14:31:51.730183753
5060.25,4,14:31:51.730366586
5060.25,1,14:31:51.730592330
5060.25,2,14:31:51.832102801
5060.25,1,14:31:51.832177746
5060.25,3,14:31:51.906483414
5060.25,1,14:31:51.906649959
5060.25,2,14:31:51.906757853
5060.25,2,14:31:51.906952407
5060.25,1,14:31:51.911708234
5060.25,2,14:31:51.911879585
5060.25,2,14:31:51.918832464
5060.25,4,14:31:51.959867552
5060.25,2,14:31:51.960145280
5060.25,1,14:31:51.960315702
5060.25,1,14:31:51.986280638
5060.25,1,14:31:51.986453326
5060.25,2,14:31:51.986496536
5060.5,10,14:31:51.989275658
5060.5,4,14:31:52.027588903
5060.5,10,14:31:52.126843327
5060.5,1,14:31:52.143107914
5060.25,1,14:31:52.188738324
5060.5,1,14:31:52.230460482
5060.5,14,14:31:52.230736968
5060.5,13,14:31:52.231232766
5060.5,1,14:31:52.231375240
5060.5,1,14:31:52.231410796
5060.5,1,14:31:52.231491853
5060.5,1,14:31:52.239101210
5060.5,2,14:31:52.254887077
5060.25,12,14:31:52.284526620
5060.0,1,14:31:52.293620273
5060.0,1,14:31:52.294012527
5060.0,1,14:31:52.294050694
5060.0,1,14:31:52.294092535
5060.0,5,14:31:52.294150225
5060.0,3,14:31:52.294193580
5060.0,2,14:31:52.294513347
5060.0,5,14:31:52.295056077
5060.0,1,14:31:52.295165468
5060.0,1,14:31:52.295241054
5060.25,5,14:31:52.326925036
5060.25,6,14:31:52.331849887
5060.5,4,14:31:52.331849887
5060.25,10,14:31:52.345018267
5060.0,15,14:31:52.345018267
5060.25,1,14:31:52.397263953
5060.0,2,14:31:52.407297103
5060.0,2,14:31:52.407485804
5059.75,3,14:31:52.421047072
5060.5,9,14:31:52.472749809
5060.0,12,14:31:52.472749809
5060.25,29,14:31:52.472749809
5060.5,13,14:31:52.484636068
5060.75,1,14:31:52.605949274
5060.5,2,14:31:52.618500832
5060.5,1,14:31:52.618532803
5060.5,1,14:31:52.618767273
5060.5,1,14:31:52.618970006
5060.75,1,14:31:52.625278220
5060.75,1,14:31:52.708285795
5060.75,2,14:31:52.708473966
5060.75,8,14:31:52.708556858
5060.75,2,14:31:52.709029623
5060.75,3,14:31:52.709101777
5060.75,2,14:31:52.709101777
5060.75,4,14:31:52.709165352
5060.75,1,14:31:52.709351325
5060.75,2,14:31:52.709520570
5060.75,1,14:31:52.709586237
5060.75,1,14:31:52.709636936
5060.75,3,14:31:52.717709329
5060.75,2,14:31:52.719271208
5060.75,2,14:31:52.733172278
5060.75,4,14:31:52.842449813
5060.75,1,14:31:52.842596079
5060.75,1,14:31:52.842628218
5060.75,1,14:31:52.842795449
5061.0,1,14:31:52.859757670
5060.75,1,14:31:52.861662214
5060.75,6,14:31:52.918433360
5061.0,6,14:31:52.947127228
5061.0,2,14:31:52.970985274
5061.0,2,14:31:52.971084146
5061.0,2,14:31:52.974427666
5060.75,2,14:31:53.073354094
5060.75,2,14:31:53.073382616
5060.75,3,14:31:53.073495616
5060.75,1,14:31:53.089160207
5060.5,3,14:31:53.124005030
5060.5,1,14:31:53.183994678
5060.5,1,14:31:53.211387689
5060.5,2,14:31:53.262251355
5060.5,1,14:31:53.262281214
5060.5,2,14:31:53.262549492
5060.5,5,14:31:53.262784725
5060.5,1,14:31:53.262823116
5060.5,2,14:31:53.262883774
5060.5,4,14:31:53.391445239
5060.75,1,14:31:53.414548480
5060.5,4,14:31:53.441089898
5060.5,5,14:31:53.448069350
5060.5,2,14:31:53.490609609
5060.5,3,14:31:53.490648541
5060.5,2,14:31:53.490705960
5060.5,1,14:31:53.492392115
5060.75,4,14:31:53.500920197
5060.75,1,14:31:53.501071090
5060.75,1,14:31:53.501142022
5060.75,1,14:31:53.501197051
5060.75,3,14:31:53.501473091
5060.75,1,14:31:53.501556530
5060.75,1,14:31:53.501628516
5060.75,10,14:31:53.606332830
5061.0,1,14:31:53.617854358
5061.0,7,14:31:53.623018983
5061.0,1,14:31:53.623335233
5061.0,3,14:31:53.629618105
5061.0,10,14:31:53.658910187
5061.0,1,14:31:53.659069572
5061.0,1,14:31:53.659097548
5061.0,1,14:31:53.659141077
5061.0,1,14:31:53.659182208
5061.0,1,14:31:53.659429244
5061.0,3,14:31:53.661448698
5061.0,2,14:31:53.810730058
5061.0,1,14:31:53.810874608
5061.0,1,14:31:53.810925899
5061.25,5,14:31:53.973134315
5061.0,1,14:31:54.026616532
5061.0,1,14:31:54.026898240
5061.0,1,14:31:54.026944884
5061.0,1,14:31:54.035025735
5061.0,6,14:31:54.061428830
5061.0,2,14:31:54.061526128
5060.75,3,14:31:54.139696213
5060.75,1,14:31:54.139752107
5060.75,3,14:31:54.139823711
5060.75,1,14:31:54.191797408
5060.75,2,14:31:54.201326541
5060.75,6,14:31:54.201507991
5060.75,1,14:31:54.201816365
5060.5,1,14:31:54.273741949
5060.75,2,14:31:54.407092565
5060.75,2,14:31:54.407262072
5060.75,1,14:31:54.442394747
5060.75,3,14:31:54.443286382
5061.0,1,14:31:54.443331810
5060.75,4,14:31:54.446921089
5061.0,1,14:31:54.446921089
5061.0,1,14:31:54.524786581
5061.0,1,14:31:54.527342562
5061.0,10,14:31:54.592567758
5061.0,3,14:31:54.592614981
5061.0,1,14:31:54.592697459
5061.0,6,14:31:54.592769893
5061.0,4,14:31:54.643246900
5060.75,3,14:31:54.776272419
5060.75,3,14:31:54.776318881
5060.75,1,14:31:54.776354207
5060.75,7,14:31:54.776478018
5060.75,2,14:31:54.776568274
5060.75,1,14:31:54.776598844
5060.75,1,14:31:54.776841359
5060.75,2,14:31:54.777059908
5060.75,1,14:31:54.777372128
5060.75,2,14:31:54.813599287
5061.0,18,14:31:54.830684683
5061.0,2,14:31:54.830763764
5061.0,1,14:31:54.831046438
5061.0,1,14:31:54.831253492
5061.0,1,14:31:54.831289390
5061.0,1,14:31:54.831451147
5061.0,1,14:31:54.831538035
5061.0,1,14:31:54.855229274
5061.0,1,14:31:54.855259726
5061.0,1,14:31:54.855338461
5061.0,8,14:31:54.855835581
5061.0,1,14:31:54.855988499
5061.0,1,14:31:54.856037614
5061.0,2,14:31:54.863584096
5061.0,1,14:31:54.863743081
5061.0,6,14:31:54.896618895
5061.0,1,14:31:54.905320924
5061.0,1,14:31:54.905585527
5061.0,5,14:31:54.905769917
5061.0,1,14:31:54.913464760
5061.25,1,14:31:54.966405236
5061.25,3,14:31:54.966416526
5061.25,6,14:31:55.016878310
5061.25,1,14:31:55.017044810
5061.25,2,14:31:55.017448332
5061.0,2,14:31:55.061743931
5061.0,1,14:31:55.061818025
5061.0,5,14:31:55.061976009
5061.0,1,14:31:55.062122390
5060.75,4,14:31:55.077078880
5060.75,1,14:31:55.077833001
5060.5,4,14:31:55.125403107
5060.75,1,14:31:55.130234501
5060.75,1,14:31:55.132343494
5060.75,7,14:31:55.174259638
5060.75,2,14:31:55.174415859
5060.75,2,14:31:55.174658907
5060.75,1,14:31:55.174799709
5060.75,3,14:31:55.174899921
5060.5,14,14:31:55.316170743
5060.5,7,14:31:55.322226565
5060.5,2,14:31:55.322566226
5060.5,2,14:31:55.323926743
5060.5,1,14:31:55.324036621
5060.5,1,14:31:55.324102276
5060.5,2,14:31:55.366321905
5060.5,2,14:31:55.418269530
5060.75,2,14:31:55.425217209
5060.75,1,14:31:55.433854663
5060.75,1,14:31:55.446747573
5060.5,4,14:31:55.456098082
5060.5,1,14:31:55.539665281
5060.5,1,14:31:55.539684833
5060.5,2,14:31:55.539813361
5060.5,1,14:31:55.540048206
5060.5,3,14:31:55.540253807
5060.75,1,14:31:55.571940015
5060.5,1,14:31:55.594128040
5060.5,3,14:31:55.621756597
5060.5,1,14:31:55.622064066
5060.5,1,14:31:55.622116730
5060.5,2,14:31:55.930131338
5060.5,2,14:31:55.930234442
5060.5,1,14:31:55.930483445
5060.5,1,14:31:56.102281131
5060.25,7,14:31:56.120642199
5060.25,1,14:31:56.121130244
5060.25,1,14:31:56.122902997
5060.25,2,14:31:56.125733294
5060.25,2,14:31:56.125771288
5060.25,1,14:31:56.129178186
5060.25,6,14:31:56.129304940
5060.25,2,14:31:56.224205360
5060.25,2,14:31:56.224369396
5060.25,3,14:31:56.224586418
5060.25,1,14:31:56.224786927
5060.25,3,14:31:56.280007877
5060.25,4,14:31:56.283326220
5060.25,3,14:31:56.283374976
5060.25,2,14:31:56.283413610
5060.25,1,14:31:56.283465489
5060.25,1,14:31:56.283725812
5060.25,2,14:31:56.283896590
5060.25,1,14:31:56.284044542
5060.25,1,14:31:56.284412367
5060.25,2,14:31:56.312523811
5060.25,6,14:31:56.312593825
5060.25,2,14:31:56.314896489
5060.25,6,14:31:56.314991531
5060.5,1,14:31:56.364110662
5060.25,1,14:31:56.385754164
5060.25,3,14:31:56.435488873
5060.5,1,14:31:56.501182381
5060.5,4,14:31:56.509115794
5060.5,3,14:31:56.509176917
5060.5,2,14:31:56.509249058
5060.5,3,14:31:56.509249058
5060.5,3,14:31:56.509282428
5060.5,2,14:31:56.509371051
5060.5,2,14:31:56.509673086
5060.5,1,14:31:56.509850808
5060.5,1,14:31:56.509884553
5060.5,2,14:31:56.510033609
5060.5,3,14:31:56.512157197
5060.5,1,14:31:56.513001048
5060.5,2,14:31:56.546199001
5060.25,2,14:31:56.596348493
5060.25,1,14:31:56.652986071
5060.5,3,14:31:56.718464429
5060.5,5,14:31:56.726733466
5060.5,1,14:31:56.727034541
5060.5,3,14:31:56.727250445
5060.25,6,14:31:56.832989779
5060.25,3,14:31:56.833033451
5060.25,3,14:31:56.833183943
5060.25,2,14:31:56.833287177
5060.25,1,14:31:56.833479693
5060.25,1,14:31:56.833641901
5060.25,1,14:31:56.833812462
5060.25,2,14:31:56.853704693
5060.25,1,14:31:56.929766993
5060.75,8,14:31:56.934726119
5060.5,27,14:31:56.934726119
5060.25,15,14:31:56.934726119
5060.25,1,14:31:56.985389360
5060.25,10,14:31:56.985500546
5060.25,2,14:31:57.004254368
5060.25,1,14:31:57.109223973
5060.25,1,14:31:57.111834842
5060.0,7,14:31:57.160082536
5060.0,1,14:31:57.160095687
5060.0,2,14:31:57.160161768
5059.75,2,14:31:57.166069245
5059.75,2,14:31:57.252509466
5059.75,2,14:31:57.252560126
5059.75,3,14:31:57.252585048
5059.75,9,14:31:57.252718507
5059.75,1,14:31:57.252736756
5059.75,1,14:31:57.252779064
5059.75,1,14:31:57.252820201
5059.75,1,14:31:57.252847968
5059.75,1,14:31:57.252875054
5059.75,1,14:31:57.252922521
5059.75,2,14:31:57.253193669
5059.75,2,14:31:57.253255004
5059.75,1,14:31:57.253255004
5059.75,2,14:31:57.253346510
5059.75,1,14:31:57.253400793
5059.75,1,14:31:57.261109620
5059.75,1,14:31:57.270072938
5059.75,10,14:31:57.297748577
5059.75,1,14:31:57.297901019
5059.75,1,14:31:57.297927273
5059.75,1,14:31:57.297977923
5059.75,1,14:31:57.298163380
5059.75,2,14:31:57.298202538
5059.75,1,14:31:57.298238600
5059.75,5,14:31:57.298335873
5059.75,1,14:31:57.298459616
5059.5,6,14:31:57.417065164
5059.25,1,14:31:57.417077743
5059.25,1,14:31:57.506769527
5059.25,1,14:31:57.506793367
5059.25,6,14:31:57.506982213
5059.25,1,14:31:57.507022937
5059.25,3,14:31:57.507099665
5059.25,1,14:31:57.507143246
5059.25,1,14:31:57.507241440
5059.25,2,14:31:57.507373939
5059.25,2,14:31:57.507417966
5059.25,2,14:31:57.507487259
5059.25,8,14:31:57.507523484
5059.25,1,14:31:57.507581572
5059.25,2,14:31:57.507900820
5059.25,1,14:31:57.508140146
5059.25,1,14:31:57.515384225
5059.5,1,14:31:57.519721586
5059.5,3,14:31:57.579690169
5059.5,2,14:31:57.579748273
5059.5,3,14:31:57.579826559
5059.5,5,14:31:57.579862582
5059.5,1,14:31:57.579972965
5059.5,1,14:31:57.580167238
5059.5,8,14:31:57.631295711
5059.5,1,14:31:57.631323737
5059.5,5,14:31:57.631414657
5059.5,1,14:31:57.631473829
5059.5,1,14:31:57.631507875
5059.5,1,14:31:57.631684278
5059.5,1,14:31:57.631719988
5059.5,2,14:31:57.631860705
5059.5,2,14:31:57.631901390
5059.25,1,14:31:57.636012753
5059.25,1,14:31:57.636049502
5059.25,2,14:31:57.636127773
5059.25,1,14:31:57.636166311
5059.25,6,14:31:57.638121873
5059.5,1,14:31:57.656788406
5059.5,1,14:31:57.679251591
5059.5,3,14:31:57.679323183
5059.5,10,14:31:57.679410890
5059.5,3,14:31:57.679476331
5059.5,1,14:31:57.679476331
5059.5,1,14:31:57.679510672
5059.5,1,14:31:57.679574712
5059.5,2,14:31:57.679818624
5059.5,1,14:31:57.679879319
5059.25,2,14:31:57.785969833
5059.25,7,14:31:57.786110216
5059.25,3,14:31:57.786159208
5059.0,2,14:31:57.795790568
5059.0,1,14:31:57.795822783
5059.0,1,14:31:57.795862761
5059.0,1,14:31:57.795955448
5059.0,1,14:31:57.795999090
5059.0,1,14:31:57.796035482
5059.0,7,14:31:57.802530409
5059.0,3,14:31:57.802587463
5059.0,5,14:31:57.802621275
5059.0,2,14:31:57.802943093
5059.0,1,14:31:57.803055745
5059.0,5,14:31:57.803361104
5059.0,1,14:31:57.803720241
5058.75,1,14:31:57.816628296
5058.75,1,14:31:57.816639967
5058.75,1,14:31:57.816711940
5058.75,3,14:31:57.816795701
5058.75,3,14:31:57.816840777
5058.75,1,14:31:57.817195415
5058.75,1,14:31:57.817300118
5058.75,1,14:31:57.817451551
5058.75,1,14:31:57.832794833
5058.75,1,14:31:57.832819944
5058.75,1,14:31:57.832940579
5058.75,3,14:31:57.833140299
5058.75,2,14:31:57.878959878
5058.75,9,14:31:57.879073221
5059.0,4,14:31:57.950512668
5059.0,7,14:31:57.950661005
5059.0,1,14:31:57.950710314
5059.25,3,14:31:57.963287533
5059.25,1,14:31:57.963439265
5059.5,1,14:31:57.970494729
5059.25,1,14:31:58.034412793
5059.5,3,14:31:58.135882711
5059.5,1,14:31:58.136052469
5059.5,4,14:31:58.136152022
5059.5,3,14:31:58.136505424
5059.5,1,14:31:58.136550299
5059.5,1,14:31:58.136621597
5059.5,1,14:31:58.136661294
5059.5,2,14:31:58.136702593
5059.5,1,14:31:58.136914099
5059.5,1,14:31:58.136947581
5059.5,4,14:31:58.137405247
5059.5,1,14:31:58.137713340
5059.5,5,14:31:58.158576658
5059.5,1,14:31:58.158714976
5059.5,1,14:31:58.158753988
5059.5,2,14:31:58.158832246
5059.75,5,14:31:58.185384818
5059.75,1,14:31:58.336874803
5059.75,1,14:31:58.337038042
5059.75,1,14:31:58.352508071
5059.75,1,14:31:58.359487402
5059.75,3,14:31:58.403694577
5059.75,1,14:31:58.403871662
5060.0,1,14:31:58.406995668
5060.0,1,14:31:58.468885694
5060.0,1,14:31:58.498198486
5060.0,2,14:31:58.509063485
5059.75,2,14:31:58.517512865
5060.0,3,14:31:58.520893083
5060.0,1,14:31:58.552012682
5060.0,1,14:31:58.664641601
5060.25,8,14:31:58.862801774
5060.25,2,14:31:58.863089309
5060.25,1,14:31:58.863266161
5060.25,1,14:31:59.034044261
5060.0,7,14:31:59.086987621
5060.0,10,14:31:59.088535592
5060.0,1,14:31:59.088698721
5060.0,3,14:31:59.088749746
5060.25,20,14:31:59.134986612
5060.5,30,14:31:59.134986612
5060.5,1,14:31:59.135546874
5060.5,2,14:31:59.136006073
5060.5,8,14:31:59.136251480
5060.5,5,14:31:59.136636579
5060.5,1,14:31:59.136688225
5060.5,1,14:31:59.136756869
5060.5,1,14:31:59.136800470
5060.25,1,14:31:59.136825497
5060.25,8,14:31:59.147333597
5060.25,1,14:31:59.147478876
5060.25,1,14:31:59.147770080
5060.25,2,14:31:59.174286607
5060.25,1,14:31:59.174470758
5060.25,2,14:31:59.174519664
5060.25,2,14:31:59.204430977
5060.25,1,14:31:59.248413363
5060.25,10,14:31:59.258142484
5060.25,8,14:31:59.283526607
5060.25,12,14:31:59.313489140
5060.0,13,14:31:59.313489140
5060.0,1,14:31:59.341895546
5060.0,1,14:31:59.341953345
5060.0,5,14:31:59.342068301
5060.0,1,14:31:59.342232160
5059.75,1,14:31:59.483391658
5060.0,16,14:31:59.535432972
5060.0,1,14:31:59.535580738
5060.0,7,14:31:59.535692119
5060.0,2,14:31:59.535733772
5060.0,1,14:31:59.538551105
5060.0,6,14:31:59.544165858
5060.0,1,14:31:59.544339414
5060.0,1,14:31:59.544368960
5060.0,1,14:31:59.544424605
5060.0,2,14:31:59.640494035
5060.0,9,14:31:59.652305014
5060.25,8,14:31:59.810829083
5060.25,1,14:31:59.811312178
5060.25,1,14:31:59.917671907
5068.0,5,14:33:52.429039535
5068.0,4,14:33:52.429274958
5068.0,1,14:33:52.429310149
5067.75,1,14:33:52.453418442
5068.0,2,14:33:52.610459678
5067.75,10,14:33:52.620880722
5068.0,1,14:33:52.661492093
5068.0,3,14:33:52.729313001
5068.0,2,14:33:52.730939122
5068.0,1,14:33:52.731085723
5068.0,2,14:33:52.731128658
5068.25,1,14:33:52.800797198
5068.25,1,14:33:52.851957991
5068.25,6,14:33:52.854534948
5068.25,1,14:33:52.854668413
5068.25,8,14:33:52.927814394
5068.25,1,14:33:52.927836714
5068.25,1,14:33:52.951041651
5068.25,1,14:33:52.951069303
5068.25,1,14:33:52.951105879
5068.25,1,14:33:52.951186034
5068.25,2,14:33:52.951186034
5068.25,2,14:33:52.951232354
5068.25,2,14:33:52.962154585
5068.25,2,14:33:52.962314681
5068.25,2,14:33:52.962371050
5068.25,1,14:33:52.962937506
5068.5,1,14:33:52.969406449
5068.25,4,14:33:52.995477978
5068.25,2,14:33:53.131263313
5068.25,2,14:33:53.158176346
5068.25,2,14:33:53.158249364
5068.25,1,14:33:53.158330441
5068.25,2,14:33:53.191614260
5068.25,2,14:33:53.191648089
5068.25,1,14:33:53.191724699
5068.25,1,14:33:53.191755379
5068.25,1,14:33:53.191791316
5068.25,1,14:33:53.219843842
5068.25,1,14:33:53.219861442
5068.0,4,14:33:53.243109205
5068.0,3,14:33:53.243154873
5068.0,1,14:33:53.243215377
5068.0,1,14:33:53.243255122
5068.0,3,14:33:53.243288560
5068.0,7,14:33:53.252017267
5068.0,1,14:33:53.252055010
5068.0,8,14:33:53.377751152
5067.75,1,14:33:53.393710971
5068.0,2,14:33:53.424870238
5068.0,8,14:33:53.425091010
5068.0,2,14:33:53.425129583
5068.0,5,14:33:53.431680564
5068.0,3,14:33:53.431720027
5068.0,1,14:33:53.492586961
5067.75,6,14:33:53.539960814
5067.75,1,14:33:53.539998913
5067.75,9,14:33:53.540149149
5067.5,3,14:33:53.621610189
5067.5,5,14:33:53.621846211
5067.5,7,14:33:53.650126302
5067.5,4,14:33:53.650467239
5067.5,3,14:33:53.650518044
5067.5,1,14:33:53.650554755
5067.5,7,14:33:53.708158136
5067.5,2,14:33:53.708453754
5067.5,1,14:33:53.708657048
5067.5,1,14:33:53.708733443
5067.25,17,14:33:53.781372736
5067.0,13,14:33:53.781372736
5067.0,2,14:33:53.781496220
5067.0,2,14:33:53.781502777
5067.25,1,14:33:53.943948511
5067.0,5,14:33:53.946356283
5067.0,6,14:33:54.038901494
5067.0,2,14:33:54.059394502
5067.25,3,14:33:54.061818544
5067.25,2,14:33:54.061863271
5067.25,3,14:33:54.061944188
5067.25,1,14:33:54.061988028
5067.25,2,14:33:54.062055326
5067.25,9,14:33:54.067990255
5067.25,1,14:33:54.068025599
5067.25,5,14:33:54.068604127
5067.25,3,14:33:54.068639456
5067.25,1,14:33:54.068674397
5067.25,1,14:33:54.068727282
5067.25,1,14:33:54.068834788
5067.25,4,14:33:54.119787205
5067.25,7,14:33:54.201094999
5067.5,10,14:33:54.205106877
5067.25,10,14:33:54.205106877
5067.5,3,14:33:54.237059212
5067.5,1,14:33:54.237167581
5067.5,1,14:33:54.255199832
5067.5,3,14:33:54.255393473
5067.5,4,14:33:54.255754550
5067.5,1,14:33:54.255823694
5067.5,1,14:33:54.261731535
5067.5,6,14:33:54.273244647
5067.5,7,14:33:54.278272942
5067.5,3,14:33:54.278478137
5067.5,1,14:33:54.278520548
5067.5,3,14:33:54.295631421
5067.5,1,14:33:54.295655011
5067.5,1,14:33:54.295949833
5067.5,1,14:33:54.295978989
5067.5,3,14:33:54.296028689
5067.5,1,14:33:54.296075292
5067.5,1,14:33:54.296096783
5067.5,2,14:33:54.296265993
5067.25,5,14:33:54.387795110
5067.25,5,14:33:54.480190746
5067.5,4,14:33:54.543446321
5067.5,1,14:33:54.543587293
5067.5,4,14:33:54.576841664
5067.5,5,14:33:54.583819665
5067.25,3,14:33:54.583921875
5067.5,2,14:33:54.583921875
5067.25,5,14:33:54.618495138
5067.5,8,14:33:54.649233440
5067.5,8,14:33:54.717497776
5067.25,5,14:33:54.733313169
5067.25,5,14:33:54.766147971
5067.25,15,14:33:54.766414153
5067.25,6,14:33:54.766933929
5067.25,2,14:33:54.766975028
5067.25,1,14:33:54.767172730
5067.25,1,14:33:54.778719312
5067.5,7,14:33:54.793538936
5067.75,3,14:33:54.811160043
5067.75,1,14:33:54.828084649
5067.5,2,14:33:54.871433679
5067.5,1,14:33:54.878954313
5067.5,2,14:33:54.920943464
5067.5,2,14:33:54.920995643
5067.5,2,14:33:54.978256730
5067.5,2,14:33:54.978294384
5067.5,1,14:33:54.978375115
5067.5,1,14:33:54.978439590
5067.5,2,14:33:54.978439590
5067.75,4,14:33:55.016997337
5067.75,1,14:33:55.017155900
5067.75,1,14:33:55.017187171
5067.75,5,14:33:55.180232605
5067.5,7,14:33:55.196394125
5067.5,1,14:33:55.196552752
5067.5,1,14:33:55.196577159
5067.5,1,14:33:55.196620587
5067.5,3,14:33:55.234385606
5067.5,1,14:33:55.234574497
5067.5,2,14:33:55.234638908
5067.5,1,14:33:55.234675759
5067.5,1,14:33:55.234787272
5067.5,2,14:33:55.234977644
5067.5,2,14:33:55.235050087
5067.5,1,14:33:55.235193082
5067.5,1,14:33:55.235221318
5067.5,1,14:33:55.254318229
5067.25,8,14:33:55.535112119
5067.25,2,14:33:55.535190749
5067.25,1,14:33:55.546517044
5067.25,1,14:33:55.546545643
5067.25,1,14:33:55.546569154
5067.25,2,14:33:55.649576584
5067.25,4,14:33:55.649773906
5067.5,1,14:33:55.686282024
5067.25,6,14:33:55.733230950
5067.25,1,14:33:55.733260768
5067.25,4,14:33:55.733654091
5067.25,1,14:33:55.733698313
5067.25,1,14:33:55.767626484
5067.25,1,14:33:55.767649796
5067.25,2,14:33:55.767729986
5067.0,1,14:33:55.790453452
5067.0,4,14:33:55.790537841
5067.0,1,14:33:55.790558151
5067.0,1,14:33:55.790889874
5067.0,5,14:33:55.800486246
5067.0,3,14:33:55.802625149
5067.0,2,14:33:55.802666284
5067.0,1,14:33:55.871906071
5067.0,2,14:33:55.883113154
5067.25,13,14:33:55.953006545
5067.0,17,14:33:55.953006545
5067.25,1,14:33:56.026577303
5067.25,5,14:33:56.124040455
5067.25,1,14:33:56.124294761
5067.25,1,14:33:56.124333498
5067.25,1,14:33:56.124383222
5067.25,1,14:33:56.124425755
5067.25,3,14:33:56.124468543
5067.25,2,14:33:56.124682820
5067.25,1,14:33:56.124834599
5067.0,5,14:33:56.172874362
5067.0,1,14:33:56.173051751
5067.0,1,14:33:56.173083832
5067.0,2,14:33:56.173135553
5067.0,1,14:33:56.173165053
5067.0,1,14:33:56.173306756
5067.0,2,14:33:56.173493963
5067.25,2,14:33:56.188610862
5067.0,3,14:33:56.191347717
5067.0,4,14:33:56.208240179
5067.0,2,14:33:56.208377443
5067.0,2,14:33:56.224893897
5067.0,14,14:33:56.226276888
5067.25,16,14:33:56.226276888
5067.25,1,14:33:56.226803753
5067.25,2,14:33:56.226934248
5067.25,1,14:33:56.226985110
5067.5,5,14:33:56.227058542
5067.25,3,14:33:56.227089958
5067.25,4,14:33:56.227241250
5067.25,1,14:33:56.227443695
5067.25,2,14:33:56.227636515
5067.25,3,14:33:56.231507248
5067.5,1,14:33:56.284600596
5067.5,15,14:33:56.350080160
5067.5,1,14:33:56.417122029
5067.5,1,14:33:56.420591987
5067.5,2,14:33:56.420641667
5067.5,2,14:33:56.420679947
5067.5,8,14:33:56.421039516
5067.5,1,14:33:56.421083667
5067.75,5,14:33:56.421281242
5067.5,1,14:33:56.421315797
5067.5,1,14:33:56.421514994
5067.5,1,14:33:56.421596311
5067.5,1,14:33:56.421622913
5067.5,1,14:33:56.421704393
5067.5,1,14:33:56.421805464
5067.5,1,14:33:56.421838677
5067.5,1,14:33:56.473184146
5067.5,3,14:33:56.502131772
5067.5,1,14:33:56.502440876
5067.5,1,14:33:56.502681681
5067.5,5,14:33:56.607436087
5067.5,4,14:33:56.607661147
5067.5,1,14:33:56.607856355
5067.5,2,14:33:56.630264684
5067.75,4,14:33:56.666332517
5067.5,1,14:33:56.666332517
5067.75,5,14:33:56.723098684
5067.75,10,14:33:56.725806389
5067.75,1,14:33:56.726037076
5067.75,1,14:33:56.726239333
5068.0,1,14:33:56.816343592
5067.75,4,14:33:56.816343592
5068.0,10,14:33:56.843505831
5068.0,6,14:33:56.843765852
5068.0,4,14:33:56.844222133
5068.0,1,14:33:56.844350481
5068.0,2,14:33:56.844434631
5068.0,1,14:33:56.844566828
5068.0,1,14:33:56.844593581
5068.0,10,14:33:56.882658068
5068.0,1,14:33:56.882757171
5068.0,2,14:33:56.903308542
5068.0,1,14:33:56.903344040
5068.0,1,14:33:56.903497643
5068.0,1,14:33:56.903576061
5068.0,2,14:33:56.903682079
5068.25,5,14:33:56.906833118
5068.25,10,14:33:56.907140532
5068.25,1,14:33:56.907288385
5068.25,1,14:33:56.907358553
5068.25,3,14:33:56.907424413
5068.25,1,14:33:56.907605000
5068.25,1,14:33:56.907893079
5068.25,1,14:33:56.908095407
5068.5,7,14:33:56.909735782
5068.5,3,14:33:56.909785187
5068.5,2,14:33:56.909834766
5068.5,1,14:33:56.909898589
5068.5,1,14:33:56.909935145
5068.5,2,14:33:56.909993256
5068.5,5,14:33:56.910093155
5068.5,7,14:33:56.910180994
5068.5,4,14:33:56.910759747
5068.5,1,14:33:56.910983740
5068.5,1,14:33:56.911090705
5068.5,2,14:33:56.911170313
5068.5,3,14:33:56.919391771
5068.5,3,14:33:56.919477831
5068.5,3,14:33:56.919545454
5068.5,1,14:33:56.919672507
5068.5,1,14:33:56.919776170
5068.5,1,14:33:56.919884345
5068.5,1,14:33:56.919949929
5068.5,2,14:33:56.919985582
5068.5,1,14:33:56.928281298
5068.5,6,14:33:56.928485394
5068.5,1,14:33:56.928754978
5068.5,7,14:33:57.001242978
5068.5,2,14:33:57.001898383
5068.5,1,14:33:57.002005591
5068.5,4,14:33:57.002066770
5068.5,4,14:33:57.002255264
5068.5,2,14:33:57.002323482
5068.5,1,14:33:57.002453732
5068.5,1,14:33:57.002569871
5068.5,1,14:33:57.002699881
5068.25,2,14:33:57.081218889
5068.25,1,14:33:57.081445255
5068.25,1,14:33:57.081470923
5068.25,1,14:33:57.081508107
5068.25,1,14:33:57.081568559
5068.25,2,14:33:57.081633949
5068.25,3,14:33:57.081633949
5068.25,1,14:33:57.081702005
5068.25,1,14:33:57.081746205
5068.25,1,14:33:57.082002715
5068.5,1,14:33:57.090790227
5068.5,5,14:33:57.134220928
5068.5,2,14:33:57.135264690
5068.5,1,14:33:57.135303117
5068.5,1,14:33:57.135337959
5068.5,1,14:33:57.135650525
5068.75,1,14:33:57.238327280
5068.75,1,14:33:57.238338797
5068.75,5,14:33:57.238338797
5068.75,2,14:33:57.238338797
5068.75,7,14:33:57.238465648
5068.75,3,14:33:57.238523956
5068.75,1,14:33:57.238567080
5068.75,1,14:33:57.238589701
5068.75,1,14:33:57.238991300
5068.75,1,14:33:57.239133095
5068.75,1,14:33:57.239167032
5068.75,1,14:33:57.239197026
5068.75,1,14:33:57.239345643
5068.75,2,14:33:57.240323474
5068.75,2,14:33:57.247260283
5069.0,2,14:33:57.260903508
5069.0,5,14:33:57.261119937
5069.0,2,14:33:57.261166648
5069.0,2,14:33:57.261208448
5069.0,4,14:33:57.261725667
5069.0,4,14:33:57.262000736
5068.75,5,14:33:57.320909400
5068.75,3,14:33:57.320935170
5068.75,6,14:33:57.321427526
5068.75,1,14:33:57.321481575
5068.75,1,14:33:57.321519710
5068.75,2,14:33:57.321719718
5068.75,10,14:33:57.351273967
5068.75,1,14:33:57.368010396
5068.75,5,14:33:57.376426441
5068.75,1,14:33:57.376585302
5068.75,4,14:33:57.376676186
5068.75,1,14:33:57.376741718
5068.75,1,14:33:57.376917481
5068.75,1,14:33:57.376946423
5068.75,1,14:33:57.376988006
5069.0,10,14:33:57.437624210
5069.0,1,14:33:57.437811600
5069.0,1,14:33:57.437853837
5068.75,3,14:33:57.439005045
5069.0,7,14:33:57.439005045
5069.0,5,14:33:57.444657450
5069.0,4,14:33:57.444882725
5069.0,1,14:33:57.444950700
5069.0,2,14:33:57.445144001
5069.0,10,14:33:57.462232228
5069.0,1,14:33:57.462404422
5069.0,2,14:33:57.462424771
5069.25,1,14:33:57.489487022
5069.25,9,14:33:57.489496730
5069.25,1,14:33:57.489496730
5069.25,1,14:33:57.490152338
5069.0,1,14:33:57.498715313
5069.25,2,14:33:57.509581740
5069.25,2,14:33:57.509742044
5069.25,1,14:33:57.509764256
5069.25,1,14:33:57.509803556
5069.25,3,14:33:57.509837605
5069.25,7,14:33:57.509919206
5069.25,1,14:33:57.509949145
5069.25,1,14:33:57.509997543
5069.25,1,14:33:57.510041935
5069.5,2,14:33:57.573997438
5069.5,3,14:33:57.574173616
5069.5,4,14:33:57.574216850
5069.5,2,14:33:57.574286086
5069.5,3,14:33:57.574320413
5069.5,2,14:33:57.574364625
5069.5,1,14:33:57.574795914
5069.75,1,14:33:57.579099412
5069.75,1,14:33:57.579110715
5069.75,5,14:33:57.579219382
5069.75,1,14:33:57.579259441
5069.75,2,14:33:57.579353119
5069.75,1,14:33:57.579404944
5069.75,2,14:33:57.579511497
5069.75,1,14:33:57.579511497
5069.75,2,14:33:57.579557293
5069.75,1,14:33:57.579557293
5069.75,1,14:33:57.579984620
5070.0,2,14:33:57.580143088
5070.0,2,14:33:57.580153167
5070.0,5,14:33:57.580153167
5069.75,4,14:33:57.580326870
5069.75,1,14:33:57.580363406
5069.75,2,14:33:57.580464032
5069.75,1,14:33:57.580566750
5069.75,1,14:33:57.580595871
5069.75,1,14:33:57.580839134
5069.75,2,14:33:57.580890431
5069.75,2,14:33:57.580997862
5069.75,2,14:33:57.581195531
5069.75,1,14:33:57.581229340
5069.75,4,14:33:57.581380478
5069.75,2,14:33:57.582547283
5069.75,4,14:33:57.583931148
5069.75,3,14:33:57.585205864
5069.75,1,14:33:57.585377391
5069.75,1,14:33:57.585476248
5069.75,1,14:33:57.585649733
5069.75,1,14:33:57.585686699
5069.75,1,14:33:57.585984530
5070.0,1,14:33:57.596739293
5070.0,5,14:33:57.603691293
5070.0,1,14:33:57.604008538
5070.0,1,14:33:57.604196811
5070.0,3,14:33:57.604196811
5070.0,2,14:33:57.604196811
5070.0,2,14:33:57.604219246
5070.0,7,14:33:57.604219246
5070.0,2,14:33:57.604329626
5070.0,3,14:33:57.604329626
5070.0,3,14:33:57.604362877
5070.0,2,14:33:57.604362877
5070.0,1,14:33:57.604408792
5070.0,3,14:33:57.604471126
5070.0,3,14:33:57.612700950
5070.0,3,14:33:57.613194297
5070.0,50,14:33:57.613521071
5070.0,1,14:33:57.613735083
5070.25,1,14:33:57.614517537
5070.25,1,14:33:57.614525332
5070.25,1,14:33:57.614573691
5070.25,1,14:33:57.614670061
5070.25,1,14:33:57.614695992
5070.25,1,14:33:57.614751476
5070.25,2,14:33:57.614787675
5070.25,1,14:33:57.614860551
5070.25,1,14:33:57.614937580
5070.25,1,14:33:57.614963315
5070.25,1,14:33:57.615008077
5070.25,1,14:33:57.615053172
5070.25,6,14:33:57.615086063
5070.25,3,14:33:57.615492509
5070.25,4,14:33:57.615573846
5070.25,2,14:33:57.615741187
5070.25,2,14:33:57.615797866
5070.25,8,14:33:57.622320371
5070.0,19,14:33:57.635976237
5070.0,1,14:33:57.640064409
5070.0,6,14:33:57.640390195
5070.0,5,14:33:57.640824460
5070.0,7,14:33:57.641044228
5070.0,2,14:33:57.642139043
5070.0,1,14:33:57.642400520
5070.0,2,14:33:57.642583805
5070.25,1,14:33:57.662154349
5070.25,1,14:33:57.662181840
5070.25,2,14:33:57.662256847
5070.25,2,14:33:57.662285215
5070.5,3,14:33:57.702721364
5070.5,3,14:33:57.702732667
5070.5,1,14:33:57.702862612
5070.5,1,14:33:57.702911458
5070.5,2,14:33:57.702975769
5070.5,1,14:33:57.702995686
5070.5,1,14:33:57.703022403
5070.75,2,14:33:57.715015906
5070.75,1,14:33:57.715084064
5070.75,1,14:33:57.715121886
5070.75,1,14:33:57.715174629
5070.75,1,14:33:57.715243760
5070.75,2,14:33:57.715311176
5070.75,1,14:33:57.715311176
5070.75,1,14:33:57.715365465
5070.75,7,14:33:57.715401067
5070.75,1,14:33:57.715789208
5070.75,2,14:33:57.718151573
5070.75,1,14:33:57.718295806
5070.75,1,14:33:57.718337631
5070.75,5,14:33:57.718463895
5070.75,2,14:33:57.718788437
5070.75,1,14:33:57.718984098
5070.75,1,14:33:57.723292761
5071.0,8,14:33:57.729056192
5071.0,1,14:33:57.729064900
5071.0,2,14:33:57.729173011
5071.0,1,14:33:57.729232282
5071.0,2,14:33:57.729279249
5071.0,3,14:33:57.729298856
5071.0,2,14:33:57.729330373
5071.0,18,14:33:57.729420065
5071.25,1,14:33:57.738916628
5071.25,2,14:33:57.738985944
5071.25,1,14:33:57.739075511
5071.25,1,14:33:57.739111268
5071.25,10,14:33:57.739230144
5071.25,4,14:33:57.739815109
5071.25,2,14:33:57.739887882
5071.25,1,14:33:57.740077240
5071.25,2,14:33:57.747585638
5071.0,3,14:33:57.767598150
5071.0,1,14:33:57.767896990
5071.0,1,14:33:57.767949740
5071.0,11,14:33:57.768094789
5071.0,2,14:33:57.768361579
5071.0,2,14:33:57.768575331
5071.0,2,14:33:57.768614615
5071.0,1,14:33:57.768830356
5071.25,5,14:33:57.769872793
5071.25,2,14:33:57.771744918
5071.25,1,14:33:57.771814660
5071.5,1,14:33:57.776254160
5071.25,2,14:33:57.776847558
5071.25,1,14:33:57.777016140
5071.25,1,14:33:57.777077511
5071.25,1,14:33:57.777113068
5071.25,1,14:33:57.777191721
5071.25,1,14:33:57.805626518
5071.25,1,14:33:57.805652842
5071.25,1,14:33:57.805772979
5071.25,1,14:33:57.805845582
5071.25,1,14:33:57.805872360
5071.25,1,14:33:57.805947968
5071.25,1,14:33:57.805980247
5071.5,3,14:33:57.809906173
5071.5,2,14:33:57.817516918
5071.5,1,14:33:57.817558624
5071.5,2,14:33:57.817684409
5071.5,1,14:33:57.817714132
5071.5,1,14:33:57.817752506
5071.5,1,14:33:57.817800898
5071.75,2,14:33:57.829474653
5071.75,5,14:33:57.829487309
5071.75,4,14:33:57.829650138
5071.75,1,14:33:57.829828350
5071.75,1,14:33:57.829974100
5071.75,4,14:33:57.830308993
5072.0,1,14:33:57.850746125
5072.0,1,14:33:57.850770724
5072.0,1,14:33:57.850904217
5072.0,1,14:33:57.851071619
5072.0,15,14:33:57.851131693
5072.0,1,14:33:57.851159528
5072.0,2,14:33:57.853886295
5072.0,5,14:33:57.853955716
5072.0,1,14:33:57.854001473
5072.0,4,14:33:57.854270138
5072.0,2,14:33:57.854451204
5072.0,1,14:33:57.854632952
5072.0,1,14:33:57.854660953
5072.0,1,14:33:57.854758695
5072.0,8,14:33:57.864717814
5072.0,2,14:33:57.865024921
5072.0,5,14:33:57.865288500
5072.0,3,14:33:57.865688902
5072.0,2,14:33:57.865944812
5072.25,9,14:33:57.866793475
5072.25,2,14:33:57.866806166
5072.25,1,14:33:57.867010036
5072.25,1,14:33:57.869346566
5072.25,1,14:33:57.869375645
5072.5,1,14:33:57.870083013
5072.5,1,14:33:57.870098732
5072.5,8,14:33:57.882575236
5072.5,1,14:33:57.883021626
5072.5,8,14:33:57.887380657
5072.5,2,14:33:57.887478935
5072.5,1,14:33:57.887698357
5072.5,8,14:33:57.887953667
5072.5,1,14:33:57.888024853
5072.5,1,14:33:57.888088544
5072.5,1,14:33:57.888203257
5072.5,1,14:33:57.888239520
5072.5,2,14:33:57.888460113
5072.5,2,14:33:57.888607213
5072.5,1,14:33:57.888891526
5072.5,1,14:33:57.889037939
5072.5,1,14:33:57.890023104
5072.5,4,14:33:57.890533412
5072.5,1,14:33:57.890690212
5072.5,1,14:33:57.918511432
5072.5,1,14:33:57.918556114
5072.5,6,14:33:57.918631219
5072.5,1,14:33:57.918701848
5072.5,5,14:33:57.919262006
5072.5,1,14:33:57.919426861
5072.5,5,14:33:57.919613194
5072.5,2,14:33:57.920004953
5072.5,1,14:33:57.920066861
5072.5,1,14:33:57.925819982
5072.5,2,14:33:57.929982683
5072.5,1,14:33:57.930157260
5072.5,1,14:33:57.930185599
5072.75,1,14:33:57.931904844
5072.75,1,14:33:57.931933398
5072.75,1,14:33:57.932105875
5072.75,1,14:33:57.932138915
5072.75,3,14:33:57.932479649
5072.75,1,14:33:57.932569638
5072.5,12,14:33:57.936708400
5072.5,2,14:33:57.942508648
5072.5,3,14:33:57.942572163
5072.5,2,14:33:57.942862262
5072.5,1,14:33:57.943277454
5072.5,2,14:33:57.944694295
5072.5,5,14:33:57.948503860
5072.25,7,14:33:57.950001695
5072.25,1,14:33:57.950835369
5072.25,3,14:33:57.953699074
5072.25,3,14:33:57.955812918
5072.25,2,14:33:57.955861723
5072.25,2,14:33:57.955896895
5072.25,8,14:33:57.969039186
5072.25,4,14:33:57.993416069
5072.25,1,14:33:58.004607281
5072.25,1,14:33:58.004642047
5072.25,1,14:33:58.004716698
5072.25,1,14:33:58.004770356
5072.25,1,14:33:58.004861161
5072.25,1,14:33:58.004939601
5072.25,1,14:33:58.005015359
5072.25,1,14:33:58.011538633
5072.25,5,14:33:58.011767143
5072.25,1,14:33:58.012034205
5072.5,1,14:33:58.027913049
5072.5,1,14:33:58.040551765
5072.5,2,14:33:58.041891702
5072.5,1,14:33:58.041935057
5072.5,2,14:33:58.042068947
5072.5,1,14:33:58.042113629
5072.75,3,14:33:58.053591748
5072.75,1,14:33:58.053752343
5072.75,1,14:33:58.053781654
5072.75,2,14:33:58.053835219
5072.75,1,14:33:58.053872532
5072.75,4,14:33:58.056046127
5072.75,2,14:33:58.061478977
5072.75,1,14:33:58.061514865
5072.75,1,14:33:58.061544187
5072.75,1,14:33:58.061589705
5072.75,8,14:33:58.067510611
5072.75,1,14:33:58.077889758
5072.75,7,14:33:58.077966655
5072.75,1,14:33:58.082235609
5072.75,7,14:33:58.082473332
5072.5,1,14:33:58.083376038
5072.75,5,14:33:58.086171339
5072.75,1,14:33:58.086358271
5072.75,2,14:33:58.086631501
5072.75,2,14:33:58.092747875
5072.75,2,14:33:58.096494152
5072.75,1,14:33:58.096528316
5072.75,3,14:33:58.096829632
5072.75,1,14:33:58.097016550
5072.75,1,14:33:58.097368829
5072.75,2,14:33:58.097676003
5072.75,1,14:33:58.097887937
5072.75,1,14:33:58.097916900
5072.75,1,14:33:58.098063070
5072.5,2,14:33:58.108927801
5072.5,9,14:33:58.115110111
5072.5,1,14:33:58.115423785
5072.5,1,14:33:58.115457167
5072.5,1,14:33:58.115658544
5072.5,5,14:33:58.119491204
5072.5,1,14:33:58.119682043
5072.5,1,14:33:58.133177078
5072.5,2,14:33:58.138422113
5072.5,1,14:33:58.138576199
5072.75,2,14:33:58.171927492
5072.75,3,14:33:58.193876304
5072.75,1,14:33:58.216682835
5073.0,1,14:33:58.218619850
5072.75,1,14:33:58.236081872
5072.75,2,14:33:58.236253754
5072.75,1,14:33:58.236315589
5072.75,2,14:33:58.236433107
5072.75,1,14:33:58.236725993
5072.75,2,14:33:58.236960053
5072.75,5,14:33:58.248215744
5072.75,1,14:33:58.248555931
5073.0,5,14:33:58.264386810
5072.75,5,14:33:58.264386810
5072.75,1,14:33:58.334702328
5072.75,7,14:33:58.351212308
5072.75,1,14:33:58.351633034
5072.5,4,14:33:58.365559893
5072.5,6,14:33:58.365620030
5072.5,6,14:33:58.365699249
5072.5,1,14:33:58.365735357
5072.5,1,14:33:58.365935434
5072.5,3,14:33:58.366095305
5072.5,4,14:33:58.366344556
5072.5,1,14:33:58.373915121
5072.5,1,14:33:58.373956488
5072.5,5,14:33:58.404655625
5072.5,2,14:33:58.404683001
5072.5,1,14:33:58.404927899
5072.5,3,14:33:58.405117794
5072.5,5,14:33:58.405259294
5072.25,1,14:33:58.415735400
5072.5,10,14:33:58.427103255
5072.5,4,14:33:58.427266298
5072.5,1,14:33:58.427298557
5072.5,1,14:33:58.427547824
5072.5,2,14:33:58.428516959
5072.75,1,14:33:58.429948758
5072.75,2,14:33:58.467834593
5072.75,3,14:33:58.467871634
5072.75,1,14:33:58.467959690
5072.75,1,14:33:58.467984648
5072.75,1,14:33:58.468050920
5072.75,1,14:33:58.492463722
5072.75,1,14:33:58.492717846
5072.75,7,14:33:58.505034164
5072.75,1,14:33:58.537907270
5073.0,1,14:33:58.544544287
5073.0,1,14:33:58.544713922
5072.75,4,14:33:58.587216992
5072.75,5,14:33:58.587267933
5072.75,1,14:33:58.591661062
5072.5,1,14:33:58.598598079
5072.5,4,14:33:58.598687875
5072.5,3,14:33:58.598954636
5072.5,1,14:33:58.599115987
5072.5,1,14:33:58.599175492
5072.5,1,14:33:58.599215348
5072.5,1,14:33:58.599244297
5072.5,3,14:33:58.600835125
5072.5,1,14:33:58.606842801
5072.5,2,14:33:58.607003643
5072.5,1,14:33:58.607539980
5072.5,5,14:33:58.615152872
5072.5,1,14:33:58.615311298
5072.5,1,14:33:58.615345334
5072.5,1,14:33:58.615828960
5072.75,4,14:33:58.626096392
5073.0,2,14:33:58.629913256
5073.0,2,14:33:58.630050337
5073.0,3,14:33:58.630078555
5073.0,3,14:33:58.630116901
5073.0,1,14:33:58.630157152
5073.0,1,14:33:58.630228397
5073.0,1,14:33:58.630283439
5073.0,1,14:33:58.630302972
5072.75,12,14:33:58.654684126
5072.75,10,14:33:58.655019515
5072.75,1,14:33:58.655151537
5072.75,1,14:33:58.655178564
5072.75,3,14:33:58.655251663
5072.75,1,14:33:58.655671908
5072.75,2,14:33:58.655706652
5072.75,1,14:33:58.655734029
5072.75,1,14:33:58.655774499
5072.75,1,14:33:58.655823605
5072.75,2,14:33:58.660833859
5072.75,2,14:33:58.660998045
5072.75,1,14:33:58.661138233
5072.75,2,14:33:58.661185731
5072.75,1,14:33:58.666205305
5072.75,10,14:33:58.671473573
5072.75,1,14:33:58.671604626
5072.75,2,14:33:58.673096480
5072.75,3,14:33:58.673145502
5072.75,7,14:33:58.706257215
5072.75,2,14:33:58.706335993
5072.75,2,14:33:58.706572283
5072.75,1,14:33:58.706743295
5072.75,1,14:33:58.706774124
5072.75,1,14:33:58.706814656
5072.75,2,14:33:58.706847674
5072.75,3,14:33:58.740487327
5072.75,2,14:33:58.740775759
5072.75,2,14:33:58.740949548
5072.75,1,14:33:58.741086014
5072.75,1,14:33:58.741150854
5072.75,1,14:33:58.741329615
5072.5,5,14:33:58.824627964
5072.5,1,14:33:58.825546898
5072.5,3,14:33:58.825618066
5072.5,1,14:33:58.825837761
5072.5,1,14:33:58.825918461
5072.5,3,14:33:58.826109642
5072.5,10,14:33:58.829809448
5072.5,7,14:33:58.830235789
5072.75,6,14:33:58.853012187
5072.75,1,14:33:58.853176052
5073.0,5,14:33:58.868014617
5073.0,1,14:33:58.883649709
5072.75,5,14:33:58.923201042
5072.75,10,14:33:58.938287694
5072.75,3,14:33:58.938598370
5072.75,1,14:33:58.938767375
5072.75,1,14:33:58.938833123
5072.75,1,14:33:58.938958969
5072.75,1,14:33:58.939136192
5072.75,1,14:33:58.939172148
5072.75,1,14:33:59.002312717
5072.5,5,14:33:59.016175451
5072.5,1,14:33:59.076759000
5072.5,1,14:33:59.076813490
5072.5,1,14:33:59.076926152
5072.5,1,14:33:59.077097995
5072.5,1,14:33:59.077258229
5072.5,1,14:33:59.077297913
5072.5,1,14:33:59.077549268
5072.5,1,14:33:59.077703923
5072.25,1,14:33:59.080380615
5072.25,1,14:33:59.080565006
5072.25,1,14:33:59.080624108
5072.25,1,14:33:59.080647334
5072.25,1,14:33:59.080694058
5072.25,1,14:33:59.080726116
5072.25,1,14:33:59.080796978
5072.25,1,14:33:59.080859922
5072.25,1,14:33:59.081115257
5072.25,1,14:33:59.081145955
5072.25,3,14:33:59.081236824
5072.25,1,14:33:59.081318851
5072.25,1,14:33:59.081402008
5072.25,1,14:33:59.081533044
5072.25,1,14:33:59.081685352
5072.5,1,14:33:59.091497571
5072.5,12,14:33:59.143668484
5072.5,1,14:33:59.143746028
5072.5,2,14:33:59.155050687
5072.5,1,14:33:59.155209004
5072.5,1,14:33:59.155239555
5072.5,1,14:33:59.155261427
5072.5,3,14:33:59.155317997
5072.5,1,14:33:59.155466269
5072.5,1,14:33:59.155635688
5072.5,1,14:33:59.155664012
5072.5,1,14:33:59.155694796
5072.5,2,14:33:59.155801515
5072.5,1,14:33:59.155832776
5072.75,1,14:33:59.169872717
5072.5,5,14:33:59.175294800
5072.75,1,14:33:59.194940021
5072.5,5,14:33:59.215399014
5072.5,3,14:33:59.215603844
5072.5,1,14:33:59.215760466
5072.25,1,14:33:59.216210577
5072.25,3,14:33:59.249141313
5072.0,4,14:33:59.279537832
5071.75,7,14:33:59.289673659
5071.75,1,14:33:59.291974809
5071.75,2,14:33:59.292098210
5071.75,3,14:33:59.292151253
5071.75,4,14:33:59.292254167
5071.75,1,14:33:59.292286207
5071.75,1,14:33:59.292312268
5071.75,1,14:33:59.292407662
5071.75,1,14:33:59.292513315
5071.75,1,14:33:59.298385216
5071.75,1,14:33:59.298417098
5071.75,5,14:33:59.299777749
5071.75,1,14:33:59.300015226
5071.0,22,14:33:59.363589343
5071.25,32,14:33:59.363589343
5071.5,34,14:33:59.363589343
5071.75,12,14:33:59.363589343
5071.5,3,14:33:59.365179036
5071.5,1,14:33:59.365228990
5071.5,2,14:33:59.365381923
5071.5,1,14:33:59.365491750
5071.5,1,14:33:59.365618380
5071.5,1,14:33:59.365962979
5071.5,7,14:33:59.366255238
5071.5,1,14:33:59.367909722
5071.5,1,14:33:59.368084657
5071.5,1,14:33:59.368112120
5071.5,3,14:33:59.368190364
5071.5,1,14:33:59.368325487
5071.5,2,14:33:59.368561259
5071.5,1,14:33:59.368616037
5071.5,1,14:33:59.368737812
5071.5,1,14:33:59.368815641
5071.5,1,14:33:59.369355505
5071.5,8,14:33:59.390102363
5071.5,1,14:33:59.390412671
5071.75,1,14:33:59.423887453
5071.75,4,14:33:59.434547769
5071.75,1,14:33:59.455545626
5072.0,4,14:33:59.459807737
5072.0,1,14:33:59.459969976
5072.0,1,14:33:59.460138585
5071.75,2,14:33:59.488096677
5072.0,1,14:33:59.514214370
5071.75,1,14:33:59.515702090
5072.0,16,14:33:59.530852579
5072.0,1,14:33:59.531068312
5072.0,1,14:33:59.531125411
5072.0,1,14:33:59.531153782
5072.0,1,14:33:59.531189908
5072.0,5,14:33:59.531323907
5072.0,2,14:33:59.531384677
5071.75,11,14:33:59.534440383
5071.75,1,14:33:59.534520654
5071.5,5,14:33:59.550418794
5071.5,3,14:33:59.550734494
5071.5,1,14:33:59.550851888
5071.5,1,14:33:59.550984841
5071.5,1,14:33:59.551093128
5071.75,3,14:33:59.551334025
5071.5,1,14:33:59.551422389
5071.75,1,14:33:59.551422389
5071.75,6,14:33:59.561748900
5072.0,3,14:33:59.573689630
5071.75,4,14:33:59.600184949
5071.75,1,14:33:59.600251546
5071.75,8,14:33:59.600334336
5071.75,1,14:33:59.600366134
5071.75,1,14:33:59.600559860
5071.5,7,14:33:59.605822192
5071.5,1,14:33:59.606262685
5071.5,2,14:33:59.613307141
5071.75,2,14:33:59.639773814
5071.75,4,14:33:59.686696421
5071.75,1,14:33:59.686739285
5071.75,1,14:33:59.686970814
5071.75,1,14:33:59.687150622
5071.75,1,14:33:59.687189727
5071.75,1,14:33:59.687230816
5071.5,8,14:33:59.705876400
5071.25,1,14:33:59.738102862
5071.25,1,14:33:59.738119947
5071.25,2,14:33:59.738301328
5071.25,2,14:33:59.738656788
5071.25,1,14:33:59.739505906
5071.25,2,14:33:59.739672920
5071.25,1,14:33:59.739887155
5071.25,2,14:33:59.740081601
5071.25,3,14:33:59.743142404
5071.25,3,14:33:59.743186767
5071.25,1,14:33:59.743437357
5071.25,2,14:33:59.743632891
5071.25,1,14:33:59.743729679
5071.25,2,14:33:59.753499918
5071.25,3,14:33:59.753543231
5071.25,1,14:33:59.753568425
5071.25,1,14:33:59.753596374
5071.25,1,14:33:59.753916381
5071.25,7,14:33:59.756891039
5071.0,13,14:33:59.756891039
5071.0,2,14:33:59.757004065
5071.25,1,14:33:59.761647378
5071.25,1,14:33:59.761700646
5071.25,1,14:33:59.761765402
5071.25,1,14:33:59.761839516
5071.25,7,14:33:59.762209578
5071.25,1,14:33:59.762365130
5071.25,1,14:33:59.762395438
5071.25,1,14:33:59.762477260
5071.25,1,14:33:59.762614860
5071.25,1,14:33:59.890758726
5071.0,1,14:33:59.891968876
5071.25,6,14:33:59.899522343
5071.25,1,14:33:59.925741359
5071.25,10,14:33:59.925997012
5071.25,1,14:33:59.938463833
5071.25,4,14:33:59.977681072
5071.25,3,14:33:59.977741090
5071.25,1,14:33:59.977776402
5071.25,1,14:33:59.978016347
5057.25,1,14:35:47.990203919
5057.25,2,14:35:47.990982261
5057.25,2,14:35:47.991036611
5057.25,1,14:35:47.991131790
5057.25,1,14:35:47.991164178
5057.25,2,14:35:48.036129468
5057.25,3,14:35:48.036304479
5057.25,2,14:35:48.045099204
5057.25,1,14:35:48.045260225
5057.25,2,14:35:48.045758929
5057.25,7,14:35:48.052767279
5057.25,2,14:35:48.052803000
5057.25,1,14:35:48.052828489
5057.25,5,14:35:48.053497136
5057.25,1,14:35:48.053563897
5057.25,1,14:35:48.053751218
5057.5,4,14:35:48.072325800
5057.5,1,14:35:48.072369222
5057.5,5,14:35:48.072430935
5057.5,1,14:35:48.072678636
5057.5,2,14:35:48.072868650
5057.5,1,14:35:48.073055297
5057.5,5,14:35:48.079463723
5057.5,1,14:35:48.082771665
5057.5,4,14:35:48.083017059
5057.5,2,14:35:48.088950507
5057.75,1,14:35:48.089294504
5056.75,16,14:35:48.090583660
5056.5,33,14:35:48.090583660
5057.0,24,14:35:48.090583660
5057.5,11,14:35:48.090583660
5057.25,16,14:35:48.090583660
5057.25,2,14:35:48.091880611
5057.0,1,14:35:48.092438890
5057.0,1,14:35:48.092488987
5057.0,1,14:35:48.092784833
5057.0,1,14:35:48.092844553
5057.0,1,14:35:48.092923908
5057.0,1,14:35:48.093006325
5057.0,1,14:35:48.093069162
5057.0,1,14:35:48.093221553
5056.75,7,14:35:48.100591630
5056.75,1,14:35:48.101818871
5056.75,1,14:35:48.101912476
5057.0,1,14:35:48.102054706
5057.0,2,14:35:48.102093385
5056.75,2,14:35:48.102578103
5056.75,1,14:35:48.102736935
5056.75,3,14:35:48.102913418
5056.75,2,14:35:48.103278434
5056.75,1,14:35:48.103422881
5056.75,3,14:35:48.106425255
5056.75,2,14:35:48.106611256
5056.75,3,14:35:48.107020068
5056.75,1,14:35:48.107450201
5056.75,1,14:35:48.109942795
5056.75,5,14:35:48.110206016
5056.75,1,14:35:48.110456837
5056.75,3,14:35:48.111999453
5056.5,7,14:35:48.111999453
5056.75,7,14:35:48.117806070
5056.75,2,14:35:48.123944312
5056.75,1,14:35:48.130274234
5056.5,6,14:35:48.139150366
5056.5,8,14:35:48.147354186
5056.25,3,14:35:48.148898373
5056.25,2,14:35:48.148942306
5056.25,1,14:35:48.149012926
5056.25,1,14:35:48.149072690
5056.25,2,14:35:48.149163774
5056.25,2,14:35:48.149263369
5056.25,3,14:35:48.149856582
5056.25,1,14:35:48.150102654
5056.25,1,14:35:48.150208307
5056.25,1,14:35:48.150822911
5056.25,1,14:35:48.151060811
5056.25,1,14:35:48.151899416
5056.25,1,14:35:48.152001869
5056.25,3,14:35:48.158003875
5056.0,1,14:35:48.158982807
5056.0,1,14:35:48.158994192
5056.0,10,14:35:48.162012061
5056.0,2,14:35:48.162242303
5056.0,10,14:35:48.163480776
5056.0,1,14:35:48.163584058
5056.0,1,14:35:48.163666828
5056.0,1,14:35:48.163703731
5056.0,2,14:35:48.171221729
5056.0,4,14:35:48.171460207
5056.0,1,14:35:48.171535859
5056.0,5,14:35:48.171858560
5056.0,3,14:35:48.172311280
5056.0,2,14:35:48.172441568
5056.0,1,14:35:48.172472176
5056.25,1,14:35:48.173862092
5056.25,4,14:35:48.182079854
5056.25,1,14:35:48.182148064
5056.25,1,14:35:48.182203025
5056.25,1,14:35:48.182430473
5056.25,1,14:35:48.182636186
5056.25,1,14:35:48.182789751
5056.25,1,14:35:48.182858837
5056.25,2,14:35:48.185029037
5056.25,1,14:35:48.185633091
5056.25,1,14:35:48.185802755
5056.25,1,14:35:48.194474091
5056.25,3,14:35:48.194685112
5056.25,3,14:35:48.195034817
5056.25,2,14:35:48.195225989
5056.25,2,14:35:48.196326430
5056.0,1,14:35:48.197697126
5056.0,6,14:35:48.200478468
5056.0,1,14:35:48.200744514
5056.0,1,14:35:48.200841717
5056.0,2,14:35:48.200926791
5056.0,1,14:35:48.201191644
5056.0,1,14:35:48.201217811
5056.0,2,14:35:48.205679425
5056.0,1,14:35:48.209586793
5056.0,3,14:35:48.210802093
5056.0,1,14:35:48.212035156
5056.0,2,14:35:48.212128198
5056.0,1,14:35:48.212153763
5056.0,1,14:35:48.212191533
5056.0,1,14:35:48.212248786
5056.0,1,14:35:48.212415445
5056.0,1,14:35:48.213014263
5056.25,12,14:35:48.215646834
5056.25,5,14:35:48.216359719
5056.25,2,14:35:48.216402914
5056.25,1,14:35:48.216512730
5056.25,1,14:35:48.216629939
5056.25,1,14:35:48.216692001
5056.25,2,14:35:48.217400650
5056.25,1,14:35:48.217602423
5056.0,2,14:35:48.236268838
5056.0,1,14:35:48.236501021
5056.0,1,14:35:48.237570272
5056.0,1,14:35:48.237691493
5056.0,3,14:35:48.240203131
5056.0,1,14:35:48.240374303
5056.0,1,14:35:48.240408943
5056.0,1,14:35:48.242302341
5056.25,1,14:35:48.262323228
5056.25,5,14:35:48.262667237
5056.5,4,14:35:48.269781221
5056.5,4,14:35:48.269857978
5056.5,1,14:35:48.269883953
5056.5,6,14:35:48.269946309
5056.5,1,14:35:48.270424629
5056.5,1,14:35:48.270786592
5056.5,1,14:35:48.270959219
5056.5,1,14:35:48.275620347
5056.5,1,14:35:48.275784184
5060.0,15,14:35:51.287425846
5059.75,2,14:35:51.295675363
5059.75,1,14:35:51.295853581
5059.75,5,14:35:51.295947496
5059.75,3,14:35:51.298696102
5059.75,1,14:35:51.298936181
5059.75,1,14:35:51.299084257
5059.75,1,14:35:51.300894681
5059.75,2,14:35:51.301251130
5059.75,5,14:35:51.302134705
5059.75,1,14:35:51.302309013
5059.75,2,14:35:51.302459957
5059.75,1,14:35:51.304150686
5059.75,1,14:35:51.304411539
5059.75,1,14:35:51.305518617
5059.75,1,14:35:51.306546267
5059.75,2,14:35:51.312753656
5059.5,1,14:35:51.313926067
5059.75,4,14:35:51.316896098
5059.75,3,14:35:51.319990247
5059.75,4,14:35:51.322281531
5059.75,6,14:35:51.328028956
5059.75,2,14:35:51.330491233
5059.75,3,14:35:51.335669503
5059.75,3,14:35:51.340517103
5059.75,2,14:35:51.341501129
5059.5,7,14:35:51.358160969
5059.5,6,14:35:51.358630623
5059.5,1,14:35:51.358776936
5059.25,1,14:35:51.365914366
5059.25,2,14:35:51.366207342
5059.25,1,14:35:51.366276348
5059.25,4,14:35:51.366276348
5059.25,1,14:35:51.366299225
5059.25,1,14:35:51.366958906
5059.25,2,14:35:51.368378624
5059.25,1,14:35:51.369433439
5059.25,1,14:35:51.369698340
5059.25,1,14:35:51.369870856
5059.25,1,14:35:51.370036808
5059.25,1,14:35:51.370129573
5059.25,3,14:35:51.370853083
5059.25,1,14:35:51.371013839
5059.25,1,14:35:51.371162799
5059.25,3,14:35:51.371271984
5059.0,2,14:35:51.373701708
5059.0,3,14:35:51.377203490
5059.0,1,14:35:51.377374034
5059.0,2,14:35:51.377434052
5059.0,2,14:35:51.377487371
5059.0,1,14:35:51.377556387
5059.0,7,14:35:51.378178774
5059.0,1,14:35:51.378341676
5059.0,1,14:35:51.378455887
5059.0,1,14:35:51.378516025
5059.0,1,14:35:51.378712890
5059.0,1,14:35:51.378750039
5059.0,3,14:35:51.379704330
5059.0,1,14:35:51.379942269
5059.0,3,14:35:51.380178842
5059.0,1,14:35:51.380901747
5059.0,1,14:35:51.381114558
5059.0,1,14:35:51.381291752
5059.0,2,14:35:51.381957346
5059.0,1,14:35:51.382155270
5059.0,1,14:35:51.382293426
5059.0,1,14:35:51.382474006
5059.0,2,14:35:51.383280883
5059.0,1,14:35:51.383420176
5059.0,2,14:35:51.385772416
5059.0,6,14:35:51.386707631
5059.0,2,14:35:51.386961204
5059.0,1,14:35:51.387220214
5059.0,9,14:35:51.391602951
5059.0,3,14:35:51.392020265
5059.0,2,14:35:51.392113055
5059.0,1,14:35:51.392309625
5059.0,2,14:35:51.392744169
5059.0,1,14:35:51.392989665
5059.0,1,14:35:51.393146743
5059.25,5,14:35:51.395031376
5059.0,1,14:35:51.395560094
5059.25,1,14:35:51.404382752
5059.25,3,14:35:51.404921137
5059.25,2,14:35:51.405507053
5059.25,2,14:35:51.405835626
5059.25,1,14:35:51.407673775
5059.25,1,14:35:51.408017155
5059.25,3,14:35:51.408064285
5059.25,2,14:35:51.422510465
5059.5,5,14:35:51.426466429
5059.5,6,14:35:51.426743676
5059.75,4,14:35:51.519510889
5060.0,4,14:35:51.529129106
5059.75,6,14:35:51.543790340
5059.75,2,14:35:51.548919721
5059.75,1,14:35:51.548956188
5059.75,2,14:35:51.548989184
5059.75,7,14:35:51.549174794
5059.75,1,14:35:51.550769751
5059.75,4,14:35:51.555118629
5059.75,1,14:35:51.555153254
5059.75,1,14:35:51.555290179
5059.75,2,14:35:51.557573268
5059.75,2,14:35:51.557759790
5059.75,1,14:35:51.557858925
5060.0,6,14:35:51.577031971
5060.25,7,14:35:51.586845997
5060.25,2,14:35:51.587548008
5060.25,2,14:35:51.587621359
5060.25,1,14:35:51.587666362
5060.25,1,14:35:51.587725873
5060.25,1,14:35:51.587970419
5060.25,1,14:35:51.588004058
5060.25,1,14:35:51.588427165
5060.25,1,14:35:51.588493636
5060.25,1,14:35:51.588654305
5060.25,1,14:35:51.607378079
5060.25,1,14:35:51.611432704
5060.25,1,14:35:51.619673149
5060.25,1,14:35:51.619709604
5060.25,1,14:35:51.619830048
5060.25,1,14:35:51.619869307
5060.25,2,14:35:51.627637205
5060.25,1,14:35:51.627871048
5060.25,1,14:35:51.628023251
5060.5,5,14:35:51.629312211
5060.5,1,14:35:51.664575173
5060.5,2,14:35:51.680267397
5060.5,4,14:35:51.680485113
5060.5,2,14:35:51.680658109
5060.5,2,14:35:51.695300107
5060.5,2,14:35:51.695651944
5060.5,1,14:35:51.695814850
5060.75,1,14:35:51.697962157
5060.75,3,14:35:51.704235455
5060.5,1,14:35:51.719600969
5060.5,1,14:35:51.754335600
5060.5,1,14:35:51.754547370
5060.5,1,14:35:51.765763389
5060.5,1,14:35:51.780421672
5060.5,2,14:35:51.780591919
5060.5,2,14:35:51.780792515
5060.5,1,14:35:51.781043694
5060.5,2,14:35:51.781225033
5060.75,5,14:35:51.792022498
5060.75,4,14:35:51.799541610
5060.75,5,14:35:51.801736835
5060.75,9,14:35:51.808212598
5060.75,7,14:35:51.815346384
5060.5,2,14:35:51.836304535
5060.5,1,14:35:51.836476900
5060.5,1,14:35:51.836750256
5060.5,3,14:35:51.836861944
5060.5,1,14:35:51.837010789
5060.5,4,14:35:51.871552123
5060.5,1,14:35:51.871577791
5060.75,2,14:35:51.871778048
5060.75,2,14:35:51.871975220
5060.75,4,14:35:51.872281210
5060.75,1,14:35:51.872311297
5060.75,1,14:35:51.872500360
5060.75,1,14:35:51.872694105
5060.75,4,14:35:51.872933940
5060.75,1,14:35:51.884664008
5060.75,1,14:35:51.884740755
5060.75,1,14:35:51.884892873
5060.75,1,14:35:51.885065792
5060.75,7,14:35:51.894434084
5060.75,4,14:35:51.922699937
5060.75,2,14:35:51.935910422
5060.75,1,14:35:51.935949380
5060.5,4,14:35:51.949561609
5060.5,1,14:35:51.949806314
5060.5,3,14:35:51.950000402
5060.5,1,14:35:51.950035216
5060.5,1,14:35:51.950308828
5060.5,1,14:35:51.950497212
5060.5,2,14:35:51.952072745
5060.75,3,14:35:51.976055916
5060.75,2,14:35:51.983368401
5060.75,1,14:35:51.983540478
5060.75,1,14:35:51.983585132
5060.75,3,14:35:51.988326846
5060.75,5,14:35:52.007970504
5060.75,1,14:35:52.008155974
5060.75,1,14:35:52.008201965
5060.5,5,14:35:52.055188267
5060.5,1,14:35:52.055283037
5060.5,1,14:35:52.055326530
5060.5,2,14:35:52.055371449
5060.5,3,14:35:52.055521810
5060.5,1,14:35:52.055624212
5060.5,1,14:35:52.055791156
5060.5,2,14:35:52.056064516
5060.25,4,14:35:52.057341750
5060.25,2,14:35:52.057762819
5060.25,2,14:35:52.057806342
5060.25,3,14:35:52.057886898
5060.25,2,14:35:52.057918325
5060.0,12,14:35:52.062072898
5059.75,2,14:35:52.077376773
5059.75,1,14:35:52.077538220
5059.75,1,14:35:52.077600313
5059.75,1,14:35:52.078165154
5059.75,1,14:35:52.078185183
5059.75,1,14:35:52.078303486
5059.75,1,14:35:52.078343208
5060.0,1,14:35:52.086798416
5060.0,4,14:35:52.094480456
5060.25,1,14:35:52.112793978
5060.25,1,14:35:52.112963044
5060.25,8,14:35:52.113060931
5060.25,1,14:35:52.113087708
5060.25,1,14:35:52.113331266
5060.25,1,14:35:52.122155703
5060.25,1,14:35:52.122344798
5060.25,1,14:35:52.122525301
5060.5,4,14:35:52.163695568
5060.5,1,14:35:52.163720827
5060.5,1,14:35:52.163790131
5060.5,3,14:35:52.163837550
5060.5,1,14:35:52.164048232
5060.5,1,14:35:52.165501167
5060.5,2,14:35:52.172180099
5060.5,5,14:35:52.172323337
5060.5,9,14:35:52.174185601
5060.5,1,14:35:52.174273424
5060.5,11,14:35:52.179624163
5060.5,1,14:35:52.179909714
5060.5,1,14:35:52.182626079
5060.75,5,14:35:52.205082709
5060.75,2,14:35:52.232398774
5060.75,1,14:35:52.232740327
5060.75,2,14:35:52.232929350
5060.75,1,14:35:52.233085866
5060.75,1,14:35:52.233271841
5060.75,1,14:35:52.233427454
5060.75,1,14:35:52.233917979
5060.75,1,14:35:52.234074896
5060.75,4,14:35:52.282919874
5060.75,1,14:35:52.283453287
5060.75,1,14:35:52.283512129
5060.5,1,14:35:52.314667677
5060.5,4,14:35:52.340084180
5060.5,1,14:35:52.342478050
5060.5,2,14:35:52.342655516
5060.5,2,14:35:52.349462696
5060.75,1,14:35:52.355959509
5060.75,4,14:35:52.361172897
5060.75,1,14:35:52.361344994
5060.75,1,14:35:52.387389721
5061.0,2,14:35:52.394358312
5060.75,3,14:35:52.394358312
5061.0,3,14:35:52.413545017
5061.0,10,14:35:52.413773898
5061.0,1,14:35:52.413801544
5061.0,2,14:35:52.413859379
5061.0,1,14:35:52.428398828
5061.0,1,14:35:52.428824731
5061.0,2,14:35:52.428856270
5061.0,1,14:35:52.429183223
5061.0,6,14:35:52.437832823
5061.25,2,14:35:52.439202297
5061.25,3,14:35:52.439254797
5061.25,5,14:35:52.439373254
5061.25,1,14:35:52.446565729
5061.25,5,14:35:52.446687456
5061.0,7,14:35:52.507311761
5061.0,1,14:35:52.507521109
5061.0,1,14:35:52.507689170
5061.0,3,14:35:52.562430143
5061.0,2,14:35:52.562473104
5061.0,1,14:35:52.565712779
5061.0,3,14:35:52.565758242
5061.0,1,14:35:52.565905362
5061.0,1,14:35:52.566098838
5061.0,1,14:35:52.566122374
5061.0,1,14:35:52.574004047
5061.0,1,14:35:52.574361114
5061.0,1,14:35:52.590509737
5060.75,3,14:35:52.596254781
5060.75,2,14:35:52.596347589
5060.75,1,14:35:52.596393962
5060.75,2,14:35:52.596430371
5060.75,1,14:35:52.596473707
5060.75,2,14:35:52.596573597
5060.75,1,14:35:52.596599316
5060.75,1,14:35:52.596798373
5060.75,1,14:35:52.596930840
5060.75,1,14:35:52.596963829
5061.0,6,14:35:52.601224309
5061.0,1,14:35:52.604718769
5061.0,1,14:35:52.604751068
5061.0,1,14:35:52.604832834
5061.0,2,14:35:52.604924044
5061.0,1,14:35:52.605084313
5061.0,1,14:35:52.605272941
5060.75,1,14:35:52.605355236
5061.0,4,14:35:52.605453145
5061.0,1,14:35:52.605629559
5061.0,1,14:35:52.606490207
5061.0,2,14:35:52.606810418
5061.0,5,14:35:52.614948953
5061.0,5,14:35:52.615183256
5063.25,1,14:35:55.174048149
5063.25,2,14:35:55.174120842
5063.25,1,14:35:55.181428509
5063.25,1,14:35:55.181590621
5063.25,2,14:35:55.181923540
5063.25,4,14:35:55.186016487
5063.25,1,14:35:55.186186397
5063.25,1,14:35:55.186242062
5063.25,1,14:35:55.186264584
5063.25,2,14:35:55.205100302
5063.0,5,14:35:55.234322008
5062.75,2,14:35:55.234556589
5062.75,3,14:35:55.242142293
5062.75,2,14:35:55.242557836
5062.75,1,14:35:55.242592933
5062.75,3,14:35:55.242643229
5062.75,4,14:35:55.244860598
5063.0,1,14:35:55.276367340
5063.0,2,14:35:55.284941705
5063.0,2,14:35:55.285156686
5063.0,5,14:35:55.319381833
5063.0,1,14:35:55.319559021
5063.0,1,14:35:55.360760988
5063.0,1,14:35:55.364243747
5063.0,3,14:35:55.387270665
5063.0,2,14:35:55.387443914
5063.25,5,14:35:55.439350078
5063.25,2,14:35:55.439384341
5063.25,1,14:35:55.439431212
5063.25,1,14:35:55.439651982
5063.25,1,14:35:55.443684095
5063.25,2,14:35:55.443857267
5063.25,2,14:35:55.443920251
5063.25,3,14:35:55.445256040
5063.5,1,14:35:55.450651372
5063.5,1,14:35:55.450663362
5063.5,1,14:35:55.450731207
5063.5,1,14:35:55.450771301
5063.5,1,14:35:55.450805228
5063.5,7,14:35:55.451076779
5063.5,4,14:35:55.510341222
5063.5,3,14:35:55.552067620
5063.25,4,14:35:55.612519967
5063.25,7,14:35:55.612729689
5063.25,1,14:35:55.612825618
5063.25,2,14:35:55.613049824
5063.25,1,14:35:55.613210980
5063.25,1,14:35:55.613248849
5063.25,3,14:35:55.661327573
5063.0,2,14:35:55.757565548
5063.0,7,14:35:55.776800077
5063.0,7,14:35:55.777031033
5063.0,1,14:35:55.777248621
5063.0,3,14:35:55.777418605
5063.0,1,14:35:55.777567014
5063.0,3,14:35:55.778101700
5063.0,1,14:35:55.778841703
5063.0,1,14:35:55.817001279
5063.25,1,14:35:55.842308901
5063.25,5,14:35:55.880394441
5063.25,5,14:35:55.880786589
5063.25,1,14:35:55.880916531
5063.5,5,14:35:55.889983098
5063.5,1,14:35:55.890159047
5063.5,2,14:35:55.890466734
5063.5,3,14:35:55.890631741
5063.5,1,14:35:55.890811947
5063.5,1,14:35:55.890873001
5063.5,2,14:35:55.890910086
5063.5,7,14:35:55.904293822
5063.25,12,14:35:55.923953419
5063.25,1,14:35:55.989474332
5063.0,7,14:35:56.017770008
5063.0,2,14:35:56.018216794
5063.0,4,14:35:56.020993992
5063.0,3,14:35:56.026084143
5063.0,1,14:35:56.026705394
5063.0,2,14:35:56.026870819
5063.0,1,14:35:56.026902633
5063.25,1,14:35:56.068258368
5063.0,2,14:35:56.076848042
5063.0,3,14:35:56.077046199
5063.0,1,14:35:56.077262828
5063.25,5,14:35:56.091167736
5063.25,1,14:35:56.091305575
5063.5,1,14:35:56.142513691
5063.5,5,14:35:56.142742153
5063.5,2,14:35:56.145853313
5063.5,4,14:35:56.145909180
5063.5,2,14:35:56.146007774
5063.5,2,14:35:56.146267370
5063.5,1,14:35:56.150456097
5063.5,1,14:35:56.150531286
5063.5,1,14:35:56.150702122
5063.5,3,14:35:56.158046481
5063.5,2,14:35:56.158095678
5063.5,1,14:35:56.158206468
5063.25,8,14:35:56.175786327
5063.0,10,14:35:56.177895067
5062.75,2,14:35:56.193553505
5062.75,1,14:35:56.193716174
5062.75,1,14:35:56.193759260
5062.75,2,14:35:56.193802159
5062.75,2,14:35:56.194115539
5062.75,2,14:35:56.194151635
5062.75,2,14:35:56.201884054
5062.75,4,14:35:56.202191003
5062.75,1,14:35:56.202499721
5062.75,5,14:35:56.202705830
5062.75,1,14:35:56.203145385
5062.75,1,14:35:56.203182323
5062.5,1,14:35:56.204620413
5062.5,1,14:35:56.204781143
5062.5,1,14:35:56.204893727
5062.5,2,14:35:56.204961972
5062.5,1,14:35:56.205092538
5062.5,1,14:35:56.205302846
5062.5,2,14:35:56.205334955
5062.5,1,14:35:56.205450411
5062.5,2,14:35:56.205544010
5062.5,2,14:35:56.209982352
5062.5,5,14:35:56.214402422
5062.5,5,14:35:56.247981486
5062.5,1,14:35:56.248163036
5062.5,1,14:35:56.248221335
5062.5,1,14:35:56.248257314
5062.5,1,14:35:56.248291231
5062.5,1,14:35:56.248415700
5062.5,1,14:35:56.248478937
5062.5,5,14:35:56.288154470
5062.5,3,14:35:56.288410860
5062.5,1,14:35:56.288515467
5062.5,1,14:35:56.288546606
5062.5,4,14:35:56.290563338
5062.5,5,14:35:56.294350346
5062.5,2,14:35:56.296154258
5062.5,3,14:35:56.298158474
5062.5,2,14:35:56.299060787
5062.5,3,14:35:56.333130200
5062.5,1,14:35:56.360863401
5062.5,2,14:35:56.361970908
5062.5,2,14:35:56.362237253
5062.5,1,14:35:56.362390331
5062.5,1,14:35:56.362424402
5062.5,2,14:35:56.369015633
5062.5,5,14:35:56.377019826
5062.5,1,14:35:56.377172034
5062.5,5,14:35:56.412347294
5062.5,1,14:35:56.412575514
5062.5,1,14:35:56.412607457
5062.5,1,14:35:56.412664722
5062.5,1,14:35:56.441665346
5062.5,1,14:35:56.448373193
5062.5,1,14:35:56.448407580
5062.5,1,14:35:56.448575530
5062.5,5,14:35:56.448810334
5062.5,1,14:35:56.448835618
5062.5,2,14:35:56.448944869
5062.5,3,14:35:56.449747182
5062.5,1,14:35:56.449897480
5062.5,2,14:35:56.462521024
5062.75,5,14:35:56.470765916
5062.75,1,14:35:56.470932499
5062.75,4,14:35:56.471010068
5062.75,1,14:35:56.471188639
5062.5,1,14:35:56.515864996
5062.5,3,14:35:56.515959410
5062.5,1,14:35:56.515992989
5062.5,2,14:35:56.516025380
5062.5,1,14:35:56.516064386
5062.5,1,14:35:56.516252668
5062.5,8,14:35:56.516337213
5062.5,1,14:35:56.516372939
5062.5,1,14:35:56.516445533
5062.75,2,14:35:56.583263353
5062.75,6,14:35:56.583367231
5062.75,2,14:35:56.583425709
5063.0,17,14:35:56.583578202
5063.25,9,14:35:56.584539514
5063.25,1,14:35:56.584828666
5063.25,1,14:35:56.585206859
5063.25,1,14:35:56.585281939
5063.25,1,14:35:56.585335170
5063.25,3,14:35:56.585378966
5063.25,2,14:35:56.585585139
5063.25,1,14:35:56.585763200
5063.25,1,14:35:56.586300737
5063.25,1,14:35:56.586376642
5063.25,1,14:35:56.586468446
5063.25,7,14:35:56.592419900
5063.25,1,14:35:56.592571430
5063.25,1,14:35:56.592677639
5063.25,1,14:35:56.592744736
5063.25,2,14:35:56.592820363
5063.25,1,14:35:56.592865167
5063.25,3,14:35:56.594742326
5063.25,2,14:35:56.594898213
5063.25,1,14:35:56.595051445
5063.25,1,14:35:56.595116937
5063.25,1,14:35:56.595540062
5063.0,1,14:35:56.636299655
5063.0,13,14:35:56.636590699
5063.0,2,14:35:56.638554169
5063.0,3,14:35:56.638602269
5063.0,3,14:35:56.651786409
5063.0,2,14:35:56.652860419
5063.0,1,14:35:56.658068012
5063.0,2,14:35:56.659936693
5063.0,2,14:35:56.660100117
5063.0,1,14:35:56.660994452
5063.0,1,14:35:56.684321815
5063.0,1,14:35:56.684886105
5063.0,1,14:35:56.685117014
5062.75,1,14:35:56.693841838
5063.0,1,14:35:56.707744550
5062.75,9,14:35:56.771075939
5062.75,1,14:35:56.771142027
5062.75,1,14:35:56.771174773
5062.75,2,14:35:56.775779142
5062.75,7,14:35:56.775860436
5063.0,2,14:35:56.884860316
5063.0,5,14:35:56.884911548
5063.0,1,14:35:56.884936739
5063.0,1,14:35:56.885020891
5063.0,1,14:35:56.885058639
5063.0,1,14:35:56.885190091
5063.0,2,14:35:56.885280657
5063.0,1,14:35:56.957878384
5063.25,8,14:35:56.972884853
5063.25,3,14:35:57.172710288
5063.0,1,14:35:57.274348733
5063.25,3,14:35:57.280217078
5063.5,5,14:35:57.305652276
5063.5,1,14:35:57.305819672
5063.5,1,14:35:57.305876435
5063.5,7,14:35:57.319778143
5063.5,1,14:35:57.320445753
5063.5,3,14:35:57.320663420
5063.5,1,14:35:57.320845169
5063.5,1,14:35:57.320916095
5063.5,1,14:35:57.363157174
5063.5,1,14:35:57.363176653
5063.75,1,14:35:57.364208578
5063.75,1,14:35:57.364222488
5063.75,13,14:35:57.364493352
5063.75,4,14:35:57.364953563
5064.0,4,14:35:57.368421853
5063.75,3,14:35:57.380659332
5063.75,1,14:35:57.380916000
5063.75,1,14:35:57.380952371
5063.75,1,14:35:57.380980840
5063.75,5,14:35:57.414324206
5063.5,1,14:35:57.421370470
5063.5,4,14:35:57.421579033
5063.5,2,14:35:57.421750081
5063.5,1,14:35:57.421789237
5063.5,1,14:35:57.421939298
5063.5,1,14:35:57.422104943
5063.5,1,14:35:57.431440475
5063.5,4,14:35:57.431658229
5063.5,1,14:35:57.431895518
5063.5,4,14:35:57.435668080
5063.25,4,14:35:57.441831974
5063.5,2,14:35:57.503718246
5063.5,3,14:35:57.503898364
5063.5,1,14:35:57.504132728
5063.5,5,14:35:57.514725504
5063.5,1,14:35:57.515048705
5063.75,1,14:35:57.541876504
5063.75,5,14:35:57.541979386
5063.75,1,14:35:57.545919509
5063.75,2,14:35:57.546402445
5063.75,2,14:35:57.549577637
5064.0,4,14:35:57.562752086
5063.75,2,14:35:57.576345409
5063.75,3,14:35:57.576410965
5063.75,2,14:35:57.576458965
5063.75,1,14:35:57.576640709
5063.75,1,14:35:57.576828402
5063.75,1,14:35:57.577098664
5064.0,3,14:35:57.650020927
5064.0,1,14:35:57.650043677
5064.0,1,14:35:57.650470774
5064.0,3,14:35:57.650542743
5064.0,1,14:35:57.651228143
5064.25,4,14:35:57.656176456
5064.25,1,14:35:57.656188588
5064.25,3,14:35:57.656324479
5064.5,1,14:35:57.657294803
5064.5,1,14:35:57.657306841
5064.25,4,14:35:57.658711989
5064.0,1,14:35:57.660850670
5064.0,3,14:35:57.660952575
5064.0,2,14:35:57.661385103
5064.0,1,14:35:57.661615155
5064.0,2,14:35:57.661788842
5064.0,5,14:35:57.661997915
5064.25,1,14:35:57.665043231
5064.25,2,14:35:57.665217084
5064.25,4,14:35:57.665279860
5064.25,3,14:35:57.667380106
5064.25,4,14:35:57.677762063
5064.25,1,14:35:57.677815729
5064.25,3,14:35:57.695534962
5064.25,2,14:35:57.695669391
5064.25,1,14:35:57.705654500
5064.25,1,14:35:57.725161153
5064.25,2,14:35:57.725337733
5064.25,2,14:35:57.727992299
5064.25,2,14:35:57.728050920
5064.25,5,14:35:57.749968325
5064.25,1,14:35:57.756935244
5064.0,6,14:35:57.761372501
5064.0,5,14:35:57.761444582
5064.0,1,14:35:57.765258093
5064.0,3,14:35:57.765464334
5064.25,3,14:35:57.784533099
5064.25,1,14:35:57.784582851
5064.25,2,14:35:57.784706505
5064.25,1,14:35:57.784729674
5064.25,1,14:35:57.784755508
5064.25,8,14:35:57.784811729
5064.5,3,14:35:57.940812266
5064.5,2,14:35:57.987302264
5064.5,5,14:35:57.987408868
5064.75,2,14:35:57.997597185
5064.75,7,14:35:57.998181530
5064.75,1,14:35:57.998271074
5064.75,1,14:35:57.998399666
5064.75,1,14:35:57.998504055
5064.75,3,14:35:57.998760539
5064.75,1,14:35:57.998929051
5064.75,1,14:35:57.998964138
5064.75,3,14:35:57.999171493
5064.75,3,14:35:58.005587023
5064.75,2,14:35:58.005760960
5065.0,2,14:35:58.025382546
5065.0,9,14:35:58.025391989
5065.25,6,14:35:58.025391989
5065.25,1,14:35:58.025509349
5065.25,1,14:35:58.025517351
5065.25,4,14:35:58.025517351
5065.0,6,14:35:58.026353074
5065.0,2,14:35:58.026598585
5065.0,1,14:35:58.026679846
5065.0,1,14:35:58.026734240
5065.0,1,14:35:58.026778849
5065.0,3,14:35:58.027018322
5065.0,1,14:35:58.027212196
5065.0,1,14:35:58.027249812
5065.25,1,14:35:58.058686654
5065.25,1,14:35:58.066993270
5065.25,5,14:35:58.067083435
5065.25,2,14:35:58.067131112
5065.25,9,14:35:58.068133580
5065.25,1,14:35:58.068374091
5065.25,1,14:35:58.068476426
5065.25,1,14:35:58.078578268
5065.5,3,14:35:58.084410292
5065.5,2,14:35:58.084587186
5065.5,2,14:35:58.084716014
5065.5,1,14:35:58.084831982
5065.5,1,14:35:58.084871163
5065.5,1,14:35:58.085129908
5065.5,1,14:35:58.085210917
5065.5,1,14:35:58.093043808
5065.5,5,14:35:58.093258420
5065.5,1,14:35:58.093478934
5065.5,2,14:35:58.093675136
5065.5,3,14:35:58.093713143
5065.5,2,14:35:58.093840410
5065.5,1,14:35:58.093874256
5065.5,2,14:35:58.101342212
5065.5,3,14:35:58.101537377
5065.5,1,14:35:58.101645620
5065.5,1,14:35:58.101854017
5065.5,2,14:35:58.102054169
5065.5,1,14:35:58.109664229
5065.5,2,14:35:58.112843935
5065.5,1,14:35:58.118067337
5065.5,7,14:35:58.119610939
5065.5,8,14:35:58.123660006
5065.5,2,14:35:58.124002826
5065.25,7,14:35:58.126935470
5065.25,1,14:35:58.128224187
5065.25,5,14:35:58.128477649
5065.5,1,14:35:58.138313355
5065.25,2,14:35:58.183741487
5065.25,2,14:35:58.184062687
5065.5,5,14:35:58.210365380
5065.5,1,14:35:58.210545144
5065.75,1,14:35:58.227093474
5065.75,1,14:35:58.227104099
5065.75,10,14:35:58.227104099
5066.0,4,14:35:58.233780126
5066.0,1,14:35:58.233790696
5066.0,4,14:35:58.233935481
5066.0,1,14:35:58.233966877
5066.0,3,14:35:58.234006263
5066.0,2,14:35:58.234024142
5066.0,2,14:35:58.234151678
5066.0,2,14:35:58.234197496
5066.0,2,14:35:58.234252435
5066.0,1,14:35:58.235532099
5065.75,12,14:35:58.239066335
5065.75,1,14:35:58.239341747
5065.75,2,14:35:58.240443288
5065.75,1,14:35:58.240538808
5065.75,11,14:35:58.252403779
5065.75,1,14:35:58.252900007
5065.75,6,14:35:58.256043050
5065.75,1,14:35:58.256072167
5065.75,4,14:35:58.256424987
5065.75,1,14:35:58.256603836
5065.75,1,14:35:58.256663930
5065.75,6,14:35:58.261322715
5065.5,6,14:35:58.275170949
5065.5,2,14:35:58.275860118
5065.5,6,14:35:58.300079327
5065.5,1,14:35:58.300118220
5065.5,1,14:35:58.307986664
5065.5,2,14:35:58.308262388
5065.5,1,14:35:58.308417204
5065.5,1,14:35:58.308484376
5065.5,1,14:35:58.308543457
5065.5,1,14:35:58.308586919
5065.5,1,14:35:58.308680451
5065.5,1,14:35:58.314172955
5065.5,1,14:35:58.314378921
5065.5,2,14:35:58.314431411
5065.5,1,14:35:58.314544329
5065.5,1,14:35:58.316374855
5065.5,1,14:35:58.316550526
5065.5,1,14:35:58.316604562
5065.5,1,14:35:58.316772710
5065.5,1,14:35:58.320727910
5065.5,1,14:35:58.320864901
5065.5,1,14:35:58.336944624
5065.5,1,14:35:58.337193029
5065.5,1,14:35:58.337222766
5065.5,1,14:35:58.339953686
5065.5,3,14:35:58.340185473
5065.5,1,14:35:58.340258806
5065.5,1,14:35:58.340578678
5065.5,5,14:35:58.369016864
5065.25,4,14:35:58.397840657
5065.25,4,14:35:58.397978097
5065.0,1,14:35:58.415321647
5065.0,1,14:35:58.415349008
5065.0,1,14:35:58.415395927
5065.0,1,14:35:58.415572744
5065.0,3,14:35:58.415866599
5065.0,2,14:35:58.415882302
5065.0,1,14:35:58.416005043
5065.0,1,14:35:58.416084191
5065.0,4,14:35:58.416177229
5064.75,1,14:35:58.427933345
5064.75,1,14:35:58.439596639
5065.0,4,14:35:58.466690705
5065.0,1,14:35:58.466717173
5065.0,2,14:35:58.467205935
5065.0,7,14:35:58.467591783
5065.0,1,14:35:58.467780295
5065.25,8,14:35:58.485414469
5065.25,7,14:35:58.518200169
5065.0,3,14:35:58.518609602
5065.25,4,14:35:58.518609602
5065.25,2,14:35:58.518726420
5065.25,1,14:35:58.518928527
5065.25,1,14:35:58.519011824
5065.25,1,14:35:58.519130185
5065.25,1,14:35:58.519184407
5065.25,1,14:35:58.519220759
5065.25,2,14:35:58.519540421
5065.25,1,14:35:58.519681415
5065.25,3,14:35:58.520056044
5065.25,5,14:35:58.522200247
5065.25,5,14:35:58.533739381
5065.25,1,14:35:58.533997470
5065.25,1,14:35:58.534199862
5065.25,1,14:35:58.534227434
5065.5,1,14:35:58.559136089
5065.5,6,14:35:58.573631104
5065.5,1,14:35:58.573977687
5065.75,1,14:35:58.583516510
5065.75,10,14:35:58.595057591
5065.75,3,14:35:58.595360761
5065.75,1,14:35:58.595654332
5065.75,1,14:35:58.595705651
5065.75,1,14:35:58.595820739
5065.75,1,14:35:58.595854262
5065.5,1,14:35:58.627865551
5065.5,3,14:35:58.627953386
5065.5,2,14:35:58.628059638
5065.5,3,14:35:58.628069609
5065.5,2,14:35:58.643245295
5065.5,1,14:35:58.643410857
5065.5,1,14:35:58.643476774
5065.75,5,14:35:58.688749527
5065.75,5,14:35:58.713637369
5065.75,4,14:35:58.714375121
5065.75,3,14:35:58.714546130
5065.75,2,14:35:58.720170889
5065.75,2,14:35:58.720355208
5065.75,5,14:35:58.722545010
5065.75,1,14:35:58.730745313
5065.75,1,14:35:58.730868450
5065.5,22,14:35:58.731146625
5065.75,2,14:35:58.731146625
5065.5,1,14:35:58.731813694
5065.5,1,14:35:58.731929641
5065.5,3,14:35:58.732181488
5065.5,1,14:35:58.732371325
5065.25,1,14:35:58.735859213
5065.25,1,14:35:58.735952242
5065.25,2,14:35:58.756784307
5065.25,1,14:35:58.864873039
5065.0,5,14:35:58.907364161
5065.0,1,14:35:58.915804747
5065.0,5,14:35:58.916145678
5065.25,1,14:35:58.935864924
5065.25,2,14:35:58.941978148
5065.25,5,14:35:58.942058668
5065.25,5,14:35:58.977891338
5065.25,2,14:35:58.978036165
5065.25,2,14:35:58.978310381
5065.25,4,14:35:58.978485025
5065.25,1,14:35:58.978672123
5065.25,1,14:35:58.978701630
5065.25,1,14:35:58.979228540
5065.25,1,14:35:58.979485326
5065.25,2,14:35:58.989650200
5065.25,1,14:35:58.993084308
5065.25,1,14:35:58.993250993
5071.0,1,14:37:40.121760784
5071.0,1,14:37:40.121779561
5071.0,1,14:37:40.121915161
5071.0,2,14:37:40.145626853
5071.0,1,14:37:40.145795691
5071.0,3,14:37:40.145905958
5071.0,1,14:37:40.146024313
5071.0,1,14:37:40.146215373
5070.75,1,14:37:40.146782335
5070.75,3,14:37:40.155053372
5070.75,4,14:37:40.155143534
5070.75,1,14:37:40.155185782
5070.75,1,14:37:40.155311019
5070.75,1,14:37:40.156079547
5070.75,2,14:37:40.159451356
5070.75,2,14:37:40.169939398
5071.0,5,14:37:40.266665490
5071.0,1,14:37:40.282675445
5071.0,4,14:37:40.306153941
5071.0,4,14:37:40.378873514
5071.0,1,14:37:40.378917323
5071.0,1,14:37:40.378991577
5071.25,11,14:37:40.385200202
5071.25,2,14:37:40.386031121
5071.25,1,14:37:40.386120534
5071.25,7,14:37:40.387116695
5071.0,6,14:37:40.390734662
5071.0,2,14:37:40.392210328
5071.0,1,14:37:40.392595062
5071.25,1,14:37:40.447975744
5071.25,2,14:37:40.529719746
5071.0,1,14:37:40.553888729
5071.25,2,14:37:40.573016581
5071.5,3,14:37:40.665334440
5071.5,1,14:37:40.665360480
5071.5,1,14:37:40.665442891
5071.5,1,14:37:40.665516345
5071.5,1,14:37:40.665585582
5071.5,1,14:37:40.665602443
5071.5,1,14:37:40.665641967
5071.5,2,14:37:40.665664329
5071.5,1,14:37:40.666376043
5071.5,1,14:37:40.666794499
5071.75,1,14:37:40.677546623
5072.0,1,14:37:40.677557004
5071.75,7,14:37:40.677557004
5071.75,2,14:37:40.678089626
5071.75,3,14:37:40.678161781
5071.75,1,14:37:40.728272552
5071.75,3,14:37:40.728468034
5071.75,1,14:37:40.736159537
5071.75,1,14:37:40.736595088
5071.75,1,14:37:40.736717730
5071.75,4,14:37:40.744342684
5071.75,3,14:37:40.744634405
5071.75,1,14:37:40.744684185
5071.75,3,14:37:40.744910244
5071.75,1,14:37:40.745136815
5071.75,1,14:37:40.745319117
5071.75,1,14:37:40.746713260
5071.75,1,14:37:40.746989950
5071.75,1,14:37:40.747161525
5071.75,1,14:37:40.753624679
5071.75,1,14:37:40.797497644
5072.0,6,14:37:40.868581328
5072.0,1,14:37:40.869455806
5072.0,4,14:37:40.869657852
5072.0,1,14:37:40.869681846
5072.0,1,14:37:40.870244286
5072.0,1,14:37:40.870639248
5072.0,1,14:37:40.870831741
5072.0,1,14:37:40.870918252
5072.0,1,14:37:40.871068383
5072.0,1,14:37:40.871313249
5072.0,2,14:37:40.950127325
5072.0,2,14:37:40.950418997
5072.0,1,14:37:40.950588045
5072.25,2,14:37:40.979674020
5072.25,1,14:37:40.979806557
5072.25,1,14:37:40.979851144
5072.25,1,14:37:40.979901730
5072.25,1,14:37:40.979924848
5072.25,1,14:37:40.980042527
5072.25,3,14:37:40.990670987
5072.25,4,14:37:40.991423783
5072.5,1,14:37:40.992367246
5072.5,5,14:37:40.992377774
5072.5,3,14:37:40.992377774
5072.5,2,14:37:41.000447499
5072.75,4,14:37:41.004921515
5072.75,10,14:37:41.005472249
5072.75,1,14:37:41.005688897
5073.0,1,14:37:41.005872107
5072.75,1,14:37:41.005955321
5072.75,1,14:37:41.006799175
5072.75,1,14:37:41.007146648
5072.75,1,14:37:41.007981343
5072.75,1,14:37:41.012460877
5072.75,1,14:37:41.012549093
5072.75,1,14:37:41.015789433
5072.75,1,14:37:41.015822829
5072.75,1,14:37:41.015883403
5072.5,1,14:37:41.018968413
5072.5,4,14:37:41.019061640
5072.5,1,14:37:41.019096584
5072.5,1,14:37:41.019142217
5072.5,1,14:37:41.019173002
5072.5,3,14:37:41.020951434
5072.5,1,14:37:41.021122076
5072.5,1,14:37:41.021156303
5072.5,1,14:37:41.021372951
5072.5,4,14:37:41.021459004
5072.5,3,14:37:41.021544208
5072.5,7,14:37:41.026107584
5072.75,1,14:37:41.047497033
5072.75,2,14:37:41.047770200
5072.75,1,14:37:41.047948034
5072.75,1,14:37:41.047976160
5072.75,1,14:37:41.048121910
5072.75,1,14:37:41.048666183
5072.75,1,14:37:41.048956695
5072.75,1,14:37:41.049120205
5072.75,1,14:37:41.051457907
5072.75,1,14:37:41.051873507
5072.75,1,14:37:41.052534751
5072.75,1,14:37:41.055570779
5072.75,1,14:37:41.055845496
5072.75,1,14:37:41.055898306
5072.5,6,14:37:41.078077567
5072.5,3,14:37:41.080389689
5072.5,4,14:37:41.080582129
5072.5,1,14:37:41.080651298
5072.5,3,14:37:41.085355348
5072.5,1,14:37:41.091107657
5072.5,3,14:37:41.091287830
5072.5,3,14:37:41.095676443
5072.25,2,14:37:41.107390011
5072.25,2,14:37:41.114166061
5072.25,1,14:37:41.114232088
5072.5,1,14:37:41.171244009
5072.25,2,14:37:41.181497279
5072.25,1,14:37:41.181651986
5072.25,2,14:37:41.181696431
5072.25,1,14:37:41.181724118
5072.25,1,14:37:41.181909882
5072.25,1,14:37:41.181978539
5072.25,1,14:37:41.182030675
5072.25,1,14:37:41.182147026
5072.5,1,14:37:41.206288118
5072.5,1,14:37:41.206460924
5072.5,1,14:37:41.206492996
5072.5,3,14:37:41.206551786
5072.5,2,14:37:41.213574253
5072.5,3,14:37:41.214745833
5072.5,3,14:37:41.293097017
5072.5,1,14:37:41.293238818
5072.5,1,14:37:41.293274700
5072.5,1,14:37:41.293312273
5072.5,1,14:37:41.293366165
5072.5,2,14:37:41.293671372
5072.5,3,14:37:41.293840632
5072.5,2,14:37:41.301399041
5072.25,1,14:37:41.382498594
5072.25,2,14:37:41.382549977
5072.25,1,14:37:41.410373377
5072.25,4,14:37:41.410579992
5072.25,1,14:37:41.410606975
5072.25,1,14:37:41.410885013
5072.25,2,14:37:41.412000407
5072.25,1,14:37:41.476544139
5072.25,1,14:37:41.476742879
5072.25,1,14:37:41.476950905
5072.25,1,14:37:41.477114153
5072.0,1,14:37:41.490310554
5072.0,3,14:37:41.507637853
5072.0,1,14:37:41.517765082
5072.0,1,14:37:41.522435755
5072.25,2,14:37:41.522857377
5072.25,2,14:37:41.542003406
5072.5,3,14:37:41.542003406
5072.25,4,14:37:41.554760489
5072.25,2,14:37:41.563877675
5072.25,3,14:37:41.564072597
5072.5,1,14:37:41.632816238
5072.5,1,14:37:41.703318884
5072.5,3,14:37:41.703346824
5072.5,1,14:37:41.703469268
5072.5,1,14:37:41.703504177
5072.5,5,14:37:41.718030614
5072.25,6,14:37:41.806294015
5072.0,1,14:37:41.819260180
5072.0,1,14:37:41.819281451
5071.5,13,14:37:41.824388997
5071.75,7,14:37:41.824388997
5071.75,4,14:37:41.824909212
5071.75,1,14:37:41.824943034
5071.75,1,14:37:41.825022072
5071.75,1,14:37:41.825415351
5071.75,1,14:37:41.926922756
5071.75,1,14:37:41.927053058
5071.75,1,14:37:41.927083206
5071.75,2,14:37:41.927139759
5071.75,1,14:37:41.927357520
5071.75,1,14:37:41.927438888
5071.75,1,14:37:41.927537312
5071.75,1,14:37:41.927626773
5071.75,1,14:37:41.927866756
5071.75,1,14:37:41.928785309
5071.75,1,14:37:41.928952691
5071.75,1,14:37:41.934342570
5071.75,1,14:37:42.005459391
5071.75,3,14:37:42.005509892
5071.75,1,14:37:42.005656941
5071.75,3,14:37:42.005762066
5071.75,1,14:37:42.022797082
5071.75,1,14:37:42.034849648
5071.75,1,14:37:42.073561471
5071.75,2,14:37:42.151863727
5071.75,1,14:37:42.261998314
5071.75,5,14:37:42.262081118
5071.75,1,14:37:42.353104133
5071.75,5,14:37:42.353348087
5071.5,1,14:37:42.395463937
5071.5,5,14:37:42.395538543
5071.5,1,14:37:42.395922155
5071.5,1,14:37:42.396198774
5071.5,1,14:37:42.396229764
5071.5,1,14:37:42.396369232
5071.5,2,14:37:42.396496813
5071.5,1,14:37:42.396572452
5071.5,1,14:37:42.397629648
5071.5,2,14:37:42.397824023
5071.5,1,14:37:42.411513720
5071.25,7,14:37:42.414737324
5071.5,1,14:37:42.425943716
5071.5,1,14:37:42.425997122
5071.5,4,14:37:42.490732408
5071.5,1,14:37:42.492464245
5071.5,2,14:37:42.492534819
5071.5,1,14:37:42.492786674
5071.5,1,14:37:42.492845769
5071.5,2,14:37:42.493145353
5071.5,1,14:37:42.496797939
5071.5,2,14:37:42.766893041
5071.5,3,14:37:42.778604823
5071.5,3,14:37:42.795380300
5071.5,1,14:37:42.796284761
5071.5,1,14:37:42.805061850
5071.5,2,14:37:42.805247838
5071.5,2,14:37:42.805284305
5071.5,2,14:37:42.808367955
5071.5,1,14:37:42.808579908
5071.5,1,14:37:42.808646162
5071.5,1,14:37:42.808788785
5071.5,1,14:37:42.808835246
5071.5,2,14:37:42.831656149
5071.5,2,14:37:42.831828425
5071.5,2,14:37:42.832085557
5071.5,1,14:37:42.832235262
5071.5,1,14:37:42.832268235
5070.75,12,14:37:42.847322805
5071.5,1,14:37:42.847322805
5071.0,20,14:37:42.847322805
5071.25,17,14:37:42.847322805
5071.25,2,14:37:42.848436232
5071.25,1,14:37:42.848491942
5071.25,1,14:37:42.848567812
5071.25,1,14:37:42.848690403
5071.25,9,14:37:42.918925205
5071.25,1,14:37:42.919283994
5071.25,2,14:37:42.919341223
5071.25,2,14:37:42.919375048
5071.25,2,14:37:42.919432150
5071.25,1,14:37:42.919509752
5071.25,1,14:37:42.919728745
5071.25,2,14:37:42.919947744
5071.25,1,14:37:42.927460178
5071.25,1,14:37:42.927936306
5071.25,1,14:37:42.962180948
5071.25,1,14:37:43.023294130
5071.25,4,14:37:43.023545159
5071.5,4,14:37:43.060597919
5071.5,1,14:37:43.060946323
5071.5,1,14:37:43.092300085
5071.5,5,14:37:43.092376522
5071.25,9,14:37:43.126446963
5071.0,1,14:37:43.134466744
5071.0,7,14:37:43.134650482
5071.0,1,14:37:43.134686825
5071.0,2,14:37:43.134750365
5071.0,1,14:37:43.134825541
5071.0,4,14:37:43.134825541
5071.0,1,14:37:43.134868883
5071.0,2,14:37:43.135206442
5071.0,1,14:37:43.135353401
5071.0,2,14:37:43.135429512
5071.0,1,14:37:43.143095350
5071.0,7,14:37:43.220778862
5071.0,4,14:37:43.361414460
5071.0,1,14:37:43.361472186
5071.0,9,14:37:43.361545891
5071.0,6,14:37:43.361599844
5071.0,1,14:37:43.361599844
5071.0,2,14:37:43.361959032
5071.0,7,14:37:43.362252785
5071.0,2,14:37:43.362503731
5071.0,2,14:37:43.362835594
5070.75,1,14:37:43.438392901
5070.75,1,14:37:43.439864267
5070.75,3,14:37:43.440380569
5070.75,1,14:37:43.440744503
5070.75,1,14:37:43.440898173
5071.0,4,14:37:43.481023348
5071.0,3,14:37:43.481203486
5071.0,1,14:37:43.481234823
5071.0,2,14:37:43.551034381
5071.0,1,14:37:43.551187584
5071.0,1,14:37:43.551221082
5071.0,1,14:37:43.551356676
5071.25,1,14:37:43.612340262
5071.25,2,14:37:43.693522557
5071.25,5,14:37:43.693608539
5071.25,2,14:37:43.720084863
5071.25,4,14:37:43.720489514
5071.25,3,14:37:43.734232933
5071.25,4,14:37:43.893994281
5071.25,1,14:37:43.894060570
5071.25,1,14:37:43.894886702
5071.25,3,14:37:43.894950213
5071.25,1,14:37:43.896776203
5071.25,1,14:37:43.896830793
5071.0,3,14:37:43.903009047
5071.0,2,14:37:43.984112635
5071.0,1,14:37:43.984416497
5071.0,2,14:37:43.984593832
5071.0,1,14:37:43.984637138
5070.75,1,14:37:43.996820280
5070.75,2,14:37:44.026075008
5070.75,2,14:37:44.030335478
5070.75,2,14:37:44.100678204
5070.75,4,14:37:44.100865030
5070.75,7,14:37:44.101305468
5071.0,3,14:37:44.141215329
5071.25,1,14:37:44.281838034
5071.5,8,14:37:44.402179475
5071.25,2,14:37:44.402179475
5071.5,1,14:37:44.443483473
5071.25,4,14:37:44.459841409
5071.25,1,14:37:44.460212819
5071.25,2,14:37:44.564493508
5071.25,1,14:37:44.564553003
5071.25,2,14:37:44.564589244
5071.25,1,14:37:44.564647034
5071.25,1,14:37:44.577761420
5071.25,4,14:37:44.577885224
5071.25,1,14:37:44.577928028
5071.25,1,14:37:44.578332414
5071.25,1,14:37:44.578364245
5071.25,1,14:37:44.632816483
5071.25,3,14:37:44.633035930
5071.25,1,14:37:44.636641241
5071.25,1,14:37:44.664567689
5071.25,1,14:37:44.978646469
5071.25,1,14:37:44.978813419
5071.25,3,14:37:44.978899712
5071.0,3,14:37:45.251515825
5071.0,2,14:37:45.251566520
5071.0,2,14:37:45.251588355
5070.75,2,14:37:45.253155503
5071.0,1,14:37:45.327388392
5071.0,6,14:37:45.327541167
5071.0,4,14:37:45.331669809
5071.0,1,14:37:45.332082900
5071.25,2,14:37:45.511576658
5071.25,1,14:37:45.511899893
5071.25,1,14:37:45.511937011
5071.0,8,14:37:45.552387184
5071.0,4,14:37:45.552755517
5071.0,3,14:37:45.560730737
5071.0,7,14:37:45.561189201
5071.0,1,14:37:45.561355326
5071.0,5,14:37:45.577913711
5070.75,1,14:37:45.602211369
5070.75,1,14:37:45.618328612
5070.75,2,14:37:45.618661550
5071.5,17,14:37:45.725442052
5071.25,21,14:37:45.725442052
5071.0,16,14:37:45.725442052
5070.75,6,14:37:45.725442052
5071.0,1,14:37:45.727028350
5071.0,1,14:37:45.727214373
5071.0,1,14:37:45.727246168
5071.0,1,14:37:45.727299350
5071.0,1,14:37:45.727504372
5071.0,3,14:37:45.727595068
5071.25,1,14:37:45.737093350
5071.25,1,14:37:45.737356331
5071.25,1,14:37:45.745424900
5071.0,3,14:37:45.928950863
5071.0,2,14:37:45.929253932
5070.75,8,14:37:45.978806966
5070.75,1,14:37:45.983867731
5070.75,3,14:37:45.983931920
5070.75,1,14:37:45.984256638
5070.75,1,14:37:45.984294133
5070.75,2,14:37:45.984881239
5070.5,4,14:37:45.990590141
5070.25,1,14:37:45.990598970
5070.25,1,14:37:45.990608158
5070.25,7,14:37:46.003650267
5070.25,1,14:37:46.004154744
5070.0,4,14:37:46.012943337
5070.0,1,14:37:46.013143863
5070.0,1,14:37:46.013171966
5070.0,1,14:37:46.022188606
5070.0,1,14:37:46.022370049
5070.0,1,14:37:46.022397103
5070.0,6,14:37:46.022570041
5070.0,3,14:37:46.032801661
5070.0,1,14:37:46.033120058
5070.0,3,14:37:46.036115142
5070.0,3,14:37:46.041656743
5070.25,1,14:37:46.066438868
5070.0,1,14:37:46.121213765
5070.25,1,14:37:46.140763970
5070.0,5,14:37:46.160852404
5070.0,1,14:37:46.233263049
5070.0,2,14:37:46.233306060
5070.0,3,14:37:46.307380277
5070.25,1,14:37:46.427213862
5070.25,1,14:37:46.435869234
5070.25,1,14:37:46.436230220
5070.25,1,14:37:46.551784338
5070.25,6,14:37:46.551856067
5070.25,1,14:37:46.554553223
5070.25,5,14:37:46.554631957
5070.25,2,14:37:46.554984326
5070.5,1,14:37:46.566999519
5070.25,1,14:37:46.567115915
5070.25,8,14:37:46.567268689
5070.25,3,14:37:46.567627745
