bidVolume,bidPrice,askVolume,askPrice,timestamp
51,5211.0,47,5211.5,09:00:00.005580810
51,5211.0,47,5211.5,09:00:00.005691648
51,5211.0,47,5211.5,09:00:00.005700102
51,5211.0,47,5211.5,09:00:00.005731034
51,5211.0,47,5211.5,09:00:00.005738295
51,5211.0,47,5211.5,09:00:00.005802104
51,5211.0,47,5211.5,09:00:00.005921107
51,5211.0,47,5211.5,09:00:00.005952391
51,5211.0,47,5211.5,09:00:00.005973727
51,5211.0,47,5211.5,09:00:00.006063566
51,5211.0,47,5211.5,09:00:00.006074113
51,5211.0,47,5211.5,09:00:00.006088949
51,5211.0,47,5211.5,09:00:00.006093646
51,5211.0,47,5211.5,09:00:00.006144316
51,5211.0,47,5211.5,09:00:00.006182314
51,5211.0,47,5211.5,09:00:00.006196292
51,5211.0,47,5211.5,09:00:00.006206212
51,5211.0,47,5211.5,09:00:00.006231985
51,5211.0,47,5211.5,09:00:00.006329040
51,5211.0,45,5211.5,09:00:00.006522705
51,5211.0,45,5211.5,09:00:00.006522705
51,5211.0,45,5211.5,09:00:00.006522705
51,5211.0,45,5211.5,09:00:00.006522705
51,5211.0,45,5211.5,09:00:00.006522705
51,5211.0,45,5211.5,09:00:00.006522705
51,5211.0,45,5211.5,09:00:00.006522705
51,5211.0,45,5211.5,09:00:00.006547870
51,5211.0,45,5211.5,09:00:00.006554040
50,5211.0,45,5211.5,09:00:00.006617619
3,5211.25,45,5211.5,09:00:00.006655795
3,5211.25,45,5211.5,09:00:00.006662544
3,5211.25,45,5211.5,09:00:00.006675453
3,5211.25,45,5211.5,09:00:00.006692279
3,5211.25,45,5211.5,09:00:00.006701460
3,5211.25,45,5211.5,09:00:00.006715739
3,5211.25,45,5211.5,09:00:00.006724344
3,5211.25,45,5211.5,09:00:00.006739349
3,5211.25,45,5211.5,09:00:00.006749096
3,5211.25,45,5211.5,09:00:00.006763766
3,5211.25,45,5211.5,09:00:00.006778303
3,5211.25,45,5211.5,09:00:00.006800784
3,5211.25,45,5211.5,09:00:00.006886270
3,5211.25,45,5211.5,09:00:00.006903867
3,5211.25,45,5211.5,09:00:00.006921941
3,5211.25,45,5211.5,09:00:00.006939283
3,5211.25,45,5211.5,09:00:00.006955004
3,5211.25,45,5211.5,09:00:00.006965146
3,5211.25,45,5211.5,09:00:00.006971910
3,5211.25,45,5211.5,09:00:00.006982698
3,5211.25,45,5211.5,09:00:00.006988991
51,5211.0,45,5211.5,09:00:00.007062965
51,5211.0,45,5211.5,09:00:00.007062965
51,5211.0,45,5211.5,09:00:00.007077211
51,5211.0,45,5211.5,09:00:00.007103781
51,5211.0,44,5211.5,09:00:00.007111251
51,5211.0,44,5211.5,09:00:00.007122841
51,5211.0,44,5211.5,09:00:00.007218463
51,5211.0,44,5211.5,09:00:00.007256527
51,5211.0,44,5211.5,09:00:00.007263430
51,5211.0,44,5211.5,09:00:00.007313245
51,5211.0,44,5211.5,09:00:00.007322263
52,5211.0,44,5211.5,09:00:00.007343054
52,5211.0,44,5211.5,09:00:00.007362245
52,5211.0,45,5211.5,09:00:00.015936959
51,5211.0,45,5211.5,09:00:00.106911770
52,5211.0,45,5211.5,09:00:00.231268329
3,5211.25,45,5211.5,09:00:00.231373985
4,5211.25,45,5211.5,09:00:00.231492420
5,5211.25,45,5211.5,09:00:00.231553071
7,5211.25,45,5211.5,09:00:00.231557512
8,5211.25,45,5211.5,09:00:00.231576085
8,5211.25,44,5211.5,09:00:00.231593385
9,5211.25,44,5211.5,09:00:00.231666113
9,5211.25,43,5211.5,09:00:00.231672769
10,5211.25,43,5211.5,09:00:00.231682811
10,5211.25,42,5211.5,09:00:00.231692645
10,5211.25,42,5211.5,09:00:00.231835953
11,5211.25,42,5211.5,09:00:00.231842008
12,5211.25,42,5211.5,09:00:00.231858165
13,5211.25,42,5211.5,09:00:00.231943776
13,5211.25,42,5211.5,09:00:00.232215410
13,5211.25,42,5211.5,09:00:00.232316129
18,5211.25,42,5211.5,09:00:00.236733246
19,5211.25,42,5211.5,09:00:00.236830665
20,5211.25,42,5211.5,09:00:00.236840489
20,5211.25,36,5211.5,09:00:00.236849840
21,5211.25,36,5211.5,09:00:00.236946242
22,5211.25,36,5211.5,09:00:00.236956898
23,5211.25,36,5211.5,09:00:00.236965807
23,5211.25,35,5211.5,09:00:00.236983113
24,5211.25,35,5211.5,09:00:00.237061086
25,5211.25,35,5211.5,09:00:00.237162150
25,5211.25,32,5211.5,09:00:00.237385569
24,5211.25,32,5211.5,09:00:00.247183419
24,5211.25,22,5211.5,09:00:00.291580906
24,5211.25,19,5211.5,09:00:00.291580906
25,5211.25,19,5211.5,09:00:00.291580906
25,5211.25,17,5211.5,09:00:00.291587178
25,5211.25,16,5211.5,09:00:00.291973571
25,5211.25,15,5211.5,09:00:00.291973571
25,5211.25,14,5211.5,09:00:00.292145155
25,5211.25,14,5211.5,09:00:00.292145155
25,5211.25,13,5211.5,09:00:00.292145155
25,5211.25,13,5211.5,09:00:00.292145155
25,5211.25,12,5211.5,09:00:00.292145155
25,5211.25,11,5211.5,09:00:00.292145155
25,5211.25,10,5211.5,09:00:00.292145155
25,5211.25,9,5211.5,09:00:00.292145155
26,5211.25,9,5211.5,09:00:00.292145155
29,5211.25,9,5211.5,09:00:00.292269125
29,5211.25,67,5211.75,09:00:00.292269125
29,5211.25,67,5211.75,09:00:00.292269125
3,5211.5,67,5211.75,09:00:00.292269125
3,5211.5,55,5211.75,09:00:00.292269125
3,5211.5,55,5211.75,09:00:00.292269125
3,5211.5,55,5211.75,09:00:00.292274380
3,5211.5,55,5211.75,09:00:00.292274380
3,5211.5,55,5211.75,09:00:00.292279224
3,5211.5,55,5211.75,09:00:00.292287746
3,5211.5,55,5211.75,09:00:00.292403416
3,5211.5,55,5211.75,09:00:00.292412616
3,5211.5,55,5211.75,09:00:00.292441244
3,5211.5,55,5211.75,09:00:00.292448089
4,5211.5,55,5211.75,09:00:00.292455753
4,5211.5,55,5211.75,09:00:00.292488969
4,5211.5,55,5211.75,09:00:00.292505523
4,5211.5,55,5211.75,09:00:00.292621849
3,5211.5,55,5211.75,09:00:00.292767302
3,5211.5,55,5211.75,09:00:00.292950307
3,5211.5,55,5211.75,09:00:00.292958643
3,5211.5,55,5211.75,09:00:00.292979517
3,5211.5,54,5211.75,09:00:00.293000554
3,5211.5,54,5211.75,09:00:00.293174116
3,5211.5,54,5211.75,09:00:00.293198901
4,5211.5,54,5211.75,09:00:00.293292941
4,5211.5,54,5211.75,09:00:00.293422873
2,5211.5,54,5211.75,09:00:00.293733747
40,5211.25,54,5211.75,09:00:00.293733747
40,5211.25,54,5211.75,09:00:00.293733747
40,5211.25,3,5211.5,09:00:00.293801370
40,5211.25,3,5211.5,09:00:00.293856479
40,5211.25,3,5211.5,09:00:00.293862226
40,5211.25,3,5211.5,09:00:00.293901465
40,5211.25,4,5211.5,09:00:00.293982785
41,5211.25,4,5211.5,09:00:00.294071789
41,5211.25,4,5211.5,09:00:00.294071789
41,5211.25,4,5211.5,09:00:00.294126484
43,5211.25,4,5211.5,09:00:00.294183183
43,5211.25,4,5211.5,09:00:00.294183183
43,5211.25,3,5211.5,09:00:00.294189410
43,5211.25,3,5211.5,09:00:00.294284843
44,5211.25,3,5211.5,09:00:00.294290225
44,5211.25,3,5211.5,09:00:00.294644034
42,5211.25,3,5211.5,09:00:00.295013658
42,5211.25,3,5211.5,09:00:00.295013658
42,5211.25,5,5211.5,09:00:00.295061188
42,5211.25,6,5211.5,09:00:00.295158867
42,5211.25,6,5211.5,09:00:00.295300329
38,5211.25,6,5211.5,09:00:00.295833831
38,5211.25,7,5211.5,09:00:00.295932175
37,5211.25,7,5211.5,09:00:00.296025323
36,5211.25,7,5211.5,09:00:00.298236122
36,5211.25,6,5211.5,09:00:00.298331699
36,5211.25,6,5211.5,09:00:00.300308270
36,5211.25,6,5211.5,09:00:00.300320552
36,5211.25,6,5211.5,09:00:00.303183282
36,5211.25,4,5211.5,09:00:00.319531139
36,5211.25,3,5211.5,09:00:00.319631506
36,5211.25,3,5211.5,09:00:00.320925081
36,5211.25,3,5211.5,09:00:00.320930944
36,5211.25,56,5211.75,09:00:00.364139767
36,5211.25,56,5211.75,09:00:00.364139767
36,5211.25,55,5211.75,09:00:00.364391538
37,5211.25,55,5211.75,09:00:00.364474790
37,5211.25,56,5211.75,09:00:00.364692127
39,5211.25,56,5211.75,09:00:00.364808754
39,5211.25,56,5211.75,09:00:00.364808754
39,5211.25,56,5211.75,09:00:00.365842384
39,5211.25,56,5211.75,09:00:00.365849424
39,5211.25,56,5211.75,09:00:00.374701680
38,5211.25,56,5211.75,09:00:00.425585558
38,5211.25,55,5211.75,09:00:00.472394048
38,5211.25,55,5211.75,09:00:00.606277325
38,5211.25,55,5211.75,09:00:00.606303152
38,5211.25,55,5211.75,09:00:00.606371858
38,5211.25,30,5211.75,09:00:00.754777217
1,5211.5,30,5211.75,09:00:00.754777217
1,5211.5,29,5211.75,09:00:00.754777217
1,5211.5,29,5211.75,09:00:00.754777217
1,5211.5,29,5211.75,09:00:00.754786378
2,5211.5,29,5211.75,09:00:00.754799204
2,5211.5,29,5211.75,09:00:00.754806423
3,5211.5,29,5211.75,09:00:00.754824149
3,5211.5,29,5211.75,09:00:00.754829666
3,5211.5,28,5211.75,09:00:00.754836847
4,5211.5,28,5211.75,09:00:00.754854613
5,5211.5,28,5211.75,09:00:00.754860498
6,5211.5,28,5211.75,09:00:00.754866745
8,5211.5,28,5211.75,09:00:00.754877091
11,5211.5,28,5211.75,09:00:00.754887334
14,5211.5,28,5211.75,09:00:00.754902998
14,5211.5,28,5211.75,09:00:00.754908003
14,5211.5,28,5211.75,09:00:00.754930922
16,5211.5,28,5211.75,09:00:00.754940378
16,5211.5,28,5211.75,09:00:00.754949022
16,5211.5,28,5211.75,09:00:00.754955374
16,5211.5,27,5211.75,09:00:00.754961883
16,5211.5,28,5211.75,09:00:00.754973396
17,5211.5,28,5211.75,09:00:00.754985032
17,5211.5,29,5211.75,09:00:00.754998795
18,5211.5,29,5211.75,09:00:00.755004168
18,5211.5,28,5211.75,09:00:00.755016281
19,5211.5,28,5211.75,09:00:00.755026601
22,5211.5,28,5211.75,09:00:00.755071229
23,5211.5,28,5211.75,09:00:00.755099751
24,5211.5,28,5211.75,09:00:00.755117931
25,5211.5,28,5211.75,09:00:00.755128392
25,5211.5,29,5211.75,09:00:00.755140309
25,5211.5,28,5211.75,09:00:00.755149957
26,5211.5,28,5211.75,09:00:00.755171522
27,5211.5,28,5211.75,09:00:00.755227466
27,5211.5,28,5211.75,09:00:00.755238887
27,5211.5,28,5211.75,09:00:00.755249917
27,5211.5,28,5211.75,09:00:00.755254820
27,5211.5,28,5211.75,09:00:00.755261345
27,5211.5,22,5211.75,09:00:00.755654121
27,5211.5,22,5211.75,09:00:00.755667017
27,5211.5,19,5211.75,09:00:00.755794463
27,5211.5,18,5211.75,09:00:00.755880922
27,5211.5,21,5211.75,09:00:00.755981327
33,5211.5,21,5211.75,09:00:00.756004237
33,5211.5,22,5211.75,09:00:00.756989248
33,5211.5,23,5211.75,09:00:00.757056421
33,5211.5,22,5211.75,09:00:00.757144160
27,5211.5,22,5211.75,09:00:00.757195893
27,5211.5,25,5211.75,09:00:00.757290951
27,5211.5,26,5211.75,09:00:00.757297335
27,5211.5,26,5211.75,09:00:00.764518364
27,5211.5,26,5211.75,09:00:00.764523218
27,5211.5,26,5211.75,09:00:00.764532924
27,5211.5,26,5211.75,09:00:00.764543097
27,5211.5,26,5211.75,09:00:00.764624040
27,5211.5,26,5211.75,09:00:00.766210235
27,5211.5,25,5211.75,09:00:00.768073070
27,5211.5,24,5211.75,09:00:00.789067257
27,5211.5,21,5211.75,09:00:00.789173349
27,5211.5,56,5212.0,09:00:00.811578098
27,5211.5,42,5212.0,09:00:00.811578098
27,5211.5,42,5212.0,09:00:00.811578098
27,5211.5,42,5212.0,09:00:00.811600363
1,5211.75,42,5212.0,09:00:00.811604430
1,5211.75,42,5212.0,09:00:00.811616722
2,5211.75,42,5212.0,09:00:00.811636015
3,5211.75,42,5212.0,09:00:00.811644428
4,5211.75,42,5212.0,09:00:00.811660716
7,5211.75,42,5212.0,09:00:00.811671798
7,5211.75,40,5212.0,09:00:00.811742651
7,5211.75,40,5212.0,09:00:00.811751396
8,5211.75,40,5212.0,09:00:00.811764741
8,5211.75,40,5212.0,09:00:00.811784517
8,5211.75,40,5212.0,09:00:00.811794415
8,5211.75,28,5212.0,09:00:00.811800514
9,5211.75,28,5212.0,09:00:00.811808089
9,5211.75,28,5212.0,09:00:00.811833136
9,5211.75,28,5212.0,09:00:00.811841926
12,5211.75,28,5212.0,09:00:00.811865901
14,5211.75,28,5212.0,09:00:00.811896439
35,5211.5,28,5212.0,09:00:00.812157021
35,5211.5,28,5212.0,09:00:00.812157021
1,5211.75,28,5212.0,09:00:00.812157021
1,5211.75,29,5212.0,09:00:00.812157021
1,5211.75,30,5212.0,09:00:00.812157021
2,5211.75,30,5212.0,09:00:00.812157021
2,5211.75,33,5212.0,09:00:00.812157021
4,5211.75,33,5212.0,09:00:00.812157021
5,5211.75,33,5212.0,09:00:00.812164013
5,5211.75,33,5212.0,09:00:00.812164013
6,5211.75,33,5212.0,09:00:00.812164013
6,5211.75,35,5212.0,09:00:00.812173229
7,5211.75,35,5212.0,09:00:00.812173229
8,5211.75,35,5212.0,09:00:00.812173229
8,5211.75,35,5212.0,09:00:00.812173229
8,5211.75,35,5212.0,09:00:00.812178486
8,5211.75,35,5212.0,09:00:00.812184764
8,5211.75,35,5212.0,09:00:00.812194364
8,5211.75,35,5212.0,09:00:00.812201936
6,5211.75,35,5212.0,09:00:00.812215476
6,5211.75,36,5212.0,09:00:00.812215476
6,5211.75,37,5212.0,09:00:00.812222736
5,5211.75,37,5212.0,09:00:00.812231136
4,5211.75,37,5212.0,09:00:00.812510993
3,5211.75,37,5212.0,09:00:00.812510993
35,5211.5,37,5212.0,09:00:00.812510993
35,5211.5,37,5212.0,09:00:00.812510993
35,5211.5,1,5211.75,09:00:00.812532753
35,5211.5,2,5211.75,09:00:00.812532753
35,5211.5,3,5211.75,09:00:00.812532753
35,5211.5,3,5211.75,09:00:00.812532753
35,5211.5,5,5211.75,09:00:00.812532753
35,5211.5,6,5211.75,09:00:00.812544965
35,5211.5,9,5211.75,09:00:00.812544965
35,5211.5,8,5211.75,09:00:00.812735858
35,5211.5,9,5211.75,09:00:00.812758604
35,5211.5,9,5211.75,09:00:00.812758604
35,5211.5,9,5211.75,09:00:00.812758604
35,5211.5,9,5211.75,09:00:00.812758604
35,5211.5,11,5211.75,09:00:00.812758604
35,5211.5,6,5211.75,09:00:00.812873457
35,5211.5,7,5211.75,09:00:00.812873457
35,5211.5,7,5211.75,09:00:00.812873457
35,5211.5,8,5211.75,09:00:00.812883359
35,5211.5,8,5211.75,09:00:00.812883359
35,5211.5,8,5211.75,09:00:00.812883359
35,5211.5,8,5211.75,09:00:00.812883359
36,5211.5,8,5211.75,09:00:00.812883359
36,5211.5,9,5211.75,09:00:00.812891186
39,5211.5,9,5211.75,09:00:00.812926223
39,5211.5,7,5211.75,09:00:00.812964109
39,5211.5,7,5211.75,09:00:00.812982256
39,5211.5,6,5211.75,09:00:00.813029077
41,5211.5,6,5211.75,09:00:00.815280959
41,5211.5,6,5211.75,09:00:00.815280959
41,5211.5,8,5211.75,09:00:00.815491081
41,5211.5,9,5211.75,09:00:00.815499975
41,5211.5,10,5211.75,09:00:00.815514509
41,5211.5,12,5211.75,09:00:00.815518407
41,5211.5,13,5211.75,09:00:00.815538094
39,5211.5,13,5211.75,09:00:00.815554682
39,5211.5,13,5211.75,09:00:00.815554682
39,5211.5,14,5211.75,09:00:00.815632672
39,5211.5,12,5211.75,09:00:00.815667840
39,5211.5,12,5211.75,09:00:00.815684631
39,5211.5,18,5211.75,09:00:00.815795728
36,5211.5,18,5211.75,09:00:00.815802525
36,5211.5,17,5211.75,09:00:00.815884789
36,5211.5,18,5211.75,09:00:00.815892808
36,5211.5,19,5211.75,09:00:00.815909666
36,5211.5,19,5211.75,09:00:00.816061541
36,5211.5,21,5211.75,09:00:00.816101187
36,5211.5,21,5211.75,09:00:00.816250620
36,5211.5,22,5211.75,09:00:00.816919222
30,5211.5,22,5211.75,09:00:00.816925194
30,5211.5,21,5211.75,09:00:00.817531814
30,5211.5,21,5211.75,09:00:00.821246349
30,5211.5,21,5211.75,09:00:00.821252392
30,5211.5,21,5211.75,09:00:00.821358340
30,5211.5,21,5211.75,09:00:00.831735884
30,5211.5,21,5211.75,09:00:00.831748719
30,5211.5,21,5211.75,09:00:00.831850958
30,5211.5,22,5211.75,09:00:00.851007387
30,5211.5,23,5211.75,09:00:00.851354725
30,5211.5,24,5211.75,09:00:00.851448148
30,5211.5,23,5211.75,09:00:00.851461822
30,5211.5,22,5211.75,09:00:00.851472302
30,5211.5,23,5211.75,09:00:00.851554998
30,5211.5,23,5211.75,09:00:00.851565987
29,5211.5,23,5211.75,09:00:00.911936207
29,5211.5,25,5211.75,09:00:00.912293312
29,5211.5,26,5211.75,09:00:00.912299786
29,5211.5,27,5211.75,09:00:00.912533316
29,5211.5,28,5211.75,09:00:00.912687694
29,5211.5,29,5211.75,09:00:00.912783744
29,5211.5,30,5211.75,09:00:00.913007038
29,5211.5,30,5211.75,09:00:00.920782786
29,5211.5,29,5211.75,09:00:00.922902237
29,5211.5,29,5211.75,09:00:00.946424764
29,5211.5,29,5211.75,09:00:00.946432204
29,5211.5,29,5211.75,09:00:00.957874752
29,5211.5,29,5211.75,09:00:00.957880724
29,5211.5,29,5211.75,09:00:00.957977929
28,5211.5,29,5211.75,09:00:00.969125694
26,5211.5,29,5211.75,09:00:00.969355657
25,5211.5,29,5211.75,09:00:00.969448871
25,5211.5,30,5211.75,09:00:00.969551280
24,5211.5,30,5211.75,09:00:00.969557398
24,5211.5,31,5211.75,09:00:00.969914343
23,5211.5,31,5211.75,09:00:00.969921470
20,5211.5,31,5211.75,09:00:00.970018955
20,5211.5,31,5211.75,09:00:00.970420891
20,5211.5,30,5211.75,09:00:00.980250552
20,5211.5,31,5211.75,09:00:00.982979875
20,5211.5,31,5211.75,09:00:01.053993753
20,5211.5,31,5211.75,09:00:01.054002035
20,5211.5,31,5211.75,09:00:01.058876952
20,5211.5,31,5211.75,09:00:01.058882930
20,5211.5,31,5211.75,09:00:01.065861228
18,5211.5,31,5211.75,09:00:01.082364506
16,5211.5,31,5211.75,09:00:01.082364506
11,5211.5,31,5211.75,09:00:01.082364506
8,5211.5,31,5211.75,09:00:01.082503300
7,5211.5,31,5211.75,09:00:01.082503300
5,5211.5,31,5211.75,09:00:01.082681332
2,5211.5,31,5211.75,09:00:01.082681332
42,5211.25,31,5211.75,09:00:01.082681332
42,5211.25,31,5211.75,09:00:01.082681332
40,5211.25,31,5211.75,09:00:01.082686695
40,5211.25,31,5211.75,09:00:01.082686695
40,5211.25,1,5211.5,09:00:01.082709829
40,5211.25,2,5211.5,09:00:01.082709829
39,5211.25,2,5211.5,09:00:01.082709829
39,5211.25,3,5211.5,09:00:01.082730969
39,5211.25,4,5211.5,09:00:01.082730969
39,5211.25,4,5211.5,09:00:01.082739090
39,5211.25,4,5211.5,09:00:01.082752604
39,5211.25,4,5211.5,09:00:01.082765222
39,5211.25,4,5211.5,09:00:01.082765222
39,5211.25,4,5211.5,09:00:01.082765222
39,5211.25,4,5211.5,09:00:01.082765222
39,5211.25,4,5211.5,09:00:01.082774105
39,5211.25,5,5211.5,09:00:01.082774105
39,5211.25,5,5211.5,09:00:01.083206632
39,5211.25,5,5211.5,09:00:01.083221717
39,5211.25,5,5211.5,09:00:01.083251058
39,5211.25,6,5211.5,09:00:01.083264665
36,5211.25,6,5211.5,09:00:01.083271555
35,5211.25,6,5211.5,09:00:01.083278538
35,5211.25,6,5211.5,09:00:01.083291184
35,5211.25,8,5211.5,09:00:01.083306928
35,5211.25,8,5211.5,09:00:01.083312778
35,5211.25,11,5211.5,09:00:01.083331025
35,5211.25,13,5211.5,09:00:01.083336533
35,5211.25,13,5211.5,09:00:01.083336533
35,5211.25,13,5211.5,09:00:01.083344539
35,5211.25,13,5211.5,09:00:01.083358046
35,5211.25,13,5211.5,09:00:01.083363208
35,5211.25,14,5211.5,09:00:01.083377403
35,5211.25,13,5211.5,09:00:01.083383378
35,5211.25,13,5211.5,09:00:01.083407830
34,5211.25,13,5211.5,09:00:01.083429353
34,5211.25,14,5211.5,09:00:01.083462922
34,5211.25,15,5211.5,09:00:01.083472893
34,5211.25,16,5211.5,09:00:01.083486858
33,5211.25,16,5211.5,09:00:01.083525074
33,5211.25,16,5211.5,09:00:01.083579884
33,5211.25,17,5211.5,09:00:01.083589037
33,5211.25,18,5211.5,09:00:01.083622848
33,5211.25,19,5211.5,09:00:01.083717362
33,5211.25,18,5211.5,09:00:01.083848511
33,5211.25,24,5211.5,09:00:01.084384768
34,5211.25,24,5211.5,09:00:01.084432938
33,5211.25,24,5211.5,09:00:01.090342572
34,5211.25,24,5211.5,09:00:01.092006180
34,5211.25,23,5211.5,09:00:01.092095353
34,5211.25,17,5211.5,09:00:01.092105567
34,5211.25,15,5211.5,09:00:01.092194551
34,5211.25,14,5211.5,09:00:01.092206126
35,5211.25,14,5211.5,09:00:01.092596732
34,5211.25,14,5211.5,09:00:01.093533238
34,5211.25,11,5211.5,09:00:01.104189978
34,5211.25,11,5211.5,09:00:01.104283420
34,5211.25,10,5211.5,09:00:01.104310870
34,5211.25,10,5211.5,09:00:01.104316006
34,5211.25,7,5211.5,09:00:01.104784294
34,5211.25,7,5211.5,09:00:01.104827725
34,5211.25,7,5211.5,09:00:01.104838887
35,5211.25,7,5211.5,09:00:01.104921308
35,5211.25,5,5211.5,09:00:01.105018552
35,5211.25,5,5211.5,09:00:01.105018552
35,5211.25,4,5211.5,09:00:01.105018552
36,5211.25,4,5211.5,09:00:01.105109549
36,5211.25,4,5211.5,09:00:01.105117693
36,5211.25,4,5211.5,09:00:01.105877305
36,5211.25,4,5211.5,09:00:01.105884022
36,5211.25,4,5211.5,09:00:01.121674165
36,5211.25,4,5211.5,09:00:01.167880636
36,5211.25,4,5211.5,09:00:01.167989218
36,5211.25,4,5211.5,09:00:01.172882808
36,5211.25,7,5211.5,09:00:01.172991876
36,5211.25,8,5211.5,09:00:01.173087875
36,5211.25,7,5211.5,09:00:01.173380255
35,5211.25,7,5211.5,09:00:01.180110993
35,5211.25,9,5211.5,09:00:01.202906836
34,5211.25,9,5211.5,09:00:01.204696895
34,5211.25,9,5211.5,09:00:01.206773151
34,5211.25,10,5211.5,09:00:01.206941929
34,5211.25,11,5211.5,09:00:01.207035499
34,5211.25,12,5211.5,09:00:01.207044462
33,5211.25,12,5211.5,09:00:01.207054453
33,5211.25,13,5211.5,09:00:01.207136157
33,5211.25,14,5211.5,09:00:01.207172391
33,5211.25,15,5211.5,09:00:01.207239039
33,5211.25,16,5211.5,09:00:01.207609860
33,5211.25,16,5211.5,09:00:01.207698997
33,5211.25,15,5211.5,09:00:01.212798339
33,5211.25,14,5211.5,09:00:01.212955120
33,5211.25,14,5211.5,09:00:01.214270276
33,5211.25,14,5211.5,09:00:01.214274993
33,5211.25,12,5211.5,09:00:01.222456291
33,5211.25,11,5211.5,09:00:01.222549528
33,5211.25,12,5211.5,09:00:01.289297167
33,5211.25,12,5211.5,09:00:01.289408775
33,5211.25,11,5211.5,09:00:01.290656269
32,5211.25,11,5211.5,09:00:01.411480858
32,5211.25,13,5211.5,09:00:01.411575657
32,5211.25,15,5211.5,09:00:01.411583039
32,5211.25,16,5211.5,09:00:01.411665051
32,5211.25,17,5211.5,09:00:01.412020952
32,5211.25,15,5211.5,09:00:01.429209169
32,5211.25,14,5211.5,09:00:01.449187439
32,5211.25,14,5211.5,09:00:01.459133815
32,5211.25,14,5211.5,09:00:01.459141540
32,5211.25,13,5211.5,09:00:01.459168145
32,5211.25,11,5211.5,09:00:01.459273969
32,5211.25,10,5211.5,09:00:01.459377990
32,5211.25,39,5211.75,09:00:01.481025005
32,5211.25,14,5211.75,09:00:01.481025005
32,5211.25,14,5211.75,09:00:01.481025005
32,5211.25,14,5211.75,09:00:01.481025145
1,5211.5,14,5211.75,09:00:01.481028624
3,5211.5,14,5211.75,09:00:01.481037014
4,5211.5,14,5211.75,09:00:01.481047898
5,5211.5,14,5211.75,09:00:01.481053248
6,5211.5,14,5211.75,09:00:01.481064353
7,5211.5,14,5211.75,09:00:01.481072906
8,5211.5,14,5211.75,09:00:01.481085969
9,5211.5,14,5211.75,09:00:01.481090814
12,5211.5,14,5211.75,09:00:01.481117057
13,5211.5,14,5211.75,09:00:01.481148427
13,5211.5,14,5211.75,09:00:01.481154312
13,5211.5,14,5211.75,09:00:01.481208185
13,5211.5,13,5211.75,09:00:01.481238571
14,5211.5,13,5211.75,09:00:01.481249911
15,5211.5,13,5211.75,09:00:01.481255163
15,5211.5,13,5211.75,09:00:01.481277669
15,5211.5,13,5211.75,09:00:01.481284216
16,5211.5,13,5211.75,09:00:01.481298220
16,5211.5,12,5211.75,09:00:01.481309513
16,5211.5,12,5211.75,09:00:01.481320316
18,5211.5,12,5211.75,09:00:01.481328028
18,5211.5,12,5211.75,09:00:01.481331689
18,5211.5,13,5211.75,09:00:01.481347648
19,5211.5,13,5211.75,09:00:01.481359293
19,5211.5,10,5211.75,09:00:01.481384897
23,5211.5,10,5211.75,09:00:01.481397511
24,5211.5,10,5211.75,09:00:01.481404916
28,5211.5,10,5211.75,09:00:01.481424545
28,5211.5,9,5211.75,09:00:01.481434795
28,5211.5,12,5211.75,09:00:01.481447519
29,5211.5,12,5211.75,09:00:01.481457221
29,5211.5,13,5211.75,09:00:01.481469750
29,5211.5,14,5211.75,09:00:01.481480367
29,5211.5,13,5211.75,09:00:01.481485190
30,5211.5,13,5211.75,09:00:01.481498924
30,5211.5,14,5211.75,09:00:01.481507462
30,5211.5,15,5211.75,09:00:01.481512272
31,5211.5,15,5211.75,09:00:01.481518534
31,5211.5,16,5211.75,09:00:01.481547252
31,5211.5,17,5211.75,09:00:01.481558142
30,5211.5,17,5211.75,09:00:01.481563489
30,5211.5,16,5211.75,09:00:01.481570382
30,5211.5,17,5211.75,09:00:01.481576453
30,5211.5,17,5211.75,09:00:01.481581362
30,5211.5,19,5211.75,09:00:01.481606082
31,5211.5,19,5211.75,09:00:01.481612124
31,5211.5,19,5211.75,09:00:01.481616639
31,5211.5,19,5211.75,09:00:01.481622533
31,5211.5,18,5211.75,09:00:01.481635132
31,5211.5,19,5211.75,09:00:01.481916495
31,5211.5,20,5211.75,09:00:01.482005370
30,5211.5,20,5211.75,09:00:01.482173133
30,5211.5,21,5211.75,09:00:01.482275954
31,5211.5,21,5211.75,09:00:01.482282264
31,5211.5,22,5211.75,09:00:01.482373185
31,5211.5,21,5211.75,09:00:01.482470819
29,5211.5,21,5211.75,09:00:01.483648539
28,5211.5,21,5211.75,09:00:01.483761665
27,5211.5,21,5211.75,09:00:01.484390801
28,5211.5,21,5211.75,09:00:01.484400081
27,5211.5,21,5211.75,09:00:01.484475909
27,5211.5,22,5211.75,09:00:01.484489714
26,5211.5,22,5211.75,09:00:01.485887682
25,5211.5,22,5211.75,09:00:01.486000084
25,5211.5,23,5211.75,09:00:01.486092400
25,5211.5,23,5211.75,09:00:01.491372638
25,5211.5,23,5211.75,09:00:01.491379787
25,5211.5,23,5211.75,09:00:01.491390888
25,5211.5,23,5211.75,09:00:01.491399595
25,5211.5,29,5211.75,09:00:01.491484692
25,5211.5,29,5211.75,09:00:01.491492093
25,5211.5,30,5211.75,09:00:01.492034757
26,5211.5,30,5211.75,09:00:01.503208221
26,5211.5,30,5211.75,09:00:01.503449180
26,5211.5,30,5211.75,09:00:01.503455535
26,5211.5,30,5211.75,09:00:01.503462182
26,5211.5,30,5211.75,09:00:01.503467401
26,5211.5,29,5211.75,09:00:01.503675930
26,5211.5,29,5211.75,09:00:01.510707292
26,5211.5,29,5211.75,09:00:01.510713878
26,5211.5,29,5211.75,09:00:01.510722134
26,5211.5,29,5211.75,09:00:01.510733030
26,5211.5,29,5211.75,09:00:01.510809095
25,5211.5,29,5211.75,09:00:01.510818477
24,5211.5,29,5211.75,09:00:01.510905432
24,5211.5,29,5211.75,09:00:01.538436621
25,5211.5,29,5211.75,09:00:01.583809453
25,5211.5,28,5211.75,09:00:01.583815815
25,5211.5,28,5211.75,09:00:01.602315559
25,5211.5,28,5211.75,09:00:01.602339649
25,5211.5,28,5211.75,09:00:01.619710718
26,5211.5,28,5211.75,09:00:01.621368393
27,5211.5,28,5211.75,09:00:01.621667596
27,5211.5,27,5211.75,09:00:01.621792299
27,5211.5,26,5211.75,09:00:01.621814239
27,5211.5,20,5211.75,09:00:01.622983616
27,5211.5,19,5211.75,09:00:01.643617010
27,5211.5,18,5211.75,09:00:01.643624060
27,5211.5,18,5211.75,09:00:01.697485038
27,5211.5,18,5211.75,09:00:01.697491096
28,5211.5,18,5211.75,09:00:01.697612513
28,5211.5,16,5211.75,09:00:01.697724531
28,5211.5,16,5211.75,09:00:01.766639977
28,5211.5,16,5211.75,09:00:01.867100139
28,5211.5,17,5211.75,09:00:02.043227358
27,5211.5,17,5211.75,09:00:02.043249326
26,5211.5,17,5211.75,09:00:02.043256587
26,5211.5,20,5211.75,09:00:02.043322060
26,5211.5,21,5211.75,09:00:02.043340812
26,5211.5,22,5211.75,09:00:02.043426117
26,5211.5,28,5211.75,09:00:02.043433730
25,5211.5,28,5211.75,09:00:02.043546526
25,5211.5,29,5211.75,09:00:02.043555797
24,5211.5,29,5211.75,09:00:02.043565266
24,5211.5,29,5211.75,09:00:02.043830446
24,5211.5,30,5211.75,09:00:02.048863386
24,5211.5,29,5211.75,09:00:02.053684024
25,5211.5,29,5211.75,09:00:02.053779018
25,5211.5,28,5211.75,09:00:02.113425617
25,5211.5,27,5211.75,09:00:02.113530951
24,5211.5,27,5211.75,09:00:02.178294876
21,5211.5,27,5211.75,09:00:02.250734246
22,5211.5,27,5211.75,09:00:02.252283199
21,5211.5,27,5211.75,09:00:02.276364128
22,5211.5,27,5211.75,09:00:02.385394770
23,5211.5,27,5211.75,09:00:02.385404236
24,5211.5,27,5211.75,09:00:02.385566598
24,5211.5,27,5211.75,09:00:02.385991000
23,5211.5,27,5211.75,09:00:02.404968261
22,5211.5,27,5211.75,09:00:02.404974504
21,5211.5,27,5211.75,09:00:02.405061935
21,5211.5,27,5211.75,09:00:02.406007520
21,5211.5,28,5211.75,09:00:02.606455486
20,5211.5,28,5211.75,09:00:02.606463729
19,5211.5,28,5211.75,09:00:02.606587037
17,5211.5,28,5211.75,09:00:02.606701376
17,5211.5,29,5211.75,09:00:02.606863680
17,5211.5,28,5211.75,09:00:02.777930600
17,5211.5,27,5211.75,09:00:02.780466190
18,5211.5,27,5211.75,09:00:02.780512735
17,5211.5,27,5211.75,09:00:02.951336427
16,5211.5,27,5211.75,09:00:02.951435646
15,5211.5,27,5211.75,09:00:02.951441752
15,5211.5,28,5211.75,09:00:02.951506953
15,5211.5,29,5211.75,09:00:02.951686410
15,5211.5,30,5211.75,09:00:02.951982822
15,5211.5,29,5211.75,09:00:02.962835931
15,5211.5,29,5211.75,09:00:03.069521446
15,5211.5,30,5211.75,09:00:03.069530716
15,5211.5,29,5211.75,09:00:03.080042683
15,5211.5,30,5211.75,09:00:03.163318900
15,5211.5,30,5211.75,09:00:03.235004842
15,5211.5,30,5211.75,09:00:03.235010515
15,5211.5,30,5211.75,09:00:03.241249496
15,5211.5,30,5211.75,09:00:03.241258828
16,5211.5,30,5211.75,09:00:03.324383205
17,5211.5,30,5211.75,09:00:03.324389691
16,5211.5,30,5211.75,09:00:03.324541542
16,5211.5,29,5211.75,09:00:03.324594266
18,5211.5,29,5211.75,09:00:03.324808062
20,5211.5,29,5211.75,09:00:03.324903120
18,5211.5,29,5211.75,09:00:03.330088252
16,5211.5,29,5211.75,09:00:03.330193246
16,5211.5,29,5211.75,09:00:03.335885531
15,5211.5,29,5211.75,09:00:03.389919224
16,5211.5,29,5211.75,09:00:03.720698955
18,5211.5,29,5211.75,09:00:03.720706757
19,5211.5,29,5211.75,09:00:03.720711291
21,5211.5,29,5211.75,09:00:03.720720488
20,5211.5,29,5211.75,09:00:03.721006968
18,5211.5,29,5211.75,09:00:03.721019906
17,5211.5,29,5211.75,09:00:03.721021915
15,5211.5,29,5211.75,09:00:03.721031400
15,5211.5,30,5211.75,09:00:03.734989715
15,5211.5,31,5211.75,09:00:03.735239748
15,5211.5,30,5211.75,09:00:03.751930358
15,5211.5,29,5211.75,09:00:03.811547999
16,5211.5,29,5211.75,09:00:03.811755427
17,5211.5,29,5211.75,09:00:03.811845986
18,5211.5,29,5211.75,09:00:03.811947454
19,5211.5,29,5211.75,09:00:03.812163893
18,5211.5,29,5211.75,09:00:03.812690688
17,5211.5,29,5211.75,09:00:03.812832668
16,5211.5,29,5211.75,09:00:03.828791369
15,5211.5,29,5211.75,09:00:03.828796041
15,5211.5,30,5211.75,09:00:03.857547883
15,5211.5,29,5211.75,09:00:03.857861567
15,5211.5,30,5211.75,09:00:03.861321191
15,5211.5,31,5211.75,09:00:03.861424112
15,5211.5,31,5211.75,09:00:03.861719578
15,5211.5,31,5211.75,09:00:03.861719578
15,5211.5,31,5211.75,09:00:03.861753658
15,5211.5,30,5211.75,09:00:03.878534097
15,5211.5,30,5211.75,09:00:03.904186840
16,5211.5,30,5211.75,09:00:04.162452566
15,5211.5,30,5211.75,09:00:04.162657354
15,5211.5,29,5211.75,09:00:04.162867215
17,5211.5,29,5211.75,09:00:04.164776294
20,5211.5,29,5211.75,09:00:04.165040228
20,5211.5,23,5211.75,09:00:04.165048468
21,5211.5,23,5211.75,09:00:04.165130489
23,5211.5,23,5211.75,09:00:04.165153600
24,5211.5,23,5211.75,09:00:04.165159568
25,5211.5,23,5211.75,09:00:04.165272412
24,5211.5,23,5211.75,09:00:04.165374120
24,5211.5,23,5211.75,09:00:04.165831067
23,5211.5,23,5211.75,09:00:04.169095670
21,5211.5,23,5211.75,09:00:04.169100954
21,5211.5,24,5211.75,09:00:04.169125901
19,5211.5,24,5211.75,09:00:04.169130622
19,5211.5,23,5211.75,09:00:04.169211097
18,5211.5,23,5211.75,09:00:04.169220406
18,5211.5,24,5211.75,09:00:04.169519209
18,5211.5,24,5211.75,09:00:04.169608996
19,5211.5,24,5211.75,09:00:04.174562498
21,5211.5,24,5211.75,09:00:04.174569861
21,5211.5,23,5211.75,09:00:04.174581717
22,5211.5,23,5211.75,09:00:04.174588812
23,5211.5,23,5211.75,09:00:04.174595727
23,5211.5,22,5211.75,09:00:04.174661018
26,5211.5,22,5211.75,09:00:04.174754258
26,5211.5,22,5211.75,09:00:04.174811786
27,5211.5,22,5211.75,09:00:04.174855393
28,5211.5,22,5211.75,09:00:04.174927196
34,5211.5,22,5211.75,09:00:04.174965501
34,5211.5,21,5211.75,09:00:04.175129296
34,5211.5,21,5211.75,09:00:04.175279261
34,5211.5,21,5211.75,09:00:04.176382170
34,5211.5,21,5211.75,09:00:04.452924331
34,5211.5,22,5211.75,09:00:04.790944985
32,5211.5,22,5211.75,09:00:04.790952959
26,5211.5,22,5211.75,09:00:04.790957052
23,5211.5,22,5211.75,09:00:04.790970553
23,5211.5,23,5211.75,09:00:04.791051323
22,5211.5,23,5211.75,09:00:04.791062424
21,5211.5,23,5211.75,09:00:04.791086514
21,5211.5,29,5211.75,09:00:04.791099135
18,5211.5,29,5211.75,09:00:04.791125836
17,5211.5,29,5211.75,09:00:04.791183243
17,5211.5,30,5211.75,09:00:04.791227327
16,5211.5,30,5211.75,09:00:04.791285161
16,5211.5,30,5211.75,09:00:04.791468144
36,5211.25,30,5211.75,09:00:04.791787623
36,5211.25,30,5211.75,09:00:04.791787623
36,5211.25,2,5211.5,09:00:04.791787623
36,5211.25,2,5211.5,09:00:04.791787623
35,5211.25,2,5211.5,09:00:04.791787623
35,5211.25,2,5211.5,09:00:04.791787623
35,5211.25,3,5211.5,09:00:04.791855064
35,5211.25,4,5211.5,09:00:04.791870252
35,5211.25,5,5211.5,09:00:04.791876795
35,5211.25,5,5211.5,09:00:04.791956058
35,5211.25,5,5211.5,09:00:04.791970858
35,5211.25,5,5211.5,09:00:04.791976433
35,5211.25,5,5211.5,09:00:04.791987876
34,5211.25,5,5211.5,09:00:04.791998251
33,5211.25,5,5211.5,09:00:04.792005227
33,5211.25,5,5211.5,09:00:04.792020696
33,5211.25,5,5211.5,09:00:04.792028581
33,5211.25,8,5211.5,09:00:04.792049590
33,5211.25,8,5211.5,09:00:04.792055366
33,5211.25,9,5211.5,09:00:04.792068771
33,5211.25,9,5211.5,09:00:04.792077037
33,5211.25,10,5211.5,09:00:04.792089034
33,5211.25,10,5211.5,09:00:04.792089034
33,5211.25,10,5211.5,09:00:04.792105872
33,5211.25,10,5211.5,09:00:04.792119069
32,5211.25,10,5211.5,09:00:04.792499999
32,5211.25,7,5211.5,09:00:04.793084403
32,5211.25,7,5211.5,09:00:04.793104275
32,5211.25,6,5211.5,09:00:04.795202482
33,5211.25,6,5211.5,09:00:04.805721664
33,5211.25,5,5211.5,09:00:04.805849267
33,5211.25,5,5211.5,09:00:04.839297828
33,5211.25,5,5211.5,09:00:04.839310312
33,5211.25,5,5211.5,09:00:04.856689550
33,5211.25,40,5211.75,09:00:04.884099058
33,5211.25,40,5211.75,09:00:04.884099058
2,5211.5,40,5211.75,09:00:04.884099058
2,5211.5,40,5211.75,09:00:04.884111615
2,5211.5,40,5211.75,09:00:04.884119717
4,5211.5,40,5211.75,09:00:04.884125906
5,5211.5,40,5211.75,09:00:04.884131257
5,5211.5,40,5211.75,09:00:04.884139017
5,5211.5,40,5211.75,09:00:04.884145673
6,5211.5,40,5211.75,09:00:04.884159369
7,5211.5,40,5211.75,09:00:04.884173050
8,5211.5,40,5211.75,09:00:04.884185392
9,5211.5,40,5211.75,09:00:04.884194417
9,5211.5,40,5211.75,09:00:04.884204362
9,5211.5,40,5211.75,09:00:04.884231857
9,5211.5,40,5211.75,09:00:04.884244389
8,5211.5,40,5211.75,09:00:04.884381032
9,5211.5,40,5211.75,09:00:04.884381032
10,5211.5,40,5211.75,09:00:04.884381032
1,5211.5,40,5211.75,09:00:04.884689034
1,5211.5,41,5211.75,09:00:04.884708804
1,5211.5,40,5211.75,09:00:04.884717710
1,5211.5,41,5211.75,09:00:04.884727614
35,5211.25,41,5211.75,09:00:04.884863784
35,5211.25,41,5211.75,09:00:04.884863784
35,5211.25,3,5211.5,09:00:04.884863784
35,5211.25,3,5211.5,09:00:04.884877566
39,5211.25,3,5211.5,09:00:04.884918601
39,5211.25,4,5211.5,09:00:04.884951856
39,5211.25,1,5211.5,09:00:04.885313444
39,5211.25,1,5211.5,09:00:04.885558434
38,5211.25,1,5211.5,09:00:04.886122769
39,5211.25,1,5211.5,09:00:04.886235575
39,5211.25,43,5211.75,09:00:04.886344441
39,5211.25,43,5211.75,09:00:04.886344441
39,5211.25,42,5211.75,09:00:04.886547658
38,5211.25,42,5211.75,09:00:04.886583652
38,5211.25,43,5211.75,09:00:04.886662639
38,5211.25,43,5211.75,09:00:05.005187897
38,5211.25,43,5211.75,09:00:05.005195405
38,5211.25,43,5211.75,09:00:05.005200579
38,5211.25,43,5211.75,09:00:05.005210352
38,5211.25,43,5211.75,09:00:05.005215581
38,5211.25,43,5211.75,09:00:05.005221671
38,5211.25,43,5211.75,09:00:05.005228602
38,5211.25,43,5211.75,09:00:05.005237636
38,5211.25,43,5211.75,09:00:05.005244266
38,5211.25,43,5211.75,09:00:05.005259038
38,5211.25,43,5211.75,09:00:05.005310533
38,5211.25,43,5211.75,09:00:05.024421550
38,5211.25,43,5211.75,09:00:05.088275475
38,5211.25,43,5211.75,09:00:05.088304775
38,5211.25,43,5211.75,09:00:05.105689892
38,5211.25,44,5211.75,09:00:05.299459481
38,5211.25,45,5211.75,09:00:05.299605135
38,5211.25,45,5211.75,09:00:05.675569547
38,5211.25,45,5211.75,09:00:05.675578152
38,5211.25,3,5211.5,09:00:05.700690067
38,5211.25,4,5211.5,09:00:05.700787519
37,5211.25,4,5211.5,09:00:05.700896753
37,5211.25,5,5211.5,09:00:05.701082683
37,5211.25,5,5211.5,09:00:05.701087333
37,5211.25,5,5211.5,09:00:05.701096674
33,5211.25,5,5211.5,09:00:05.701121884
33,5211.25,6,5211.5,09:00:05.701185908
33,5211.25,7,5211.5,09:00:05.701205502
33,5211.25,7,5211.5,09:00:05.701212011
33,5211.25,7,5211.5,09:00:05.701312205
33,5211.25,8,5211.5,09:00:05.701317763
33,5211.25,9,5211.5,09:00:05.701413599
33,5211.25,10,5211.5,09:00:05.701424185
33,5211.25,10,5211.5,09:00:05.701439519
32,5211.25,10,5211.5,09:00:05.701526507
32,5211.25,10,5211.5,09:00:05.701541973
32,5211.25,10,5211.5,09:00:05.702428413
32,5211.25,10,5211.5,09:00:05.702524469
32,5211.25,10,5211.5,09:00:05.882674425
32,5211.25,12,5211.5,09:00:05.882681094
32,5211.25,12,5211.5,09:00:05.999984992
60,5211.0,12,5211.5,09:00:06.837799714
42,5211.0,12,5211.5,09:00:06.837799714
42,5211.0,12,5211.5,09:00:06.837799714
42,5211.0,13,5211.5,09:00:06.837805804
42,5211.0,14,5211.5,09:00:06.837805804
42,5211.0,15,5211.5,09:00:06.837822434
42,5211.0,16,5211.5,09:00:06.837839695
42,5211.0,17,5211.5,09:00:06.837844738
42,5211.0,1,5211.25,09:00:06.837851628
42,5211.0,1,5211.25,09:00:06.837880870
42,5211.0,1,5211.25,09:00:06.837889107
42,5211.0,1,5211.25,09:00:06.837913082
42,5211.0,1,5211.25,09:00:06.837935489
42,5211.0,2,5211.25,09:00:06.838025353
42,5211.0,2,5211.25,09:00:06.838088926
42,5211.0,2,5211.25,09:00:06.838097457
42,5211.0,2,5211.25,09:00:06.838105140
42,5211.0,3,5211.25,09:00:06.838114843
42,5211.0,6,5211.25,09:00:06.838125710
42,5211.0,6,5211.25,09:00:06.838132178
41,5211.0,6,5211.25,09:00:06.838137845
41,5211.0,6,5211.25,09:00:06.838148652
41,5211.0,6,5211.25,09:00:06.838160556
40,5211.0,6,5211.25,09:00:06.838168719
39,5211.0,6,5211.25,09:00:06.838173727
38,5211.0,6,5211.25,09:00:06.838187478
37,5211.0,6,5211.25,09:00:06.838193504
37,5211.0,6,5211.25,09:00:06.838202797
32,5211.0,6,5211.25,09:00:06.838214237
30,5211.0,6,5211.25,09:00:06.838222067
30,5211.0,6,5211.25,09:00:06.838234903
30,5211.0,6,5211.25,09:00:06.838245639
30,5211.0,6,5211.25,09:00:06.838253822
30,5211.0,7,5211.25,09:00:06.838269627
30,5211.0,7,5211.25,09:00:06.838300104
30,5211.0,7,5211.25,09:00:06.838307282
30,5211.0,7,5211.25,09:00:06.838313525
30,5211.0,7,5211.25,09:00:06.838323068
30,5211.0,7,5211.25,09:00:06.838373341
31,5211.0,7,5211.25,09:00:06.838392189
31,5211.0,7,5211.25,09:00:06.838401390
31,5211.0,7,5211.25,09:00:06.838401390
32,5211.0,7,5211.25,09:00:06.838414206
33,5211.0,7,5211.25,09:00:06.838419799
34,5211.0,7,5211.25,09:00:06.838430164
34,5211.0,7,5211.25,09:00:06.838441201
35,5211.0,7,5211.25,09:00:06.838454827
35,5211.0,7,5211.25,09:00:06.838460108
35,5211.0,7,5211.25,09:00:06.838460108
35,5211.0,7,5211.25,09:00:06.838547543
34,5211.0,7,5211.25,09:00:06.838568014
35,5211.0,7,5211.25,09:00:06.838575534
35,5211.0,8,5211.25,09:00:06.838587361
35,5211.0,8,5211.25,09:00:06.838618895
35,5211.0,9,5211.25,09:00:06.838623829
35,5211.0,8,5211.25,09:00:06.838630559
36,5211.0,8,5211.25,09:00:06.838636860
37,5211.0,8,5211.25,09:00:06.838644383
37,5211.0,8,5211.25,09:00:06.838652303
37,5211.0,9,5211.25,09:00:06.838667481
37,5211.0,10,5211.25,09:00:06.838790351
36,5211.0,10,5211.25,09:00:06.838989964
37,5211.0,10,5211.25,09:00:06.839000819
37,5211.0,11,5211.25,09:00:06.839082869
37,5211.0,12,5211.25,09:00:06.839090917
38,5211.0,12,5211.25,09:00:06.839176756
38,5211.0,11,5211.25,09:00:06.839269692
38,5211.0,10,5211.25,09:00:06.839310374
38,5211.0,9,5211.25,09:00:06.839401902
38,5211.0,9,5211.25,09:00:06.840599620
38,5211.0,9,5211.25,09:00:06.840801793
38,5211.0,10,5211.25,09:00:06.840950382
38,5211.0,11,5211.25,09:00:06.841048073
38,5211.0,12,5211.25,09:00:06.841600728
37,5211.0,12,5211.25,09:00:06.841734276
36,5211.0,12,5211.25,09:00:06.841767531
36,5211.0,11,5211.25,09:00:06.841790620
36,5211.0,13,5211.25,09:00:06.841833680
36,5211.0,14,5211.25,09:00:06.841856538
36,5211.0,13,5211.25,09:00:06.841895620
36,5211.0,11,5211.25,09:00:06.842010269
34,5211.0,11,5211.25,09:00:06.842018980
34,5211.0,11,5211.25,09:00:06.842018980
34,5211.0,12,5211.25,09:00:06.842108450
34,5211.0,13,5211.25,09:00:06.842147417
34,5211.0,15,5211.25,09:00:06.842197028
33,5211.0,15,5211.25,09:00:06.842286939
33,5211.0,16,5211.25,09:00:06.842296821
32,5211.0,16,5211.25,09:00:06.842306107
32,5211.0,17,5211.25,09:00:06.842316645
32,5211.0,18,5211.25,09:00:06.842397457
31,5211.0,18,5211.25,09:00:06.842407019
31,5211.0,19,5211.25,09:00:06.842427180
31,5211.0,20,5211.25,09:00:06.842440086
30,5211.0,20,5211.25,09:00:06.842447679
26,5211.0,20,5211.25,09:00:06.842682180
26,5211.0,20,5211.25,09:00:06.842700939
26,5211.0,20,5211.25,09:00:06.842700939
26,5211.0,20,5211.25,09:00:06.842806394
24,5211.0,20,5211.25,09:00:06.842912994
24,5211.0,21,5211.25,09:00:06.843003195
24,5211.0,26,5211.25,09:00:06.843802520
24,5211.0,27,5211.25,09:00:06.843897360
24,5211.0,27,5211.25,09:00:06.843948586
24,5211.0,29,5211.25,09:00:06.843968750
24,5211.0,29,5211.25,09:00:06.844039907
24,5211.0,30,5211.25,09:00:06.844515997
24,5211.0,30,5211.25,09:00:06.844515997
23,5211.0,30,5211.25,09:00:06.845067310
23,5211.0,30,5211.25,09:00:06.848688590
23,5211.0,30,5211.25,09:00:06.848979687
23,5211.0,30,5211.25,09:00:06.850077731
23,5211.0,30,5211.25,09:00:06.850083875
23,5211.0,30,5211.25,09:00:06.850191062
21,5211.0,30,5211.25,09:00:06.858517304
20,5211.0,30,5211.25,09:00:06.858615094
19,5211.0,30,5211.25,09:00:06.858715628
19,5211.0,30,5211.25,09:00:06.858931279
19,5211.0,30,5211.25,09:00:06.858931279
19,5211.0,30,5211.25,09:00:06.858936841
19,5211.0,30,5211.25,09:00:06.858936841
20,5211.0,30,5211.25,09:00:06.864751491
20,5211.0,30,5211.25,09:00:07.016423164
20,5211.0,30,5211.25,09:00:07.016522040
20,5211.0,30,5211.25,09:00:07.080294943
20,5211.0,30,5211.25,09:00:07.080307299
20,5211.0,30,5211.25,09:00:07.080392564
21,5211.0,30,5211.25,09:00:07.088190156
22,5211.0,30,5211.25,09:00:07.088405472
22,5211.0,30,5211.25,09:00:07.090164244
22,5211.0,30,5211.25,09:00:07.090274409
22,5211.0,30,5211.25,09:00:07.090280691
22,5211.0,29,5211.25,09:00:07.098476831
25,5211.0,29,5211.25,09:00:07.098538083
25,5211.0,28,5211.25,09:00:07.098576043
26,5211.0,28,5211.25,09:00:07.098583982
26,5211.0,23,5211.25,09:00:07.098591864
26,5211.0,22,5211.25,09:00:07.098688810
26,5211.0,22,5211.25,09:00:07.102577436
26,5211.0,22,5211.25,09:00:07.102676794
26,5211.0,21,5211.25,09:00:07.162182344
26,5211.0,21,5211.25,09:00:07.162284780
26,5211.0,20,5211.25,09:00:07.162293642
26,5211.0,19,5211.25,09:00:07.196339499
25,5211.0,19,5211.25,09:00:07.196345509
25,5211.0,18,5211.25,09:00:07.196424755
25,5211.0,19,5211.25,09:00:07.196455066
25,5211.0,18,5211.25,09:00:07.196462289
26,5211.0,18,5211.25,09:00:07.198388750
26,5211.0,18,5211.25,09:00:07.300487082
26,5211.0,18,5211.25,09:00:07.300487082
27,5211.0,18,5211.25,09:00:07.314689759
27,5211.0,18,5211.25,09:00:07.430690960
27,5211.0,15,5211.25,09:00:07.568998807
27,5211.0,17,5211.25,09:00:07.757562427
27,5211.0,15,5211.25,09:00:07.757710062
27,5211.0,17,5211.25,09:00:07.757870423
27,5211.0,18,5211.25,09:00:07.764509617
27,5211.0,19,5211.25,09:00:07.764603814
27,5211.0,20,5211.25,09:00:07.764610630
26,5211.0,20,5211.25,09:00:07.764817559
26,5211.0,19,5211.25,09:00:07.776427967
23,5211.0,19,5211.25,09:00:07.776548689
23,5211.0,24,5211.25,09:00:07.776856484
22,5211.0,24,5211.25,09:00:07.776960573
21,5211.0,24,5211.25,09:00:07.776967523
21,5211.0,25,5211.25,09:00:07.777469140
1,5211.0,25,5211.25,09:00:07.786372698
1,5211.0,26,5211.25,09:00:07.786385748
1,5211.0,29,5211.25,09:00:07.786397921
1,5211.0,29,5211.25,09:00:07.786429459
1,5211.0,29,5211.25,09:00:07.786917452
1,5211.0,29,5211.25,09:00:07.786923757
1,5211.0,30,5211.25,09:00:07.787540687
1,5211.0,30,5211.25,09:00:07.787555897
2,5211.0,30,5211.25,09:00:07.787570243
2,5211.0,30,5211.25,09:00:07.787575715
2,5211.0,30,5211.25,09:00:07.787595437
5,5211.0,30,5211.25,09:00:07.787603543
5,5211.0,31,5211.25,09:00:07.787613780
5,5211.0,31,5211.25,09:00:07.788108321
7,5211.0,31,5211.25,09:00:07.788130600
6,5211.0,31,5211.25,09:00:07.788281430
6,5211.0,31,5211.25,09:00:07.788281430
7,5211.0,31,5211.25,09:00:07.788281430
7,5211.0,36,5211.25,09:00:07.788281430
5,5211.0,36,5211.25,09:00:07.788374362
6,5211.0,36,5211.25,09:00:07.788381018
6,5211.0,37,5211.25,09:00:07.790230355
6,5211.0,32,5211.25,09:00:07.792048679
6,5211.0,32,5211.25,09:00:07.794618139
7,5211.0,32,5211.25,09:00:07.797167967
9,5211.0,32,5211.25,09:00:07.797283566
8,5211.0,32,5211.25,09:00:07.797966178
8,5211.0,31,5211.25,09:00:07.814305936
8,5211.0,30,5211.25,09:00:07.814405951
10,5211.0,30,5211.25,09:00:07.858777770
11,5211.0,30,5211.25,09:00:07.859341577
12,5211.0,30,5211.25,09:00:07.868855718
11,5211.0,30,5211.25,09:00:07.868975004
10,5211.0,30,5211.25,09:00:07.869061182
8,5211.0,30,5211.25,09:00:07.869159875
7,5211.0,30,5211.25,09:00:07.923776836
8,5211.0,30,5211.25,09:00:08.125766644
9,5211.0,30,5211.25,09:00:08.125884288
10,5211.0,30,5211.25,09:00:08.125966427
9,5211.0,30,5211.25,09:00:08.153108941
8,5211.0,30,5211.25,09:00:08.153115498
7,5211.0,30,5211.25,09:00:08.153344347
6,5211.0,30,5211.25,09:00:08.153455015
4,5211.0,30,5211.25,09:00:08.153562454
3,5211.0,30,5211.25,09:00:08.153672712
5,5211.0,30,5211.25,09:00:08.309033839
6,5211.0,30,5211.25,09:00:08.309141476
7,5211.0,30,5211.25,09:00:08.309153460
5,5211.0,30,5211.25,09:00:08.389538968
5,5211.0,31,5211.25,09:00:08.402823029
3,5211.0,31,5211.25,09:00:08.403332137
55,5210.75,31,5211.25,09:00:08.403543965
55,5210.75,31,5211.25,09:00:08.403543965
55,5210.75,3,5211.0,09:00:08.403567182
55,5210.75,3,5211.0,09:00:08.403589335
55,5210.75,4,5211.0,09:00:08.403595064
55,5210.75,4,5211.0,09:00:08.403647481
55,5210.75,4,5211.0,09:00:08.403735303
55,5210.75,4,5211.0,09:00:08.403749281
55,5210.75,4,5211.0,09:00:08.403801202
55,5210.75,4,5211.0,09:00:08.403814102
55,5210.75,4,5211.0,09:00:08.403838873
55,5210.75,4,5211.0,09:00:08.403883741
55,5210.75,5,5211.0,09:00:08.403913623
55,5210.75,5,5211.0,09:00:08.403928375
54,5210.75,5,5211.0,09:00:08.403936702
54,5210.75,5,5211.0,09:00:08.403951895
54,5210.75,2,5211.0,09:00:08.403985129
54,5210.75,2,5211.0,09:00:08.403992345
55,5210.75,2,5211.0,09:00:08.404008544
55,5210.75,2,5211.0,09:00:08.404013891
56,5210.75,2,5211.0,09:00:08.404019360
57,5210.75,2,5211.0,09:00:08.404031693
58,5210.75,2,5211.0,09:00:08.404046094
59,5210.75,2,5211.0,09:00:08.404053828
59,5210.75,2,5211.0,09:00:08.404075297
59,5210.75,3,5211.0,09:00:08.404092046
60,5210.75,3,5211.0,09:00:08.404101090
60,5210.75,2,5211.0,09:00:08.404139491
60,5210.75,2,5211.0,09:00:08.404308928
60,5210.75,2,5211.0,09:00:08.404690887
60,5210.75,2,5211.0,09:00:08.405072719
61,5210.75,2,5211.0,09:00:08.412973186
62,5210.75,2,5211.0,09:00:08.419681072
62,5210.75,2,5211.0,09:00:08.427363032
62,5210.75,2,5211.0,09:00:08.427471361
61,5210.75,2,5211.0,09:00:08.467985311
61,5210.75,2,5211.0,09:00:08.467985311
60,5210.75,2,5211.0,09:00:08.468027116
60,5210.75,5,5211.0,09:00:08.468345068
60,5210.75,2,5211.0,09:00:08.473425225
61,5210.75,2,5211.0,09:00:08.536955308
61,5210.75,2,5211.0,09:00:08.536955308
60,5210.75,2,5211.0,09:00:08.536962702
59,5210.75,2,5211.0,09:00:08.542010613
59,5210.75,2,5211.0,09:00:08.542010613
59,5210.75,2,5211.0,09:00:08.574320885
59,5210.75,2,5211.0,09:00:08.574361229
59,5210.75,2,5211.0,09:00:08.591686635
60,5210.75,2,5211.0,09:00:08.601938401
60,5210.75,2,5211.0,09:00:08.601938401
60,5210.75,2,5211.0,09:00:08.633239290
60,5210.75,2,5211.0,09:00:08.633348025
60,5210.75,2,5211.0,09:00:08.633355126
60,5210.75,41,5211.25,09:00:08.642313781
60,5210.75,41,5211.25,09:00:08.642313781
2,5211.0,41,5211.25,09:00:08.642313781
4,5211.0,41,5211.25,09:00:08.642321010
4,5211.0,41,5211.25,09:00:08.642375465
4,5211.0,41,5211.25,09:00:08.642399651
4,5211.0,41,5211.25,09:00:08.642410397
4,5211.0,41,5211.25,09:00:08.642418570
5,5211.0,41,5211.25,09:00:08.642427281
5,5211.0,41,5211.25,09:00:08.642451614
3,5211.0,41,5211.25,09:00:08.642562830
4,5211.0,41,5211.25,09:00:08.642562830
3,5211.0,41,5211.25,09:00:08.642745115
2,5211.0,41,5211.25,09:00:08.642745115
2,5211.0,42,5211.25,09:00:08.642751806
1,5211.0,42,5211.25,09:00:08.642834067
61,5210.75,42,5211.25,09:00:08.642863373
61,5210.75,42,5211.25,09:00:08.642863373
61,5210.75,40,5211.25,09:00:08.642873639
61,5210.75,38,5211.25,09:00:08.642873639
61,5210.75,38,5211.25,09:00:08.642880011
61,5210.75,38,5211.25,09:00:08.642880011
61,5210.75,1,5211.0,09:00:08.642937582
61,5210.75,1,5211.0,09:00:08.642950120
60,5210.75,1,5211.0,09:00:08.644799169
60,5210.75,2,5211.0,09:00:08.644920922
60,5210.75,39,5211.25,09:00:08.651137387
60,5210.75,39,5211.25,09:00:08.651137387
60,5210.75,38,5211.25,09:00:08.651428599
60,5210.75,38,5211.25,09:00:08.651546208
60,5210.75,38,5211.25,09:00:08.651551878
59,5210.75,38,5211.25,09:00:08.660320462
59,5210.75,38,5211.25,09:00:08.665475913
59,5210.75,38,5211.25,09:00:08.665891253
59,5210.75,38,5211.25,09:00:08.665902709
59,5210.75,38,5211.25,09:00:08.665914092
59,5210.75,38,5211.25,09:00:08.671615481
59,5210.75,38,5211.25,09:00:08.671615481
59,5210.75,38,5211.25,09:00:08.671721710
59,5210.75,38,5211.25,09:00:08.759450941
59,5210.75,38,5211.25,09:00:08.823292684
59,5210.75,38,5211.25,09:00:08.823315215
59,5210.75,38,5211.25,09:00:08.840695999
59,5210.75,37,5211.25,09:00:08.868855481
59,5210.75,37,5211.25,09:00:08.869165172
59,5210.75,37,5211.25,09:00:08.869171601
3,5211.0,37,5211.25,09:00:08.870459478
4,5211.0,37,5211.25,09:00:08.870579275
3,5211.0,37,5211.25,09:00:08.976002270
3,5211.0,37,5211.25,09:00:08.976002270
3,5211.0,37,5211.25,09:00:08.976002270
1,5211.0,37,5211.25,09:00:08.976002270
1,5211.0,37,5211.25,09:00:08.976007747
1,5211.0,37,5211.25,09:00:08.976007747
56,5210.75,37,5211.25,09:00:08.976117349
56,5210.75,37,5211.25,09:00:08.976117349
56,5210.75,3,5211.0,09:00:08.976156640
57,5210.75,3,5211.0,09:00:08.976223125
57,5210.75,3,5211.0,09:00:08.976223125
57,5210.75,3,5211.0,09:00:08.976266335
57,5210.75,3,5211.0,09:00:08.976276630
57,5210.75,1,5211.0,09:00:08.976412847
57,5210.75,39,5211.25,09:00:08.976412847
57,5210.75,39,5211.25,09:00:08.976412847
56,5210.75,39,5211.25,09:00:08.976428499
56,5210.75,39,5211.25,09:00:08.976428499
3,5211.0,39,5211.25,09:00:08.976481725
6,5211.0,39,5211.25,09:00:08.976510615
8,5211.0,39,5211.25,09:00:08.976536187
8,5211.0,39,5211.25,09:00:08.976542402
8,5211.0,39,5211.25,09:00:08.976552207
9,5211.0,39,5211.25,09:00:08.976565999
10,5211.0,39,5211.25,09:00:08.976572620
13,5211.0,39,5211.25,09:00:08.976630912
13,5211.0,39,5211.25,09:00:08.976674510
14,5211.0,39,5211.25,09:00:08.976686305
15,5211.0,39,5211.25,09:00:08.976708571
14,5211.0,39,5211.25,09:00:08.976819588
14,5211.0,39,5211.25,09:00:08.976819588
14,5211.0,38,5211.25,09:00:08.976819588
15,5211.0,38,5211.25,09:00:08.976823326
12,5211.0,38,5211.25,09:00:08.976906393
12,5211.0,37,5211.25,09:00:08.976945171
13,5211.0,37,5211.25,09:00:08.977324178
13,5211.0,42,5211.25,09:00:08.978282047
12,5211.0,42,5211.25,09:00:08.978399565
12,5211.0,37,5211.25,09:00:08.982651377
12,5211.0,37,5211.25,09:00:08.983114477
15,5211.0,37,5211.25,09:00:09.247881526
16,5211.0,37,5211.25,09:00:09.247992169
17,5211.0,37,5211.25,09:00:09.270866766
19,5211.0,37,5211.25,09:00:09.270963773
18,5211.0,37,5211.25,09:00:09.280485380
16,5211.0,37,5211.25,09:00:09.280595254
13,5211.0,37,5211.25,09:00:09.523855163
14,5211.0,37,5211.25,09:00:09.618416495
17,5211.0,37,5211.25,09:00:09.636338241
18,5211.0,37,5211.25,09:00:09.636384126
20,5211.0,37,5211.25,09:00:09.636427929
21,5211.0,37,5211.25,09:00:09.636489485
22,5211.0,37,5211.25,09:00:09.636587766
21,5211.0,37,5211.25,09:00:09.637220780
19,5211.0,37,5211.25,09:00:09.637337288
18,5211.0,37,5211.25,09:00:09.646716889
18,5211.0,36,5211.25,09:00:09.725365122
18,5211.0,36,5211.25,09:00:09.833618034
18,5211.0,36,5211.25,09:00:09.833731630
17,5211.0,36,5211.25,09:00:09.910777139
18,5211.0,36,5211.25,09:00:09.914863859
17,5211.0,36,5211.25,09:00:10.021869766
16,5211.0,36,5211.25,09:00:10.021935678
17,5211.0,36,5211.25,09:00:10.072572169
18,5211.0,36,5211.25,09:00:10.072605507
19,5211.0,36,5211.25,09:00:10.072857036
22,5211.0,36,5211.25,09:00:10.072946394
22,5211.0,33,5211.25,09:00:10.073321455
23,5211.0,33,5211.25,09:00:10.073335909
28,5211.0,33,5211.25,09:00:10.073435866
29,5211.0,33,5211.25,09:00:10.073454497
29,5211.0,28,5211.25,09:00:10.073461268
30,5211.0,28,5211.25,09:00:10.073539478
30,5211.0,27,5211.25,09:00:10.073545433
30,5211.0,26,5211.25,09:00:10.073580922
30,5211.0,25,5211.25,09:00:10.073643909
30,5211.0,23,5211.25,09:00:10.073654220
30,5211.0,22,5211.25,09:00:10.073663673
30,5211.0,19,5211.25,09:00:10.073789291
30,5211.0,18,5211.25,09:00:10.073887789
30,5211.0,17,5211.25,09:00:10.073895204
30,5211.0,20,5211.25,09:00:10.073907774
30,5211.0,21,5211.25,09:00:10.074004457
30,5211.0,20,5211.25,09:00:10.074012768
30,5211.0,20,5211.25,09:00:10.074031357
30,5211.0,19,5211.25,09:00:10.074036637
30,5211.0,18,5211.25,09:00:10.074130216
30,5211.0,18,5211.25,09:00:10.081955316
29,5211.0,18,5211.25,09:00:10.083572203
29,5211.0,19,5211.25,09:00:10.083668966
30,5211.0,19,5211.25,09:00:10.116392947
30,5211.0,20,5211.25,09:00:10.238348287
30,5211.0,21,5211.25,09:00:10.272833155
30,5211.0,22,5211.25,09:00:10.272933938
30,5211.0,23,5211.25,09:00:10.272944412
30,5211.0,24,5211.25,09:00:10.273051063
30,5211.0,25,5211.25,09:00:10.273148634
25,5211.0,25,5211.25,09:00:10.273157799
25,5211.0,24,5211.25,09:00:10.283274372
25,5211.0,23,5211.25,09:00:10.283374524
24,5211.0,23,5211.25,09:00:10.400058369
23,5211.0,23,5211.25,09:00:10.400152962
23,5211.0,24,5211.25,09:00:10.400164204
20,5211.0,24,5211.25,09:00:10.400172950
19,5211.0,24,5211.25,09:00:10.400259828
19,5211.0,29,5211.25,09:00:10.400287428
18,5211.0,29,5211.25,09:00:10.400297828
17,5211.0,29,5211.25,09:00:10.400382346
14,5211.0,29,5211.25,09:00:10.400396747
13,5211.0,29,5211.25,09:00:10.400405905
13,5211.0,30,5211.25,09:00:10.400674928
16,5211.0,30,5211.25,09:00:10.401392222
18,5211.0,30,5211.25,09:00:10.464285663
18,5211.0,29,5211.25,09:00:10.464293218
19,5211.0,29,5211.25,09:00:10.464298732
21,5211.0,29,5211.25,09:00:10.464308150
22,5211.0,29,5211.25,09:00:10.464408823
22,5211.0,24,5211.25,09:00:10.464479474
23,5211.0,24,5211.25,09:00:10.464504784
24,5211.0,24,5211.25,09:00:10.464567745
24,5211.0,23,5211.25,09:00:10.464576721
25,5211.0,23,5211.25,09:00:10.464617263
26,5211.0,23,5211.25,09:00:10.464666874
26,5211.0,22,5211.25,09:00:10.464673712
26,5211.0,21,5211.25,09:00:10.464778325
26,5211.0,20,5211.25,09:00:10.464881937
26,5211.0,19,5211.25,09:00:10.464981869
26,5211.0,18,5211.25,09:00:10.464988829
31,5211.0,18,5211.25,09:00:10.465093084
31,5211.0,18,5211.25,09:00:10.928691006
31,5211.0,18,5211.25,09:00:10.928699243
31,5211.0,19,5211.25,09:00:10.928703915
31,5211.0,19,5211.25,09:00:10.928717631
31,5211.0,18,5211.25,09:00:10.928800217
29,5211.0,18,5211.25,09:00:11.186006979
29,5211.0,19,5211.25,09:00:11.187057090
29,5211.0,21,5211.25,09:00:11.187064918
29,5211.0,22,5211.25,09:00:11.188563255
27,5211.0,22,5211.25,09:00:11.188571022
27,5211.0,23,5211.25,09:00:11.188585515
27,5211.0,21,5211.25,09:00:11.188598520
27,5211.0,20,5211.25,09:00:11.188604408
22,5211.0,20,5211.25,09:00:11.188684035
24,5211.0,20,5211.25,09:00:11.188781243
24,5211.0,22,5211.25,09:00:11.188786735
24,5211.0,23,5211.25,09:00:11.188795132
24,5211.0,22,5211.25,09:00:11.188877255
24,5211.0,22,5211.25,09:00:11.336266997
24,5211.0,22,5211.25,09:00:11.336378436
24,5211.0,20,5211.25,09:00:11.336471500
24,5211.0,19,5211.25,09:00:11.336580235
24,5211.0,18,5211.25,09:00:11.336669446
29,5211.0,18,5211.25,09:00:11.454833777
29,5211.0,15,5211.25,09:00:11.578474707
29,5211.0,14,5211.25,09:00:11.578702334
29,5211.0,12,5211.25,09:00:11.578810675
32,5211.0,12,5211.25,09:00:11.578853668
33,5211.0,12,5211.25,09:00:11.601391576
33,5211.0,12,5211.25,09:00:11.601926051
34,5211.0,12,5211.25,09:00:11.602443588
35,5211.0,12,5211.25,09:00:11.602449217
36,5211.0,12,5211.25,09:00:11.602465973
36,5211.0,12,5211.25,09:00:11.602465973
37,5211.0,12,5211.25,09:00:11.602552291
37,5211.0,11,5211.25,09:00:11.602659141
37,5211.0,10,5211.25,09:00:11.602670658
38,5211.0,10,5211.25,09:00:11.603427237
37,5211.0,10,5211.25,09:00:11.612687603
37,5211.0,11,5211.25,09:00:11.630786634
37,5211.0,10,5211.25,09:00:11.630931783
37,5211.0,11,5211.25,09:00:11.651463974
37,5211.0,12,5211.25,09:00:11.651660138
36,5211.0,12,5211.25,09:00:11.651978253
35,5211.0,12,5211.25,09:00:11.651990807
35,5211.0,14,5211.25,09:00:11.652068162
34,5211.0,14,5211.25,09:00:11.652076511
34,5211.0,15,5211.25,09:00:11.652090102
34,5211.0,16,5211.25,09:00:11.652186514
31,5211.0,16,5211.25,09:00:11.652227618
31,5211.0,17,5211.25,09:00:11.652295953
31,5211.0,18,5211.25,09:00:11.652302244
31,5211.0,19,5211.25,09:00:11.652409599
31,5211.0,20,5211.25,09:00:11.652421910
26,5211.0,20,5211.25,09:00:11.725755457
24,5211.0,20,5211.25,09:00:11.725781156
24,5211.0,25,5211.25,09:00:11.725816264
24,5211.0,26,5211.25,09:00:11.725845539
24,5211.0,29,5211.25,09:00:11.725858144
24,5211.0,30,5211.25,09:00:11.725910366
23,5211.0,30,5211.25,09:00:11.725923572
21,5211.0,30,5211.25,09:00:11.726035053
21,5211.0,31,5211.25,09:00:11.726141225
20,5211.0,31,5211.25,09:00:11.726194383
19,5211.0,31,5211.25,09:00:11.726607941
18,5211.0,31,5211.25,09:00:11.726718971
17,5211.0,31,5211.25,09:00:11.726818048
16,5211.0,31,5211.25,09:00:11.726923042
15,5211.0,31,5211.25,09:00:11.726928895
15,5211.0,30,5211.25,09:00:11.736029492
17,5211.0,30,5211.25,09:00:11.736127394
17,5211.0,29,5211.25,09:00:11.736135852
14,5211.0,29,5211.25,09:00:11.779434052
12,5211.0,29,5211.25,09:00:11.779542960
12,5211.0,30,5211.25,09:00:11.804042428
11,5211.0,30,5211.25,09:00:11.838297889
11,5211.0,33,5211.25,09:00:11.857872934
12,5211.0,33,5211.25,09:00:12.000803740
12,5211.0,33,5211.25,09:00:12.178666926
12,5211.0,33,5211.25,09:00:12.178782301
11,5211.0,33,5211.25,09:00:12.178798139
11,5211.0,33,5211.25,09:00:12.343238260
12,5211.0,33,5211.25,09:00:12.343353632
12,5211.0,33,5211.25,09:00:12.705510920
14,5211.0,33,5211.25,09:00:12.779405126
14,5211.0,33,5211.25,09:00:12.779659777
14,5211.0,33,5211.25,09:00:12.779665624
14,5211.0,30,5211.25,09:00:12.779775783
15,5211.0,30,5211.25,09:00:12.779890652
16,5211.0,30,5211.25,09:00:12.779929140
15,5211.0,30,5211.25,09:00:12.780090730
15,5211.0,30,5211.25,09:00:12.780734474
15,5211.0,30,5211.25,09:00:12.780742961
14,5211.0,30,5211.25,09:00:12.781082990
12,5211.0,30,5211.25,09:00:12.781193491
11,5211.0,30,5211.25,09:00:12.781200877
4,5211.0,30,5211.25,09:00:12.856979188
4,5211.0,31,5211.25,09:00:12.857034271
4,5211.0,31,5211.25,09:00:12.857453598
4,5211.0,31,5211.25,09:00:12.857461127
52,5210.75,31,5211.25,09:00:12.857670684
52,5210.75,31,5211.25,09:00:12.857670684
52,5210.75,4,5211.0,09:00:12.857670684
52,5210.75,4,5211.0,09:00:12.857770801
51,5210.75,4,5211.0,09:00:12.857777409
51,5210.75,4,5211.0,09:00:12.857799038
52,5210.75,4,5211.0,09:00:12.857819503
52,5210.75,4,5211.0,09:00:12.857819503
52,5210.75,4,5211.0,09:00:12.857842460
52,5210.75,5,5211.0,09:00:12.857850642
52,5210.75,5,5211.0,09:00:12.857912346
52,5210.75,5,5211.0,09:00:12.857923607
52,5210.75,1,5211.0,09:00:12.857932350
53,5210.75,1,5211.0,09:00:12.857945476
53,5210.75,2,5211.0,09:00:12.857953137
54,5210.75,2,5211.0,09:00:12.857975743
55,5210.75,2,5211.0,09:00:12.857986060
56,5210.75,2,5211.0,09:00:12.858009510
57,5210.75,2,5211.0,09:00:12.858014953
58,5210.75,2,5211.0,09:00:12.858024457
59,5210.75,2,5211.0,09:00:12.858033164
58,5210.75,2,5211.0,09:00:12.858269045
58,5210.75,2,5211.0,09:00:12.858269045
59,5210.75,2,5211.0,09:00:12.858323916
60,5210.75,2,5211.0,09:00:12.858407262
60,5210.75,2,5211.0,09:00:12.858407262
59,5210.75,2,5211.0,09:00:12.858552801
59,5210.75,2,5211.0,09:00:12.858552801
60,5210.75,2,5211.0,09:00:12.859325280
61,5210.75,2,5211.0,09:00:12.992007072
61,5210.75,2,5211.0,09:00:12.992007072
61,5210.75,2,5211.0,09:00:12.992389547
60,5210.75,2,5211.0,09:00:12.992497098
59,5210.75,2,5211.0,09:00:12.999352269
59,5210.75,2,5211.0,09:00:13.002472205
59,5210.75,5,5211.0,09:00:13.002584540
58,5210.75,5,5211.0,09:00:13.002908918
58,5210.75,5,5211.0,09:00:13.002908918
57,5210.75,5,5211.0,09:00:13.010319433
57,5210.75,5,5211.0,09:00:13.010483343
57,5210.75,5,5211.0,09:00:13.010587665
57,5210.75,5,5211.0,09:00:13.056294811
57,5210.75,5,5211.0,09:00:13.056334562
57,5210.75,5,5211.0,09:00:13.073701867
57,5210.75,5,5211.0,09:00:13.137292274
57,5210.75,5,5211.0,09:00:13.137390685
57,5210.75,5,5211.0,09:00:13.241426713
57,5210.75,6,5211.0,09:00:13.292054301
57,5210.75,7,5211.0,09:00:13.292152876
57,5210.75,8,5211.0,09:00:13.292259354
57,5210.75,7,5211.0,09:00:13.302658103
57,5210.75,6,5211.0,09:00:13.320370711
57,5210.75,5,5211.0,09:00:13.320463048
57,5210.75,4,5211.0,09:00:13.320471765
58,5210.75,4,5211.0,09:00:13.320574961
58,5210.75,4,5211.0,09:00:13.334589877
58,5210.75,4,5211.0,09:00:13.334692159
52,5210.75,4,5211.0,09:00:13.441844352
52,5210.75,5,5211.0,09:00:13.441886586
52,5210.75,7,5211.0,09:00:13.441895038
52,5210.75,8,5211.0,09:00:13.441908325
52,5210.75,9,5211.0,09:00:13.441949429
52,5210.75,10,5211.0,09:00:13.442219946
52,5210.75,11,5211.0,09:00:13.442315101
52,5210.75,12,5211.0,09:00:13.442330864
51,5210.75,12,5211.0,09:00:13.442461715
51,5210.75,11,5211.0,09:00:13.443040466
51,5210.75,10,5211.0,09:00:13.443150462
51,5210.75,8,5211.0,09:00:13.443239766
51,5210.75,7,5211.0,09:00:13.443337920
51,5210.75,6,5211.0,09:00:13.443343732
51,5210.75,5,5211.0,09:00:13.452446451
51,5210.75,4,5211.0,09:00:13.464042033
51,5210.75,5,5211.0,09:00:13.513509725
51,5210.75,6,5211.0,09:00:13.519515238
51,5210.75,5,5211.0,09:00:13.529131071
51,5210.75,4,5211.0,09:00:13.529140918
51,5210.75,4,5211.0,09:00:13.556940689
51,5210.75,4,5211.0,09:00:13.557048759
51,5210.75,3,5211.0,09:00:13.566410241
50,5210.75,3,5211.0,09:00:13.566410241
50,5210.75,3,5211.0,09:00:13.566485494
50,5210.75,3,5211.0,09:00:13.566492735
50,5210.75,4,5211.0,09:00:13.566506902
50,5210.75,5,5211.0,09:00:13.568709951
50,5210.75,6,5211.0,09:00:13.568811672
50,5210.75,5,5211.0,09:00:13.585211338
50,5210.75,4,5211.0,09:00:13.605192020
50,5210.75,3,5211.0,09:00:13.605277401
48,5210.75,3,5211.0,09:00:13.621134298
48,5210.75,4,5211.0,09:00:13.621198959
48,5210.75,5,5211.0,09:00:13.621205922
48,5210.75,6,5211.0,09:00:13.621222930
48,5210.75,8,5211.0,09:00:13.621244454
48,5210.75,7,5211.0,09:00:13.648421538
48,5210.75,5,5211.0,09:00:13.648431189
48,5210.75,7,5211.0,09:00:13.648611651
48,5210.75,5,5211.0,09:00:13.725144443
48,5210.75,6,5211.0,09:00:13.790503698
48,5210.75,7,5211.0,09:00:13.790670140
48,5210.75,7,5211.0,09:00:13.834629963
48,5210.75,12,5211.0,09:00:13.892051186
48,5210.75,14,5211.0,09:00:13.892070306
48,5210.75,15,5211.0,09:00:13.892081721
48,5210.75,16,5211.0,09:00:13.892091142
48,5210.75,17,5211.0,09:00:13.892105609
48,5210.75,18,5211.0,09:00:13.892117260
48,5210.75,19,5211.0,09:00:13.892151876
48,5210.75,20,5211.0,09:00:13.892176878
47,5210.75,20,5211.0,09:00:13.892188548
47,5210.75,21,5211.0,09:00:13.892198824
46,5210.75,21,5211.0,09:00:13.892210104
46,5210.75,21,5211.0,09:00:13.892222008
46,5210.75,22,5211.0,09:00:13.892257407
46,5210.75,22,5211.0,09:00:13.892267705
46,5210.75,24,5211.0,09:00:13.892297837
46,5210.75,25,5211.0,09:00:13.892311991
46,5210.75,25,5211.0,09:00:13.892311991
46,5210.75,24,5211.0,09:00:13.892318388
46,5210.75,24,5211.0,09:00:13.892336036
46,5210.75,25,5211.0,09:00:13.892367246
46,5210.75,24,5211.0,09:00:13.892373454
46,5210.75,25,5211.0,09:00:13.892500100
45,5210.75,25,5211.0,09:00:13.892642004
44,5210.75,25,5211.0,09:00:13.892663511
43,5210.75,25,5211.0,09:00:13.892697711
42,5210.75,25,5211.0,09:00:13.892875225
41,5210.75,25,5211.0,09:00:13.892979859
40,5210.75,25,5211.0,09:00:13.893021438
39,5210.75,25,5211.0,09:00:13.893029534
38,5210.75,25,5211.0,09:00:13.893104637
37,5210.75,25,5211.0,09:00:13.893192869
36,5210.75,25,5211.0,09:00:13.893205487
36,5210.75,25,5211.0,09:00:13.893280033
36,5210.75,25,5211.0,09:00:13.893280033
36,5210.75,27,5211.0,09:00:13.893446110
36,5210.75,28,5211.0,09:00:13.893565287
35,5210.75,28,5211.0,09:00:13.893629608
35,5210.75,28,5211.0,09:00:13.902879248
34,5210.75,28,5211.0,09:00:13.914413737
31,5210.75,28,5211.0,09:00:13.914563942
31,5210.75,28,5211.0,09:00:13.917629831
31,5210.75,28,5211.0,09:00:13.917629831
31,5210.75,28,5211.0,09:00:13.918196732
31,5210.75,28,5211.0,09:00:13.918196732
25,5210.75,28,5211.0,09:00:13.925462437
25,5210.75,28,5211.0,09:00:13.925480703
24,5210.75,28,5211.0,09:00:13.925482671
24,5210.75,28,5211.0,09:00:13.925577493
24,5210.75,28,5211.0,09:00:13.925590165
25,5210.75,28,5211.0,09:00:13.925613388
25,5210.75,26,5211.0,09:00:13.928671184
25,5210.75,25,5211.0,09:00:13.928684179
25,5210.75,26,5211.0,09:00:13.928798456
25,5210.75,26,5211.0,09:00:14.077275585
25,5210.75,26,5211.0,09:00:14.077275585
26,5210.75,26,5211.0,09:00:14.096217926
26,5210.75,26,5211.0,09:00:14.208191589
25,5210.75,26,5211.0,09:00:14.312030675
25,5210.75,27,5211.0,09:00:14.312102500
25,5210.75,27,5211.0,09:00:14.387904808
25,5210.75,27,5211.0,09:00:14.510331252
21,5210.75,27,5211.0,09:00:14.555075712
20,5210.75,27,5211.0,09:00:14.555182831
20,5210.75,27,5211.0,09:00:14.600575340
20,5210.75,28,5211.0,09:00:14.607332488
19,5210.75,28,5211.0,09:00:15.013792636
19,5210.75,29,5211.0,09:00:15.013874715
19,5210.75,28,5211.0,09:00:15.013899967
20,5210.75,28,5211.0,09:00:15.021876813
17,5210.75,28,5211.0,09:00:15.216899216
16,5210.75,28,5211.0,09:00:15.217300673
15,5210.75,28,5211.0,09:00:15.217374182
15,5210.75,28,5211.0,09:00:15.335851987
15,5210.75,28,5211.0,09:00:15.335867136
15,5210.75,28,5211.0,09:00:15.335867136
15,5210.75,29,5211.0,09:00:15.469598526
15,5210.75,29,5211.0,09:00:15.469604485
14,5210.75,29,5211.0,09:00:16.011218964
7,5210.75,29,5211.0,09:00:16.886161538
5,5210.75,29,5211.0,09:00:16.886161538
4,5210.75,29,5211.0,09:00:16.886285767
2,5210.75,29,5211.0,09:00:16.886285767
1,5210.75,29,5211.0,09:00:16.886321356
1,5210.75,29,5211.0,09:00:16.886321356
1,5210.75,29,5211.0,09:00:16.886321356
1,5210.75,30,5211.0,09:00:16.886336195
1,5210.75,30,5211.0,09:00:16.886336195
1,5210.75,30,5211.0,09:00:16.886336195
69,5210.5,30,5211.0,09:00:16.886416724
69,5210.5,30,5211.0,09:00:16.886416724
69,5210.5,31,5211.0,09:00:16.886416724
69,5210.5,31,5211.0,09:00:16.886416724
66,5210.5,31,5211.0,09:00:16.886533805
66,5210.5,2,5210.75,09:00:16.886533805
66,5210.5,2,5210.75,09:00:16.886540464
65,5210.5,2,5210.75,09:00:16.886540464
65,5210.5,2,5210.75,09:00:16.886540464
65,5210.5,2,5210.75,09:00:16.886556576
64,5210.5,2,5210.75,09:00:16.886561706
64,5210.5,2,5210.75,09:00:16.886569216
65,5210.5,2,5210.75,09:00:16.886644178
65,5210.5,2,5210.75,09:00:16.886685692
65,5210.5,2,5210.75,09:00:16.886692156
65,5210.5,2,5210.75,09:00:16.886702393
64,5210.5,2,5210.75,09:00:16.886714234
64,5210.5,1,5210.75,09:00:16.886829613
63,5210.5,1,5210.75,09:00:16.886829613
63,5210.5,2,5210.75,09:00:16.886829613
62,5210.5,2,5210.75,09:00:16.886829613
62,5210.5,2,5210.75,09:00:16.886829613
62,5210.5,2,5210.75,09:00:16.886832101
63,5210.5,2,5210.75,09:00:16.886844022
63,5210.5,1,5210.75,09:00:16.886853360
64,5210.5,1,5210.75,09:00:16.886858960
64,5210.5,1,5210.75,09:00:16.886889773
63,5210.5,1,5210.75,09:00:16.886896199
63,5210.5,32,5211.0,09:00:16.886934584
63,5210.5,32,5211.0,09:00:16.886934584
63,5210.5,35,5211.0,09:00:16.886960168
63,5210.5,35,5211.0,09:00:16.887062375
63,5210.5,35,5211.0,09:00:16.887068225
62,5210.5,35,5211.0,09:00:16.887085463
62,5210.5,38,5211.0,09:00:16.887134092
63,5210.5,38,5211.0,09:00:16.887259134
63,5210.5,39,5211.0,09:00:16.888541035
63,5210.5,44,5211.0,09:00:16.888663342
63,5210.5,45,5211.0,09:00:16.888756125
63,5210.5,3,5210.75,09:00:16.888768246
63,5210.5,4,5210.75,09:00:16.888884591
63,5210.5,5,5210.75,09:00:16.888894182
63,5210.5,5,5210.75,09:00:16.888955469
63,5210.5,6,5210.75,09:00:16.888996369
64,5210.5,6,5210.75,09:00:16.895685580
65,5210.5,6,5210.75,09:00:16.895818283
65,5210.5,3,5210.75,09:00:16.899692812
65,5210.5,46,5211.0,09:00:16.902667981
65,5210.5,46,5211.0,09:00:16.902667981
64,5210.5,46,5211.0,09:00:16.902968310
63,5210.5,46,5211.0,09:00:16.903002768
63,5210.5,46,5211.0,09:00:16.903255099
64,5210.5,46,5211.0,09:00:16.903922230
63,5210.5,46,5211.0,09:00:16.904190744
64,5210.5,46,5211.0,09:00:16.904265785
64,5210.5,41,5211.0,09:00:16.904409922
3,5210.75,41,5211.0,09:00:16.914486584
5,5210.75,41,5211.0,09:00:16.914582333
6,5210.75,41,5211.0,09:00:16.914598465
3,5210.75,41,5211.0,09:00:16.914756040
4,5210.75,41,5211.0,09:00:16.914756040
4,5210.75,38,5211.0,09:00:16.914756040
4,5210.75,37,5211.0,09:00:16.914756040
2,5210.75,37,5211.0,09:00:16.914758814
2,5210.75,37,5211.0,09:00:16.914847878
2,5210.75,37,5211.0,09:00:16.915074654
1,5210.75,37,5211.0,09:00:16.915167705
4,5210.75,37,5211.0,09:00:17.003504622
4,5210.75,37,5211.0,09:00:17.050912310
4,5210.75,37,5211.0,09:00:17.051020684
5,5210.75,37,5211.0,09:00:17.137339137
6,5210.75,37,5211.0,09:00:17.137447520
7,5210.75,37,5211.0,09:00:17.138391434
8,5210.75,37,5211.0,09:00:17.138411552
9,5210.75,37,5211.0,09:00:17.138432417
10,5210.75,37,5211.0,09:00:17.138510450
11,5210.75,37,5211.0,09:00:17.138521996
12,5210.75,37,5211.0,09:00:17.138618897
11,5210.75,37,5211.0,09:00:17.139799376
12,5210.75,37,5211.0,09:00:17.162871228
11,5210.75,37,5211.0,09:00:17.402272339
10,5210.75,37,5211.0,09:00:17.506011305
10,5210.75,38,5211.0,09:00:17.599279934
10,5210.75,38,5211.0,09:00:17.652404577
10,5210.75,38,5211.0,09:00:17.713306580
10,5210.75,38,5211.0,09:00:17.974113069
10,5210.75,38,5211.0,09:00:18.005774794
10,5210.75,38,5211.0,09:00:18.005825880
9,5210.75,38,5211.0,09:00:18.005906522
9,5210.75,37,5211.0,09:00:18.005912567
9,5210.75,37,5211.0,09:00:18.005932385
8,5210.75,37,5211.0,09:00:18.006007647
8,5210.75,37,5211.0,09:00:18.006071824
9,5210.75,37,5211.0,09:00:18.111496472
10,5210.75,37,5211.0,09:00:18.111599412
11,5210.75,37,5211.0,09:00:18.111731703
13,5210.75,37,5211.0,09:00:18.111824956
12,5210.75,37,5211.0,09:00:18.122822557
10,5210.75,37,5211.0,09:00:18.122935053
9,5210.75,37,5211.0,09:00:18.123125229
8,5210.75,37,5211.0,09:00:18.123218073
8,5210.75,36,5211.0,09:00:18.156463517
10,5210.75,36,5211.0,09:00:18.156554472
8,5210.75,36,5211.0,09:00:18.271732501
9,5210.75,36,5211.0,09:00:18.271867928
8,5210.75,36,5211.0,09:00:18.272256304
10,5210.75,36,5211.0,09:00:18.279872260
11,5210.75,36,5211.0,09:00:18.279878743
13,5210.75,36,5211.0,09:00:18.279892762
12,5210.75,36,5211.0,09:00:18.279983212
12,5210.75,36,5211.0,09:00:18.349041633
12,5210.75,36,5211.0,09:00:18.424824111
12,5210.75,36,5211.0,09:00:18.424824111
12,5210.75,36,5211.0,09:00:18.509402874
10,5210.75,36,5211.0,09:00:18.531848173
8,5210.75,36,5211.0,09:00:18.531961251
10,5210.75,36,5211.0,09:00:18.578686308
12,5210.75,36,5211.0,09:00:18.845746383
12,5210.75,37,5211.0,09:00:18.845753852
13,5210.75,37,5211.0,09:00:18.845859038
12,5210.75,37,5211.0,09:00:18.845962986
10,5210.75,37,5211.0,09:00:18.846067238
10,5210.75,37,5211.0,09:00:18.847502419
10,5210.75,37,5211.0,09:00:18.849556467
10,5210.75,37,5211.0,09:00:18.852209704
10,5210.75,37,5211.0,09:00:18.854426969
10,5210.75,37,5211.0,09:00:18.854533838
8,5210.75,37,5211.0,09:00:18.854622140
63,5210.5,37,5211.0,09:00:18.854934342
63,5210.5,37,5211.0,09:00:18.854934342
63,5210.5,37,5211.0,09:00:18.855003351
63,5210.5,1,5210.75,09:00:18.855009889
63,5210.5,1,5210.75,09:00:18.855021755
63,5210.5,3,5210.75,09:00:18.855027921
65,5210.5,3,5210.75,09:00:18.855039848
65,5210.5,3,5210.75,09:00:18.855039848
64,5210.5,3,5210.75,09:00:18.855049583
64,5210.5,4,5210.75,09:00:18.855142512
64,5210.5,4,5210.75,09:00:18.855162333
64,5210.5,4,5210.75,09:00:18.855190402
65,5210.5,4,5210.75,09:00:18.855271843
65,5210.5,3,5210.75,09:00:18.855402326
64,5210.5,3,5210.75,09:00:18.855402326
65,5210.5,3,5210.75,09:00:18.855402326
66,5210.5,3,5210.75,09:00:18.855402326
67,5210.5,3,5210.75,09:00:18.855402326
68,5210.5,3,5210.75,09:00:18.855402326
69,5210.5,3,5210.75,09:00:18.855434269
69,5210.5,3,5210.75,09:00:18.855492923
69,5210.5,40,5211.0,09:00:18.855627249
69,5210.5,40,5211.0,09:00:18.855627249
2,5210.75,40,5211.0,09:00:18.855627249
2,5210.75,40,5211.0,09:00:18.855636183
2,5210.75,40,5211.0,09:00:18.855636183
2,5210.75,40,5211.0,09:00:18.855636183
2,5210.75,44,5211.0,09:00:18.855715689
68,5210.5,44,5211.0,09:00:18.855865312
68,5210.5,44,5211.0,09:00:18.855865312
68,5210.5,44,5211.0,09:00:18.856069373
69,5210.5,44,5211.0,09:00:18.856179545
69,5210.5,44,5211.0,09:00:18.856404548
69,5210.5,44,5211.0,09:00:18.857140102
68,5210.5,44,5211.0,09:00:18.857406110
68,5210.5,44,5211.0,09:00:19.032313201
68,5210.5,44,5211.0,09:00:19.032320254
68,5210.5,44,5211.0,09:00:19.049695818
68,5210.5,34,5211.0,09:00:19.115033681
1,5210.75,34,5211.0,09:00:19.115062334
1,5210.75,34,5211.0,09:00:19.115083759
1,5210.75,33,5211.0,09:00:19.115092706
5,5210.75,33,5211.0,09:00:19.115118364
8,5210.75,33,5211.0,09:00:19.115131792
10,5210.75,33,5211.0,09:00:19.115170087
11,5210.75,33,5211.0,09:00:19.115177149
11,5210.75,32,5211.0,09:00:19.115185284
12,5210.75,32,5211.0,09:00:19.115265814
13,5210.75,32,5211.0,09:00:19.115278230
14,5210.75,32,5211.0,09:00:19.115291552
14,5210.75,28,5211.0,09:00:19.115315399
14,5210.75,28,5211.0,09:00:19.115330125
15,5210.75,28,5211.0,09:00:19.115363982
15,5210.75,31,5211.0,09:00:19.115369940
15,5210.75,32,5211.0,09:00:19.115471837
14,5210.75,32,5211.0,09:00:19.115579478
14,5210.75,32,5211.0,09:00:19.116149047
15,5210.75,32,5211.0,09:00:19.116306910
21,5210.75,32,5211.0,09:00:19.116744390
22,5210.75,32,5211.0,09:00:19.116852790
23,5210.75,32,5211.0,09:00:19.117023715
23,5210.75,32,5211.0,09:00:19.117023715
24,5210.75,32,5211.0,09:00:19.117132162
25,5210.75,32,5211.0,09:00:19.117233268
25,5210.75,32,5211.0,09:00:19.124187389
24,5210.75,32,5211.0,09:00:19.127353924
24,5210.75,36,5211.0,09:00:19.130821495
23,5210.75,36,5211.0,09:00:19.131056738
24,5210.75,36,5211.0,09:00:19.181990204
24,5210.75,35,5211.0,09:00:19.258001834
24,5210.75,35,5211.0,09:00:19.687646209
24,5210.75,35,5211.0,09:00:19.687749482
24,5210.75,35,5211.0,09:00:19.717583714
24,5210.75,35,5211.0,09:00:19.717688385
18,5210.75,35,5211.0,09:00:19.834500980
17,5210.75,35,5211.0,09:00:19.834614424
17,5210.75,36,5211.0,09:00:20.089679314
14,5210.75,36,5211.0,09:00:20.089785786
13,5210.75,36,5211.0,09:00:20.089884723
12,5210.75,36,5211.0,09:00:20.090032700
11,5210.75,36,5211.0,09:00:20.090135649
9,5210.75,36,5211.0,09:00:20.117393240
11,5210.75,36,5211.0,09:00:20.253562806
11,5210.75,36,5211.0,09:00:20.253713468
11,5210.75,36,5211.0,09:00:20.259252534
9,5210.75,36,5211.0,09:00:20.618039672
8,5210.75,36,5211.0,09:00:20.618163047
8,5210.75,36,5211.0,09:00:20.618239426
8,5210.75,36,5211.0,09:00:20.618245250
70,5210.5,36,5211.0,09:00:20.618446874
70,5210.5,36,5211.0,09:00:20.618446874
70,5210.5,1,5210.75,09:00:20.618446874
70,5210.5,2,5210.75,09:00:20.618549842
70,5210.5,6,5210.75,09:00:20.618582160
70,5210.5,7,5210.75,09:00:20.618589027
70,5210.5,8,5210.75,09:00:20.618601693
70,5210.5,9,5210.75,09:00:20.618613219
70,5210.5,9,5210.75,09:00:20.618622864
70,5210.5,11,5210.75,09:00:20.618644292
69,5210.5,11,5210.75,09:00:20.618665438
69,5210.5,13,5210.75,09:00:20.618685976
68,5210.5,13,5210.75,09:00:20.618691064
68,5210.5,14,5210.75,09:00:20.618714764
69,5210.5,14,5210.75,09:00:20.618720227
69,5210.5,15,5210.75,09:00:20.618725865
67,5210.5,15,5210.75,09:00:20.618736572
68,5210.5,15,5210.75,09:00:20.618806676
69,5210.5,15,5210.75,09:00:20.618845327
68,5210.5,15,5210.75,09:00:20.618853877
68,5210.5,16,5210.75,09:00:20.618962055
68,5210.5,16,5210.75,09:00:20.618977672
68,5210.5,16,5210.75,09:00:20.618977672
67,5210.5,16,5210.75,09:00:20.618982990
66,5210.5,16,5210.75,09:00:20.618990053
66,5210.5,17,5210.75,09:00:20.619043836
66,5210.5,19,5210.75,09:00:20.619059129
66,5210.5,20,5210.75,09:00:20.619099764
66,5210.5,23,5210.75,09:00:20.619114772
66,5210.5,23,5210.75,09:00:20.619155634
66,5210.5,23,5210.75,09:00:20.619204351
66,5210.5,23,5210.75,09:00:20.619223059
66,5210.5,24,5210.75,09:00:20.619253296
65,5210.5,24,5210.75,09:00:20.619261473
65,5210.5,25,5210.75,09:00:20.619391827
65,5210.5,24,5210.75,09:00:20.619484664
64,5210.5,24,5210.75,09:00:20.619698800
64,5210.5,26,5210.75,09:00:20.620108354
64,5210.5,27,5210.75,09:00:20.620211645
64,5210.5,27,5210.75,09:00:20.621548529
64,5210.5,27,5210.75,09:00:20.621885190
63,5210.5,27,5210.75,09:00:20.621897676
63,5210.5,27,5210.75,09:00:20.622033260
63,5210.5,27,5210.75,09:00:20.622052351
62,5210.5,27,5210.75,09:00:20.626568926
62,5210.5,28,5210.75,09:00:20.626693623
62,5210.5,28,5210.75,09:00:20.627075883
62,5210.5,28,5210.75,09:00:20.627084047
62,5210.5,28,5210.75,09:00:20.627095986
62,5210.5,28,5210.75,09:00:20.627103058
62,5210.5,28,5210.75,09:00:20.627109043
62,5210.5,28,5210.75,09:00:20.627210363
62,5210.5,28,5210.75,09:00:20.628784980
62,5210.5,27,5210.75,09:00:20.629302450
62,5210.5,28,5210.75,09:00:20.629426571
61,5210.5,28,5210.75,09:00:20.629541562
61,5210.5,29,5210.75,09:00:20.629645670
58,5210.5,29,5210.75,09:00:20.629681466
58,5210.5,30,5210.75,09:00:20.629751505
58,5210.5,31,5210.75,09:00:20.629773483
58,5210.5,32,5210.75,09:00:20.629787346
57,5210.5,32,5210.75,09:00:20.629800073
57,5210.5,31,5210.75,09:00:20.629879511
57,5210.5,32,5210.75,09:00:20.629889835
57,5210.5,34,5210.75,09:00:20.629967219
57,5210.5,34,5210.75,09:00:20.630012816
57,5210.5,35,5210.75,09:00:20.630202097
57,5210.5,35,5210.75,09:00:20.630202097
57,5210.5,35,5210.75,09:00:20.636953341
57,5210.5,36,5210.75,09:00:20.640502824
57,5210.5,36,5210.75,09:00:20.640508565
57,5210.5,36,5210.75,09:00:20.676246871
57,5210.5,35,5210.75,09:00:20.680571442
57,5210.5,34,5210.75,09:00:20.681720434
57,5210.5,33,5210.75,09:00:20.681805735
57,5210.5,33,5210.75,09:00:20.695053411
57,5210.5,34,5210.75,09:00:20.698207609
56,5210.5,34,5210.75,09:00:20.698302363
56,5210.5,35,5210.75,09:00:20.698395440
56,5210.5,36,5210.75,09:00:20.698406797
54,5210.5,36,5210.75,09:00:20.698512582
54,5210.5,36,5210.75,09:00:20.698525149
54,5210.5,36,5210.75,09:00:20.698525149
53,5210.5,36,5210.75,09:00:20.698610181
53,5210.5,35,5210.75,09:00:20.702762975
53,5210.5,36,5210.75,09:00:20.704454593
53,5210.5,36,5210.75,09:00:20.711424641
53,5210.5,36,5210.75,09:00:20.731382322
53,5210.5,35,5210.75,09:00:20.763586509
53,5210.5,35,5210.75,09:00:20.775295873
53,5210.5,35,5210.75,09:00:20.775314987
53,5210.5,35,5210.75,09:00:20.792682270
53,5210.5,35,5210.75,09:00:20.923496111
53,5210.5,35,5210.75,09:00:20.923496111
53,5210.5,36,5210.75,09:00:20.923511583
53,5210.5,35,5210.75,09:00:20.923516620
53,5210.5,35,5210.75,09:00:20.935548924
53,5210.5,35,5210.75,09:00:20.982584526
53,5210.5,36,5210.75,09:00:20.985726113
53,5210.5,35,5210.75,09:00:20.987536335
53,5210.5,35,5210.75,09:00:21.006685292
53,5210.5,35,5210.75,09:00:21.006706893
53,5210.5,35,5210.75,09:00:21.006851561
53,5210.5,35,5210.75,09:00:21.380820935
53,5210.5,35,5210.75,09:00:21.380934800
53,5210.5,36,5210.75,09:00:21.418223269
52,5210.5,36,5210.75,09:00:21.418267498
52,5210.5,37,5210.75,09:00:21.418314033
52,5210.5,43,5210.75,09:00:21.418322606
52,5210.5,44,5210.75,09:00:21.418830811
51,5210.5,44,5210.75,09:00:21.418839906
45,5210.5,44,5210.75,09:00:21.418853343
45,5210.5,44,5210.75,09:00:21.418864287
44,5210.5,44,5210.75,09:00:21.418876172
44,5210.5,45,5210.75,09:00:21.418887312
44,5210.5,46,5210.75,09:00:21.418899424
28,5210.5,46,5210.75,09:00:21.420994688
28,5210.5,45,5210.75,09:00:21.420994688
27,5210.5,45,5210.75,09:00:21.420999299
27,5210.5,45,5210.75,09:00:21.421005264
27,5210.5,45,5210.75,09:00:21.421011441
27,5210.5,46,5210.75,09:00:21.421011441
26,5210.5,46,5210.75,09:00:21.421018376
25,5210.5,46,5210.75,09:00:21.421187301
88,5210.25,46,5210.75,09:00:21.421302433
88,5210.25,46,5210.75,09:00:21.421302433
88,5210.25,1,5210.5,09:00:21.421302433
88,5210.25,2,5210.5,09:00:21.421302433
88,5210.25,3,5210.5,09:00:21.421320052
88,5210.25,4,5210.5,09:00:21.421327512
88,5210.25,5,5210.5,09:00:21.421327512
88,5210.25,6,5210.5,09:00:21.421569606
88,5210.25,6,5210.5,09:00:21.421574339
88,5210.25,6,5210.5,09:00:21.421593901
88,5210.25,6,5210.5,09:00:21.421604647
88,5210.25,6,5210.5,09:00:21.421706713
88,5210.25,6,5210.5,09:00:21.421759549
88,5210.25,5,5210.5,09:00:21.421812907
88,5210.25,5,5210.5,09:00:21.421819589
88,5210.25,4,5210.5,09:00:21.421832223
88,5210.25,3,5210.5,09:00:21.421841023
88,5210.25,3,5210.5,09:00:21.421937185
88,5210.25,3,5210.5,09:00:21.421937185
88,5210.25,3,5210.5,09:00:21.421946689
88,5210.25,3,5210.5,09:00:21.421946689
88,5210.25,4,5210.5,09:00:21.421953793
88,5210.25,5,5210.5,09:00:21.421987922
88,5210.25,7,5210.5,09:00:21.421998162
88,5210.25,8,5210.5,09:00:21.422009199
88,5210.25,8,5210.5,09:00:21.422020876
87,5210.25,8,5210.5,09:00:21.422047421
87,5210.25,8,5210.5,09:00:21.422047421
87,5210.25,9,5210.5,09:00:21.422079812
87,5210.25,9,5210.5,09:00:21.422100541
87,5210.25,9,5210.5,09:00:21.422110410
86,5210.25,9,5210.5,09:00:21.422126826
86,5210.25,9,5210.5,09:00:21.422133521
86,5210.25,9,5210.5,09:00:21.422151918
87,5210.25,9,5210.5,09:00:21.422180139
85,5210.25,9,5210.5,09:00:21.422199238
85,5210.25,9,5210.5,09:00:21.422208870
85,5210.25,10,5210.5,09:00:21.422217638
85,5210.25,11,5210.5,09:00:21.422230077
84,5210.25,11,5210.5,09:00:21.422285521
83,5210.25,11,5210.5,09:00:21.422291102
84,5210.25,11,5210.5,09:00:21.422298114
85,5210.25,11,5210.5,09:00:21.422304738
85,5210.25,11,5210.5,09:00:21.422320725
86,5210.25,11,5210.5,09:00:21.422331026
86,5210.25,11,5210.5,09:00:21.422349862
86,5210.25,11,5210.5,09:00:21.422355001
86,5210.25,11,5210.5,09:00:21.422366697
86,5210.25,10,5210.5,09:00:21.422371321
86,5210.25,9,5210.5,09:00:21.422384771
86,5210.25,8,5210.5,09:00:21.422391716
86,5210.25,7,5210.5,09:00:21.422396608
86,5210.25,6,5210.5,09:00:21.422417943
86,5210.25,7,5210.5,09:00:21.422459864
86,5210.25,7,5210.5,09:00:21.422590801
86,5210.25,6,5210.5,09:00:21.422718689
86,5210.25,6,5210.5,09:00:21.422718689
86,5210.25,6,5210.5,09:00:21.422718689
86,5210.25,6,5210.5,09:00:21.423109557
86,5210.25,6,5210.5,09:00:21.423121801
86,5210.25,7,5210.5,09:00:21.423130457
86,5210.25,7,5210.5,09:00:21.423146441
86,5210.25,10,5210.5,09:00:21.423164918
86,5210.25,10,5210.5,09:00:21.423174410
86,5210.25,10,5210.5,09:00:21.423183482
86,5210.25,9,5210.5,09:00:21.423203137
87,5210.25,9,5210.5,09:00:21.423213255
87,5210.25,9,5210.5,09:00:21.423223291
87,5210.25,9,5210.5,09:00:21.423233275
87,5210.25,9,5210.5,09:00:21.423238718
87,5210.25,9,5210.5,09:00:21.423256287
87,5210.25,9,5210.5,09:00:21.423265160
87,5210.25,9,5210.5,09:00:21.423271068
88,5210.25,9,5210.5,09:00:21.423278593
90,5210.25,9,5210.5,09:00:21.423301365
90,5210.25,9,5210.5,09:00:21.423311291
89,5210.25,9,5210.5,09:00:21.423346975
89,5210.25,6,5210.5,09:00:21.423395976
88,5210.25,6,5210.5,09:00:21.423495994
88,5210.25,3,5210.5,09:00:21.424104547
88,5210.25,6,5210.5,09:00:21.424104547
88,5210.25,50,5210.75,09:00:21.424373266
88,5210.25,50,5210.75,09:00:21.424373266
1,5210.5,50,5210.75,09:00:21.424380415
88,5210.25,50,5210.75,09:00:21.424391721
88,5210.25,50,5210.75,09:00:21.424391721
88,5210.25,50,5210.75,09:00:21.424406060
88,5210.25,51,5210.75,09:00:21.424471936
88,5210.25,50,5210.75,09:00:21.424498932
2,5210.5,50,5210.75,09:00:21.424522923
2,5210.5,50,5210.75,09:00:21.424522923
1,5210.5,50,5210.75,09:00:21.424624141
86,5210.25,50,5210.75,09:00:21.424808300
86,5210.25,50,5210.75,09:00:21.424808300
86,5210.25,51,5210.75,09:00:21.424808300
86,5210.25,1,5210.5,09:00:21.424878755
86,5210.25,2,5210.5,09:00:21.424889244
86,5210.25,2,5210.5,09:00:21.424906224
86,5210.25,1,5210.5,09:00:21.424948775
86,5210.25,51,5210.75,09:00:21.425050557
86,5210.25,51,5210.75,09:00:21.425050557
86,5210.25,51,5210.75,09:00:21.425354412
85,5210.25,51,5210.75,09:00:21.425495497
85,5210.25,51,5210.75,09:00:21.432952707
85,5210.25,51,5210.75,09:00:21.450130430
85,5210.25,51,5210.75,09:00:21.458426275
85,5210.25,51,5210.75,09:00:21.522298097
85,5210.25,51,5210.75,09:00:21.522309037
85,5210.25,51,5210.75,09:00:21.539767938
85,5210.25,51,5210.75,09:00:21.638989078
85,5210.25,51,5210.75,09:00:21.639095240
85,5210.25,51,5210.75,09:00:21.789983886
85,5210.25,52,5210.75,09:00:21.790112977
85,5210.25,52,5210.75,09:00:21.796045763
85,5210.25,3,5210.5,09:00:21.814196927
85,5210.25,3,5210.5,09:00:21.814310952
85,5210.25,4,5210.5,09:00:21.814319451
85,5210.25,5,5210.5,09:00:21.814430705
85,5210.25,6,5210.5,09:00:21.814537635
86,5210.25,6,5210.5,09:00:21.814587738
86,5210.25,6,5210.5,09:00:21.814593070
86,5210.25,6,5210.5,09:00:21.814600251
87,5210.25,6,5210.5,09:00:21.814636741
87,5210.25,6,5210.5,09:00:21.816381532
87,5210.25,6,5210.5,09:00:21.818436914
87,5210.25,5,5210.5,09:00:21.824693041
87,5210.25,5,5210.5,09:00:21.843417455
87,5210.25,5,5210.5,09:00:21.843532238
86,5210.25,5,5210.5,09:00:21.879890920
86,5210.25,6,5210.5,09:00:21.930185667
86,5210.25,6,5210.5,09:00:21.930185667
86,5210.25,6,5210.5,09:00:22.007026349
86,5210.25,6,5210.5,09:00:22.007129546
86,5210.25,7,5210.5,09:00:22.073371966
86,5210.25,9,5210.5,09:00:22.073464579
86,5210.25,10,5210.5,09:00:22.073563362
86,5210.25,11,5210.5,09:00:22.073672766
86,5210.25,12,5210.5,09:00:22.073767683
86,5210.25,13,5210.5,09:00:22.101476571
86,5210.25,14,5210.5,09:00:22.101487729
85,5210.25,14,5210.5,09:00:22.101496549
84,5210.25,14,5210.5,09:00:22.108940674
84,5210.25,13,5210.5,09:00:22.111894967
84,5210.25,12,5210.5,09:00:22.111983385
84,5210.25,13,5210.5,09:00:22.172998051
84,5210.25,14,5210.5,09:00:22.173093580
84,5210.25,15,5210.5,09:00:22.173183527
84,5210.25,15,5210.5,09:00:22.173195339
84,5210.25,14,5210.5,09:00:22.183496261
84,5210.25,14,5210.5,09:00:22.184007132
84,5210.25,20,5210.5,09:00:22.264262758
79,5210.25,20,5210.5,09:00:22.264280803
79,5210.25,21,5210.5,09:00:22.264358987
79,5210.25,22,5210.5,09:00:22.264365912
77,5210.25,22,5210.5,09:00:22.264374523
75,5210.25,22,5210.5,09:00:22.264388386
75,5210.25,23,5210.5,09:00:22.264404568
72,5210.25,23,5210.5,09:00:22.264415416
72,5210.25,24,5210.5,09:00:22.264464941
72,5210.25,25,5210.5,09:00:22.264513518
72,5210.25,26,5210.5,09:00:22.264565333
72,5210.25,27,5210.5,09:00:22.264622741
72,5210.25,27,5210.5,09:00:22.264636116
72,5210.25,28,5210.5,09:00:22.264668398
72,5210.25,28,5210.5,09:00:22.264668398
72,5210.25,28,5210.5,09:00:22.264752473
72,5210.25,28,5210.5,09:00:22.264752473
72,5210.25,31,5210.5,09:00:22.264879490
71,5210.25,31,5210.5,09:00:22.264929155
71,5210.25,31,5210.5,09:00:22.265015185
71,5210.25,52,5210.75,09:00:22.291568152
71,5210.25,52,5210.75,09:00:22.291568152
71,5210.25,52,5210.75,09:00:22.291574642
76,5210.25,52,5210.75,09:00:22.291629526
76,5210.25,51,5210.75,09:00:22.291652211
3,5210.5,51,5210.75,09:00:22.291699982
3,5210.5,51,5210.75,09:00:22.291731835
3,5210.5,51,5210.75,09:00:22.291749983
4,5210.5,51,5210.75,09:00:22.291756262
5,5210.5,51,5210.75,09:00:22.291761695
6,5210.5,51,5210.75,09:00:22.291777305
7,5210.5,51,5210.75,09:00:22.291806730
7,5210.5,51,5210.75,09:00:22.291813882
8,5210.5,51,5210.75,09:00:22.291821047
9,5210.5,51,5210.75,09:00:22.291830734
10,5210.5,51,5210.75,09:00:22.291836827
12,5210.5,51,5210.75,09:00:22.291845076
12,5210.5,51,5210.75,09:00:22.291875659
12,5210.5,50,5210.75,09:00:22.291881179
11,5210.5,50,5210.75,09:00:22.292174540
11,5210.5,50,5210.75,09:00:22.292174540
13,5210.5,50,5210.75,09:00:22.292174540
14,5210.5,50,5210.75,09:00:22.292174540
11,5210.5,50,5210.75,09:00:22.292174540
12,5210.5,50,5210.75,09:00:22.292174540
13,5210.5,50,5210.75,09:00:22.292174540
12,5210.5,50,5210.75,09:00:22.292198469
12,5210.5,50,5210.75,09:00:22.292209884
10,5210.5,50,5210.75,09:00:22.292214825
11,5210.5,50,5210.75,09:00:22.292282314
6,5210.5,50,5210.75,09:00:22.292462094
4,5210.5,50,5210.75,09:00:22.292462094
3,5210.5,50,5210.75,09:00:22.292521713
2,5210.5,50,5210.75,09:00:22.292648440
2,5210.5,50,5210.75,09:00:22.292648440
2,5210.5,50,5210.75,09:00:22.292648440
2,5210.5,50,5210.75,09:00:22.292648440
1,5210.5,50,5210.75,09:00:22.292744477
79,5210.25,50,5210.75,09:00:22.292764791
79,5210.25,50,5210.75,09:00:22.292764791
79,5210.25,51,5210.75,09:00:22.292870473
80,5210.25,51,5210.75,09:00:22.292983378
81,5210.25,51,5210.75,09:00:22.293154751
81,5210.25,51,5210.75,09:00:22.293164239
82,5210.25,51,5210.75,09:00:22.293292187
83,5210.25,51,5210.75,09:00:22.293302341
82,5210.25,51,5210.75,09:00:22.294021642
83,5210.25,51,5210.75,09:00:22.294130937
84,5210.25,51,5210.75,09:00:22.294699259
84,5210.25,50,5210.75,09:00:22.294715889
84,5210.25,50,5210.75,09:00:22.314841676
84,5210.25,50,5210.75,09:00:22.320756558
84,5210.25,50,5210.75,09:00:22.327294703
84,5210.25,50,5210.75,09:00:22.327412769
84,5210.25,50,5210.75,09:00:22.344078710
82,5210.25,50,5210.75,09:00:22.369678346
82,5210.25,3,5210.5,09:00:22.371368255
82,5210.25,4,5210.5,09:00:22.371496418
82,5210.25,4,5210.5,09:00:22.371557798
82,5210.25,6,5210.5,09:00:22.371676053
82,5210.25,6,5210.5,09:00:22.371758967
82,5210.25,6,5210.5,09:00:22.371772180
82,5210.25,6,5210.5,09:00:22.371777108
82,5210.25,6,5210.5,09:00:22.371799364
82,5210.25,7,5210.5,09:00:22.371807173
81,5210.25,7,5210.5,09:00:22.371908579
80,5210.25,7,5210.5,09:00:22.372413342
79,5210.25,7,5210.5,09:00:22.372452357
78,5210.25,7,5210.5,09:00:22.372478613
77,5210.25,7,5210.5,09:00:22.372524134
77,5210.25,8,5210.5,09:00:22.372663609
77,5210.25,9,5210.5,09:00:22.372759982
77,5210.25,10,5210.5,09:00:22.372767170
78,5210.25,10,5210.5,09:00:22.373517671
79,5210.25,10,5210.5,09:00:22.373557442
79,5210.25,9,5210.5,09:00:22.373618931
79,5210.25,9,5210.5,09:00:22.374207368
79,5210.25,10,5210.5,09:00:22.374501893
79,5210.25,11,5210.5,09:00:22.375218506
79,5210.25,14,5210.5,09:00:22.375228099
79,5210.25,15,5210.5,09:00:22.375240401
78,5210.25,15,5210.5,09:00:22.375248558
78,5210.25,15,5210.5,09:00:22.375546906
77,5210.25,15,5210.5,09:00:22.375555687
77,5210.25,16,5210.5,09:00:22.375662431
77,5210.25,17,5210.5,09:00:22.375756565
78,5210.25,17,5210.5,09:00:22.378924824
73,5210.25,17,5210.5,09:00:22.379512826
73,5210.25,17,5210.5,09:00:22.381895678
73,5210.25,16,5210.5,09:00:22.385878965
73,5210.25,16,5210.5,09:00:22.397424623
73,5210.25,16,5210.5,09:00:22.397535975
73,5210.25,22,5210.5,09:00:22.444403496
73,5210.25,23,5210.5,09:00:22.444535897
72,5210.25,23,5210.5,09:00:22.445000610
72,5210.25,24,5210.5,09:00:22.447087766
71,5210.25,24,5210.5,09:00:22.447574774
70,5210.25,24,5210.5,09:00:22.447795195
70,5210.25,23,5210.5,09:00:22.448308460
70,5210.25,24,5210.5,09:00:22.449142746
69,5210.25,24,5210.5,09:00:22.449240732
69,5210.25,24,5210.5,09:00:22.450024098
69,5210.25,24,5210.5,09:00:22.450024098
69,5210.25,23,5210.5,09:00:22.452509422
67,5210.25,23,5210.5,09:00:22.506950291
66,5210.25,23,5210.5,09:00:22.506958051
66,5210.25,24,5210.5,09:00:22.506976880
65,5210.25,24,5210.5,09:00:22.506982787
64,5210.25,24,5210.5,09:00:22.506989175
63,5210.25,24,5210.5,09:00:22.507007322
62,5210.25,24,5210.5,09:00:22.507020062
61,5210.25,24,5210.5,09:00:22.507100931
61,5210.25,25,5210.5,09:00:22.507190869
61,5210.25,25,5210.5,09:00:22.507190869
61,5210.25,25,5210.5,09:00:22.507245209
61,5210.25,26,5210.5,09:00:22.507268860
61,5210.25,27,5210.5,09:00:22.507291945
60,5210.25,27,5210.5,09:00:22.507830712
59,5210.25,27,5210.5,09:00:22.507890457
50,5210.25,27,5210.5,09:00:22.508266228
49,5210.25,27,5210.5,09:00:22.508646201
47,5210.25,27,5210.5,09:00:22.508646201
45,5210.25,27,5210.5,09:00:22.508646201
44,5210.25,27,5210.5,09:00:22.508646201
83,5210.0,27,5210.5,09:00:22.508985165
83,5210.0,27,5210.5,09:00:22.508985165
83,5210.0,1,5210.25,09:00:22.508985165
83,5210.0,2,5210.25,09:00:22.508994294
83,5210.0,3,5210.25,09:00:22.508994294
83,5210.0,3,5210.25,09:00:22.508994294
83,5210.0,4,5210.25,09:00:22.509015034
83,5210.0,5,5210.25,09:00:22.509015034
83,5210.0,5,5210.25,09:00:22.509015034
83,5210.0,5,5210.25,09:00:22.509015034
83,5210.0,5,5210.25,09:00:22.509015034
83,5210.0,7,5210.25,09:00:22.509185571
83,5210.0,8,5210.25,09:00:22.509199011
82,5210.0,8,5210.25,09:00:22.509233390
82,5210.0,8,5210.25,09:00:22.509233390
82,5210.0,8,5210.25,09:00:22.509245454
82,5210.0,9,5210.25,09:00:22.509256206
82,5210.0,9,5210.25,09:00:22.509270136
82,5210.0,9,5210.25,09:00:22.509285608
82,5210.0,9,5210.25,09:00:22.509304082
82,5210.0,9,5210.25,09:00:22.509317187
82,5210.0,10,5210.25,09:00:22.509345411
82,5210.0,11,5210.25,09:00:22.509377917
82,5210.0,11,5210.25,09:00:22.509388148
79,5210.0,11,5210.25,09:00:22.509395462
79,5210.0,11,5210.25,09:00:22.509402448
79,5210.0,11,5210.25,09:00:22.509409079
79,5210.0,11,5210.25,09:00:22.509417584
77,5210.0,11,5210.25,09:00:22.509429789
76,5210.0,11,5210.25,09:00:22.509447758
75,5210.0,11,5210.25,09:00:22.509455278
75,5210.0,12,5210.25,09:00:22.509474430
75,5210.0,12,5210.25,09:00:22.509480229
74,5210.0,12,5210.25,09:00:22.509486642
75,5210.0,12,5210.25,09:00:22.509529805
75,5210.0,12,5210.25,09:00:22.509546273
75,5210.0,12,5210.25,09:00:22.509546273
74,5210.0,12,5210.25,09:00:22.509553787
74,5210.0,12,5210.25,09:00:22.509558705
75,5210.0,12,5210.25,09:00:22.509583694
76,5210.0,12,5210.25,09:00:22.509591416
76,5210.0,12,5210.25,09:00:22.509599823
72,5210.0,12,5210.25,09:00:22.509622101
72,5210.0,12,5210.25,09:00:22.509635641
72,5210.0,12,5210.25,09:00:22.509647180
72,5210.0,12,5210.25,09:00:22.509652038
72,5210.0,12,5210.25,09:00:22.509659277
72,5210.0,12,5210.25,09:00:22.509674285
72,5210.0,12,5210.25,09:00:22.509679815
73,5210.0,12,5210.25,09:00:22.509753467
72,5210.0,12,5210.25,09:00:22.509762306
72,5210.0,12,5210.25,09:00:22.509770716
72,5210.0,12,5210.25,09:00:22.509775503
72,5210.0,13,5210.25,09:00:22.509796614
72,5210.0,12,5210.25,09:00:22.509803257
72,5210.0,11,5210.25,09:00:22.509852666
72,5210.0,10,5210.25,09:00:22.510040980
72,5210.0,9,5210.25,09:00:22.510207556
72,5210.0,8,5210.25,09:00:22.510215589
72,5210.0,7,5210.25,09:00:22.510296758
71,5210.0,7,5210.25,09:00:22.510448191
70,5210.0,7,5210.25,09:00:22.510550780
71,5210.0,7,5210.25,09:00:22.511384784
71,5210.0,6,5210.25,09:00:22.511875136
71,5210.0,4,5210.25,09:00:22.511875136
71,5210.0,3,5210.25,09:00:22.511875136
71,5210.0,1,5210.25,09:00:22.511875136
71,5210.0,36,5210.5,09:00:22.511875136
71,5210.0,36,5210.5,09:00:22.511875136
2,5210.25,36,5210.5,09:00:22.511887726
4,5210.25,36,5210.5,09:00:22.511887726
4,5210.25,35,5210.5,09:00:22.511887726
5,5210.25,35,5210.5,09:00:22.511921313
6,5210.25,35,5210.5,09:00:22.511930852
9,5210.25,35,5210.5,09:00:22.511951864
10,5210.25,35,5210.5,09:00:22.511982216
12,5210.25,35,5210.5,09:00:22.512022169
10,5210.25,35,5210.5,09:00:22.512255243
11,5210.25,35,5210.5,09:00:22.512255243
12,5210.25,35,5210.5,09:00:22.512255243
13,5210.25,35,5210.5,09:00:22.512255243
13,5210.25,35,5210.5,09:00:22.512255243
11,5210.25,35,5210.5,09:00:22.512323900
9,5210.25,35,5210.5,09:00:22.512332070
9,5210.25,36,5210.5,09:00:22.512347737
6,5210.25,36,5210.5,09:00:22.512353482
6,5210.25,36,5210.5,09:00:22.512360227
5,5210.25,36,5210.5,09:00:22.512367674
5,5210.25,36,5210.5,09:00:22.512381594
5,5210.25,37,5210.5,09:00:22.512502712
5,5210.25,37,5210.5,09:00:22.512509145
4,5210.25,37,5210.5,09:00:22.512526585
6,5210.25,37,5210.5,09:00:22.512586170
6,5210.25,36,5210.5,09:00:22.512601448
5,5210.25,36,5210.5,09:00:22.512624322
8,5210.25,36,5210.5,09:00:22.512681725
8,5210.25,36,5210.5,09:00:22.512759266
8,5210.25,36,5210.5,09:00:22.512764085
9,5210.25,36,5210.5,09:00:22.512783970
8,5210.25,36,5210.5,09:00:22.512805244
9,5210.25,36,5210.5,09:00:22.512887284
10,5210.25,36,5210.5,09:00:22.513263158
11,5210.25,36,5210.5,09:00:22.513363601
10,5210.25,36,5210.5,09:00:22.513421791
10,5210.25,36,5210.5,09:00:22.513539021
11,5210.25,36,5210.5,09:00:22.513601275
12,5210.25,36,5210.5,09:00:22.513706047
11,5210.25,36,5210.5,09:00:22.517794465
12,5210.25,36,5210.5,09:00:22.520228905
11,5210.25,36,5210.5,09:00:22.520963342
8,5210.25,36,5210.5,09:00:22.521058240
8,5210.25,36,5210.5,09:00:22.532113261
8,5210.25,37,5210.5,09:00:22.532299892
8,5210.25,37,5210.5,09:00:22.538770436
8,5210.25,37,5210.5,09:00:22.564753656
8,5210.25,37,5210.5,09:00:22.564759861
8,5210.25,36,5210.5,09:00:22.564766175
9,5210.25,36,5210.5,09:00:22.570040947
12,5210.25,36,5210.5,09:00:22.570168678
13,5210.25,36,5210.5,09:00:22.586199787
15,5210.25,36,5210.5,09:00:22.586298064
16,5210.25,36,5210.5,09:00:22.586306707
17,5210.25,36,5210.5,09:00:22.586406664
18,5210.25,36,5210.5,09:00:22.586413285
19,5210.25,36,5210.5,09:00:22.591831225
19,5210.25,36,5210.5,09:00:22.592203505
19,5210.25,36,5210.5,09:00:22.592209131
19,5210.25,36,5210.5,09:00:22.592215870
19,5210.25,36,5210.5,09:00:22.592318842
20,5210.25,36,5210.5,09:00:22.659064190
21,5210.25,36,5210.5,09:00:22.659070059
22,5210.25,36,5210.5,09:00:22.659171674
23,5210.25,36,5210.5,09:00:22.659183578
23,5210.25,35,5210.5,09:00:22.659209214
24,5210.25,35,5210.5,09:00:22.659215505
24,5210.25,32,5210.5,09:00:22.659222193
24,5210.25,31,5210.5,09:00:22.659314085
29,5210.25,31,5210.5,09:00:22.659333740
29,5210.25,31,5210.5,09:00:22.659342243
29,5210.25,31,5210.5,09:00:22.659357495
29,5210.25,31,5210.5,09:00:22.659362538
29,5210.25,30,5210.5,09:00:22.659396648
29,5210.25,29,5210.5,09:00:22.659413445
29,5210.25,23,5210.5,09:00:22.659518270
29,5210.25,23,5210.5,09:00:22.659626873
29,5210.25,20,5210.5,09:00:22.659633977
31,5210.25,20,5210.5,09:00:22.659746050
31,5210.25,17,5210.5,09:00:22.659769161
32,5210.25,17,5210.5,09:00:22.659854737
33,5210.25,17,5210.5,09:00:22.659863784
33,5210.25,16,5210.5,09:00:22.659874405
34,5210.25,16,5210.5,09:00:22.659883775
34,5210.25,15,5210.5,09:00:22.659927964
34,5210.25,15,5210.5,09:00:22.659972144
34,5210.25,14,5210.5,09:00:22.659981664
34,5210.25,14,5210.5,09:00:22.661064074
34,5210.25,14,5210.5,09:00:22.665142211
34,5210.25,14,5210.5,09:00:22.665160454
34,5210.25,14,5210.5,09:00:22.665168854
34,5210.25,14,5210.5,09:00:22.665272028
32,5210.25,14,5210.5,09:00:22.667011932
32,5210.25,15,5210.5,09:00:22.667063446
30,5210.25,15,5210.5,09:00:22.667565469
29,5210.25,15,5210.5,09:00:22.667577194
29,5210.25,16,5210.5,09:00:22.667811945
29,5210.25,15,5210.5,09:00:22.667931550
29,5210.25,16,5210.5,09:00:22.746782305
29,5210.25,16,5210.5,09:00:22.819716982
29,5210.25,15,5210.5,09:00:22.874467995
30,5210.25,15,5210.5,09:00:22.874480353
30,5210.25,13,5210.5,09:00:22.874523605
30,5210.25,12,5210.5,09:00:22.874536879
30,5210.25,12,5210.5,09:00:22.874727389
30,5210.25,12,5210.5,09:00:22.874733434
30,5210.25,12,5210.5,09:00:22.874740170
30,5210.25,12,5210.5,09:00:22.881551114
30,5210.25,12,5210.5,09:00:22.881556769
30,5210.25,12,5210.5,09:00:22.881563988
29,5210.25,12,5210.5,09:00:22.902059475
29,5210.25,11,5210.5,09:00:22.946496240
29,5210.25,12,5210.5,09:00:23.005970520
29,5210.25,14,5210.5,09:00:23.006073100
29,5210.25,13,5210.5,09:00:23.039042299
29,5210.25,14,5210.5,09:00:23.049126767
29,5210.25,14,5210.5,09:00:23.050686590
29,5210.25,14,5210.5,09:00:23.053645376
29,5210.25,14,5210.5,09:00:23.055749067
29,5210.25,14,5210.5,09:00:23.057934846
29,5210.25,14,5210.5,09:00:23.060160097
28,5210.25,14,5210.5,09:00:23.071477306
28,5210.25,15,5210.5,09:00:23.071547470
28,5210.25,14,5210.5,09:00:23.071558738
28,5210.25,15,5210.5,09:00:23.071571666
28,5210.25,16,5210.5,09:00:23.129136643
28,5210.25,17,5210.5,09:00:23.129238056
28,5210.25,23,5210.5,09:00:23.129243170
23,5210.25,23,5210.5,09:00:23.129252975
23,5210.25,24,5210.5,09:00:23.129335802
23,5210.25,25,5210.5,09:00:23.129435426
23,5210.25,25,5210.5,09:00:23.129829758
23,5210.25,24,5210.5,09:00:23.139552425
23,5210.25,25,5210.5,09:00:23.146486335
23,5210.25,26,5210.5,09:00:23.247488450
22,5210.25,26,5210.5,09:00:23.247493993
22,5210.25,27,5210.5,09:00:23.247509040
20,5210.25,27,5210.5,09:00:23.247624805
19,5210.25,27,5210.5,09:00:23.247680832
18,5210.25,27,5210.5,09:00:23.248126495
18,5210.25,28,5210.5,09:00:23.248147718
17,5210.25,28,5210.5,09:00:23.248153718
16,5210.25,28,5210.5,09:00:23.248162966
15,5210.25,28,5210.5,09:00:23.248172231
14,5210.25,28,5210.5,09:00:23.248277878
14,5210.25,27,5210.5,09:00:23.248284124
14,5210.25,28,5210.5,09:00:23.248775955
13,5210.25,28,5210.5,09:00:23.294802532
13,5210.25,29,5210.5,09:00:23.294890921
13,5210.25,29,5210.5,09:00:23.336888392
13,5210.25,30,5210.5,09:00:23.362178337
13,5210.25,31,5210.5,09:00:23.362288295
13,5210.25,32,5210.5,09:00:23.362381913
13,5210.25,32,5210.5,09:00:23.362412595
13,5210.25,33,5210.5,09:00:23.362476974
