price,volume,timestamp
5211.5,2,09:00:00.006504337
5211.5,10,09:00:00.291570421
5211.5,1,09:00:00.291973571
5211.5,1,09:00:00.292145155
5211.5,9,09:00:00.292269125
5211.5,2,09:00:00.293693598
5211.5,2,09:00:00.293733747
5211.25,1,09:00:00.425578774
5211.75,1,09:00:00.472385584
5211.75,25,09:00:00.754756923
5211.75,21,09:00:00.811496793
5212.0,14,09:00:00.811496793
5211.75,14,09:00:00.812138512
5211.75,1,09:00:00.812428579
5211.75,3,09:00:00.812510993
5211.75,1,09:00:00.812735858
5211.75,5,09:00:00.812873457
5211.5,2,09:00:01.082274591
5211.5,5,09:00:01.082364506
5211.5,2,09:00:01.082364506
5211.5,1,09:00:01.082503300
5211.5,3,09:00:01.082503300
5211.5,2,09:00:01.082681332
5211.5,3,09:00:01.082681332
5211.5,3,09:00:01.104775718
5211.5,2,09:00:01.105008517
5211.25,1,09:00:01.411474369
5211.5,10,09:00:01.481006608
5211.75,25,09:00:01.481006608
5211.5,1,09:00:02.951325442
5211.5,1,09:00:02.951435646
5211.5,16,09:00:04.791770708
5211.5,5,09:00:04.884087343
5211.5,1,09:00:04.884371601
5211.5,9,09:00:04.884678717
5211.5,1,09:00:04.884853278
5211.25,32,09:00:06.837660537
5211.0,18,09:00:06.837660537
5211.25,1,09:00:07.098469849
5211.25,1,09:00:07.776421679
5211.0,20,09:00:07.786362093
5211.0,1,09:00:07.788269765
5211.0,1,09:00:07.923770033
5211.0,2,09:00:08.403324950
5211.0,3,09:00:08.403534170
5211.0,2,09:00:08.642303174
5211.0,2,09:00:08.642554097
5211.0,1,09:00:08.642735646
5211.0,1,09:00:08.642834067
5211.0,1,09:00:08.642863373
5211.0,2,09:00:08.651128651
5211.25,1,09:00:08.868848943
5211.0,1,09:00:08.975987700
5211.0,2,09:00:08.976403951
5211.0,1,09:00:08.976807489
5211.0,1,09:00:10.021862496
5211.0,2,09:00:11.185999255
5211.0,7,09:00:12.856970449
5211.0,4,09:00:12.857660741
5211.0,1,09:00:13.320363716
5210.75,1,09:00:13.441798032
5210.75,3,09:00:13.441809632
5210.75,1,09:00:13.441809632
5211.0,1,09:00:13.566403118
5211.0,1,09:00:13.605185243
5210.75,2,09:00:13.621126004
5210.75,1,09:00:14.312022605
5210.75,1,09:00:15.013785613
5210.75,1,09:00:16.011211582
5210.75,7,09:00:16.886128683
5210.75,2,09:00:16.886161538
5210.75,1,09:00:16.886234490
5210.75,2,09:00:16.886285767
5210.75,1,09:00:16.886321356
5210.75,1,09:00:16.886405812
5210.75,1,09:00:16.886813747
5210.75,3,09:00:16.902659376
5210.75,3,09:00:16.914743278
5211.0,1,09:00:18.156456666
5210.75,8,09:00:18.854925837
5210.75,1,09:00:18.855388438
5210.75,3,09:00:18.855616421
5210.75,2,09:00:18.855858025
5211.0,10,09:00:19.115028622
5210.75,1,09:00:20.618156276
5210.75,8,09:00:20.618436947
5210.75,1,09:00:20.763579738
5210.5,12,09:00:21.420969631
5210.5,1,09:00:21.420984489
5210.5,1,09:00:21.421177531
5210.5,25,09:00:21.421288468
5210.5,1,09:00:21.422708737
5210.5,3,09:00:21.424092951
5210.5,6,09:00:21.424364434
5210.5,1,09:00:21.424617624
5210.5,1,09:00:21.424798898
5210.5,30,09:00:22.291553346
5210.5,1,09:00:22.292101008
5210.5,3,09:00:22.292174540
5210.5,5,09:00:22.292451847
5210.5,1,09:00:22.292637595
5210.25,1,09:00:22.508161023
5210.25,1,09:00:22.508174278
5210.25,2,09:00:22.508174278
5210.25,3,09:00:22.508174278
5210.25,1,09:00:22.508537501
5210.25,2,09:00:22.508646201
5210.25,50,09:00:22.508985165
5210.25,1,09:00:22.511719002
5210.25,1,09:00:22.511875136
5210.25,2,09:00:22.511875136
5210.25,2,09:00:22.512242101
5210.25,2,09:00:22.667004300
5210.25,1,09:00:22.902053210
5210.25,1,09:00:23.071470400
5210.25,1,09:00:23.294795310
5210.25,1,09:00:23.405166197
5210.5,1,09:00:23.725231074
5210.25,1,09:00:24.119925474
5210.25,13,09:00:25.307555005
5210.0,2,09:00:26.628549902
5210.0,1,09:00:26.628565239
5210.0,2,09:00:26.628684051
5210.0,1,09:00:26.628749192
5210.0,42,09:00:26.629045736
5209.75,1,09:00:26.630232118
5209.75,3,09:00:26.630249651
5209.75,1,09:00:26.630249651
5209.75,25,09:00:26.630249651
5209.75,1,09:00:26.630810699
5209.75,3,09:00:26.630881863
5209.75,3,09:00:26.631228809
5209.75,1,09:00:26.632417317
5209.75,3,09:00:26.637330671
5209.75,1,09:00:26.744509226
5210.0,1,09:00:26.750579310
5210.0,2,09:00:27.494947402
5210.0,1,09:00:27.495031667
5210.0,2,09:00:27.495031667
5210.0,2,09:00:27.495091301
5210.0,10,09:00:27.495233266
5210.0,1,09:00:27.495276659
5210.0,1,09:00:27.495357816
5210.0,1,09:00:27.495642663
5210.0,12,09:00:27.504441087
5210.0,1,09:00:27.504740873
5210.0,1,09:00:27.504848117
5210.0,1,09:00:27.535900195
5210.0,1,09:00:27.536746753
5210.0,1,09:00:27.568825524
5210.0,1,09:00:27.569138759
5210.0,1,09:00:27.569348321
5210.0,1,09:00:27.619154398
5210.0,1,09:00:27.849439302
5209.75,1,09:00:28.564068800
5209.75,2,09:00:28.564150958
5209.75,2,09:00:28.564202741
5209.75,2,09:00:28.565229374
5209.75,2,09:00:28.565307301
5209.75,1,09:00:28.565354233
5210.0,1,09:00:28.574275617
5209.75,2,09:00:28.918870063
5209.75,1,09:00:29.373492801
5209.75,1,09:00:30.047115064
5209.75,5,09:00:30.295881644
5209.75,1,09:00:30.557758301
5209.75,2,09:00:30.557961925
5209.75,5,09:00:30.558055430
5209.75,3,09:00:30.558332745
5209.75,3,09:00:30.558598382
5209.5,6,09:00:30.955946630
5209.5,3,09:00:30.955957847
5209.5,1,09:00:31.287463777
5209.5,1,09:00:31.479145250
5209.5,1,09:00:31.638155436
5209.75,1,09:00:31.778157181
5209.5,1,09:00:32.101835433
5209.5,1,09:00:32.102483411
5209.5,2,09:00:32.670817540
5209.5,9,09:00:32.671095773
5209.5,1,09:00:32.671119070
5209.5,7,09:00:32.671300580
5209.5,2,09:00:32.671343503
5209.5,1,09:00:32.671385039
5209.5,1,09:00:32.671531350
5209.5,4,09:00:32.679427439
5209.5,2,09:00:32.793844948
5209.25,3,09:00:33.349531568
5209.25,1,09:00:33.349543770
5209.5,3,09:00:33.350883596
5209.25,1,09:00:33.382948017
5209.25,1,09:00:34.054839322
5209.25,3,09:00:34.054923905
5209.25,1,09:00:34.054958681
5209.25,16,09:00:34.055147296
5209.25,1,09:00:34.055204624
5209.25,1,09:00:34.120636496
5209.25,1,09:00:34.120942224
5209.0,2,09:00:34.197435064
5209.0,1,09:00:34.197454382
5209.0,2,09:00:34.248754022
5209.25,4,09:00:34.479213609
5209.25,1,09:00:34.479576478
5209.25,3,09:00:34.479776219
5209.0,2,09:00:34.699190430
5209.0,1,09:00:34.868212054
5209.0,1,09:00:35.101785078
5209.0,4,09:00:35.157957375
5209.0,1,09:00:35.295350529
5209.0,1,09:00:35.340076076
5209.0,1,09:00:35.347979209
5209.0,1,09:00:35.466647745
5209.25,1,09:00:35.474156998
5209.0,1,09:00:35.886576870
5209.0,8,09:00:35.916702024
5209.0,1,09:00:35.916861281
5209.0,3,09:00:35.916934466
5209.0,2,09:00:35.916995418
5209.0,1,09:00:35.917040254
5209.0,2,09:00:35.917040254
5209.0,1,09:00:35.917082152
5209.0,3,09:00:35.917377221
5209.0,2,09:00:35.917615965
5209.0,5,09:00:36.159640854
5209.0,1,09:00:36.339111028
5208.25,36,09:00:37.086729895
5208.5,62,09:00:37.086729895
5208.75,27,09:00:37.086729895
5208.25,1,09:00:37.087274488
5208.25,1,09:00:37.087280571
5208.25,1,09:00:37.087287355
5208.25,1,09:00:37.087294581
5208.25,1,09:00:37.087300027
5208.25,2,09:00:37.087314271
5208.5,1,09:00:37.088965069
5208.25,1,09:00:37.089035522
5208.5,1,09:00:37.089035522
5208.5,2,09:00:37.089165191
5208.5,1,09:00:37.089322328
5208.25,1,09:00:37.089356270
5208.5,1,09:00:37.089511720
5208.5,1,09:00:37.089649102
5208.5,6,09:00:37.089784327
5208.5,1,09:00:37.089927491
5208.5,2,09:00:37.089977047
5208.5,1,09:00:37.090288875
5208.5,1,09:00:37.091467347
5208.5,1,09:00:37.091630646
5208.5,1,09:00:37.094752428
5208.5,2,09:00:37.096277429
5208.75,1,09:00:37.146357901
5208.75,8,09:00:37.218270394
5208.5,1,09:00:37.223095320
5208.5,1,09:00:37.414884724
5208.75,10,09:00:37.595569456
5208.75,9,09:00:37.595988924
5208.75,1,09:00:37.596212912
5208.75,1,09:00:37.596250288
5208.75,1,09:00:37.606097253
5208.75,15,09:00:37.778646350
5208.5,2,09:00:37.785137810
5208.75,1,09:00:38.191598817
5208.75,5,09:00:38.444950320
5208.75,12,09:00:38.992462362
5208.5,8,09:00:38.992462362
5208.75,2,09:00:39.657514946
5208.75,4,09:00:39.659028470
5209.0,2,09:00:39.766243289
5208.75,1,09:00:39.777889006
5208.75,28,09:00:40.478251402
5208.5,2,09:00:40.478251402
5208.75,1,09:00:40.478707158
5208.75,1,09:00:40.478786402
5208.75,2,09:00:40.478870806
5208.75,1,09:00:40.478870806
5208.75,2,09:00:40.685934124
5209.0,7,09:00:41.073771406
5209.0,1,09:00:41.073819521
5209.0,7,09:00:41.073998725
5209.0,2,09:00:41.238347090
5209.0,1,09:00:41.259804671
5209.0,2,09:00:41.425225038
5209.25,10,09:00:41.831236463
5209.25,2,09:00:41.831343333
5209.25,6,09:00:41.831511362
5209.25,1,09:00:41.831511362
5209.25,2,09:00:41.831511362
5209.25,3,09:00:41.832318664
5209.25,8,09:00:41.832618511
5209.0,1,09:00:41.923848230
5209.0,1,09:00:41.965942049
5208.75,1,09:00:42.206265044
5209.0,1,09:00:42.474066745
5209.0,5,09:00:42.699247137
5208.75,2,09:00:42.803085958
5209.0,1,09:00:43.090109269
5209.0,6,09:00:43.637604238
5209.0,1,09:00:44.395078992
5209.25,1,09:00:44.443682176
5209.25,1,09:00:44.736335792
5209.25,2,09:00:44.824862601
5209.25,1,09:00:44.850384615
5209.25,8,09:00:45.218122061
5209.25,1,09:00:45.218160768
5209.25,4,09:00:45.690665001
5209.25,1,09:00:45.690719323
5209.25,1,09:00:45.831205296
5209.25,1,09:00:46.188349454
5209.25,1,09:00:46.976799361
5209.25,1,09:00:47.918723101
5209.0,1,09:00:48.009925651
5209.25,1,09:00:49.680220058
5209.0,10,09:00:50.027868734
5209.0,3,09:00:50.028180569
5209.0,10,09:00:50.686366557
5209.0,2,09:00:50.687478371
5209.25,1,09:00:51.512423839
5209.5,8,09:00:51.556990408
5209.5,2,09:00:51.557126072
5209.5,3,09:00:51.557233011
5209.5,1,09:00:51.557233011
5209.5,1,09:00:51.557361928
5209.5,1,09:00:53.106599221
5209.5,1,09:00:53.381774172
5209.5,5,09:00:53.600985622
5209.5,1,09:00:53.653242593
5209.75,3,09:00:55.548949172
5209.5,1,09:00:55.740889369
5209.5,5,09:00:56.781734193
5209.75,1,09:00:58.190034879
5209.5,1,09:00:58.290004884
5209.75,1,09:00:58.877261790
5209.75,20,09:00:58.877606427
5209.75,7,09:00:58.895792728
5209.75,1,09:00:58.895907022
5209.75,3,09:00:59.551957170
5209.75,1,09:00:59.551998762
5209.75,1,09:00:59.552194728
5209.75,1,09:00:59.995395482
5209.75,1,09:01:00.013864652
5210.0,1,09:01:00.034687570
5210.0,3,09:01:00.102996436
5210.0,1,09:01:00.311501659
5210.0,1,09:01:00.649185648
5210.0,9,09:01:00.844374029
5210.0,5,09:01:00.846404025
5210.0,1,09:01:00.956220517
5210.0,3,09:01:01.174545494
5210.0,4,09:01:01.187678467
5210.0,1,09:01:01.305394641
5210.0,1,09:01:01.305828240
5210.25,2,09:01:01.798146999
5210.25,1,09:01:01.798157728
5210.25,1,09:01:02.027709655
5210.0,6,09:01:02.135676746
5210.0,1,09:01:02.805795858
5210.0,1,09:01:03.048852084
5209.75,1,09:01:03.527199999
5209.75,1,09:01:03.528575502
5209.75,2,09:01:03.912348377
5209.75,9,09:01:03.912487985
5209.75,2,09:01:03.912547779
5209.75,2,09:01:04.498760847
5209.75,1,09:01:04.498915315
5209.75,3,09:01:04.499119947
5209.5,12,09:01:05.303520185
5209.5,2,09:01:05.495971946
5209.5,5,09:01:05.583780939
5209.5,1,09:01:05.583810028
5209.5,1,09:01:05.583928130
5209.5,3,09:01:06.460157447
5209.5,1,09:01:06.460202424
5209.5,2,09:01:06.460202424
5209.5,6,09:01:06.460293037
5209.5,2,09:01:06.460331547
5209.5,3,09:01:06.460971985
5209.5,5,09:01:06.461243674
5209.5,3,09:01:06.462348688
5209.5,1,09:01:06.462780281
5209.5,1,09:01:06.462841169
5209.5,1,09:01:06.462950594
5209.75,1,09:01:06.620543497
5209.5,1,09:01:06.835875072
5209.75,1,09:01:07.661671108
5209.75,9,09:01:08.670856240
5209.75,3,09:01:08.671241649
5209.75,1,09:01:08.671351098
5209.75,1,09:01:08.671576677
5209.75,1,09:01:08.671849233
5209.75,3,09:01:09.082379538
5209.75,1,09:01:09.732021918
5209.75,3,09:01:09.732208229
5209.75,2,09:01:09.732906519
5209.75,3,09:01:09.827674131
5209.75,3,09:01:10.124261428
5209.75,2,09:01:10.124485564
5209.75,1,09:01:13.114337611
5209.75,1,09:01:17.751306843
5210.0,9,09:01:17.860689725
5210.0,1,09:01:17.861105280
5210.0,5,09:01:18.452330409
5210.0,1,09:01:18.452561041
5210.0,1,09:01:18.452698743
5210.0,3,09:01:18.452698743
5210.0,2,09:01:18.452747618
5210.0,5,09:01:18.797547231
5210.0,5,09:01:18.923810725
5210.0,2,09:01:18.924940733
5210.0,2,09:01:18.925043171
5210.0,1,09:01:18.925123944
5210.0,6,09:01:20.702206405
5210.0,1,09:01:20.704058420
5210.0,1,09:01:20.704396030
5210.0,5,09:01:20.704602303
5210.0,1,09:01:20.705272550
5210.0,1,09:01:20.705468333
5210.0,3,09:01:20.911172922
5210.25,1,09:01:22.167399477
5210.25,1,09:01:22.169415118
5210.0,1,09:01:22.330246201
5210.0,3,09:01:22.330555621
5210.0,1,09:01:22.330800813
5210.0,3,09:01:22.639990250
5210.0,1,09:01:22.640362311
5210.25,1,09:01:24.320995024
5210.25,1,09:01:24.324620173
5210.25,1,09:01:24.328009086
5210.25,2,09:01:25.017475908
5210.25,1,09:01:26.607369972
5210.25,1,09:01:26.869440322
5210.0,2,09:01:26.921137283
5210.0,1,09:01:27.263238069
5210.25,1,09:01:27.489593018
5210.25,2,09:01:27.724613691
5210.25,1,09:01:27.724694092
5210.25,2,09:01:27.724694092
5210.25,1,09:01:27.724795336
5210.25,2,09:01:27.724831893
5210.25,10,09:01:27.724928679
5210.25,1,09:01:27.726492288
5210.25,3,09:01:27.726680865
5210.25,1,09:01:27.726850360
5210.25,1,09:01:27.726890690
5210.25,1,09:01:27.730295197
5210.25,3,09:01:27.730516796
5210.25,1,09:01:27.730551737
5210.25,3,09:01:27.930541486
5210.25,1,09:01:27.930877157
5210.25,2,09:01:27.930921919
5210.25,1,09:01:27.931121712
5210.0,2,09:01:28.656319457
5210.0,5,09:01:28.656420677
5210.0,10,09:01:28.656534497
5210.0,2,09:01:28.656534497
5210.0,1,09:01:28.656563230
5210.0,1,09:01:28.656599801
5210.0,1,09:01:28.656808292
5210.0,3,09:01:28.656879452
5210.0,8,09:01:28.657034799
5210.0,1,09:01:28.657269738
5210.0,1,09:01:28.657341947
5210.0,1,09:01:28.865645478
5210.25,1,09:01:29.371188271
5210.0,1,09:01:29.611440344
5210.0,1,09:01:29.611631583
5210.0,1,09:01:29.611788252
5210.0,2,09:01:30.049773818
5210.0,3,09:01:30.049829194
5210.0,1,09:01:30.050372758
5210.0,2,09:01:30.050618181
5210.0,2,09:01:30.050951729
5210.0,3,09:01:30.050951729
5210.0,3,09:01:30.400317556
5210.0,2,09:01:30.400606714
5210.0,3,09:01:30.400811588
5210.0,1,09:01:31.981072885
5210.25,1,09:01:33.791181168
5210.25,7,09:01:33.791466726
5210.25,5,09:01:33.993672733
5210.25,2,09:01:33.993879290
5210.25,1,09:01:35.779766669
5210.5,5,09:01:38.406057313
5210.5,1,09:01:38.406073761
5210.5,2,09:01:38.406073761
5210.5,1,09:01:38.576271330
5210.5,4,09:01:38.576322233
5210.5,1,09:01:38.576407944
5210.5,2,09:01:38.576407944
5210.5,1,09:01:38.576487318
5210.5,3,09:01:38.576487318
5210.5,1,09:01:38.576570926
5210.5,2,09:01:38.576570926
5210.5,5,09:01:38.576616050
5210.5,3,09:01:38.576702484
5210.5,1,09:01:38.576702484
5210.5,5,09:01:38.576764373
5210.5,3,09:01:38.577584963
5210.5,2,09:01:38.577708104
5210.5,1,09:01:38.577819953
5210.5,2,09:01:38.578925115
5210.5,2,09:01:38.805436841
5210.5,1,09:01:38.906544727
5210.25,1,09:01:39.296976996
5210.25,3,09:01:39.297027425
5210.25,2,09:01:39.297070997
5210.25,2,09:01:39.297157712
5210.25,1,09:01:39.297157712
5210.25,1,09:01:39.297271699
5210.0,1,09:01:39.434824593
5210.25,2,09:01:39.812597143
5210.25,2,09:01:40.631551772
5210.25,1,09:01:40.678443434
5210.25,1,09:01:43.380195856
5210.0,10,09:01:44.663306623
5210.0,1,09:01:44.686659742
5210.25,5,09:01:45.416389220
5210.25,4,09:01:45.416570165
5210.25,1,09:01:45.416595826
5210.25,1,09:01:45.416740508
5210.25,1,09:01:45.416830279
5210.25,1,09:01:45.416955423
5210.25,2,09:01:45.417035870
5210.25,3,09:01:45.434821440
5210.25,1,09:01:45.435126656
5210.25,2,09:01:45.435377730
5210.25,1,09:01:45.625190306
5210.25,2,09:01:49.067930504
5210.25,6,09:01:49.540213292
5210.25,1,09:01:49.540665039
5210.25,1,09:01:49.540708230
5210.25,1,09:01:50.328323068
5210.25,1,09:01:50.455638178
5210.5,7,09:01:52.581264867
5210.5,1,09:01:52.581915972
5210.5,5,09:01:52.582294779
5210.5,1,09:01:52.582550970
5210.5,3,09:01:52.582911816
5210.5,4,09:01:52.586063223
5210.5,7,09:01:52.615369717
5210.5,3,09:01:53.891543882
5210.5,9,09:01:53.891867151
5210.5,2,09:01:53.892998111
5210.5,1,09:01:53.893177253
5210.5,2,09:01:53.893417361
5210.25,1,09:01:55.615376011
5210.25,1,09:01:58.369671646
5210.5,4,09:01:58.810530338
5210.5,1,09:02:01.347068562
5210.25,10,09:02:01.683636905
5210.25,2,09:02:01.683679015
5210.25,6,09:02:01.683754092
5210.25,2,09:02:01.683867550
5210.25,1,09:02:02.377829055
5210.25,6,09:02:02.462279247
5210.25,7,09:02:02.462341728
5210.5,1,09:02:02.683089654
5210.5,9,09:02:02.683391575
5210.5,1,09:02:02.683473677
5210.75,1,09:02:03.997333875
5210.75,2,09:02:06.630654532
5210.75,1,09:02:06.630667185
5210.75,3,09:02:06.630774108
5210.75,2,09:02:06.630826963
5210.75,4,09:02:06.630899704
5210.75,1,09:02:06.630937923
5210.75,6,09:02:06.631158407
5210.75,1,09:02:06.631734710
5210.75,2,09:02:06.631955522
5210.75,1,09:02:06.632006146
5210.75,1,09:02:06.632034815
5210.75,1,09:02:06.632157051
5210.75,1,09:02:06.632221162
5210.5,15,09:02:06.854223921
5210.75,1,09:02:09.772505433
5210.75,1,09:02:10.057137071
5210.75,6,09:02:11.953137862
5210.75,1,09:02:11.953291699
5210.75,4,09:02:11.953367162
5210.75,1,09:02:12.119022042
5211.0,1,09:02:13.534703924
5211.0,2,09:02:14.021697517
5211.0,1,09:02:14.382224274
5211.0,1,09:02:14.390107234
5211.0,4,09:02:14.390908805
5211.0,2,09:02:14.390961612
5211.0,3,09:02:14.391018670
5211.0,1,09:02:14.391534501
5211.0,1,09:02:14.391718834
5211.0,21,09:02:14.391829144
5211.0,2,09:02:14.542919684
5211.0,2,09:02:15.488490718
5211.0,1,09:02:15.488727238
5211.0,1,09:02:15.488781031
5211.0,3,09:02:15.574541963
5211.25,2,09:02:17.084877827
5211.25,2,09:02:17.084960957
5211.25,1,09:02:17.085023666
5211.25,2,09:02:17.085023666
5211.25,3,09:02:17.085107540
5211.25,1,09:02:17.085107540
5211.25,1,09:02:17.085129748
5211.25,1,09:02:17.085204425
5211.25,3,09:02:17.085411536
5211.25,2,09:02:17.085594833
5211.25,1,09:02:17.085779448
5211.25,1,09:02:17.085962658
5211.25,5,09:02:17.117503607
5211.25,3,09:02:17.843178697
5211.25,2,09:02:17.843253354
5211.25,2,09:02:17.843472073
5211.25,4,09:02:17.843748174
5211.5,1,09:02:18.064738540
5211.5,2,09:02:18.064748208
5211.5,5,09:02:18.064748208
5211.5,1,09:02:18.211030309
5211.25,1,09:02:18.965798513
5211.5,1,09:02:19.049752428
5211.5,1,09:02:19.170781886
5211.25,9,09:02:19.173849948
5211.25,10,09:02:21.252514052
5211.0,2,09:02:21.675375984
5211.0,10,09:02:21.675661010
5211.0,1,09:02:21.675744583
5211.0,2,09:02:21.676227361
5211.0,2,09:02:21.676688097
5211.25,1,09:02:22.908972240
5211.0,2,09:02:22.953683949
5211.25,1,09:02:23.462158820
5211.25,1,09:02:23.486172226
5211.25,1,09:02:23.619328221
5211.25,7,09:02:23.789009627
5211.25,1,09:02:23.942649984
5211.5,1,09:02:24.148272294
5211.5,1,09:02:24.592291173
5211.5,1,09:02:25.182224392
5211.25,29,09:02:26.239745772
5211.0,1,09:02:26.239745772
5211.25,1,09:02:26.242181147
5211.25,5,09:02:27.056416927
5211.25,1,09:02:27.056597487
5211.25,1,09:02:27.056822871
5211.5,1,09:02:29.737319165
5211.25,5,09:02:30.587889892
5211.25,2,09:02:31.528226014
5211.5,1,09:02:32.302259259
5211.25,1,09:02:33.480353406
5211.5,17,09:02:34.897262065
5211.5,4,09:02:35.596295425
5211.5,1,09:02:35.596458811
5211.5,1,09:02:35.596519296
5211.5,7,09:02:36.196179164
5211.5,1,09:02:36.510296175
5211.5,2,09:02:37.314366599
5211.5,1,09:02:38.713845561
5211.25,1,09:02:39.231659134
5211.25,2,09:02:39.231836412
5211.25,1,09:02:39.231898551
5211.25,1,09:02:39.231931092
5211.25,10,09:02:39.232095834
5211.25,1,09:02:39.232198208
5211.25,2,09:02:39.232198208
5211.25,1,09:02:39.232247281
5211.25,10,09:02:39.234618122
5211.25,2,09:02:39.234690146
5211.25,1,09:02:39.234690146
5211.25,5,09:02:39.237160551
5211.25,4,09:02:39.350938190
5211.25,2,09:02:40.038863159
5211.25,2,09:02:40.038907889
5211.25,1,09:02:40.525377166
5211.5,1,09:02:41.188989629
5211.25,1,09:02:41.602676833
5211.5,12,09:02:42.907545088
5211.5,1,09:02:42.907969698
5211.5,10,09:02:43.141113344
5211.5,1,09:02:43.307346645
5211.5,1,09:02:43.307383788
5211.5,3,09:02:43.307469827
5211.5,2,09:02:43.307532078
5211.5,2,09:02:43.429013293
5211.5,2,09:02:43.429056081
5211.5,1,09:02:44.091403498
5211.5,8,09:02:44.427111577
5211.5,1,09:02:45.003338580
5211.75,3,09:02:49.492319724
5211.75,1,09:02:49.492333324
5211.75,2,09:02:49.492333324
5211.5,1,09:02:49.528997958
5211.5,2,09:02:50.336588493
5211.5,10,09:02:51.006635360
5211.75,1,09:02:51.032270376
5211.5,5,09:02:54.529375051
5211.5,2,09:02:54.529407515
5211.5,5,09:02:56.148351055
5211.5,2,09:02:56.148413444
5211.5,1,09:02:56.148446190
5211.5,1,09:02:56.148818399
5211.75,10,09:02:59.596410601
5211.75,3,09:02:59.812993936
5211.75,1,09:03:00.122231654
5211.5,1,09:03:01.592042499
5211.75,15,09:03:02.238600352
5211.75,1,09:03:02.612271105
5211.75,1,09:03:05.336825647
5211.5,1,09:03:06.607706363
5211.75,2,09:03:07.558284638
5211.75,1,09:03:07.981804620
5211.75,3,09:03:08.695021400
5211.75,5,09:03:10.069542523
5211.75,1,09:03:11.122862620
5211.75,9,09:03:14.649282826
5212.0,1,09:03:14.749277010
5212.0,1,09:03:14.749292891
5212.0,2,09:03:14.749373857
5212.0,1,09:03:14.749454366
5212.0,3,09:03:14.749454366
5212.0,1,09:03:14.749487426
5212.0,7,09:03:14.749785315
5212.0,1,09:03:14.750686973
5212.0,1,09:03:14.750801562
5212.0,6,09:03:14.750926601
5212.0,2,09:03:14.751306331
5212.0,1,09:03:14.751560406
5212.0,1,09:03:14.751599726
5212.0,1,09:03:14.862988978
5212.0,1,09:03:15.858625856
5212.0,1,09:03:15.858776675
5212.0,3,09:03:15.858859704
5212.0,1,09:03:15.859453623
5212.0,11,09:03:16.290394143
5212.0,1,09:03:16.402486711
5212.0,2,09:03:16.402706825
5211.75,1,09:03:17.488947079
5211.75,1,09:03:17.642168117
5212.0,1,09:03:18.893429426
5212.0,1,09:03:18.893492562
5212.0,2,09:03:18.893949565
5212.0,1,09:03:18.893990225
5212.0,1,09:03:18.894163140
5212.0,1,09:03:18.894244271
5212.0,4,09:03:21.784930028
5212.0,1,09:03:22.359124491
5212.0,8,09:03:22.361255517
5212.0,1,09:03:23.839961398
5212.0,10,09:03:24.622690724
5212.0,2,09:03:27.504704444
5212.0,2,09:03:27.504739129
5212.0,2,09:03:27.504862556
5212.0,2,09:03:27.504926080
5212.0,6,09:03:27.504951837
5212.0,1,09:03:27.537114574
5212.0,4,09:03:27.537344466
5212.25,5,09:03:28.127905496
5212.25,1,09:03:28.129376003
5212.0,8,09:03:28.830073572
5212.0,1,09:03:28.830623840
5212.0,1,09:03:28.830812762
5212.0,3,09:03:30.027147793
5212.0,1,09:03:30.027351478
5212.0,1,09:03:30.378639641
5212.0,1,09:03:30.487823633
5212.0,3,09:03:30.487858898
5212.0,3,09:03:30.488045436
5212.0,7,09:03:30.488247337
5212.0,3,09:03:30.488325605
5212.0,1,09:03:30.488460846
5212.0,1,09:03:30.507531149
5212.0,1,09:03:30.507831625
5211.75,1,09:03:31.039247539
5211.75,1,09:03:31.519068200
5212.0,2,09:03:32.502875319
5211.75,5,09:03:32.666496075
5211.75,2,09:03:34.104617404
5211.75,2,09:03:34.104693892
5211.75,1,09:03:34.104693892
5211.75,1,09:03:34.104722212
5211.75,2,09:03:34.104851828
5211.75,30,09:03:34.105148121
5211.75,5,09:03:34.131078140
5212.0,1,09:03:34.457438187
5212.0,4,09:03:34.582771764
5212.0,1,09:03:36.932518739
5212.0,3,09:03:36.939472905
5212.0,1,09:03:38.662991954
5212.0,7,09:03:40.478883567
5212.0,2,09:03:40.478917298
5212.0,2,09:03:40.479034344
5212.0,2,09:03:40.479313306
5212.0,2,09:03:40.479386863
5212.0,1,09:03:40.479495620
5212.0,5,09:03:41.337290644
5212.25,2,09:03:45.535065104
5212.25,3,09:03:45.535139006
5212.25,2,09:03:45.535139006
5212.25,8,09:03:45.535242262
5212.25,2,09:03:45.760721477
5212.25,4,09:03:45.760822481
5212.25,10,09:03:47.287889256
5212.25,10,09:03:47.290074641
5212.25,2,09:03:48.648618900
5212.0,1,09:03:48.713559614
5212.5,17,09:03:48.720335318
5212.25,8,09:03:48.720335318
5212.25,2,09:03:49.423801545
5212.25,2,09:03:49.677935438
5212.25,2,09:03:49.678162901
5212.25,2,09:03:49.746898715
5212.25,5,09:03:49.747120914
5212.25,3,09:03:49.747193885
5212.25,1,09:03:49.747230917
5212.0,1,09:03:50.111568661
5212.25,1,09:03:50.111819689
5212.0,1,09:03:52.400066078
5212.25,1,09:03:52.857297848
5212.0,3,09:03:53.996552557
5212.0,7,09:03:53.996788878
5212.0,3,09:03:55.146241633
5211.75,1,09:03:56.051921778
5211.75,1,09:03:56.051931973
5211.75,1,09:03:56.616036987
5211.75,1,09:03:56.621545259
5211.75,1,09:03:56.621581298
5211.75,1,09:03:56.621621103
5211.75,3,09:03:56.621681293
5211.75,5,09:03:56.621761218
5211.5,1,09:03:56.895261813
5211.5,1,09:03:56.895271243
5211.75,1,09:03:57.329746633
5211.75,2,09:03:58.000429568
5211.75,4,09:03:58.000657847
5211.5,1,09:03:58.316477531
5211.5,1,09:03:58.880418896
5211.5,7,09:03:59.394163571
5211.25,12,09:03:59.715068500
5211.25,1,09:03:59.715089646
5211.5,1,09:03:59.776587091
5211.5,7,09:03:59.776723030
5211.75,1,09:04:00.171705256
5211.75,1,09:04:00.171931708
5211.5,1,09:04:00.645873433
5211.75,19,09:04:01.525716290
5212.0,1,09:04:01.525716290
5211.75,24,09:04:03.580164632
5211.75,5,09:04:03.580595037
5211.75,1,09:04:03.580776219
5211.75,4,09:04:03.580821339
5211.75,1,09:04:03.581049607
5211.75,2,09:04:03.581248094
5211.75,1,09:04:03.626324666
5211.75,3,09:04:04.213598096
5211.75,1,09:04:04.213632691
5211.75,4,09:04:04.217747620
5211.75,1,09:04:04.897600746
5211.75,4,09:04:04.912379928
5212.0,1,09:04:05.043001143
5212.0,2,09:04:05.405494460
5211.75,5,09:04:05.409886081
5211.75,2,09:04:06.054860218
5211.75,2,09:04:06.805306214
5211.75,1,09:04:06.805515236
5211.75,1,09:04:09.551446786
5211.75,6,09:04:09.551803107
5211.5,1,09:04:13.467003065
5211.5,10,09:04:13.468807452
5211.25,15,09:04:13.647933675
5211.25,4,09:04:13.782424500
5211.25,4,09:04:13.801364642
5211.25,4,09:04:14.205002630
5211.25,1,09:04:14.244110199
5211.25,2,09:04:14.244854621
5211.25,1,09:04:14.276738494
5211.25,1,09:04:14.773805542
5211.25,2,09:04:15.804480728
5211.25,2,09:04:15.804708710
5211.25,2,09:04:15.805119160
5211.25,1,09:04:15.907644038
5211.25,1,09:04:19.950267399
5211.25,6,09:04:21.571043013
5211.25,6,09:04:21.573711870
5211.25,2,09:04:21.573756277
5211.5,1,09:04:21.658622243
5211.5,2,09:04:23.544734103
5211.5,2,09:04:23.544769712
5211.5,4,09:04:23.544969512
5211.5,2,09:04:23.545052569
5211.5,3,09:04:23.545052569
5211.5,1,09:04:23.545083844
5211.5,6,09:04:23.737166287
5211.25,3,09:04:25.505194419
5211.25,1,09:04:25.505388605
5211.25,4,09:04:25.505998681
5211.25,1,09:04:25.506034628
5211.25,6,09:04:27.538647738
5211.25,2,09:04:27.539070912
5211.25,7,09:04:28.330844358
5211.0,1,09:04:30.023728943
5211.25,4,09:04:31.607492261
5211.25,2,09:04:31.607534689
5211.25,2,09:04:31.607631268
5211.25,2,09:04:31.607672491
5211.25,2,09:04:31.607893018
5211.0,1,09:04:32.052916959
5211.0,2,09:04:33.291677903
5211.25,8,09:04:33.936226429
5211.25,1,09:04:33.936425832
5211.25,5,09:04:33.936425832
5211.25,1,09:04:33.936559969
5211.25,1,09:04:33.938368156
5211.25,1,09:04:33.938581879
5211.25,1,09:04:33.938756593
5211.25,1,09:04:33.938957115
5211.25,1,09:04:33.938987599
5211.25,1,09:04:33.952209917
5211.25,1,09:04:33.958643782
5211.25,3,09:04:33.958858234
5211.25,2,09:04:33.959088038
5211.25,3,09:04:33.959147623
5211.25,1,09:04:33.959584374
5211.25,4,09:04:34.025569197
5211.25,1,09:04:34.026208777
5211.25,1,09:04:34.026533664
5211.25,1,09:04:34.264747576
5211.25,1,09:04:34.784563442
5211.25,2,09:04:35.979963564
5211.25,1,09:04:36.713790579
5211.5,1,09:04:37.025072794
5211.25,1,09:04:38.014859904
5211.25,10,09:04:38.928607147
5211.25,6,09:04:38.928712707
5211.25,2,09:04:38.928712707
5211.25,2,09:04:39.016887499
5211.25,6,09:04:40.473303840
5211.0,1,09:04:43.040936515
5211.0,2,09:04:43.041116029
5211.0,2,09:04:43.041167153
5211.0,2,09:04:43.041313729
5211.0,28,09:04:43.041897276
5210.75,2,09:04:44.471265391
5210.75,1,09:04:44.471275068
5210.75,1,09:04:44.471361428
5210.75,3,09:04:44.471442379
5210.75,2,09:04:44.471525965
5210.75,1,09:04:44.471525965
5210.75,2,09:04:44.471548954
5210.75,1,09:04:44.471598427
5210.75,4,09:04:44.471938812
5211.0,1,09:04:46.951043713
5211.0,1,09:04:47.172915756
5211.0,2,09:04:47.173103530
5211.0,2,09:04:47.173143059
5211.0,7,09:04:47.173255402
5211.0,15,09:04:47.192084595
5210.75,2,09:04:47.254115450
5210.75,5,09:04:47.605304906
5210.75,1,09:04:47.605340443
5210.75,1,09:04:47.605455303
5210.75,1,09:04:47.605542524
5210.75,1,09:04:47.607424463
5210.75,3,09:04:47.607488582
5210.75,1,09:04:47.608479994
5210.75,1,09:04:47.608579913
5210.75,3,09:04:47.660070145
5210.5,2,09:04:48.323518420
5210.5,18,09:04:48.384625521
5210.5,2,09:04:48.575463917
5210.5,1,09:04:49.627440929
5210.5,1,09:04:49.627607547
5210.25,1,09:04:50.556041506
5210.25,2,09:04:50.556052483
5210.25,2,09:04:52.407755108
5210.25,1,09:04:52.912478605
5210.5,2,09:04:55.437363696
5210.5,2,09:04:55.437561322
5210.5,43,09:04:55.437804998
5210.5,9,09:04:55.472859319
5210.5,2,09:04:56.471726983
5210.5,2,09:04:56.471788044
5210.75,2,09:04:57.020414240
5210.75,11,09:04:57.159376505
5211.0,14,09:04:57.161187489
5211.0,6,09:04:57.161301750
5211.0,1,09:04:57.161497470
5211.0,2,09:04:57.161538626
5211.0,1,09:04:57.161654827
5211.0,3,09:04:57.161773914
5211.0,1,09:04:57.161773914
5211.0,7,09:04:57.161844088
5211.0,3,09:04:57.162138567
5211.0,1,09:04:57.162320181
5211.0,2,09:04:57.162374412
5211.0,1,09:04:57.162407680
5211.25,1,09:04:57.958664530
5211.25,20,09:04:58.160129860
5211.25,2,09:04:58.161822142
5211.25,1,09:04:58.161999870
5211.25,1,09:04:58.162043896
5211.25,1,09:04:58.162243848
5211.25,1,09:04:58.162416067
5211.25,1,09:04:58.162459627
5211.25,3,09:04:58.163511789
5211.25,1,09:04:58.163819731
5211.25,3,09:04:58.365524256
5211.25,3,09:04:58.550059741
5211.25,3,09:04:58.550244504
5211.25,2,09:04:58.550469808
5211.25,2,09:04:58.550719992
5211.25,2,09:04:58.550758050
5211.25,2,09:04:58.550800554
5211.25,3,09:04:59.374273336
5211.25,1,09:04:59.783214885
5211.25,8,09:04:59.783531605
5211.25,1,09:04:59.786997189
5211.25,1,09:04:59.787032889
5211.25,1,09:04:59.787062777
5211.5,1,09:05:00.113125359
5211.25,1,09:05:00.416631980
5211.25,1,09:05:00.796448912
5211.25,5,09:05:00.799302669
5211.25,1,09:05:00.961079435
5211.25,1,09:05:01.366789259
5211.0,1,09:05:01.794211529
5211.0,3,09:05:01.794388333
5211.0,1,09:05:01.942929599
5211.0,2,09:05:01.943115718
5211.0,2,09:05:01.943142198
5211.0,17,09:05:01.943256476
5211.0,8,09:05:01.953987977
5211.0,1,09:05:03.433577835
5211.0,1,09:05:03.433599381
5211.0,2,09:05:03.433735863
5211.0,1,09:05:03.433778504
5211.0,1,09:05:03.434807425
5211.0,1,09:05:03.441602122
5211.0,1,09:05:03.495586885
5211.0,1,09:05:03.516470571
5211.0,1,09:05:03.690423207
5211.0,1,09:05:03.690456156
5211.0,2,09:05:03.691260745
5211.25,8,09:05:04.222496655
5211.25,6,09:05:04.222731397
5211.5,1,09:05:04.781139783
5211.5,3,09:05:05.160542195
5211.5,2,09:05:05.160778773
5211.5,2,09:05:05.341215070
5211.5,2,09:05:05.341509985
5211.5,4,09:05:05.341756729
5211.5,2,09:05:05.341830551
5211.5,1,09:05:05.341830551
5211.5,1,09:05:06.165034571
5211.75,4,09:05:06.824756035
5211.75,17,09:05:06.966976319
5211.75,1,09:05:06.967131366
5211.75,2,09:05:06.967256556
5211.75,2,09:05:06.967488128
5211.75,5,09:05:06.968909655
5211.75,9,09:05:07.967991944
5211.75,1,09:05:07.968257489
5211.75,4,09:05:08.967362653
5211.75,1,09:05:08.967573304
5211.75,1,09:05:09.013589828
5211.75,21,09:05:09.966901324
5211.75,1,09:05:10.107226016
5211.75,5,09:05:11.482186399
5211.75,2,09:05:11.482743773
5211.75,2,09:05:11.482818642
5211.75,3,09:05:11.482818642
5211.75,2,09:05:11.544966230
5211.75,1,09:05:11.960160729
5211.75,1,09:05:13.555229559
5212.0,24,09:05:17.924104265
5212.0,7,09:05:17.924261548
5212.0,1,09:05:17.924826692
5212.0,6,09:05:17.927762624
5212.0,2,09:05:17.927963771
5212.0,1,09:05:17.977194715
5212.25,35,09:05:18.922664321
5212.25,2,09:05:19.912922433
5212.25,2,09:05:19.913095379
5212.25,2,09:05:19.913133859
5212.25,1,09:05:19.913182548
5212.25,8,09:05:19.922723154
5212.25,1,09:05:19.922976602
5212.25,3,09:05:19.923268202
5212.25,1,09:05:19.923378620
5212.25,1,09:05:20.619405291
5212.25,8,09:05:20.923695006
5212.25,1,09:05:20.923870589
5212.25,1,09:05:20.923952976
5212.25,9,09:05:21.112744326
5212.25,7,09:05:21.200499118
5212.25,2,09:05:21.240552613
5212.25,1,09:05:21.586358174
5212.25,8,09:05:21.923798051
5212.25,1,09:05:22.880637018
5212.5,3,09:05:22.917608095
5212.5,1,09:05:22.917618809
5212.5,7,09:05:22.923955651
5212.5,40,09:05:22.938681641
5212.5,2,09:05:22.939043755
5212.5,1,09:05:22.939188711
5212.5,8,09:05:22.940211148
5212.5,7,09:05:22.940286395
5212.5,3,09:05:22.941020240
5212.5,2,09:05:22.945641223
5212.5,1,09:05:22.945805306
5212.5,3,09:05:22.946085372
5212.5,3,09:05:22.946563877
5212.5,2,09:05:22.949791675
5212.5,2,09:05:22.990566512
5212.5,1,09:05:22.990749633
5212.75,1,09:05:23.690630902
5212.75,1,09:05:23.690642896
5212.5,2,09:05:25.074573218
5212.5,1,09:05:25.074814660
5212.5,2,09:05:25.074867198
5212.5,3,09:05:25.074916108
5212.5,1,09:05:25.074916108
5212.5,20,09:05:25.075038236
5212.25,25,09:05:25.769927376
5212.5,1,09:05:25.779587476
5212.25,3,09:05:26.136660798
5212.25,1,09:05:26.303651194
5212.5,25,09:05:26.344983437
5212.5,7,09:05:26.532558159
5212.5,2,09:05:26.532590979
5212.5,1,09:05:26.828912078
5212.5,2,09:05:26.971585545
5212.5,1,09:05:26.971790702
5212.25,35,09:05:27.072044214
5212.25,13,09:05:28.170278225
5212.25,2,09:05:28.171434447
5212.25,1,09:05:28.171470949
5212.25,7,09:05:28.178388424
5212.25,2,09:05:29.020546520
5212.25,1,09:05:29.423310031
5212.25,1,09:05:29.684643309
5212.5,10,09:05:30.169271616
5212.5,1,09:05:30.169540198
5212.5,1,09:05:30.169760240
5212.5,1,09:05:30.169969726
5212.5,1,09:05:30.170186889
5212.5,1,09:05:30.170404980
5212.5,1,09:05:32.231326734
5212.5,13,09:05:32.737039853
5212.25,1,09:05:32.903547659
5212.25,1,09:05:32.921272043
5212.5,8,09:05:33.737650358
5212.5,1,09:05:33.737824020
5212.5,1,09:05:33.737912518
5212.5,1,09:05:33.738142410
5212.5,1,09:05:33.738181589
5212.5,1,09:05:33.738268934
5212.5,20,09:05:34.738003958
5212.5,3,09:05:35.737853443
5212.25,1,09:05:36.628798454
5212.5,4,09:05:36.889388054
5212.5,6,09:05:36.889631689
5212.75,2,09:05:37.955611781
5212.5,6,09:05:38.967615963
5212.5,1,09:05:39.037706439
5212.5,3,09:05:39.255702933
5212.5,1,09:05:40.116849922
5212.5,4,09:05:40.118317154
5212.5,2,09:05:40.118520275
5212.5,1,09:05:40.118676932
5212.5,1,09:05:43.568092724
5212.75,33,09:05:43.629401491
5212.75,1,09:05:43.629636165
5212.75,1,09:05:43.630151788
5212.75,3,09:05:43.630230077
5212.75,1,09:05:43.630330367
5212.75,1,09:05:43.630733172
5212.75,1,09:05:43.631513755
5212.75,1,09:05:43.632700352
5213.0,1,09:05:44.456630244
5213.0,1,09:05:44.456641424
5213.0,10,09:05:44.463506883
5213.0,1,09:05:44.463648089
5213.0,44,09:05:44.507801559
5213.25,1,09:05:44.519181787
5213.25,1,09:05:44.523399965
5213.25,2,09:05:44.523569127
5213.25,13,09:05:44.523807381
5213.25,1,09:05:44.524476685
5213.25,10,09:05:44.531994206
5213.25,2,09:05:44.532098381
5213.25,3,09:05:44.532098381
5213.25,2,09:05:44.538511900
5213.25,24,09:05:44.629171283
5213.0,1,09:05:44.841760021
5213.25,1,09:05:45.205022681
5213.25,7,09:05:45.629082000
5213.25,1,09:05:46.294114503
5213.25,1,09:05:46.629037207
5213.25,1,09:05:47.629464281
5213.0,4,09:05:48.391658830
5213.25,18,09:05:48.628835867
5213.25,9,09:05:48.630786419
5213.25,1,09:05:48.630817635
5213.5,39,09:05:48.642302761
5213.5,10,09:05:48.642332807
5213.5,3,09:05:48.667770560
5213.25,4,09:05:48.842974987
5213.25,3,09:05:48.996547929
5213.25,5,09:05:48.996794543
5213.25,1,09:05:48.996886791
5213.0,2,09:05:49.342482496
5213.25,1,09:05:50.156864729
5213.0,2,09:05:50.189465165
5213.25,1,09:05:50.559294451
5213.0,1,09:05:50.779952188
5213.25,1,09:05:50.931062657
5213.0,3,09:05:51.888445605
5213.25,1,09:05:52.158133938
5213.25,1,09:05:53.026468479
5213.25,1,09:05:53.028455914
5213.25,20,09:05:53.052549737
5213.25,1,09:05:54.668871869
5213.25,1,09:05:55.686681003
5213.25,2,09:05:55.986137262
5213.25,2,09:05:55.986192680
5213.25,1,09:05:55.986447537
5213.25,1,09:05:56.116572884
5213.0,3,09:05:56.178339382
5213.25,2,09:05:56.891776607
5213.25,1,09:05:57.331436368
5213.5,1,09:05:57.523586668
5213.25,1,09:05:57.937958247
5213.25,3,09:05:57.938126970
5213.25,1,09:05:57.938185173
5213.25,2,09:05:57.938185173
5213.0,5,09:05:58.045300407
5213.25,9,09:05:58.058646434
5213.25,1,09:05:58.059747356
5213.25,1,09:05:58.059777369
5213.5,15,09:05:59.060549850
5213.5,5,09:05:59.060833860
5213.5,2,09:05:59.077223728
5213.5,2,09:05:59.077422113
5213.5,2,09:05:59.369661905
5213.5,1,09:05:59.857439042
5213.5,7,09:06:00.057423246
5213.5,1,09:06:00.099467856
5213.5,1,09:06:00.099694763
5213.5,1,09:06:00.099905251
5213.5,1,09:06:00.100106794
5213.5,1,09:06:00.100310929
5213.5,6,09:06:00.101589531
5213.5,1,09:06:00.101643283
5213.5,2,09:06:00.101792918
5213.5,6,09:06:00.504500000
5213.5,1,09:06:00.606758245
5213.5,15,09:06:01.060135315
5213.75,1,09:06:01.282993702
5213.75,1,09:06:01.283006688
5213.75,2,09:06:01.283006688
5213.5,1,09:06:01.283311261
5213.5,1,09:06:01.283499367
5213.5,1,09:06:01.283546203
5213.5,1,09:06:01.298535860
5213.5,3,09:06:01.346581467
5213.75,5,09:06:01.623280091
5213.5,1,09:06:01.642576534
5213.75,1,09:06:01.948883784
5213.75,22,09:06:02.058946942
5213.75,1,09:06:02.121548432
5213.5,1,09:06:02.286778536
5213.75,1,09:06:02.854289460
5213.5,1,09:06:02.904372872
5213.75,1,09:06:03.310047339
5213.75,1,09:06:03.310058618
5213.5,1,09:06:03.589442072
5213.5,3,09:06:03.589498134
5213.5,2,09:06:03.589583172
5213.5,1,09:06:03.589583172
5213.5,1,09:06:03.589646594
5213.5,3,09:06:03.589646594
5213.5,22,09:06:03.589743035
5213.5,8,09:06:03.603010885
5213.5,1,09:06:03.603157579
5213.5,1,09:06:03.603253043
5213.5,1,09:06:03.663671612
5213.5,3,09:06:03.665048588
5213.75,2,09:06:03.979109478
5213.5,3,09:06:03.979109478
5213.75,1,09:06:04.216498775
5213.75,19,09:06:04.604860601
5213.75,1,09:06:04.605054868
5213.75,1,09:06:04.732135360
5213.75,5,09:06:06.289946476
5213.5,6,09:06:06.860405283
5213.75,1,09:06:07.157286823
5213.75,1,09:06:07.254681017
5213.5,6,09:06:07.458070726
5213.5,2,09:06:07.458353766
5213.5,2,09:06:07.458384333
5213.75,1,09:06:07.992898761
5213.75,2,09:06:08.404997705
5213.75,2,09:06:08.405175808
5213.75,1,09:06:08.405223622
5213.75,1,09:06:08.831049701
5213.75,2,09:06:10.586339171
5213.75,4,09:06:10.586567678
5213.75,1,09:06:10.586802104
5213.75,2,09:06:10.587009142
5213.75,3,09:06:10.587009142
5213.75,6,09:06:10.587009142
5213.75,1,09:06:10.587009142
5213.75,1,09:06:10.587210404
5213.75,3,09:06:10.587364411
5213.75,10,09:06:10.658061864
5213.75,2,09:06:10.658334676
5213.75,2,09:06:10.658416061
5213.75,14,09:06:10.658416061
5213.75,1,09:06:10.659864637
5213.75,1,09:06:10.902445894
5213.75,1,09:06:10.982936277
5213.75,2,09:06:10.983522693
5213.75,12,09:06:10.984016053
5213.75,1,09:06:11.125098731
5213.75,1,09:06:11.142608030
5213.75,1,09:06:11.826101525
5213.75,2,09:06:11.891167925
5213.75,5,09:06:11.892526010
5213.75,7,09:06:11.892972348
5213.75,1,09:06:11.893146765
5213.75,1,09:06:11.893176632
5213.75,1,09:06:11.893253663
5213.75,1,09:06:11.894208169
5213.75,2,09:06:12.081868983
5213.75,1,09:06:12.527835892
5213.75,3,09:06:13.017510751
5213.75,2,09:06:13.017566963
5213.75,1,09:06:13.017566963
5213.75,2,09:06:13.017813426
5213.75,6,09:06:13.018027296
5213.75,1,09:06:13.159819578
5213.75,2,09:06:13.160056459
5213.75,1,09:06:13.160255430
5213.75,12,09:06:13.338082121
5213.5,1,09:06:14.320977334
5213.75,32,09:06:14.335646320
5213.5,1,09:06:14.542457217
5213.75,1,09:06:14.724094609
5213.75,2,09:06:15.335424153
5213.75,1,09:06:15.335611530
5213.75,1,09:06:15.335903209
5213.75,2,09:06:15.335976788
5213.75,2,09:06:15.336030104
5213.75,1,09:06:15.336068000
5213.75,2,09:06:15.336217561
5213.5,3,09:06:16.213380025
5213.5,1,09:06:16.213532210
5213.75,25,09:06:16.336296606
5213.5,1,09:06:16.551280416
5213.75,8,09:06:17.337106255
5213.75,1,09:06:18.186310112
5213.75,6,09:06:18.337185565
5213.75,1,09:06:18.386134272
5213.5,1,09:06:19.621163702
5213.5,1,09:06:19.624150006
5213.75,31,09:06:19.637381996
5213.75,3,09:06:19.670027598
5213.75,1,09:06:19.759984517
5213.75,1,09:06:20.007144835
5213.5,1,09:06:20.157759355
5213.5,2,09:06:21.766553243
5213.5,2,09:06:21.766578761
5213.5,4,09:06:21.766932153
5213.5,1,09:06:21.767169259
5213.5,1,09:06:21.767328379
5213.5,1,09:06:21.767795461
5213.75,1,09:06:22.836847535
5213.5,2,09:06:23.498259135
5213.75,1,09:06:24.329899503
5213.5,1,09:06:25.144630575
5213.5,1,09:06:26.689479748
5213.75,1,09:06:27.028418507
5213.75,2,09:06:27.028430744
5213.5,2,09:06:28.162906865
5213.5,4,09:06:28.325818521
5213.5,3,09:06:28.325879982
5213.5,3,09:06:28.325936882
5213.5,8,09:06:28.326057518
5213.5,2,09:06:28.326185636
5213.5,1,09:06:28.326185636
5213.5,16,09:06:28.326232990
5213.5,1,09:06:28.326418905
5213.25,1,09:06:28.326630295
5213.25,1,09:06:28.326645056
5213.5,25,09:06:28.340587816
5213.5,1,09:06:28.340656476
5213.5,4,09:06:28.340783372
5213.5,1,09:06:28.341103887
5213.5,1,09:06:28.341160736
5213.75,15,09:06:28.614248345
5213.5,3,09:06:29.157868696
5213.5,1,09:06:29.285654945
5213.5,8,09:06:29.340205135
5213.5,1,09:06:29.340407635
5213.5,1,09:06:29.340441143
5213.5,1,09:06:29.340684328
5213.5,1,09:06:29.341027020
5213.75,11,09:06:30.344622576
5213.75,4,09:06:31.325395270
5213.5,1,09:06:31.692432556
5213.75,10,09:06:32.486593246
5213.75,3,09:06:32.515933620
5213.75,6,09:06:32.516154671
5213.75,2,09:06:32.516979002
5213.75,1,09:06:32.517020711
5214.0,1,09:06:34.572307167
5214.0,1,09:06:34.572324809
5214.0,2,09:06:34.572324809
5214.0,10,09:06:34.572324809
5214.0,2,09:06:34.619188102
5214.0,1,09:06:35.403219900
5213.75,2,09:06:36.582466337
5214.0,2,09:06:37.158859981
5213.75,3,09:06:37.909070581
5213.75,19,09:06:37.909781774
5213.75,6,09:06:37.910062739
5213.75,6,09:06:37.926787824
5213.75,1,09:06:37.927004056
5213.75,2,09:06:38.019943944
5213.75,4,09:06:38.020178614
5213.75,1,09:06:38.435583110
5213.75,3,09:06:38.927895040
5214.0,42,09:06:39.926045624
5213.75,3,09:06:40.668381301
5213.75,1,09:06:41.271460369
5213.75,1,09:06:41.782284405
5213.75,2,09:06:42.484738095
5213.75,13,09:06:42.484949337
5213.75,5,09:06:44.306348846
5213.75,10,09:06:44.671970390
5213.75,1,09:06:44.776224284
5213.75,25,09:06:44.974228515
5213.75,1,09:06:44.974616066
5213.75,2,09:06:44.974706784
5213.75,1,09:06:44.974913124
5213.5,35,09:06:45.493267032
5213.5,12,09:06:45.506343303
5213.5,7,09:06:45.506578902
5213.75,16,09:06:46.506859212
5213.75,3,09:06:46.507957054
5213.75,1,09:06:46.940212150
5213.75,3,09:06:47.233680896
5214.0,1,09:06:47.506317481
5214.0,2,09:06:47.507792614
5213.75,7,09:06:47.524549599
5213.75,1,09:06:47.862844099
5213.75,1,09:06:48.574914180
5213.75,1,09:06:48.574947169
5213.75,1,09:06:48.575025820
5213.75,1,09:06:48.575143505
5213.75,1,09:06:48.575258522
5213.75,1,09:06:48.575364858
5213.75,1,09:06:48.575425371
5213.75,1,09:06:48.575587620
5213.75,1,09:06:48.575699021
5213.75,2,09:06:48.576390581
5213.75,1,09:06:48.576574399
5213.75,1,09:06:48.576730936
5213.5,2,09:06:50.767182587
5213.75,1,09:06:52.228301970
5213.5,1,09:06:52.708847142
5213.5,1,09:06:52.713865003
5213.5,1,09:06:52.713901955
5213.75,1,09:06:53.209391587
5213.75,1,09:06:53.543317507
5213.5,1,09:06:53.702724177
5213.5,35,09:06:55.842574645
5213.5,2,09:06:55.842638911
5213.5,6,09:06:55.842697239
5213.5,2,09:06:55.842697239
5213.5,3,09:06:55.842751399
5213.5,2,09:06:55.847118711
5213.5,4,09:06:55.847330632
5213.5,10,09:06:55.847493576
5213.5,2,09:06:55.847611354
5213.5,1,09:06:55.847611354
5213.75,42,09:06:55.857026681
5213.75,1,09:06:55.857298188
5213.75,1,09:06:55.858593615
5213.75,2,09:06:55.858635964
5213.75,2,09:06:56.300556588
5213.75,2,09:06:56.300625457
5213.75,1,09:06:56.300625457
5213.75,3,09:06:56.300661751
5213.75,1,09:06:56.301118903
5213.75,1,09:06:56.301337618
5213.75,2,09:06:56.301488434
5213.75,1,09:06:56.301525449
5213.75,1,09:06:56.301626171
5213.5,1,09:06:56.428046532
5213.75,1,09:06:56.449021261
5213.5,1,09:06:56.457478965
5213.5,1,09:06:56.459526591
5213.5,1,09:06:56.462409845
5213.5,1,09:06:56.462574377
5213.75,8,09:06:56.858156209
5213.5,4,09:06:56.985251088
5213.5,1,09:06:57.208826539
5213.5,1,09:06:59.353816214
5213.5,1,09:06:59.854472546
5213.5,10,09:06:59.854603643
5213.5,4,09:06:59.854643877
5213.5,2,09:06:59.854643877
5213.5,3,09:06:59.854668325
5213.5,2,09:06:59.854770446
5213.5,1,09:06:59.854848924
5213.5,2,09:06:59.854937696
5213.5,1,09:06:59.854937696
5213.5,1,09:06:59.855074087
5213.5,3,09:06:59.855145093
5213.5,2,09:06:59.855354131
5213.5,10,09:06:59.876181248
5213.5,1,09:06:59.876356420
5213.5,1,09:06:59.876401947
5213.5,1,09:06:59.876450073
5213.5,4,09:06:59.876475593
5213.5,1,09:07:00.107692748
5213.5,1,09:07:00.107897078
5213.5,2,09:07:00.108085043
5213.5,1,09:07:00.108111326
5213.5,1,09:07:00.108275531
5213.5,1,09:07:00.108482354
5213.5,3,09:07:00.109561502
5213.5,1,09:07:00.109710888
5213.5,3,09:07:00.109799654
5213.5,1,09:07:00.109873924
5213.5,2,09:07:00.109873924
5213.5,2,09:07:00.109987767
5213.5,3,09:07:00.131710287
5213.5,3,09:07:00.131921459
5213.25,1,09:07:01.638991905
5213.25,1,09:07:01.639008375
5213.25,1,09:07:01.639086994
5213.25,2,09:07:01.639165166
5213.25,3,09:07:01.639238639
5213.25,2,09:07:01.639238639
5213.25,1,09:07:01.639279405
5213.25,1,09:07:01.639320173
5213.25,1,09:07:01.641954214
5213.25,3,09:07:01.642108896
5213.25,1,09:07:01.642280688
5213.25,1,09:07:01.642311492
5213.25,1,09:07:01.642429869
5213.5,21,09:07:01.652144162
5213.25,31,09:07:02.584807700
5213.25,10,09:07:02.971731347
5213.25,1,09:07:02.972123629
5213.25,1,09:07:02.972160651
5213.25,4,09:07:02.972226457
5213.0,6,09:07:03.003622354
5213.25,6,09:07:03.003622354
5213.0,1,09:07:03.003635490
5213.0,2,09:07:03.014708592
5213.0,1,09:07:03.286448803
5213.0,4,09:07:03.538082364
5213.0,2,09:07:03.969431274
5213.0,2,09:07:04.149417482
5213.0,1,09:07:04.837940942
5213.0,1,09:07:05.822098744
5213.0,2,09:07:06.080190838
5213.0,21,09:07:06.080490411
5212.75,40,09:07:07.282022269
5212.75,4,09:07:07.296821701
5212.75,2,09:07:07.296875475
5212.75,9,09:07:07.296995487
5212.75,2,09:07:07.297050905
5212.75,1,09:07:07.297078647
5213.0,40,09:07:07.298355389
5213.0,9,09:07:07.298584975
5213.0,2,09:07:07.298998017
5213.0,1,09:07:07.299345439
5213.0,1,09:07:07.307430707
5213.25,1,09:07:07.682958559
5213.25,2,09:07:07.683052375
5213.25,2,09:07:07.683137183
5213.25,2,09:07:07.683191689
5213.25,1,09:07:07.683261377
5213.25,4,09:07:07.683355431
5213.25,22,09:07:07.683489398
5213.25,3,09:07:07.683489398
5213.25,1,09:07:07.683665526
5213.25,2,09:07:07.683718622
5213.25,5,09:07:07.684073007
5213.25,1,09:07:07.684116608
5213.25,3,09:07:07.971192801
5213.25,1,09:07:08.049759030
5213.25,1,09:07:08.425632037
5213.5,3,09:07:09.006248940
5213.5,2,09:07:09.006583543
5213.5,10,09:07:09.006795019
5213.5,2,09:07:09.006795019
5213.5,2,09:07:09.006820171
5213.5,3,09:07:09.007363853
5213.5,4,09:07:09.007457487
5213.5,7,09:07:09.029599507
5213.25,1,09:07:09.236285233
5213.25,4,09:07:09.437686989
5213.5,1,09:07:10.017569141
5213.5,14,09:07:10.312961027
5213.5,17,09:07:10.313395035
5213.5,2,09:07:10.313594831
5213.5,1,09:07:10.313675845
5213.5,1,09:07:10.314808011
5213.5,1,09:07:10.314888560
5213.25,1,09:07:13.769960209
5213.25,1,09:07:14.006617793
5213.5,30,09:07:15.575740050
5213.5,1,09:07:15.575895503
5213.5,1,09:07:15.576015112
5213.5,1,09:07:15.576073830
5213.5,1,09:07:15.576361071
5213.5,6,09:07:15.576591987
5213.5,1,09:07:15.576777979
5213.5,4,09:07:15.576853817
5213.5,1,09:07:15.646872813
5213.75,1,09:07:15.833523919
5213.25,1,09:07:16.163367174
5213.25,17,09:07:16.231989553
5213.5,16,09:07:16.248683555
5213.5,1,09:07:16.248898782
5213.25,1,09:07:16.329071481
5213.75,5,09:07:17.249227565
5213.75,1,09:07:17.249239123
5213.5,5,09:07:17.649422594
5213.5,1,09:07:17.969308452
5213.5,3,09:07:17.977120229
5213.5,2,09:07:17.977461999
5213.25,1,09:07:18.789128871
5213.25,1,09:07:18.789138772
5213.5,10,09:07:19.140375714
5213.5,3,09:07:20.259083473
5213.75,1,09:07:21.173277779
5213.5,1,09:07:21.341673262
5213.5,4,09:07:21.424177216
5213.5,1,09:07:21.950226214
5213.5,1,09:07:23.742089942
5213.75,10,09:07:24.969938023
5213.75,1,09:07:25.162619811
5213.75,26,09:07:25.952541488
5213.75,1,09:07:25.952710723
5213.75,1,09:07:25.952741737
5213.75,1,09:07:25.952777104
5213.75,3,09:07:25.952840421
5213.75,1,09:07:25.952951573
5213.75,1,09:07:25.955338831
5213.75,21,09:07:26.670850945
5213.75,10,09:07:26.951978565
5213.75,3,09:07:26.952218297
5213.75,3,09:07:27.000054982
5213.75,1,09:07:27.271864941
5213.75,3,09:07:27.801987000
5213.75,1,09:07:27.802313929
5213.75,6,09:07:27.952599778
5213.75,1,09:07:27.952757122
5213.75,1,09:07:27.952961584
5213.75,1,09:07:27.953178945
5213.75,3,09:07:27.953369336
5213.75,1,09:07:28.002913419
5213.75,1,09:07:28.298202554
5213.75,2,09:07:28.298285336
5213.75,2,09:07:28.298323849
5213.75,8,09:07:28.298421310
5213.75,2,09:07:28.298909756
5214.0,14,09:07:28.951454722
5213.75,1,09:07:29.207361037
5214.0,4,09:07:30.146848177
5214.0,1,09:07:31.069092882
5214.0,4,09:07:31.069129762
5214.0,1,09:07:31.069150636
5214.0,3,09:07:31.069259746
5214.0,2,09:07:31.069315318
5214.0,3,09:07:31.069343851
5214.0,1,09:07:31.069386827
5214.0,2,09:07:31.069409557
5214.0,13,09:07:31.069482147
5214.0,2,09:07:31.069516679
5214.0,4,09:07:31.069569727
5214.0,14,09:07:31.069657959
5214.0,1,09:07:31.069722107
5214.0,2,09:07:31.069801418
5214.0,1,09:07:31.069801418
5214.0,2,09:07:31.069844596
5214.0,2,09:07:31.069944710
5214.0,1,09:07:31.069944710
5214.25,4,09:07:31.610055592
5214.25,1,09:07:31.610068117
5214.0,6,09:07:33.178869513
5214.25,1,09:07:33.415701511
5214.25,1,09:07:33.993106593
5214.25,24,09:07:34.455183379
5214.25,34,09:07:34.460239455
5214.5,2,09:07:35.050566151
5214.5,1,09:07:35.062267704
5214.5,56,09:07:35.298310186
5214.5,4,09:07:35.298579567
5214.5,2,09:07:35.298756935
5214.5,1,09:07:35.298781662
5214.5,1,09:07:35.298828309
5214.25,2,09:07:35.457332483
5214.25,16,09:07:35.457707208
5214.25,1,09:07:35.457893675
5214.25,1,09:07:35.458128979
5214.25,1,09:07:35.458234642
5214.25,6,09:07:35.458467114
5214.25,1,09:07:35.458615661
5214.25,1,09:07:35.676176783
5214.25,21,09:07:36.219978631
5214.25,1,09:07:36.220604487
5214.5,2,09:07:36.280837397
5214.25,1,09:07:36.476796857
5214.5,1,09:07:39.373729479
5214.25,1,09:07:39.517667364
5214.25,1,09:07:39.848248491
5214.25,1,09:07:39.848964045
5214.5,1,09:07:40.292339874
5214.5,1,09:07:40.682301048
5214.5,2,09:07:41.441874682
5214.5,1,09:07:42.991694598
5214.5,1,09:07:43.126600392
5214.5,2,09:07:43.126686704
5214.5,2,09:07:43.126727768
5214.5,1,09:07:43.126782966
5214.25,1,09:07:43.574561487
5214.5,1,09:07:44.434166471
5214.5,54,09:07:44.553343890
5214.5,1,09:07:44.553549744
5214.5,1,09:07:44.553582180
5214.5,3,09:07:44.553631534
5214.5,4,09:07:44.553931022
5214.5,34,09:07:44.554288213
5214.5,1,09:07:44.555113196
5214.75,2,09:07:44.563132616
5214.75,1,09:07:44.563141487
5214.75,1,09:07:44.563353992
5214.75,1,09:07:44.563382221
5214.75,1,09:07:44.563418513
5214.75,1,09:07:44.563479637
5214.75,2,09:07:44.563542093
5214.75,1,09:07:44.563616264
5214.75,20,09:07:44.563846458
5214.75,1,09:07:44.564010032
5214.75,1,09:07:44.564033572
5214.75,1,09:07:44.564071249
5214.75,1,09:07:44.564141913
5214.75,3,09:07:44.564203514
5214.75,1,09:07:44.573147750
5214.75,1,09:07:44.573183303
5214.75,1,09:07:44.573264731
5214.75,1,09:07:44.573630819
5214.75,1,09:07:44.574900887
5214.75,1,09:07:44.576382564
5214.75,1,09:07:44.576421874
5214.75,2,09:07:44.576620288
5214.75,1,09:07:44.577907699
5214.75,10,09:07:44.578155033
5214.75,3,09:07:44.578383180
5214.75,10,09:07:45.183450938
5215.0,1,09:07:45.192300011
5215.0,1,09:07:45.192310654
5215.0,3,09:07:45.192310654
5215.25,67,09:07:45.192337458
5215.0,93,09:07:45.192337458
5215.25,3,09:07:45.192342412
5215.25,1,09:07:45.192353531
5215.25,6,09:07:45.193481225
5215.5,2,09:07:45.193481225
5215.5,3,09:07:45.193487321
5215.5,1,09:07:45.193498728
5215.5,1,09:07:45.193504735
5215.5,8,09:07:45.193513602
5215.5,1,09:07:45.193513602
5215.5,2,09:07:45.193520320
5215.5,1,09:07:45.193520320
5215.5,1,09:07:45.193526781
5215.5,5,09:07:45.193927167
5215.5,1,09:07:45.193934335
5215.5,4,09:07:45.193934335
5215.5,10,09:07:45.193943142
5215.5,1,09:07:45.193949475
5215.5,4,09:07:45.193956373
5215.5,1,09:07:45.193956373
5215.5,1,09:07:45.193962061
5214.75,1,09:07:45.194337428
5215.0,1,09:07:45.195237645
5215.0,1,09:07:45.195343081
5215.25,1,09:07:45.195807400
5215.25,2,09:07:45.195859798
5215.25,2,09:07:45.196108744
5215.25,1,09:07:45.196436524
5215.0,1,09:07:45.196622796
5215.0,1,09:07:45.196689031
5215.0,1,09:07:45.197198846
5215.0,1,09:07:45.197675291
5215.25,1,09:07:45.200798001
5215.25,1,09:07:45.220122603
5215.25,2,09:07:45.290701188
5215.0,4,09:07:45.411390462
5215.0,4,09:07:45.411444610
5215.0,5,09:07:45.411545283
5215.0,2,09:07:45.411545283
5215.0,1,09:07:45.411614233
5215.0,2,09:07:45.411675438
5215.0,11,09:07:45.411792035
5215.0,4,09:07:45.411935362
5215.0,1,09:07:45.412137188
5215.0,1,09:07:45.412213417
5215.0,1,09:07:45.412288881
5215.25,2,09:07:45.453721640
5215.25,1,09:07:45.485083331
5215.25,1,09:07:45.546084576
5215.0,5,09:07:45.554490407
5215.0,9,09:07:45.554796572
5215.0,5,09:07:45.555182542
5214.75,1,09:07:46.271465663
5215.0,1,09:07:46.301179336
5215.0,1,09:07:46.417638168
5215.0,1,09:07:46.464359902
5215.0,2,09:07:46.556653315
5215.0,1,09:07:46.588320063
5214.75,10,09:07:46.761090119
5214.75,2,09:07:46.845997751
5215.0,1,09:07:46.877893108
5215.0,2,09:07:46.885799659
5215.0,1,09:07:47.071548110
5215.0,1,09:07:47.379234856
5214.75,1,09:07:47.457887253
5214.75,1,09:07:47.766656535
5214.75,2,09:07:48.199818672
5215.0,2,09:07:48.356582617
5215.0,49,09:07:48.784546598
5215.0,2,09:07:48.785055377
5215.0,1,09:07:48.785150908
5215.0,1,09:07:48.913677827
5215.25,1,09:07:49.023574580
5215.25,1,09:07:49.023585681
5215.0,1,09:07:49.067866968
5215.0,38,09:07:49.425422594
5215.0,5,09:07:49.425950608
5215.0,1,09:07:49.550450941
5215.0,1,09:07:49.550587225
5214.75,28,09:07:50.009429403
5214.75,32,09:07:50.027568652
5214.75,2,09:07:50.028005822
5214.75,2,09:07:50.028141011
5214.75,1,09:07:50.028141011
5214.75,1,09:07:50.079028009
5214.75,3,09:07:50.079467099
5214.75,2,09:07:50.079678214
5214.75,1,09:07:50.079743012
5214.75,1,09:07:50.080188951
5214.75,2,09:07:50.080673348
5214.75,1,09:07:50.274165780
5215.0,13,09:07:51.028251500
5215.0,1,09:07:52.215837393
5214.75,1,09:07:52.528942606
5214.75,1,09:07:52.558964081
5215.0,1,09:07:54.271762627
5214.75,1,09:07:55.061154422
5214.75,1,09:07:55.497341755
5214.75,1,09:07:55.497539682
5214.75,1,09:07:55.498236934
5214.75,4,09:07:55.498284595
5214.75,1,09:07:55.498464095
5214.75,1,09:07:55.498604840
5214.75,22,09:07:55.499018314
5214.75,2,09:07:55.499349917
5215.0,8,09:07:55.512671419
5214.75,6,09:07:55.512671419
5215.0,2,09:07:55.554122423
5215.0,5,09:07:55.603725400
5214.75,2,09:07:56.239430458
5214.75,30,09:07:56.534692987
5214.5,1,09:07:56.585540020
5214.5,1,09:07:56.585552257
5214.75,10,09:07:57.426254832
5214.75,4,09:07:57.426536540
5214.75,1,09:07:57.426729191
5214.75,1,09:07:57.426764529
5214.5,1,09:07:57.823573945
5214.75,4,09:07:58.590800812
5214.5,1,09:07:58.931474444
5214.5,1,09:07:59.127657784
5214.5,1,09:07:59.303002507
5214.75,1,09:08:00.130366665
5214.75,1,09:08:00.130573149
5214.75,1,09:08:00.130775544
5214.75,1,09:08:00.130969378
5214.75,1,09:08:00.131175420
5214.75,1,09:08:00.731630532
5214.5,1,09:08:01.053621261
5214.75,2,09:08:01.706066855
5214.5,1,09:08:01.968435765
5214.5,1,09:08:02.287479303
5214.5,1,09:08:02.893438430
5214.5,43,09:08:02.893894238
5214.25,6,09:08:02.894363622
5214.5,11,09:08:02.909088436
5214.25,1,09:08:04.330804949
5214.5,4,09:08:04.876405987
5214.25,2,09:08:04.883689850
5214.25,1,09:08:06.146158680
5214.25,1,09:08:06.519252525
5214.25,1,09:08:07.175095557
5214.25,3,09:08:07.548839935
5214.25,1,09:08:07.560232482
5214.25,1,09:08:08.201955754
5214.5,1,09:08:09.746292369
5214.5,4,09:08:09.746384278
5214.5,4,09:08:09.746444814
5214.5,3,09:08:09.746747175
5214.5,46,09:08:09.746943087
5214.5,2,09:08:09.748930663
5214.5,1,09:08:09.792798454
5214.5,1,09:08:10.008859374
5214.5,1,09:08:10.039183327
5214.5,2,09:08:10.117808530
5214.75,1,09:08:10.125135021
5214.5,1,09:08:10.710475020
5214.75,3,09:08:10.776847183
5214.75,10,09:08:10.777175123
5214.75,1,09:08:10.777227041
5214.75,21,09:08:10.777313192
5214.75,3,09:08:10.777401786
5214.75,1,09:08:10.777401786
5214.75,10,09:08:10.777758322
5214.75,1,09:08:10.777827536
5214.75,1,09:08:10.777889539
5214.75,1,09:08:10.777942303
5214.75,3,09:08:10.778127062
5214.75,1,09:08:10.778180192
5214.75,1,09:08:10.779059938
5214.5,1,09:08:10.817410197
5214.5,2,09:08:10.999561256
5214.5,1,09:08:11.075378708
5214.75,1,09:08:11.327919524
5214.75,1,09:08:11.368008912
5214.75,1,09:08:11.515665658
5214.5,1,09:08:12.557489289
5214.5,1,09:08:12.557671782
5214.75,33,09:08:12.690788508
5214.75,1,09:08:12.691057468
5214.75,1,09:08:12.691309070
5214.75,22,09:08:13.690533396
5214.5,3,09:08:13.855375886
5214.5,2,09:08:13.855440384
5214.5,1,09:08:13.855491764
5214.5,2,09:08:13.855535576
5214.5,2,09:08:13.855630148
5214.5,4,09:08:13.855675951
5214.5,1,09:08:13.855819249
5214.5,26,09:08:13.860301359
5214.5,6,09:08:14.336957879
5214.5,7,09:08:14.337313508
5214.5,1,09:08:14.337490725
5214.25,1,09:08:15.612212783
5214.25,1,09:08:15.839838632
5214.25,1,09:08:16.642866264
5214.5,1,09:08:16.942632981
5214.25,1,09:08:17.438210648
5214.5,2,09:08:18.554598188
5214.5,2,09:08:19.052272740
5214.25,39,09:08:19.266160373
5214.25,1,09:08:19.277367083
5214.25,8,09:08:19.282970540
5214.25,1,09:08:19.283162637
5214.25,5,09:08:19.283292229
5214.25,13,09:08:19.283774374
5214.25,2,09:08:19.283857940
5214.25,1,09:08:19.283978570
5214.25,1,09:08:19.284021585
5214.25,1,09:08:19.286405531
5214.25,1,09:08:19.288599237
5214.25,1,09:08:19.341697291
5214.25,1,09:08:19.341915610
5214.25,3,09:08:19.342159777
5214.5,1,09:08:19.482689618
5214.0,2,09:08:19.536563990
5214.0,1,09:08:19.536574960
5214.25,2,09:08:19.605753049
5214.25,2,09:08:19.605991230
5214.25,1,09:08:19.606172469
5214.0,1,09:08:19.642244063
5214.0,1,09:08:20.341733698
5214.0,1,09:08:20.490622902
5214.25,1,09:08:20.907233233
5214.0,1,09:08:21.839480573
5214.25,1,09:08:22.137873391
5214.25,2,09:08:23.264430579
5214.25,4,09:08:23.418465394
5214.25,2,09:08:23.418688650
5214.25,1,09:08:23.418856223
5214.25,10,09:08:23.419020090
5214.25,3,09:08:23.419326228
5214.25,2,09:08:23.419540603
5214.25,3,09:08:23.419594338
5214.25,1,09:08:23.938812356
5214.25,14,09:08:23.939217970
5214.25,1,09:08:23.939536921
5214.0,2,09:08:24.017347779
5214.0,1,09:08:24.329063074
5214.25,16,09:08:24.345031603
5214.25,1,09:08:24.345172382
5214.25,4,09:08:24.345480926
5214.25,2,09:08:25.171549294
5214.25,8,09:08:25.345811563
5214.25,1,09:08:25.345974882
5214.25,2,09:08:25.346012531
5214.25,2,09:08:25.346070091
5214.25,1,09:08:25.346316427
5214.25,1,09:08:25.346354410
5214.25,2,09:08:25.453411151
5214.25,1,09:08:25.623164004
5214.25,4,09:08:26.190398144
5214.25,1,09:08:26.578844532
5214.25,2,09:08:26.939973261
5214.25,1,09:08:27.117348474
5214.0,1,09:08:27.887275768
5214.0,1,09:08:28.565573520
5214.0,1,09:08:28.973135422
5214.5,18,09:08:28.974930687
5214.25,42,09:08:28.974930687
5214.25,2,09:08:29.271774612
5214.25,1,09:08:29.350487583
5214.25,2,09:08:29.507036242
5214.25,22,09:08:29.773519499
5214.25,1,09:08:29.773579236
5214.25,2,09:08:29.773859652
5214.25,1,09:08:29.773909844
5214.0,5,09:08:29.904667864
5214.25,10,09:08:29.916815329
5214.25,1,09:08:29.916957985
5214.25,2,09:08:29.917077795
5214.25,1,09:08:29.917258643
5214.5,4,09:08:30.188371941
5214.5,1,09:08:30.188501809
5214.5,11,09:08:30.188752310
5214.5,1,09:08:30.226670804
5214.5,1,09:08:30.567819437
5214.5,5,09:08:30.567998903
5214.25,1,09:08:30.607934134
5214.5,12,09:08:30.917808085
5214.25,1,09:08:34.930130779
5214.5,1,09:08:35.195330519
5214.5,30,09:08:35.957265917
5214.5,1,09:08:35.957419456
5214.5,1,09:08:35.957464768
5214.5,2,09:08:36.250119820
5214.5,1,09:08:36.327656649
5214.5,2,09:08:36.485693615
5214.75,1,09:08:36.636135410
5214.5,1,09:08:36.954290759
5214.75,17,09:08:38.944445095
5215.0,1,09:08:38.944467466
5214.75,1,09:08:38.945015769
5215.0,2,09:08:39.191211310
5215.0,37,09:08:39.191466441
5215.0,2,09:08:39.192471351
5215.0,1,09:08:39.293559475
5215.0,5,09:08:39.293628279
5215.0,1,09:08:39.293710767
5215.0,2,09:08:39.293710767
5215.0,4,09:08:39.293794155
5215.0,1,09:08:39.293794155
5215.0,2,09:08:39.293872108
5215.0,2,09:08:39.293962523
5215.0,2,09:08:39.294044980
5215.0,4,09:08:39.294147759
5215.0,1,09:08:39.294258910
5215.0,4,09:08:39.294314648
5215.0,2,09:08:39.294519136
5215.0,4,09:08:39.295509242
5215.0,5,09:08:39.296349359
5215.0,11,09:08:39.408341368
5215.0,2,09:08:39.994884222
5215.25,6,09:08:40.370125210
5215.0,1,09:08:40.370461312
5215.0,7,09:08:40.370723501
5215.0,1,09:08:40.370839183
5215.0,6,09:08:40.407680508
5215.0,1,09:08:40.782991104
5215.25,1,09:08:41.249086448
5215.25,33,09:08:41.408584215
5215.0,1,09:08:42.149219955
5215.0,2,09:08:42.149504662
5215.0,1,09:08:42.149710925
5215.0,1,09:08:42.150145660
5215.0,2,09:08:42.484241873
5215.0,1,09:08:42.695423247
5215.0,1,09:08:43.553879659
5215.0,2,09:08:43.573166587
5215.0,22,09:08:43.573681589
5215.0,1,09:08:44.273151233
5215.0,11,09:08:44.273495774
5215.0,1,09:08:44.273707743
5215.0,1,09:08:44.345177378
5215.0,1,09:08:44.345364041
5214.75,1,09:08:44.504678238
5214.75,1,09:08:44.902760192
5215.25,2,09:08:45.177789131
5214.75,1,09:08:45.316483485
5215.0,2,09:08:47.058080020
5214.75,1,09:08:47.180055497
5215.0,4,09:08:47.452362238
5215.0,2,09:08:47.736775440
5215.0,10,09:08:48.671493064
5215.0,2,09:08:48.671517241
5215.0,1,09:08:48.671641922
5215.0,13,09:08:48.671823448
5215.0,1,09:08:48.679630675
5215.0,1,09:08:48.679827172
5215.0,1,09:08:48.683375522
5215.0,3,09:08:48.683503762
5215.25,47,09:08:48.739384902
5215.0,30,09:08:48.934823823
5215.0,1,09:08:48.958705559
5215.0,1,09:08:49.036633067
5215.0,1,09:08:49.513633642
5215.25,1,09:08:49.809472474
5215.0,1,09:08:50.065452146
5215.0,2,09:08:50.065654953
5215.25,1,09:08:50.175411989
5215.25,2,09:08:50.244127788
5215.25,1,09:08:50.376806216
5215.25,20,09:08:50.497301904
5215.25,1,09:08:50.497487489
5215.25,4,09:08:50.497532808
5215.25,10,09:08:50.497882966
5215.25,1,09:08:50.497961400
5215.25,1,09:08:51.182486265
5215.25,1,09:08:51.696609442
5215.5,1,09:08:51.729464698
5215.5,1,09:08:51.729473028
5215.5,4,09:08:51.729479127
5215.5,1,09:08:51.729484689
5215.25,3,09:08:52.071451072
5215.25,1,09:08:52.581266294
5215.5,2,09:08:52.653772996
5215.5,1,09:08:52.988861941
5215.5,2,09:08:53.601199467
5215.25,1,09:08:53.871066314
5215.25,1,09:08:53.882588368
5215.25,1,09:08:53.950258752
5215.25,1,09:08:53.957510157
5215.25,1,09:08:53.964971751
5215.5,1,09:08:53.977978600
5215.25,11,09:08:55.013456935
5215.25,5,09:08:55.027337744
5215.25,1,09:08:55.027489933
5215.25,1,09:08:55.027534811
5215.5,1,09:08:55.038949074
5215.25,24,09:08:55.419913774
5215.25,6,09:08:55.419995674
5215.0,1,09:08:55.489564931
5215.25,2,09:08:55.542783580
5215.25,2,09:08:55.548283509
5215.25,3,09:08:55.548352768
5215.25,1,09:08:55.548482329
5215.25,1,09:08:55.548508134
5215.25,1,09:08:55.548825888
5215.5,1,09:08:55.656820644
5215.5,2,09:08:55.775004605
5215.5,28,09:08:56.029157261
5215.5,2,09:08:56.200401710
5215.5,1,09:08:56.245699575
5215.5,1,09:08:56.827802289
5215.25,3,09:08:56.912072334
5215.25,5,09:08:57.029456361
5215.5,1,09:08:57.105417736
5215.5,1,09:08:57.108868449
5215.5,1,09:08:57.116524834
5215.25,1,09:08:57.295353339
5215.25,3,09:08:57.439657608
5215.25,8,09:08:58.492332280
5215.5,1,09:08:59.575489997
5215.5,1,09:09:00.147700362
5215.5,1,09:09:00.147918507
5215.5,1,09:09:00.148127980
5215.5,1,09:09:00.148325306
5215.5,1,09:09:00.148524596
5215.5,2,09:09:00.288095636
5215.25,5,09:09:01.774751968
5215.25,1,09:09:02.299096506
5215.25,1,09:09:03.345347978
5215.5,1,09:09:03.623196722
5215.25,1,09:09:04.004851447
5215.25,1,09:09:04.513514526
5215.5,50,09:09:05.506368805
5215.5,13,09:09:05.506681939
5215.5,1,09:09:05.526049560
5215.5,2,09:09:05.807369206
5215.5,1,09:09:05.855488087
5215.5,2,09:09:05.887823013
5215.75,25,09:09:05.949243245
5215.75,1,09:09:05.949259562
5215.75,6,09:09:05.949259562
5215.75,3,09:09:05.949259562
5215.75,1,09:09:05.949471997
5215.75,2,09:09:05.949512900
5215.75,2,09:09:05.949548309
5215.75,1,09:09:05.949585734
5215.75,1,09:09:05.949626069
5215.75,2,09:09:05.949660649
5215.75,4,09:09:05.949759450
5215.75,1,09:09:05.949847116
5215.75,1,09:09:05.949957493
5215.75,3,09:09:05.950022310
5215.75,16,09:09:05.950177382
5215.75,10,09:09:05.950799039
5215.75,1,09:09:05.950978557
5215.75,5,09:09:05.951170918
5215.75,1,09:09:05.951349476
5215.75,1,09:09:05.951542204
5215.75,1,09:09:05.973981858
5215.75,2,09:09:06.004667237
5215.5,8,09:09:06.042837212
5215.75,1,09:09:06.140272698
5215.5,1,09:09:06.274282159
5215.75,4,09:09:06.527064707
5215.75,1,09:09:06.527152930
5215.75,1,09:09:06.527249026
5215.75,2,09:09:06.527249026
5215.75,1,09:09:06.531472404
5215.75,2,09:09:06.628608863
5215.75,1,09:09:06.748676323
5215.75,1,09:09:07.209723427
5215.75,1,09:09:07.210208313
5215.75,1,09:09:07.514931975
5215.5,1,09:09:08.491546540
5215.75,1,09:09:08.591935465
5215.5,1,09:09:08.613795357
5216.0,11,09:09:08.731281954
5215.75,11,09:09:08.731281954
5216.0,1,09:09:08.731297811
5216.0,2,09:09:08.731297811
5216.0,4,09:09:08.731297811
5215.75,1,09:09:08.731894438
5215.75,1,09:09:08.731920874
5215.75,20,09:09:08.732310414
5215.75,1,09:09:08.875189522
5215.75,2,09:09:08.881420251
5215.75,7,09:09:08.881683561
5215.75,1,09:09:08.881986912
5215.75,2,09:09:08.883542159
5215.75,1,09:09:08.883712156
5215.75,1,09:09:08.883762896
5215.75,1,09:09:08.884145432
5215.75,12,09:09:08.886505979
5215.75,1,09:09:08.886647649
5215.75,1,09:09:08.886673627
5215.75,1,09:09:08.886910214
5215.75,1,09:09:08.887794866
5216.0,1,09:09:09.199061238
5215.5,1,09:09:09.678417022
5215.75,1,09:09:10.783951310
5215.5,40,09:09:10.857981925
5215.5,1,09:09:10.858221933
5215.5,2,09:09:10.858265959
5215.5,1,09:09:10.858314267
5215.5,40,09:09:10.858576500
5215.5,13,09:09:10.869717653
5215.5,1,09:09:10.869912790
5215.5,4,09:09:10.870031947
5215.5,1,09:09:10.870281962
5215.5,1,09:09:10.870329246
5215.5,1,09:09:10.870715696
5215.5,1,09:09:10.871549367
5215.75,1,09:09:11.217895485
5215.5,29,09:09:11.504264164
5215.5,1,09:09:11.504302735
5215.5,2,09:09:11.505803859
5215.25,1,09:09:11.732376419
5215.25,10,09:09:12.058369838
5215.5,1,09:09:13.764982250
5215.5,1,09:09:13.764993207
5215.25,1,09:09:14.299748062
5215.5,14,09:09:14.300143088
5215.5,3,09:09:14.300177453
5215.5,1,09:09:14.300275945
5215.5,1,09:09:14.300571346
5215.5,6,09:09:14.300896491
5215.5,1,09:09:14.301061490
5215.5,2,09:09:14.342278034
5215.5,2,09:09:14.342549913
5215.5,1,09:09:14.562436417
5215.5,10,09:09:14.565214617
5215.5,5,09:09:15.131964049
5215.5,1,09:09:15.132270660
5215.5,2,09:09:15.132929566
5215.5,1,09:09:15.133125685
5215.5,2,09:09:15.133125685
5215.5,1,09:09:16.187395278
5215.5,1,09:09:16.746773403
5215.5,2,09:09:16.747766389
5215.5,1,09:09:16.809477034
5215.5,2,09:09:17.650312380
5215.5,4,09:09:17.650636825
5215.5,2,09:09:17.650877092
5215.5,9,09:09:18.641332475
5215.5,2,09:09:18.764537996
5215.25,1,09:09:18.765542003
5215.25,1,09:09:19.175483541
5215.5,7,09:09:19.189305543
5215.5,1,09:09:19.189444573
5215.25,1,09:09:19.307675209
5215.25,1,09:09:19.489682153
5215.25,1,09:09:19.564353352
5215.25,1,09:09:19.636931512
5215.5,1,09:09:19.652843773
5215.25,22,09:09:20.006747158
5215.5,8,09:09:20.189127680
5215.5,1,09:09:20.189268297
5215.5,1,09:09:20.189296784
5215.5,1,09:09:20.189549925
5215.5,4,09:09:20.198802327
5215.75,1,09:09:20.554688969
5215.75,4,09:09:20.554700086
5215.75,10,09:09:21.197215159
5215.75,18,09:09:21.210646362
5215.75,3,09:09:21.210689707
5215.75,1,09:09:21.211160433
5215.75,1,09:09:21.327112894
5215.75,9,09:09:21.340554292
5215.75,4,09:09:21.455931493
5215.75,2,09:09:21.532923547
5215.5,1,09:09:21.704684755
5215.75,1,09:09:22.110306075
5215.75,7,09:09:22.110395485
5215.75,3,09:09:22.110665712
5215.75,2,09:09:22.110707370
5215.75,1,09:09:22.110755796
5215.75,6,09:09:22.110876215
5215.75,1,09:09:22.571385322
5215.75,1,09:09:23.401333981
5215.75,1,09:09:23.471702059
5215.5,1,09:09:23.735936541
5216.0,5,09:09:24.055925324
5215.75,7,09:09:24.055925324
5215.75,1,09:09:24.056221068
5215.75,3,09:09:24.056452558
5215.75,9,09:09:24.058243771
5215.75,1,09:09:24.060117815
5215.75,3,09:09:24.060792763
5215.75,1,09:09:24.062797617
5215.75,3,09:09:24.073830005
5215.75,2,09:09:24.075994364
5215.75,2,09:09:24.076340009
5215.75,1,09:09:25.548591315
5216.0,4,09:09:25.551214612
5216.0,1,09:09:25.672295698
5216.0,14,09:09:26.453438861
5216.0,1,09:09:26.453558310
5216.0,28,09:09:26.453801118
5216.0,2,09:09:26.454613986
5216.25,4,09:09:26.455696241
5216.25,1,09:09:26.455708446
5216.25,4,09:09:26.455708446
5216.25,4,09:09:26.457777518
5216.0,1,09:09:26.527390424
5216.25,2,09:09:26.637175173
5216.25,11,09:09:26.639559678
5216.0,2,09:09:27.071703478
5216.0,49,09:09:27.072094260
5216.0,10,09:09:27.204317526
5216.0,1,09:09:27.810068216
5216.0,18,09:09:27.977319263
5216.0,1,09:09:28.022709944
5215.75,2,09:09:28.789029531
5216.0,1,09:09:28.869502407
5216.0,1,09:09:29.202648317
5215.75,25,09:09:29.514743197
5215.75,13,09:09:29.515134471
5215.75,10,09:09:29.515358832
5215.75,2,09:09:29.515404100
5215.75,1,09:09:29.516132246
5215.75,6,09:09:29.517947720
5215.75,1,09:09:29.517986815
5216.0,4,09:09:29.530736638
5215.75,1,09:09:29.911382158
5216.0,4,09:09:29.915014209
5216.0,1,09:09:30.141167603
5216.0,1,09:09:30.280561709
5216.0,1,09:09:30.484590882
5216.0,16,09:09:30.531141178
5216.0,4,09:09:30.531448471
5216.0,1,09:09:30.531575014
5216.0,1,09:09:30.531876765
5216.0,1,09:09:30.532476351
5216.0,4,09:09:30.534837630
5216.0,10,09:09:30.535098350
5216.0,1,09:09:30.535135189
5216.0,1,09:09:30.535499046
5216.0,2,09:09:30.538120005
5216.0,10,09:09:30.842848735
5216.0,1,09:09:30.843031751
5216.0,1,09:09:30.843088888
5216.0,1,09:09:30.843131424
5216.0,2,09:09:30.843218539
5216.0,1,09:09:30.843562380
5216.0,16,09:09:31.530361870
5216.0,3,09:09:31.530632515
5216.0,1,09:09:31.530827975
5216.0,1,09:09:31.531249696
5216.0,1,09:09:31.956764299
5216.25,2,09:09:32.338858418
5216.25,28,09:09:32.531763577
5216.0,1,09:09:32.588659573
5216.0,1,09:09:33.098275192
5216.0,1,09:09:33.098432284
5216.0,7,09:09:33.099129024
5215.75,1,09:09:33.188854363
5215.75,1,09:09:33.283811542
5216.0,1,09:09:33.785481697
5216.0,1,09:09:35.233992758
5215.75,10,09:09:35.966503737
5215.75,1,09:09:35.966718222
5215.75,3,09:09:35.966805073
5215.75,1,09:09:36.020627674
5215.75,1,09:09:36.053166312
5215.75,1,09:09:36.107376933
5215.75,10,09:09:36.107476275
5215.75,1,09:09:36.107476275
5215.75,2,09:09:36.107556562
5215.75,4,09:09:36.107556562
5215.75,8,09:09:36.107613386
5215.75,2,09:09:36.108133854
5215.75,1,09:09:36.108171679
5215.75,7,09:09:36.108703813
5216.0,30,09:09:36.122139188
5215.75,20,09:09:36.202699103
5215.75,1,09:09:36.833295152
5215.75,10,09:09:37.190782748
5215.75,1,09:09:37.190982461
5215.75,1,09:09:37.191065812
5215.75,2,09:09:37.191118706
5215.75,1,09:09:37.814823649
5215.75,1,09:09:37.984557322
5216.0,1,09:09:38.026997973
5215.75,3,09:09:38.688608794
5215.75,1,09:09:38.688802893
5215.75,3,09:09:38.688886725
5215.75,1,09:09:38.688943734
5215.75,1,09:09:38.911105479
5215.75,7,09:09:39.180605696
5215.75,21,09:09:39.287725294
5215.5,1,09:09:39.535877116
5215.5,1,09:09:39.535888185
5215.75,1,09:09:39.602944090
5215.5,1,09:09:39.837073133
5215.5,40,09:09:40.598456615
5215.5,4,09:09:40.599684704
5215.5,1,09:09:40.599796927
5215.5,2,09:09:40.599956181
5215.5,1,09:09:40.600057719
5215.75,1,09:09:40.706372075
5215.5,1,09:09:40.706573608
5215.5,6,09:09:41.109569208
5215.5,5,09:09:41.109632118
5215.5,1,09:09:41.806014046
5215.5,32,09:09:42.309380312
5215.5,1,09:09:42.309615197
5215.5,1,09:09:42.310038873
5215.75,4,09:09:42.373196692
5215.5,16,09:09:42.373196692
5215.75,1,09:09:43.005080101
5215.5,23,09:09:43.395523683
5215.5,1,09:09:44.095946367
5215.5,5,09:09:44.402956626
5215.75,1,09:09:44.501332613
5215.5,1,09:09:47.276016080
5215.75,1,09:09:48.926260541
5215.5,4,09:09:49.443318569
5215.75,1,09:09:50.576967004
5215.5,1,09:09:52.629326630
5215.5,26,09:09:53.896156463
5215.25,1,09:09:53.897671665
5215.25,1,09:09:53.897682148
5215.5,1,09:09:54.058507893
5215.5,1,09:09:54.729933202
5215.25,5,09:09:54.904667397
5215.25,1,09:09:55.796211857
5215.25,1,09:09:55.835765661
5215.25,1,09:09:55.842907333
5215.25,1,09:09:56.342530852
5215.25,1,09:09:57.401423168
5215.5,1,09:09:58.836633922
5215.5,1,09:09:58.836852810
5215.5,1,09:09:58.836895831
5215.5,10,09:09:58.855560764
5215.5,2,09:09:58.855750932
5215.5,1,09:09:58.855750932
5215.5,4,09:09:58.856179290
5215.5,2,09:09:58.856179290
5215.5,1,09:09:58.856179290
5215.5,3,09:09:58.856179290
5215.5,2,09:09:58.856378564
5215.5,1,09:09:58.856378564
5215.5,5,09:09:58.856378564
5215.5,2,09:09:58.856544453
5215.5,1,09:09:58.856544453
5215.5,1,09:09:58.856765593
5215.5,2,09:09:58.856765593
5215.25,1,09:09:59.963466231
5215.5,1,09:10:00.111008328
5215.5,1,09:10:00.111212377
5215.5,1,09:10:00.111413059
5215.25,1,09:10:00.240849255
5215.5,1,09:10:00.394741579
5215.5,2,09:10:00.529032033
5215.5,8,09:10:00.676318471
5215.5,2,09:10:00.941130230
5215.5,2,09:10:00.941160825
5215.5,17,09:10:00.941307590
5215.5,1,09:10:00.941753001
5215.75,1,09:10:00.965887196
5215.75,1,09:10:00.993073383
5215.5,1,09:10:00.997442779
5215.5,1,09:10:01.799769575
5215.5,1,09:10:01.933157021
5215.5,1,09:10:03.063617291
5215.5,4,09:10:03.674000610
5215.75,36,09:10:03.950065536
5215.75,4,09:10:05.800880595
5215.75,1,09:10:05.841042804
5215.75,1,09:10:06.398779239
5215.5,10,09:10:07.417918882
5215.5,2,09:10:07.784044765
5215.5,1,09:10:09.217015371
5215.5,10,09:10:10.110676177
5215.5,2,09:10:10.110697871
5215.5,4,09:10:10.110862933
5215.5,8,09:10:10.111122820
5215.5,3,09:10:10.111384729
5215.75,19,09:10:10.124750932
5215.5,1,09:10:11.182724498
5215.5,1,09:10:11.249359706
5215.75,1,09:10:11.537826748
5215.5,1,09:10:11.823135289
5215.5,15,09:10:11.823275979
5215.5,1,09:10:11.823322399
5215.5,1,09:10:11.823380308
5215.5,2,09:10:11.823474537
5215.5,1,09:10:11.823513213
5215.5,8,09:10:11.823561839
5215.5,4,09:10:11.895229587
5215.5,1,09:10:11.896177344
5215.5,2,09:10:11.896225553
5215.5,4,09:10:11.896309094
5215.5,1,09:10:11.896309094
5215.25,5,09:10:12.034880862
5215.5,2,09:10:12.244248748
5215.25,3,09:10:13.044261017
5215.25,1,09:10:13.868358746
5215.25,1,09:10:14.217023713
5215.5,20,09:10:15.347081656
5215.5,1,09:10:15.347532437
5215.5,2,09:10:15.347756852
5215.5,1,09:10:15.357329424
5215.5,1,09:10:15.413881232
5215.5,6,09:10:15.442286313
5215.5,8,09:10:15.442620784
5215.5,2,09:10:15.442794288
5215.5,1,09:10:15.442844392
5215.5,1,09:10:15.442882101
5215.5,2,09:10:15.577838942
5215.5,1,09:10:15.578022549
5215.5,1,09:10:15.578054744
5215.5,1,09:10:15.578635176
5215.75,1,09:10:15.591039692
5215.75,1,09:10:15.742455473
5215.5,1,09:10:16.120179960
5215.5,1,09:10:17.217815578
5215.5,1,09:10:18.004582319
5215.75,5,09:10:18.959599007
5215.5,2,09:10:19.117821537
5215.75,33,09:10:19.139315970
5215.75,1,09:10:19.353361121
5215.75,3,09:10:19.353600543
5215.75,1,09:10:19.353810256
5215.75,1,09:10:19.353846506
5216.0,19,09:10:19.958640790
5215.75,1,09:10:20.208839581
5215.75,6,09:10:20.210003828
5215.75,10,09:10:20.210124912
5215.75,1,09:10:20.210208440
5215.75,1,09:10:20.210408121
5215.5,1,09:10:20.246125139
5215.5,3,09:10:20.246301422
5215.5,5,09:10:20.246370946
5215.5,1,09:10:20.246578176
5215.5,66,09:10:20.281507555
5215.25,42,09:10:22.351149375
5215.25,14,09:10:22.351710807
5215.25,10,09:10:22.351936962
5215.25,7,09:10:22.352403599
5215.25,1,09:10:22.352605008
5215.25,1,09:10:22.352805763
5215.25,1,09:10:22.353774228
5215.25,2,09:10:22.353985906
5215.25,2,09:10:22.617837751
5215.25,1,09:10:22.618014455
5215.25,2,09:10:22.618063195
5215.25,1,09:10:22.618176318
5215.25,2,09:10:22.618390364
5215.25,1,09:10:22.618573865
5215.25,7,09:10:22.709342402
5215.25,1,09:10:22.711054757
5215.25,3,09:10:22.711228802
5215.25,4,09:10:22.711303482
5215.25,1,09:10:22.711380223
5215.25,3,09:10:22.711572230
5215.25,1,09:10:22.711707202
5215.25,1,09:10:22.851415148
5215.0,1,09:10:22.942168655
5215.0,1,09:10:22.942179522
5215.0,30,09:10:23.360449979
5215.0,2,09:10:23.360535930
5215.0,1,09:10:23.360600843
5215.0,24,09:10:23.360744040
5215.0,1,09:10:23.376238731
5214.75,50,09:10:25.704411627
5214.75,1,09:10:25.704750766
5214.75,1,09:10:25.704883245
5215.0,55,09:10:25.719684693
5215.25,6,09:10:25.720033116
5215.0,2,09:10:25.720741786
5215.0,2,09:10:26.010849150
5215.0,2,09:10:27.067919036
5215.0,1,09:10:27.291410056
5215.0,1,09:10:27.899911601
5215.0,1,09:10:29.206219850
5215.25,1,09:10:29.404034337
5215.0,1,09:10:29.728193960
5215.25,1,09:10:30.001134357
5215.25,2,09:10:30.001337484
5215.25,2,09:10:30.001421264
5215.25,35,09:10:30.001665624
5215.25,1,09:10:30.002208346
5215.25,2,09:10:30.002413509
5215.25,8,09:10:30.010033579
5215.25,1,09:10:30.102582322
5215.25,2,09:10:30.103340117
5215.25,1,09:10:30.104539677
5215.25,6,09:10:30.104933925
5215.25,1,09:10:30.104933925
5215.25,1,09:10:30.105806468
5215.0,1,09:10:30.409956301
5215.0,4,09:10:30.491537875
5215.0,43,09:10:30.779029791
5214.75,1,09:10:32.313806579
5214.75,2,09:10:33.063228971
5214.75,4,09:10:33.063463318
5214.75,1,09:10:33.063706335
5214.75,1,09:10:33.063856171
5214.75,3,09:10:33.067479511
5214.75,1,09:10:33.067509794
5214.75,1,09:10:33.067625150
5214.75,1,09:10:33.067770483
5214.75,1,09:10:33.711169618
5214.75,1,09:10:33.949038465
5214.75,2,09:10:33.949102725
5214.75,1,09:10:33.949102725
5214.75,2,09:10:33.949188747
5214.75,1,09:10:33.949274925
5214.75,4,09:10:33.949382552
5214.75,10,09:10:34.119961966
5214.75,1,09:10:35.080097983
5214.75,1,09:10:35.080282140
5214.75,1,09:10:36.581974118
5215.0,4,09:10:37.505812694
5215.0,3,09:10:37.506072535
5215.0,1,09:10:37.506309619
5215.0,1,09:10:37.506370400
5215.0,1,09:10:37.506454844
5215.0,2,09:10:37.506589567
5215.0,2,09:10:37.506644714
5215.0,1,09:10:37.506740959
5215.0,10,09:10:37.506740959
5215.0,2,09:10:37.506825511
5215.0,3,09:10:37.506825511
5215.0,4,09:10:37.506895906
5215.0,18,09:10:40.409912795
5215.0,5,09:10:40.410327546
5215.0,1,09:10:40.410411915
5215.0,1,09:10:40.410538027
5215.0,1,09:10:40.410565336
5215.0,1,09:10:40.414185867
5215.0,2,09:10:40.554688075
5215.0,2,09:10:40.589090053
5215.0,2,09:10:41.019648858
5215.0,1,09:10:41.019820122
5215.0,1,09:10:41.019883150
5215.0,1,09:10:41.023866597
5215.0,1,09:10:41.024019289
5215.0,1,09:10:41.024221523
5215.0,1,09:10:41.024540515
5214.75,48,09:10:42.207511882
5215.0,1,09:10:42.266339800
5214.75,1,09:10:42.266553222
5214.75,4,09:10:43.765103084
5215.0,4,09:10:43.814902367
5214.75,10,09:10:44.438315015
5215.0,27,09:10:44.620375995
5215.0,2,09:10:44.620803635
5215.0,1,09:10:45.296153943
5215.0,1,09:10:45.770516266
5215.0,6,09:10:46.752632727
5215.0,1,09:10:46.753973679
5215.0,2,09:10:46.777910390
5215.0,3,09:10:46.777965104
5215.0,4,09:10:46.825045296
5215.0,12,09:10:47.204410643
5215.25,39,09:10:47.320837150
5215.25,1,09:10:47.375575769
5215.25,2,09:10:48.444917224
5215.25,2,09:10:50.451529594
5215.25,2,09:10:50.744258927
5215.5,1,09:10:50.835069430
5215.5,1,09:10:50.835079571
5215.5,20,09:10:50.946861535
5215.5,2,09:10:50.956556576
5215.5,2,09:10:50.956746375
5215.5,1,09:10:50.956783949
5215.5,7,09:10:50.956856962
5215.5,1,09:10:50.957038537
5215.5,8,09:10:51.022046568
5215.25,1,09:10:51.112897460
5215.25,1,09:10:52.721701032
5215.5,1,09:10:54.826598674
5215.5,11,09:10:55.039605975
5215.5,2,09:10:55.041210862
5215.5,5,09:10:55.041457417
5215.5,1,09:10:55.041608911
5215.5,1,09:10:55.041876284
5215.5,3,09:10:55.043007880
5215.5,3,09:10:55.102601926
5215.5,2,09:10:55.102647555
5215.5,4,09:10:55.316797552
5215.5,2,09:10:55.876738609
5215.5,3,09:10:55.876946359
5215.5,1,09:10:55.877342099
5215.5,2,09:10:55.877532119
5215.5,5,09:10:57.626246505
5215.5,1,09:10:57.967324260
5215.5,1,09:11:00.004452710
5215.5,21,09:11:00.024380263
5215.5,1,09:11:00.137526409
5215.5,1,09:11:00.142482657
5215.5,5,09:11:00.283993419
5215.5,1,09:11:00.349587988
5215.5,1,09:11:00.349775969
5215.75,10,09:11:01.102023859
5215.75,29,09:11:01.284466551
5215.75,1,09:11:01.285211507
5215.75,1,09:11:01.285294702
5215.75,1,09:11:01.285392131
5215.75,1,09:11:01.285493100
5215.5,1,09:11:01.285865310
5215.5,1,09:11:01.327792239
5215.5,2,09:11:01.952214811
5215.5,1,09:11:03.924235769
5215.5,1,09:11:04.099254415
5215.75,14,09:11:06.849706587
5215.5,63,09:11:06.875556900
5215.5,1,09:11:06.876297120
5215.5,6,09:11:06.889768586
5215.5,20,09:11:07.495805621
5215.5,5,09:11:07.495890173
5215.5,3,09:11:07.605114947
5215.5,4,09:11:10.882386427
5215.5,1,09:11:10.882558914
5215.5,4,09:11:10.882637811
5215.5,1,09:11:10.882891769
5215.5,1,09:11:10.882942262
5215.5,1,09:11:10.883113773
5215.5,1,09:11:10.883187660
5215.5,1,09:11:10.883221788
5215.5,4,09:11:10.895022567
5215.5,1,09:11:11.129473307
5215.5,1,09:11:11.182786197
5215.25,1,09:11:12.340082332
5215.25,1,09:11:12.340093058
5215.25,5,09:11:12.902073150
5215.25,1,09:11:14.043404207
5215.25,1,09:11:14.043509546
5215.25,2,09:11:14.043590688
5215.25,8,09:11:14.043719657
5215.25,2,09:11:14.043760053
5215.25,4,09:11:14.043836667
5215.25,1,09:11:14.043911600
5215.25,27,09:11:14.044152069
5215.25,1,09:11:14.044247225
5215.25,1,09:11:14.044500526
5215.25,2,09:11:14.044749175
5215.25,9,09:11:14.065669469
5215.25,1,09:11:14.065788505
5215.25,1,09:11:14.065829569
5215.25,1,09:11:14.065888968
5215.25,2,09:11:14.066143127
5215.25,2,09:11:14.144697990
5215.25,1,09:11:14.144892144
5215.0,1,09:11:14.291430901
5215.5,3,09:11:14.525648079
5215.25,32,09:11:14.525648079
5215.25,1,09:11:14.528478316
5215.5,32,09:11:15.065363153
5215.25,4,09:11:15.280166689
5215.25,26,09:11:15.525374490
5215.0,1,09:11:16.016200876
5215.0,1,09:11:16.206258412
5215.25,10,09:11:16.355300238
5215.25,1,09:11:16.355349801
5215.25,8,09:11:16.395658317
5215.25,2,09:11:16.882031822
5215.0,2,09:11:17.766429268
5215.0,1,09:11:19.020887481
5215.0,1,09:11:19.312579578
5215.0,42,09:11:19.725400871
5215.0,28,09:11:19.725750606
5215.0,2,09:11:19.725839901
5215.0,1,09:11:19.725879326
5215.0,3,09:11:19.727187461
5214.75,1,09:11:19.860881130
5215.0,1,09:11:20.943151263
5214.75,1,09:11:23.960303509
5214.75,2,09:11:26.049254400
5214.75,1,09:11:26.534970684
5214.75,10,09:11:27.553215495
5214.75,2,09:11:28.087816570
5214.75,2,09:11:28.087861722
5214.75,36,09:11:28.088067787
5214.75,18,09:11:28.100828560
5214.75,5,09:11:28.100992874
5214.75,1,09:11:28.101315674
5215.0,8,09:11:28.166439252
5215.0,1,09:11:28.362873254
5214.75,10,09:11:28.499385682
5215.0,1,09:11:28.940044043
5215.0,1,09:11:29.185222032
5215.0,1,09:11:29.840421106
5215.0,1,09:11:30.069501734
5214.75,1,09:11:31.183411883
5214.75,1,09:11:31.184039880
5214.75,2,09:11:31.889892554
5215.0,1,09:11:32.794435923
5214.75,18,09:11:33.908064502
5214.75,31,09:11:33.908511424
5214.75,1,09:11:33.908632552
5214.75,1,09:11:33.908676828
5214.75,1,09:11:33.908729895
5214.75,1,09:11:33.908773185
5214.75,2,09:11:33.908903150
5214.75,1,09:11:33.909013548
5214.75,1,09:11:33.909140086
5214.75,1,09:11:33.909201002
5214.75,1,09:11:33.909273813
5214.75,1,09:11:33.909881847
5214.75,9,09:11:33.921675907
5214.75,1,09:11:36.141273760
5214.75,1,09:11:37.990431661
5214.75,1,09:11:37.993808516
5215.0,1,09:11:40.573800006
5214.75,1,09:11:40.801968680
5214.75,1,09:11:43.887141989
5215.0,11,09:11:44.762538021
5215.0,1,09:11:44.762548517
5214.75,1,09:11:45.627607076
5214.75,2,09:11:45.694003352
5214.75,28,09:11:48.011514097
5214.75,2,09:11:48.011692242
5214.75,2,09:11:48.011751708
5214.75,1,09:11:48.011751708
5214.75,1,09:11:48.011817162
5214.5,1,09:11:49.782207175
5214.5,3,09:11:49.782224746
5214.5,1,09:11:49.782224746
5214.5,1,09:11:50.776109588
5214.75,2,09:11:52.528821861
5214.5,1,09:11:53.309829343
5214.75,1,09:11:54.237266810
5214.75,17,09:11:54.818021566
5214.75,1,09:11:55.739675664
5214.75,2,09:11:57.020427025
5214.75,1,09:11:57.020642425
5214.5,1,09:11:57.337231016
5214.75,1,09:11:59.559779952
5214.75,6,09:11:59.771811175
5214.75,2,09:11:59.772148963
5214.75,1,09:11:59.772338723
5214.75,1,09:11:59.772674138
5214.75,3,09:11:59.772780518
5214.75,1,09:11:59.772780518
5214.75,1,09:11:59.784330953
5214.75,1,09:11:59.784791679
5214.75,1,09:11:59.785126863
5214.75,1,09:11:59.785167139
5214.75,1,09:11:59.785446531
5215.0,1,09:12:00.116392057
5215.0,1,09:12:00.121012228
5214.75,1,09:12:00.267948332
5214.75,1,09:12:00.268104264
5215.0,2,09:12:00.443830003
5215.0,32,09:12:00.444080469
5215.0,1,09:12:00.444220338
5215.0,10,09:12:00.444284809
5215.0,10,09:12:00.459972806
5215.0,1,09:12:00.460021508
5214.75,1,09:12:01.289861981
5214.75,2,09:12:01.290021197
5214.75,24,09:12:01.290550872
5214.75,6,09:12:01.303469747
5214.75,15,09:12:01.303687416
5214.75,6,09:12:01.303907487
5214.75,4,09:12:01.304705506
5214.75,3,09:12:01.304953578
5214.75,3,09:12:01.360294449
5214.75,1,09:12:01.811076214
5214.75,25,09:12:02.460021114
5214.75,5,09:12:02.460154778
5214.75,6,09:12:02.460634362
5214.5,1,09:12:03.124164618
5214.75,1,09:12:03.199963438
5214.75,1,09:12:03.200168396
5214.75,1,09:12:03.200360892
5214.75,5,09:12:03.200433360
5214.75,1,09:12:03.200693011
5214.75,7,09:12:03.213463394
5214.75,1,09:12:03.820174312
5214.75,3,09:12:04.000442404
5214.75,26,09:12:04.575387969
5214.75,1,09:12:05.012205418
5214.5,1,09:12:06.463513675
5214.5,5,09:12:07.640562044
5214.75,18,09:12:07.959392421
5214.75,1,09:12:07.961467368
5214.75,1,09:12:07.961629788
5214.75,1,09:12:07.961666726
5214.75,4,09:12:07.968649120
5214.75,1,09:12:07.969051250
5214.75,2,09:12:07.981586172
5214.75,1,09:12:07.981617107
5214.75,5,09:12:08.588018263
5214.75,12,09:12:08.588445760
5214.5,2,09:12:08.653616962
5214.75,1,09:12:09.035825927
5214.5,2,09:12:11.119306477
5214.5,2,09:12:12.127060660
5214.5,1,09:12:12.127089543
5214.5,30,09:12:12.127488969
5214.5,6,09:12:12.127589258
5214.5,1,09:12:12.127626220
5214.5,2,09:12:12.127705103
5214.5,1,09:12:12.127705103
5214.5,1,09:12:12.127752570
5214.5,2,09:12:12.127752570
5214.5,1,09:12:12.127780866
5214.5,1,09:12:12.127834102
5214.5,21,09:12:12.127921989
5214.5,3,09:12:12.127948994
5214.5,10,09:12:12.128077166
5214.5,2,09:12:12.128163588
5214.5,10,09:12:12.128258303
5214.5,3,09:12:12.130619883
5214.5,4,09:12:12.130954974
5214.5,4,09:12:12.137409208
5214.25,1,09:12:12.899010814
5214.25,1,09:12:12.899023781
5214.25,1,09:12:12.923691029
5214.25,1,09:12:12.924510665
5214.25,1,09:12:12.991506334
5214.25,4,09:12:13.076860701
5214.25,4,09:12:13.076955323
5214.25,1,09:12:13.077034739
5214.25,2,09:12:13.077034739
5214.25,1,09:12:13.077062800
5214.25,47,09:12:13.077257493
5214.0,1,09:12:13.130708815
5214.0,1,09:12:13.130719778
5214.0,2,09:12:13.130872105
5214.0,1,09:12:13.130935498
5214.0,73,09:12:14.357720065
5213.75,1,09:12:14.447577696
5213.75,1,09:12:14.447589933
5213.75,1,09:12:14.692478180
5213.75,4,09:12:14.787161295
5213.75,1,09:12:15.284454932
5213.75,3,09:12:15.622803386
5213.75,53,09:12:15.860562942
5213.75,2,09:12:16.201145275
5213.75,45,09:12:16.446582243
5213.75,1,09:12:16.447169675
5214.0,15,09:12:16.447597412
5214.0,1,09:12:16.447612830
5214.25,7,09:12:16.447819851
5214.0,33,09:12:16.447819851
5214.0,3,09:12:16.448480531
5214.0,4,09:12:16.448569252
5214.0,2,09:12:16.448702439
5214.0,1,09:12:16.448773954
5214.0,1,09:12:16.622744780
5214.0,1,09:12:16.647270467
5214.25,2,09:12:16.648040914
5214.25,4,09:12:16.648307972
5214.25,1,09:12:16.648381295
5214.25,5,09:12:16.648802008
5214.25,4,09:12:16.649012396
5214.25,1,09:12:16.649093405
5214.25,10,09:12:16.649247834
5214.25,1,09:12:16.649327470
5214.25,1,09:12:17.319962505
5214.0,1,09:12:17.378682197
5214.25,15,09:12:17.446908567
5214.25,4,09:12:17.447313259
5214.25,1,09:12:17.506549822
5214.5,5,09:12:17.578180995
5214.5,23,09:12:17.701627606
5214.5,7,09:12:17.701779821
5214.5,1,09:12:17.701810691
5214.5,1,09:12:17.702194805
5214.5,1,09:12:17.862468531
5214.5,1,09:12:17.862534194
5214.5,1,09:12:17.862572834
5214.5,4,09:12:17.862805779
5214.5,2,09:12:17.862946049
5214.5,1,09:12:17.863037707
5214.5,1,09:12:17.863067375
5214.5,1,09:12:17.864209831
5214.5,6,09:12:17.867640428
5214.5,1,09:12:17.868196484
5214.5,2,09:12:18.015320065
5214.5,9,09:12:18.015520255
5214.5,1,09:12:18.015520255
5214.5,2,09:12:18.015943656
5214.5,2,09:12:18.017086816
5214.5,3,09:12:18.017121574
5214.5,4,09:12:18.017353819
5214.5,2,09:12:18.018094766
5214.5,1,09:12:18.018299503
5214.5,3,09:12:18.020104262
5214.5,2,09:12:18.020688511
5214.5,2,09:12:18.447226837
5214.5,1,09:12:18.447642061
5214.5,4,09:12:18.505396067
5214.5,1,09:12:18.505665919
5214.5,4,09:12:18.651769751
5214.5,2,09:12:18.651824117
5214.5,4,09:12:18.652115634
5214.5,2,09:12:18.652351248
5214.5,2,09:12:18.652565636
5214.25,2,09:12:19.036754908
5214.5,9,09:12:19.036979917
5214.5,1,09:12:19.037203951
5214.5,1,09:12:19.037477700
5214.5,1,09:12:19.037501285
5214.5,1,09:12:19.037692201
5214.5,4,09:12:19.037761280
5214.5,1,09:12:19.037860236
5214.5,1,09:12:19.037956933
5214.5,1,09:12:19.038161861
5214.5,1,09:12:19.038346598
5214.5,4,09:12:19.038541322
5214.5,1,09:12:19.038809497
5214.5,4,09:12:19.416387467
5214.5,1,09:12:19.416569119
5214.5,4,09:12:19.798141460
5214.5,1,09:12:19.798350821
5214.5,4,09:12:19.887418492
5214.5,1,09:12:20.011121493
5214.5,2,09:12:20.014378586
5214.5,3,09:12:20.014714461
5214.5,1,09:12:20.014899014
5214.25,1,09:12:20.089547870
5214.5,20,09:12:21.688474731
5214.5,2,09:12:22.939385207
5214.5,1,09:12:23.216742086
5214.5,1,09:12:23.765319661
5214.5,1,09:12:24.689117101
5214.5,2,09:12:24.969375650
5214.5,10,09:12:24.994781061
5214.5,9,09:12:24.995100296
5214.5,1,09:12:24.995338262
5214.5,1,09:12:24.995714699
5214.5,2,09:12:24.995714699
5214.25,5,09:12:25.177208358
5214.5,1,09:12:25.340095018
5214.5,1,09:12:25.781264622
5214.5,4,09:12:26.440615803
5214.5,1,09:12:28.406065844
5214.5,13,09:12:28.406455148
5214.5,1,09:12:30.118236465
5214.75,5,09:12:31.852641692
5214.75,10,09:12:31.853020813
5214.75,2,09:12:31.853121026
5214.75,1,09:12:31.853187562
5214.75,2,09:12:31.853187562
5214.75,2,09:12:32.102092272
5214.75,1,09:12:32.129817652
5214.75,1,09:12:32.180018995
5214.75,2,09:12:32.180868161
5214.75,1,09:12:32.201688397
5215.0,1,09:12:33.663187841
5215.0,61,09:12:34.046114239
5215.25,17,09:12:34.050995599
5215.25,1,09:12:34.051111773
5215.25,7,09:12:34.051223930
5215.25,1,09:12:34.054554029
5215.25,1,09:12:34.054801302
5215.25,2,09:12:34.054966617
5215.25,2,09:12:34.130145284
5215.25,1,09:12:34.227117317
5215.25,1,09:12:34.326001150
5215.25,5,09:12:34.355451046
5215.25,1,09:12:34.355632090
5215.25,1,09:12:34.355667489
5215.25,1,09:12:34.355893641
5215.25,2,09:12:34.356126500
5215.25,4,09:12:34.358044103
5215.25,2,09:12:34.358342171
5215.25,1,09:12:34.358506206
5215.25,1,09:12:35.078510518
5215.25,1,09:12:35.078536554
5215.5,1,09:12:35.096128334
5215.5,1,09:12:35.096140862
5215.5,1,09:12:35.099471346
5215.5,1,09:12:35.124052144
5215.5,1,09:12:35.776549208
5215.5,2,09:12:36.037555666
5215.5,1,09:12:37.141830358
5215.25,52,09:12:37.938883498
5215.0,48,09:12:37.938883498
5215.0,3,09:12:38.065489598
5215.0,2,09:12:38.588096411
5215.0,1,09:12:39.826202283
5215.0,2,09:12:41.081881530
5215.0,3,09:12:41.082043070
5215.0,1,09:12:41.082237010
5215.0,1,09:12:41.082387365
5215.0,1,09:12:41.454237502
5215.25,32,09:12:41.995310719
5215.25,7,09:12:41.995496841
5215.25,1,09:12:42.631750767
5215.5,1,09:12:43.037289521
5215.5,37,09:12:43.474175756
5215.5,10,09:12:43.474902689
5215.5,1,09:12:43.475132451
5215.5,1,09:12:43.475391995
5215.5,1,09:12:43.475446649
5215.5,1,09:12:43.475502884
5215.5,4,09:12:43.475760515
5215.5,1,09:12:43.475956525
5215.5,1,09:12:43.476177976
5215.5,1,09:12:43.477508819
5215.5,1,09:12:43.477829709
5215.25,1,09:12:43.567665016
5215.25,1,09:12:43.593844489
5215.25,1,09:12:43.649666580
5215.5,1,09:12:43.798205651
5215.5,1,09:12:44.186740577
5215.5,1,09:12:44.902348012
5215.25,1,09:12:46.051110729
5215.25,2,09:12:46.921788000
5215.25,1,09:12:47.022153263
5215.25,1,09:12:47.955710847
5215.25,1,09:12:48.433537823
5215.25,1,09:12:50.141086061
5215.25,1,09:12:50.630129222
5215.5,1,09:12:51.031044169
5215.25,1,09:12:52.201747633
5215.5,1,09:12:53.384446147
5215.25,2,09:12:53.770656331
5215.25,1,09:12:53.797654724
5215.25,1,09:12:53.797859816
5215.25,8,09:12:53.797916763
5215.25,2,09:12:53.797916763
5215.25,3,09:12:53.797978167
5215.25,1,09:12:53.798007432
5215.25,6,09:12:53.798095261
5215.25,2,09:12:53.798154014
5215.25,1,09:12:53.798216339
5215.25,3,09:12:53.798279543
5215.25,8,09:12:53.815648218
5215.25,1,09:12:53.815811812
5215.25,3,09:12:53.815875416
5215.25,1,09:12:53.852066469
5215.25,2,09:12:53.854189923
5215.25,1,09:12:53.854240677
5215.5,28,09:12:54.570351568
5215.5,8,09:12:54.817587523
5215.5,1,09:12:55.056244098
5215.5,3,09:12:55.056429157
5215.25,5,09:12:56.084890587
5215.25,3,09:12:56.474118887
5215.25,18,09:12:56.795488662
5215.5,18,09:12:58.098464475
5215.5,1,09:12:58.099068826
5215.5,3,09:12:58.099171122
5215.5,3,09:12:58.099293534
5215.5,18,09:12:58.316595496
5215.5,6,09:12:58.477171699
5215.5,1,09:12:58.477698008
5215.5,1,09:12:58.477883391
5215.5,9,09:12:58.704970035
5215.25,1,09:12:58.870826077
5215.5,1,09:13:00.010998880
5215.5,1,09:13:00.151180369
5215.5,3,09:13:00.235691927
5215.5,14,09:13:00.236013059
5215.5,1,09:13:00.236220088
5215.5,1,09:13:00.236280434
5215.5,3,09:13:00.236471971
5215.5,2,09:13:00.236557381
5215.5,1,09:13:00.236666627
5215.25,1,09:13:01.459441396
5215.5,1,09:13:03.044079596
5215.25,1,09:13:03.973635758
5215.25,1,09:13:03.997808411
5215.25,1,09:13:04.083007314
5215.25,2,09:13:04.148878522
5215.25,2,09:13:04.148935877
5215.25,2,09:13:04.148992512
5215.25,2,09:13:04.149085577
5215.25,1,09:13:04.149119103
5215.25,3,09:13:04.199090463
5215.25,1,09:13:04.257175822
5215.5,24,09:13:04.271838631
5215.25,1,09:13:05.274517036
5215.25,1,09:13:05.403561956
5215.25,1,09:13:05.770726948
5215.25,26,09:13:05.986309432
5215.0,1,09:13:05.987557208
5215.0,1,09:13:05.988219570
5215.0,1,09:13:06.241759931
5215.0,2,09:13:06.241828086
5215.0,4,09:13:06.241828086
5215.0,1,09:13:06.241891885
5215.0,57,09:13:06.242227716
5215.0,1,09:13:06.551459103
5215.0,4,09:13:06.773911830
5215.0,1,09:13:06.774051247
5215.0,2,09:13:06.774118635
5215.0,1,09:13:06.774162744
5215.0,1,09:13:06.774213446
5215.0,1,09:13:06.774487538
5215.0,4,09:13:06.774704930
5215.0,1,09:13:06.775796086
5215.0,1,09:13:06.800011450
5215.0,1,09:13:06.800194628
5215.0,1,09:13:06.800407359
5215.0,1,09:13:07.842902319
5214.75,1,09:13:08.502341723
5215.0,9,09:13:09.160850606
5215.0,2,09:13:09.160904267
5215.0,2,09:13:09.160948822
5215.0,2,09:13:09.161232914
5215.0,1,09:13:09.161783215
5215.0,1,09:13:09.161851317
5215.0,3,09:13:11.221756730
5215.0,22,09:13:12.346810488
5215.0,6,09:13:12.763838094
5215.0,1,09:13:12.764085813
5215.0,2,09:13:12.764130388
5215.0,4,09:13:12.764294347
5215.0,3,09:13:12.764498604
5215.0,1,09:13:12.764848643
5214.75,6,09:13:12.892116421
5215.0,9,09:13:12.892116421
5215.0,1,09:13:13.043760026
5214.75,1,09:13:13.506729374
5214.75,28,09:13:13.582321128
5214.75,6,09:13:13.582642596
5214.75,30,09:13:13.582861545
5214.75,2,09:13:13.587343521
5214.75,2,09:13:13.587522981
5214.75,1,09:13:13.587568422
5214.75,4,09:13:13.587832624
5214.75,1,09:13:13.588031839
5214.75,2,09:13:13.588083021
5214.75,3,09:13:13.885974599
5214.5,2,09:13:13.893826880
5214.5,5,09:13:13.893836451
5214.5,1,09:13:13.942039184
5214.5,1,09:13:14.780603020
5214.5,1,09:13:15.081459726
5214.5,1,09:13:15.882909967
5214.5,40,09:13:16.711170408
5214.5,1,09:13:16.711448900
5214.5,1,09:13:16.711488177
5214.5,24,09:13:16.711793798
5214.5,9,09:13:16.712604776
5214.5,1,09:13:16.712675087
5214.25,1,09:13:16.880630012
5214.5,1,09:13:17.412836919
5214.5,27,09:13:17.479777251
5214.5,3,09:13:17.480008085
5214.5,6,09:13:17.480439277
5214.5,6,09:13:17.480699727
5214.5,2,09:13:17.480823932
5214.5,2,09:13:17.480863899
5214.5,1,09:13:17.480907082
5214.5,1,09:13:17.481043462
5214.5,1,09:13:17.765894161
5214.5,1,09:13:17.935524032
5214.5,3,09:13:19.451211882
5214.75,6,09:13:20.076368159
5214.75,4,09:13:20.076564067
5214.75,1,09:13:20.076857824
5214.75,5,09:13:20.077122644
5214.75,1,09:13:21.100094969
5214.5,1,09:13:21.166240202
5214.75,1,09:13:22.144747614
5214.5,1,09:13:24.298890154
5214.75,1,09:13:25.506465609
5214.75,2,09:13:25.506653625
5214.75,1,09:13:25.506712452
5214.75,1,09:13:25.507065435
5214.75,1,09:13:25.515847805
5214.5,1,09:13:25.789534721
5214.75,14,09:13:27.373094521
5214.75,1,09:13:27.528492170
5214.75,1,09:13:27.555454636
5215.0,1,09:13:28.728055199
5214.75,10,09:13:30.028275165
5214.75,2,09:13:30.028302657
5214.75,2,09:13:30.028433987
5214.75,2,09:13:30.028499054
5214.75,4,09:13:30.028566249
5214.75,7,09:13:30.028566249
5214.75,2,09:13:30.028633312
5214.75,1,09:13:30.028633312
5214.75,2,09:13:30.028707906
5214.75,4,09:13:30.028707906
5214.75,7,09:13:30.028745095
5214.75,3,09:13:30.028994850
5214.75,15,09:13:30.029111177
5214.75,2,09:13:30.029673430
5214.75,1,09:13:30.029869556
5214.75,4,09:13:30.029975855
5214.75,14,09:13:30.034012849
5214.75,1,09:13:30.102371920
5214.75,1,09:13:30.432517082
5214.5,1,09:13:31.695181099
5214.5,5,09:13:31.982488472
5214.5,5,09:13:32.257714357
5214.75,2,09:13:32.593468252
5214.5,38,09:13:32.727205661
5214.5,1,09:13:32.727975658
5214.25,1,09:13:33.786295687
5214.25,1,09:13:33.803288668
5214.75,4,09:13:34.992890212
5214.5,46,09:13:34.992890212
5214.5,1,09:13:34.993491997
5214.5,1,09:13:34.993557175
5214.75,2,09:13:35.483136161
5214.75,2,09:13:35.483521890
5214.75,1,09:13:35.483521890
5214.75,6,09:13:35.483730480
5214.75,2,09:13:35.483730480
5214.75,1,09:13:35.484011058
5214.75,2,09:13:35.484295925
5214.75,2,09:13:35.484548358
5214.75,3,09:13:35.484548358
5214.75,6,09:13:35.494350499
5214.5,2,09:13:37.132539208
5214.75,13,09:13:37.483436606
5214.75,1,09:13:37.483565924
5214.5,1,09:13:37.809337834
5214.5,1,09:13:42.680782661
5214.5,2,09:13:44.641577143
5214.5,1,09:13:44.675881312
5214.5,2,09:13:44.791838974
5214.5,10,09:13:44.791906863
5214.5,2,09:13:44.791979030
