bidVolume,bidPrice,askVolume,askPrice,timestamp
195,110.49,114,110.5,10:00:00.141293152
196,110.49,114,110.5,10:00:00.317577790
195,110.49,114,110.5,10:00:00.317790527
195,110.49,116,110.5,10:00:02.006292223
195,110.49,118,110.5,10:00:02.006892760
196,110.49,118,110.5,10:00:02.006892760
195,110.49,118,110.5,10:00:02.006956878
196,110.49,118,110.5,10:00:02.658348797
196,110.49,119,110.5,10:00:04.506727120
195,110.49,119,110.5,10:00:05.075551424
196,110.49,119,110.5,10:00:05.300116329
195,110.49,119,110.5,10:00:05.622802171
195,110.49,59,110.5,10:00:06.441984078
196,110.49,59,110.5,10:00:06.442080106
195,110.49,59,110.5,10:00:07.599694729
195,110.49,125,110.5,10:00:07.600163177
195,110.49,135,110.5,10:00:07.600825973
195,110.49,125,110.5,10:00:07.606837141
194,110.49,125,110.5,10:00:07.683242243
194,110.49,133,110.5,10:00:07.700994836
194,110.49,143,110.5,10:00:07.706786272
194,110.49,144,110.5,10:00:07.718332072
194,110.49,145,110.5,10:00:07.718332072
193,110.49,145,110.5,10:00:07.718442508
192,110.49,145,110.5,10:00:07.749200029
193,110.49,145,110.5,10:00:07.974307783
192,110.49,145,110.5,10:00:08.094410093
191,110.49,145,110.5,10:00:08.952193196
189,110.49,145,110.5,10:00:08.952565859
188,110.49,145,110.5,10:00:08.952565859
188,110.49,175,110.5,10:00:08.952964582
187,110.49,175,110.5,10:00:08.953057029
187,110.49,177,110.5,10:00:08.953057029
187,110.49,175,110.5,10:00:08.953668026
188,110.49,175,110.5,10:00:08.957427622
189,110.49,175,110.5,10:00:08.957693369
189,110.49,145,110.5,10:00:08.957932139
190,110.49,145,110.5,10:00:08.958160572
190,110.49,135,110.5,10:00:08.958256796
191,110.49,135,110.5,10:00:08.961288900
199,110.49,135,110.5,10:00:08.963233477
200,110.49,135,110.5,10:00:08.963590075
201,110.49,135,110.5,10:00:08.963590075
193,110.49,135,110.5,10:00:08.963590075
192,110.49,135,110.5,10:00:08.963828277
191,110.49,135,110.5,10:00:09.019426766
192,110.49,135,110.5,10:00:09.021424380
193,110.49,135,110.5,10:00:12.051065915
192,110.49,135,110.5,10:00:12.051213207
191,110.49,135,110.5,10:00:15.004834792
192,110.49,135,110.5,10:00:15.221824506
192,110.49,136,110.5,10:00:15.798910695
193,110.49,136,110.5,10:00:17.193278768
192,110.49,136,110.5,10:00:17.193435517
191,110.49,136,110.5,10:00:17.535035675
192,110.49,136,110.5,10:00:17.561208784
193,110.49,136,110.5,10:00:18.751697357
196,110.49,136,110.5,10:00:18.917585555
196,110.49,128,110.5,10:00:19.332585157
196,110.49,62,110.5,10:00:19.334850600
196,110.49,54,110.5,10:00:19.338432815
220,110.49,54,110.5,10:00:19.376060425
227,110.49,54,110.5,10:00:19.376231555
227,110.49,47,110.5,10:00:19.387101564
227,110.49,46,110.5,10:00:19.389828432
227,110.49,45,110.5,10:00:19.393572132
227,110.49,44,110.5,10:00:19.393588234
227,110.49,43,110.5,10:00:19.393910435
227,110.49,46,110.5,10:00:19.397213054
227,110.49,56,110.5,10:00:19.397237879
227,110.49,63,110.5,10:00:19.397417015
227,110.49,64,110.5,10:00:19.397417015
227,110.49,63,110.5,10:00:19.397695409
227,110.49,62,110.5,10:00:19.422148040
227,110.49,55,110.5,10:00:20.755944061
227,110.49,62,110.5,10:00:20.756179818
227,110.49,63,110.5,10:00:20.759927812
227,110.49,62,110.5,10:00:20.760081645
227,110.49,63,110.5,10:00:20.760722263
227,110.49,62,110.5,10:00:20.760878295
227,110.49,55,110.5,10:00:20.776656219
227,110.49,45,110.5,10:00:20.776803417
227,110.49,52,110.5,10:00:20.827094079
227,110.49,53,110.5,10:00:20.827243310
227,110.49,52,110.5,10:00:21.744675465
227,110.49,45,110.5,10:00:22.119566646
227,110.49,46,110.5,10:00:22.378873460
227,110.49,53,110.5,10:00:22.382457566
227,110.49,63,110.5,10:00:22.471452614
227,110.49,71,110.5,10:00:22.472418287
220,110.49,71,110.5,10:00:22.514762722
196,110.49,71,110.5,10:00:22.514827395
196,110.49,72,110.5,10:00:22.562387629
195,110.49,72,110.5,10:00:23.785243587
195,110.49,71,110.5,10:00:23.796575822
195,110.49,70,110.5,10:00:23.796645349
196,110.49,70,110.5,10:00:23.996963016
195,110.49,70,110.5,10:00:24.006532233
195,110.49,60,110.5,10:00:24.077338328
196,110.49,60,110.5,10:00:24.077487599
196,110.49,52,110.5,10:00:24.502109174
196,110.49,51,110.5,10:00:24.587604256
223,110.49,51,110.5,10:00:24.587719755
223,110.49,50,110.5,10:00:24.635259318
223,110.49,49,110.5,10:00:25.504286074
223,110.49,48,110.5,10:00:25.504382029
223,110.49,41,110.5,10:00:25.504382029
223,110.49,40,110.5,10:00:25.504496195
223,110.49,38,110.5,10:00:25.504496195
223,110.49,37,110.5,10:00:25.504496195
223,110.49,34,110.5,10:00:25.504496195
223,110.49,35,110.5,10:00:25.504496195
223,110.49,36,110.5,10:00:25.504896511
223,110.49,38,110.5,10:00:25.505112879
223,110.49,41,110.5,10:00:25.505148790
223,110.49,40,110.5,10:00:25.505148790
223,110.49,41,110.5,10:00:25.505216387
223,110.49,42,110.5,10:00:25.505216387
223,110.49,43,110.5,10:00:25.505767977
223,110.49,44,110.5,10:00:25.505767977
223,110.49,43,110.5,10:00:25.506907384
223,110.49,42,110.5,10:00:25.508510682
223,110.49,41,110.5,10:00:25.508510682
223,110.49,43,110.5,10:00:25.509949104
223,110.49,50,110.5,10:00:25.510028592
223,110.49,43,110.5,10:00:25.510960921
223,110.49,50,110.5,10:00:25.530826940
223,110.49,60,110.5,10:00:25.530840834
223,110.49,61,110.5,10:00:25.531131085
223,110.49,60,110.5,10:00:25.531239845
223,110.49,50,110.5,10:00:25.564902348
223,110.49,43,110.5,10:00:25.565197791
223,110.49,40,110.5,10:00:25.566827002
223,110.49,41,110.5,10:00:25.568020985
223,110.49,40,110.5,10:00:25.568323398
223,110.49,41,110.5,10:00:25.570378210
223,110.49,40,110.5,10:00:25.571616897
223,110.49,39,110.5,10:00:25.592725663
223,110.49,38,110.5,10:00:25.593285059
223,110.49,40,110.5,10:00:25.601199661
223,110.49,43,110.5,10:00:25.601313069
223,110.49,53,110.5,10:00:25.601337801
223,110.49,60,110.5,10:00:25.601337801
223,110.49,50,110.5,10:00:25.773628721
223,110.49,60,110.5,10:00:25.795398029
223,110.49,61,110.5,10:00:26.107309954
223,110.49,60,110.5,10:00:26.147527726
223,110.49,61,110.5,10:00:26.186306235
223,110.49,51,110.5,10:00:26.200493806
223,110.49,52,110.5,10:00:26.206078718
223,110.49,60,110.5,10:00:31.540708760
222,110.49,60,110.5,10:00:31.540869584
221,110.49,60,110.5,10:00:31.541949504
194,110.49,60,110.5,10:00:31.542726483
193,110.49,60,110.5,10:00:31.542879215
192,110.49,60,110.5,10:00:31.542879215
192,110.49,88,110.5,10:00:31.543193615
191,110.49,88,110.5,10:00:31.543219699
191,110.49,98,110.5,10:00:31.543219699
191,110.49,106,110.5,10:00:31.543219699
191,110.49,171,110.5,10:00:31.543340870
193,110.49,171,110.5,10:00:31.543456936
194,110.49,171,110.5,10:00:31.543607465
194,110.49,181,110.5,10:00:31.544131464
194,110.49,171,110.5,10:00:31.544964276
194,110.49,143,110.5,10:00:31.546738109
194,110.49,144,110.5,10:00:31.554923483
194,110.49,145,110.5,10:00:31.555000452
195,110.49,145,110.5,10:00:31.561308864
196,110.49,145,110.5,10:00:31.561308864
196,110.49,80,110.5,10:00:31.562324745
196,110.49,70,110.5,10:00:31.562511596
195,110.49,70,110.5,10:00:31.563507791
195,110.49,69,110.5,10:00:31.573630952
195,110.49,68,110.5,10:00:31.573630952
195,110.49,78,110.5,10:00:31.599500583
194,110.49,78,110.5,10:00:31.616133772
194,110.49,143,110.5,10:00:31.662436301
195,110.49,143,110.5,10:00:31.680997793
194,110.49,143,110.5,10:00:32.327885233
193,110.49,143,110.5,10:00:32.327955560
194,110.49,143,110.5,10:00:32.328114411
193,110.49,143,110.5,10:00:32.387285197
194,110.49,143,110.5,10:00:32.389581630
201,110.49,143,110.5,10:00:32.800896891
201,110.49,135,110.5,10:00:34.861756608
202,110.49,135,110.5,10:00:34.861829331
203,110.49,135,110.5,10:00:34.862063293
202,110.49,135,110.5,10:00:34.862261632
202,110.49,127,110.5,10:00:34.864495515
202,110.49,62,110.5,10:00:34.864576535
202,110.49,52,110.5,10:00:34.864741419
202,110.49,60,110.5,10:00:34.865122074
202,110.49,52,110.5,10:00:34.866006960
202,110.49,60,110.5,10:00:34.917401444
202,110.49,52,110.5,10:00:34.919159164
203,110.49,52,110.5,10:00:34.920054933
203,110.49,60,110.5,10:00:36.112450748
203,110.49,134,110.5,10:00:36.115466451
202,110.49,134,110.5,10:00:36.115604163
203,110.49,134,110.5,10:00:36.116496896
202,110.49,134,110.5,10:00:36.323575048
203,110.49,134,110.5,10:00:36.331977532
202,110.49,134,110.5,10:00:36.367457828
203,110.49,134,110.5,10:00:36.696521380
202,110.49,134,110.5,10:00:37.601367286
202,110.49,60,110.5,10:00:39.031294952
202,110.49,52,110.5,10:00:39.031699880
202,110.49,60,110.5,10:00:39.106622739
202,110.49,98,110.5,10:00:39.184227087
202,110.49,134,110.5,10:00:39.184227087
202,110.49,144,110.5,10:00:39.184517999
202,110.49,134,110.5,10:00:40.798274117
203,110.49,134,110.5,10:00:40.798514997
203,110.49,126,110.5,10:00:40.986377424
203,110.49,90,110.5,10:00:40.986667299
203,110.49,52,110.5,10:00:40.986743437
202,110.49,52,110.5,10:00:42.730204073
202,110.49,60,110.5,10:00:42.734268358
202,110.49,52,110.5,10:00:43.334654792
219,110.49,52,110.5,10:00:43.988686706
233,110.49,52,110.5,10:00:43.988902091
235,110.49,52,110.5,10:00:43.988945461
236,110.49,52,110.5,10:00:43.989229180
236,110.49,51,110.5,10:00:43.989229180
236,110.49,52,110.5,10:00:44.873853677
236,110.49,51,110.5,10:00:44.878485314
236,110.49,50,110.5,10:00:45.080719790
236,110.49,49,110.5,10:00:45.080719790
236,110.49,39,110.5,10:00:45.080875870
236,110.49,38,110.5,10:00:45.080889742
236,110.49,24,110.5,10:00:45.080905025
236,110.49,22,110.5,10:00:45.080905025
236,110.49,20,110.5,10:00:45.080905025
236,110.49,19,110.5,10:00:45.080918744
236,110.49,18,110.5,10:00:45.080918744
236,110.49,16,110.5,10:00:45.080934408
236,110.49,15,110.5,10:00:45.080934408
236,110.49,13,110.5,10:00:45.080934408
236,110.49,11,110.5,10:00:45.080934408
236,110.49,8,110.5,10:00:45.080948110
236,110.49,1,110.5,10:00:45.080964523
236,110.49,255,110.51,10:00:45.081797703
1,110.5,255,110.51,10:00:45.082039137
236,110.49,255,110.51,10:00:45.082621645
238,110.49,255,110.51,10:00:45.083009897
239,110.49,255,110.51,10:00:45.083038150
244,110.49,255,110.51,10:00:45.083096184
1,110.5,255,110.51,10:00:45.083145234
1,110.5,254,110.51,10:00:45.084083158
1,110.5,253,110.51,10:00:45.084130086
263,110.49,253,110.51,10:00:45.084143989
258,110.49,253,110.51,10:00:45.084190131
258,110.49,249,110.51,10:00:45.084190131
258,110.49,237,110.51,10:00:45.084190131
1,110.5,237,110.51,10:00:45.084438518
3,110.5,237,110.51,10:00:45.084469010
5,110.5,237,110.51,10:00:45.084469010
6,110.5,237,110.51,10:00:45.084499497
5,110.5,237,110.51,10:00:45.084718488
4,110.5,237,110.51,10:00:45.084734641
4,110.5,246,110.51,10:00:45.084838894
4,110.5,232,110.51,10:00:45.084935333
4,110.5,220,110.51,10:00:45.085271105
3,110.5,220,110.51,10:00:45.087993223
1,110.5,220,110.51,10:00:45.087993223
270,110.49,220,110.51,10:00:45.088059383
266,110.49,220,110.51,10:00:45.088432764
269,110.49,220,110.51,10:00:45.099378555
272,110.49,220,110.51,10:00:45.099378555
272,110.49,12,110.5,10:00:45.121496826
277,110.49,12,110.5,10:00:45.123600050
281,110.49,12,110.5,10:00:45.123831954
331,110.49,12,110.5,10:00:45.978257328
331,110.49,223,110.51,10:00:45.978646635
2,110.5,223,110.51,10:00:45.978646635
322,110.49,223,110.51,10:00:45.978998172
322,110.49,211,110.51,10:00:45.979151947
324,110.49,211,110.51,10:00:45.979227643
322,110.49,211,110.51,10:00:45.979709870
322,110.49,208,110.51,10:00:47.254768974
2,110.5,208,110.51,10:00:47.318563991
6,110.5,208,110.51,10:00:47.318847450
20,110.5,208,110.51,10:00:47.319207395
18,110.5,208,110.51,10:00:47.329692006
14,110.5,208,110.51,10:00:47.329692006
336,110.49,208,110.51,10:00:47.404402110
322,110.49,208,110.51,10:00:47.404829117
323,110.49,208,110.51,10:00:47.415700979
323,110.49,211,110.51,10:00:47.415775383
324,110.49,211,110.51,10:00:47.415775383
324,110.49,214,110.51,10:00:47.415849072
2,110.5,214,110.51,10:00:48.614458806
5,110.5,214,110.51,10:00:48.614830958
6,110.5,214,110.51,10:00:48.615060700
20,110.5,214,110.51,10:00:48.615169490
20,110.5,213,110.51,10:00:48.625759690
20,110.5,212,110.51,10:00:48.625836874
27,110.5,212,110.51,10:00:49.295141544
97,110.5,212,110.51,10:00:56.316418608
97,110.5,213,110.51,10:00:56.327740956
97,110.5,214,110.51,10:00:56.327853570
27,110.5,214,110.51,10:00:56.460233760
28,110.5,214,110.51,10:01:03.553003200
29,110.5,214,110.51,10:01:03.553186858
30,110.5,214,110.51,10:01:03.556868926
32,110.5,214,110.51,10:01:03.779942826
33,110.5,214,110.51,10:01:03.779942826
33,110.5,234,110.51,10:01:03.958431971
34,110.5,234,110.51,10:01:03.969798354
35,110.5,234,110.51,10:01:03.969873535
35,110.5,233,110.51,10:01:03.969873535
35,110.5,232,110.51,10:01:03.969947951
36,110.5,232,110.51,10:01:04.414003046
37,110.5,232,110.51,10:01:04.414170515
38,110.5,232,110.51,10:01:04.414246429
37,110.5,232,110.51,10:01:05.078178154
36,110.5,232,110.51,10:01:05.078240302
36,110.5,233,110.51,10:01:05.760066695
37,110.5,233,110.51,10:01:08.819286668
36,110.5,233,110.51,10:01:08.843465590
37,110.5,233,110.51,10:01:09.170160310
36,110.5,233,110.51,10:01:09.170807125
91,110.5,233,110.51,10:01:11.510096419
92,110.5,233,110.51,10:01:11.510834215
91,110.5,233,110.51,10:01:11.510834215
110,110.5,233,110.51,10:01:11.511142547
91,110.5,233,110.51,10:01:17.193891010
36,110.5,233,110.51,10:01:17.193961570
37,110.5,233,110.51,10:01:17.548027706
36,110.5,233,110.51,10:01:17.580780649
102,110.5,233,110.51,10:01:18.065504297
102,110.5,253,110.51,10:01:23.025587087
103,110.5,253,110.51,10:01:23.036930258
104,110.5,253,110.51,10:01:23.037013799
104,110.5,254,110.51,10:01:23.037013799
104,110.5,255,110.51,10:01:23.037088324
104,110.5,235,110.51,10:01:23.473318610
38,110.5,235,110.51,10:01:26.069071187
39,110.5,235,110.51,10:01:26.460537531
38,110.5,235,110.51,10:01:27.341199699
39,110.5,235,110.51,10:01:27.342049311
38,110.5,235,110.51,10:01:27.566418573
38,110.5,255,110.51,10:01:29.022443186
83,110.5,255,110.51,10:01:29.162382667
112,110.5,255,110.51,10:01:29.162461809
67,110.5,255,110.51,10:01:32.250819773
38,110.5,255,110.51,10:01:32.250920388
39,110.5,255,110.51,10:01:32.589336233
40,110.5,255,110.51,10:01:32.864859091
39,110.5,255,110.51,10:01:32.865002979
38,110.5,255,110.51,10:01:32.865259993
39,110.5,255,110.51,10:01:32.867501093
38,110.5,255,110.51,10:01:32.868858532
39,110.5,255,110.51,10:01:32.872230919
89,110.5,255,110.51,10:01:32.873321051
113,110.5,255,110.51,10:01:32.873390830
112,110.5,255,110.51,10:01:32.965114104
112,110.5,235,110.51,10:01:33.046346862
112,110.5,255,110.51,10:01:33.059625560
112,110.5,285,110.51,10:01:33.188406090
112,110.5,255,110.51,10:01:33.294104164
112,110.5,235,110.51,10:01:34.760662981
112,110.5,255,110.51,10:01:35.260188719
112,110.5,235,110.51,10:01:35.509198385
112,110.5,255,110.51,10:01:35.937731706
112,110.5,285,110.51,10:01:37.806404640
113,110.5,285,110.51,10:01:37.807044330
112,110.5,285,110.51,10:01:37.807259981
112,110.5,255,110.51,10:01:37.807365235
113,110.5,255,110.51,10:01:37.808867468
114,110.5,255,110.51,10:01:37.809360120
113,110.5,255,110.51,10:01:37.809653680
114,110.5,255,110.51,10:01:37.810041906
113,110.5,255,110.51,10:01:37.838942516
112,110.5,255,110.51,10:01:37.839308950
112,110.5,257,110.51,10:01:37.839846726
112,110.5,259,110.51,10:01:37.840213529
113,110.5,259,110.51,10:01:37.846989272
113,110.5,255,110.51,10:01:37.847308422
112,110.5,255,110.51,10:01:37.847428466
112,110.5,235,110.51,10:01:37.854197874
112,110.5,227,110.51,10:01:37.874785780
113,110.5,227,110.51,10:01:37.874800245
114,110.5,227,110.51,10:01:37.874978482
113,110.5,227,110.51,10:01:37.917646083
112,110.5,227,110.51,10:01:37.917747303
112,110.5,237,110.51,10:01:37.918342246
112,110.5,247,110.51,10:01:37.918730086
113,110.5,247,110.51,10:01:37.940904045
113,110.5,227,110.51,10:01:37.941182848
114,110.5,227,110.51,10:01:37.947374978
139,110.5,227,110.51,10:01:37.953011547
146,110.5,227,110.51,10:01:37.953166743
146,110.5,214,110.51,10:01:37.955189386
146,110.5,196,110.51,10:01:37.955189386
146,110.5,133,110.51,10:01:37.966180066
147,110.5,133,110.51,10:01:37.966459756
148,110.5,133,110.51,10:01:37.966580812
141,110.5,133,110.51,10:01:37.990015912
116,110.5,133,110.51,10:01:37.990015912
141,110.5,133,110.51,10:01:38.093196425
148,110.5,133,110.51,10:01:38.093242975
123,110.5,133,110.51,10:01:39.047877776
116,110.5,133,110.51,10:01:39.047944024
116,110.5,153,110.51,10:01:39.512206576
116,110.5,133,110.51,10:01:39.554211710
116,110.5,153,110.51,10:01:40.323368326
116,110.5,133,110.51,10:01:40.516467824
115,110.5,133,110.51,10:01:40.745063119
115,110.5,153,110.51,10:01:40.763543531
116,110.5,153,110.51,10:01:40.763727266
115,110.5,153,110.51,10:01:41.126455986
116,110.5,153,110.51,10:01:41.878180123
115,110.5,153,110.51,10:01:42.972592931
114,110.5,153,110.51,10:01:42.972656996
115,110.5,153,110.51,10:01:42.972773899
116,110.5,153,110.51,10:01:43.162991907
115,110.5,153,110.51,10:01:43.298226932
114,110.5,153,110.51,10:01:43.298387175
64,110.5,153,110.51,10:01:43.298648365
40,110.5,153,110.51,10:01:43.298722445
40,110.5,159,110.51,10:01:43.299198176
41,110.5,159,110.51,10:01:43.299198176
42,110.5,159,110.51,10:01:43.299262010
42,110.5,153,110.51,10:01:43.300052433
41,110.5,153,110.51,10:01:43.314463344
40,110.5,153,110.51,10:01:43.314530886
40,110.5,133,110.51,10:01:43.345151322
41,110.5,133,110.51,10:01:43.356435788
40,110.5,133,110.51,10:01:43.356599789
41,110.5,133,110.51,10:01:43.357141513
42,110.5,133,110.51,10:01:43.357141513
42,110.5,153,110.51,10:01:43.373407392
41,110.5,153,110.51,10:01:43.373585067
40,110.5,153,110.51,10:01:43.373647544
39,110.5,153,110.51,10:01:43.669807800
40,110.5,153,110.51,10:01:43.852608133
39,110.5,153,110.51,10:01:43.854879696
38,110.5,153,110.51,10:01:43.974810254
40,110.5,153,110.51,10:01:44.054340231
38,110.5,153,110.51,10:01:44.937589953
37,110.5,153,110.51,10:01:44.938254323
37,110.5,173,110.51,10:01:45.364991200
37,110.5,184,110.51,10:01:45.365047392
34,110.5,184,110.51,10:01:45.365243990
33,110.5,184,110.51,10:01:45.365335926
19,110.5,184,110.51,10:01:45.365460883
18,110.5,184,110.51,10:01:45.365460883
18,110.5,190,110.51,10:01:45.365460883
16,110.5,190,110.51,10:01:45.365460883
16,110.5,193,110.51,10:01:45.365460883
16,110.5,223,110.51,10:01:45.366164850
16,110.5,270,110.51,10:01:45.368853798
16,110.5,297,110.51,10:01:45.368853798
14,110.5,297,110.51,10:01:45.369868899
13,110.5,297,110.51,10:01:45.376258479
13,110.5,296,110.51,10:01:45.376330447
12,110.5,296,110.51,10:01:45.376403244
12,110.5,295,110.51,10:01:45.376477327
5,110.5,295,110.51,10:01:45.376631643
4,110.5,295,110.51,10:01:45.376753406
3,110.5,295,110.51,10:01:45.376775685
2,110.5,295,110.51,10:01:45.376775685
1,110.5,295,110.51,10:01:45.376775685
333,110.49,295,110.51,10:01:45.376775685
329,110.49,295,110.51,10:01:45.376860311
329,110.49,303,110.51,10:01:45.377311022
317,110.49,303,110.51,10:01:45.377337568
317,110.49,14,110.5,10:01:45.385799269
317,110.49,15,110.5,10:01:45.385988962
317,110.49,16,110.5,10:01:45.386052239
317,110.49,17,110.5,10:01:45.388423850
317,110.49,18,110.5,10:01:45.390208575
317,110.49,19,110.5,10:01:45.390466953
317,110.49,20,110.5,10:01:45.390539941
317,110.49,21,110.5,10:01:45.391527105
317,110.49,23,110.5,10:01:45.392297214
317,110.49,24,110.5,10:01:45.393086234
317,110.49,25,110.5,10:01:45.393481527
317,110.49,26,110.5,10:01:45.394720345
317,110.49,27,110.5,10:01:45.395925368
317,110.49,26,110.5,10:01:45.396408651
317,110.49,25,110.5,10:01:45.396503390
317,110.49,24,110.5,10:01:45.396503390
317,110.49,25,110.5,10:01:45.397590865
317,110.49,26,110.5,10:01:45.397718557
317,110.49,25,110.5,10:01:45.400194040
317,110.49,24,110.5,10:01:45.400194040
317,110.49,23,110.5,10:01:45.400862549
317,110.49,24,110.5,10:01:45.457720210
317,110.49,25,110.5,10:01:45.464886813
317,110.49,26,110.5,10:01:45.465182473
317,110.49,25,110.5,10:01:45.473134213
317,110.49,45,110.5,10:01:45.512579340
315,110.49,45,110.5,10:01:45.578335488
315,110.49,46,110.5,10:01:45.578506100
315,110.49,45,110.5,10:01:45.653865508
315,110.49,65,110.5,10:01:45.711122539
298,110.49,65,110.5,10:01:45.765251954
284,110.49,65,110.5,10:01:45.765251954
284,110.49,95,110.5,10:01:45.805771895
272,110.49,95,110.5,10:01:45.806216450
272,110.49,96,110.5,10:01:45.806479793
272,110.49,97,110.5,10:01:45.806479793
272,110.49,98,110.5,10:01:45.806612400
272,110.49,97,110.5,10:01:46.044538085
272,110.49,98,110.5,10:01:46.739187068
272,110.49,97,110.5,10:01:46.739340450
272,110.49,98,110.5,10:01:47.355643371
272,110.49,105,110.5,10:01:47.639265430
272,110.49,113,110.5,10:01:48.248014046
264,110.49,113,110.5,10:01:48.339993885
263,110.49,113,110.5,10:01:48.351289279
262,110.49,113,110.5,10:01:48.351363253
261,110.49,113,110.5,10:01:48.351452120
260,110.49,113,110.5,10:01:48.351452120
260,110.49,115,110.5,10:01:48.351452120
260,110.49,117,110.5,10:01:48.351529819
260,110.49,116,110.5,10:01:48.998748516
260,110.49,96,110.5,10:01:49.133292819
260,110.49,88,110.5,10:01:49.651041849
260,110.49,87,110.5,10:01:49.654082652
260,110.49,80,110.5,10:01:49.662915629
260,110.49,100,110.5,10:01:49.687300600
260,110.49,80,110.5,10:01:51.550893436
260,110.49,87,110.5,10:01:51.938322343
260,110.49,80,110.5,10:01:53.846022104
260,110.49,79,110.5,10:01:53.846318299
260,110.49,80,110.5,10:01:53.922474900
260,110.49,100,110.5,10:01:54.019357456
260,110.49,80,110.5,10:01:54.510215741
260,110.49,79,110.5,10:01:55.150528851
260,110.49,99,110.5,10:01:55.261422034
260,110.49,100,110.5,10:01:55.495951844
260,110.49,99,110.5,10:01:55.501040654
260,110.49,100,110.5,10:01:55.508726095
266,110.49,100,110.5,10:01:56.794452397
266,110.49,80,110.5,10:01:57.092748993
266,110.49,79,110.5,10:01:58.121256782
266,110.49,80,110.5,10:01:59.560311730
266,110.49,79,110.5,10:01:59.569034216
266,110.49,80,110.5,10:01:59.664474514
266,110.49,79,110.5,10:02:00.004276178
266,110.49,80,110.5,10:02:00.012063302
266,110.49,79,110.5,10:02:00.064361445
266,110.49,80,110.5,10:02:00.646995200
266,110.49,79,110.5,10:02:00.720691679
266,110.49,80,110.5,10:02:01.220865844
266,110.49,50,110.5,10:02:01.399108127
266,110.49,49,110.5,10:02:01.469582729
266,110.49,50,110.5,10:02:01.505596132
266,110.49,49,110.5,10:02:01.815125925
266,110.49,50,110.5,10:02:01.966187693
266,110.49,70,110.5,10:02:02.013714478
266,110.49,50,110.5,10:02:02.262242772
266,110.49,49,110.5,10:02:02.533803555
266,110.49,48,110.5,10:02:02.564280637
266,110.49,68,110.5,10:02:02.765366365
266,110.49,69,110.5,10:02:03.330958532
266,110.49,68,110.5,10:02:03.473050187
266,110.49,48,110.5,10:02:03.522009227
266,110.49,50,110.5,10:02:03.538367655
266,110.49,70,110.5,10:02:04.016399554
266,110.49,68,110.5,10:02:04.016761247
266,110.49,48,110.5,10:02:04.694791242
266,110.49,68,110.5,10:02:04.714134029
266,110.49,70,110.5,10:02:05.151766614
266,110.49,68,110.5,10:02:06.500714679
266,110.49,69,110.5,10:02:06.511894470
266,110.49,68,110.5,10:02:06.544003367
266,110.49,67,110.5,10:02:06.550985852
266,110.49,68,110.5,10:02:06.596872071
266,110.49,69,110.5,10:02:06.596872071
266,110.49,68,110.5,10:02:06.637448195
266,110.49,67,110.5,10:02:06.638530223
266,110.49,68,110.5,10:02:06.662353468
266,110.49,69,110.5,10:02:06.662559462
266,110.49,68,110.5,10:02:07.449076246
266,110.49,67,110.5,10:02:07.449156236
266,110.49,68,110.5,10:02:07.499370964
266,110.49,69,110.5,10:02:07.499588593
266,110.49,70,110.5,10:02:07.499588593
266,110.49,136,110.5,10:02:07.723936318
266,110.49,165,110.5,10:02:07.724469683
266,110.49,175,110.5,10:02:07.724507161
266,110.49,182,110.5,10:02:07.724507161
266,110.49,190,110.5,10:02:07.724507161
259,110.49,190,110.5,10:02:07.724545037
259,110.49,191,110.5,10:02:07.724545037
259,110.49,199,110.5,10:02:07.724545037
259,110.49,200,110.5,10:02:07.724545037
259,110.49,206,110.5,10:02:07.724546090
259,110.49,205,110.5,10:02:07.724767258
259,110.49,204,110.5,10:02:07.724767258
259,110.49,198,110.5,10:02:07.725566591
259,110.49,199,110.5,10:02:07.736866559
259,110.49,200,110.5,10:02:07.736946716
259,110.49,201,110.5,10:02:07.817315236
259,110.49,202,110.5,10:02:07.817382887
259,110.49,201,110.5,10:02:08.351930056
259,110.49,200,110.5,10:02:08.352203109
259,110.49,201,110.5,10:02:08.352777752
259,110.49,200,110.5,10:02:08.353574119
259,110.49,201,110.5,10:02:08.378975520
259,110.49,200,110.5,10:02:08.435983831
259,110.49,201,110.5,10:02:08.670346574
259,110.49,202,110.5,10:02:08.670554439
259,110.49,201,110.5,10:02:08.670716678
259,110.49,200,110.5,10:02:09.226171487
259,110.49,201,110.5,10:02:09.824229876
259,110.49,202,110.5,10:02:09.882466437
258,110.49,202,110.5,10:02:11.498372849
256,110.49,202,110.5,10:02:11.502640380
255,110.49,202,110.5,10:02:11.502911883
256,110.49,202,110.5,10:02:11.503423665
255,110.49,202,110.5,10:02:11.707475789
256,110.49,202,110.5,10:02:15.803130771
257,110.49,202,110.5,10:02:16.468022430
258,110.49,202,110.5,10:02:19.106558037
259,110.49,202,110.5,10:02:20.145077847
259,110.49,201,110.5,10:02:20.329536278
259,110.49,200,110.5,10:02:20.329596038
259,110.49,210,110.5,10:02:21.528741743
259,110.49,200,110.5,10:02:21.577954377
259,110.49,171,110.5,10:02:21.578190296
259,110.49,105,110.5,10:02:21.578190296
259,110.49,97,110.5,10:02:21.578295360
259,110.49,90,110.5,10:02:21.578410363
259,110.49,89,110.5,10:02:21.600163662
259,110.49,88,110.5,10:02:21.622385068
259,110.49,90,110.5,10:02:21.640912959
259,110.49,97,110.5,10:02:21.640912959
259,110.49,98,110.5,10:02:21.641116231
259,110.49,106,110.5,10:02:21.783496128
259,110.49,98,110.5,10:02:21.784184490
259,110.49,97,110.5,10:02:21.784184490
259,110.49,98,110.5,10:02:21.816504205
259,110.49,108,110.5,10:02:21.816519481
259,110.49,130,110.5,10:02:22.266555770
259,110.49,140,110.5,10:02:22.266624576
259,110.49,141,110.5,10:02:22.512168167
259,110.49,140,110.5,10:02:24.761405761
258,110.49,140,110.5,10:02:24.772813970
257,110.49,140,110.5,10:02:24.772813970
257,110.49,130,110.5,10:02:24.864579687
257,110.49,129,110.5,10:02:24.864728922
257,110.49,184,110.5,10:02:25.007606001
257,110.49,203,110.5,10:02:25.007686917
257,110.49,213,110.5,10:02:25.007796085
257,110.49,214,110.5,10:02:25.010107487
257,110.49,215,110.5,10:02:25.010107487
257,110.49,214,110.5,10:02:25.023468982
257,110.49,213,110.5,10:02:25.023622992
257,110.49,214,110.5,10:02:25.023767459
257,110.49,215,110.5,10:02:25.056158792
257,110.49,205,110.5,10:02:25.106411857
257,110.49,204,110.5,10:02:26.568078947
257,110.49,203,110.5,10:02:26.568147843
257,110.49,193,110.5,10:02:26.706349595
257,110.49,171,110.5,10:02:26.706427685
257,110.49,152,110.5,10:02:27.015301365
257,110.49,97,110.5,10:02:27.015380588
257,110.49,98,110.5,10:02:27.015589918
257,110.49,91,110.5,10:02:27.015589918
257,110.49,90,110.5,10:02:27.015720587
257,110.49,91,110.5,10:02:27.073860930
257,110.49,101,110.5,10:02:27.074018593
257,110.49,91,110.5,10:02:27.075199915
257,110.49,90,110.5,10:02:27.075317640
257,110.49,89,110.5,10:02:27.086459036
257,110.49,88,110.5,10:02:27.086530783
257,110.49,89,110.5,10:02:27.110670132
257,110.49,99,110.5,10:02:27.110754916
257,110.49,89,110.5,10:02:27.138420949
257,110.49,88,110.5,10:02:27.138502683
257,110.49,89,110.5,10:02:27.322907815
257,110.49,88,110.5,10:02:27.384764754
257,110.49,89,110.5,10:02:28.029605763
257,110.49,88,110.5,10:02:28.715688989
257,110.49,86,110.5,10:02:29.407245445
257,110.49,85,110.5,10:02:29.417883945
257,110.49,86,110.5,10:02:29.418661069
257,110.49,88,110.5,10:02:29.418740108
257,110.49,86,110.5,10:02:29.419024242
257,110.49,87,110.5,10:02:29.419877845
257,110.49,86,110.5,10:02:29.421089550
257,110.49,85,110.5,10:02:29.421196120
257,110.49,86,110.5,10:02:29.423537606
257,110.49,87,110.5,10:02:29.440623815
257,110.49,86,110.5,10:02:29.486459566
257,110.49,85,110.5,10:02:29.542463205
257,110.49,88,110.5,10:02:29.558095952
257,110.49,89,110.5,10:02:29.558164493
257,110.49,88,110.5,10:02:29.580347963
257,110.49,89,110.5,10:02:29.616544258
257,110.49,88,110.5,10:02:30.006118158
257,110.49,89,110.5,10:02:30.006726327
257,110.49,88,110.5,10:02:31.166667180
257,110.49,85,110.5,10:02:31.618517060
257,110.49,77,110.5,10:02:31.627037733
257,110.49,80,110.5,10:02:31.669495991
257,110.49,88,110.5,10:02:31.669495991
257,110.49,98,110.5,10:02:31.669516541
257,110.49,90,110.5,10:02:31.669761194
257,110.49,87,110.5,10:02:31.669847920
257,110.49,90,110.5,10:02:31.669992930
257,110.49,91,110.5,10:02:31.670065100
257,110.49,88,110.5,10:02:31.678748381
257,110.49,89,110.5,10:02:31.678973188
257,110.49,90,110.5,10:02:31.679134899
257,110.49,89,110.5,10:02:31.685015718
257,110.49,90,110.5,10:02:31.686770334
257,110.49,91,110.5,10:02:31.691712429
257,110.49,90,110.5,10:02:31.691913908
257,110.49,89,110.5,10:02:31.697551370
257,110.49,90,110.5,10:02:31.697655235
257,110.49,89,110.5,10:02:31.697811507
257,110.49,90,110.5,10:02:31.698317730
257,110.49,89,110.5,10:02:31.701658317
257,110.49,88,110.5,10:02:31.701995082
257,110.49,89,110.5,10:02:31.703735238
257,110.49,90,110.5,10:02:31.703944974
257,110.49,89,110.5,10:02:31.731667503
257,110.49,88,110.5,10:02:31.764794875
257,110.49,89,110.5,10:02:32.230128988
257,110.49,90,110.5,10:02:32.230263781
257,110.49,89,110.5,10:02:32.238643635
257,110.49,90,110.5,10:02:32.454218469
257,110.49,80,110.5,10:02:33.015592971
257,110.49,79,110.5,10:02:33.015674312
257,110.49,78,110.5,10:02:33.015785470
257,110.49,77,110.5,10:02:33.017679218
257,110.49,79,110.5,10:02:33.017858985
257,110.49,80,110.5,10:02:33.037302425
257,110.49,81,110.5,10:02:33.037452783
257,110.49,80,110.5,10:02:33.051608266
257,110.49,79,110.5,10:02:33.051675195
257,110.49,80,110.5,10:02:33.070705755
257,110.49,81,110.5,10:02:33.070951891
257,110.49,91,110.5,10:02:33.071290736
257,110.49,99,110.5,10:02:33.109839731
257,110.49,91,110.5,10:02:33.134759671
257,110.49,81,110.5,10:02:33.134966260
257,110.49,80,110.5,10:02:33.135361927
257,110.49,79,110.5,10:02:33.143311650
257,110.49,77,110.5,10:02:33.143498770
257,110.49,79,110.5,10:02:33.143722408
257,110.49,80,110.5,10:02:33.183318767
257,110.49,79,110.5,10:02:33.195410445
257,110.49,77,110.5,10:02:33.195544426
257,110.49,79,110.5,10:02:33.195831738
257,110.49,80,110.5,10:02:33.221224447
257,110.49,81,110.5,10:02:33.410571165
257,110.49,111,110.5,10:02:33.411047163
257,110.49,121,110.5,10:02:33.411067679
257,110.49,129,110.5,10:02:33.411067679
257,110.49,138,110.5,10:02:33.411157759
257,110.49,139,110.5,10:02:33.411272793
257,110.49,138,110.5,10:02:33.411906022
257,110.49,139,110.5,10:02:33.440528411
257,110.49,138,110.5,10:02:33.474091524
257,110.49,139,110.5,10:02:33.526673795
257,110.49,138,110.5,10:02:33.769210537
257,110.49,139,110.5,10:02:33.780556891
257,110.49,140,110.5,10:02:33.780556891
257,110.49,130,110.5,10:02:33.910919057
257,110.49,100,110.5,10:02:34.030844986
257,110.49,92,110.5,10:02:34.031052553
257,110.49,91,110.5,10:02:34.263889685
257,110.49,92,110.5,10:02:37.037535901
257,110.49,91,110.5,10:02:37.897058655
257,110.49,90,110.5,10:02:37.898585072
257,110.49,88,110.5,10:02:37.898663274
257,110.49,79,110.5,10:02:37.898663274
257,110.49,80,110.5,10:02:37.899070179
257,110.49,81,110.5,10:02:37.899126880
257,110.49,82,110.5,10:02:37.901234744
257,110.49,81,110.5,10:02:37.902572859
257,110.49,80,110.5,10:02:37.902733614
257,110.49,81,110.5,10:02:37.903819066
257,110.49,80,110.5,10:02:37.906545963
257,110.49,79,110.5,10:02:37.909083779
257,110.49,81,110.5,10:02:37.921256059
257,110.49,82,110.5,10:02:37.921456225
257,110.49,89,110.5,10:02:37.921456225
257,110.49,99,110.5,10:02:37.921476522
257,110.49,100,110.5,10:02:37.921476522
257,110.49,93,110.5,10:02:37.926081940
257,110.49,92,110.5,10:02:37.950407059
257,110.49,91,110.5,10:02:37.950564895
257,110.49,89,110.5,10:02:37.961292635
257,110.49,79,110.5,10:02:37.965396331
257,110.49,80,110.5,10:02:37.969636756
257,110.49,81,110.5,10:02:37.969790117
257,110.49,80,110.5,10:02:37.970105694
257,110.49,81,110.5,10:02:38.005783826
257,110.49,91,110.5,10:02:38.005967080
257,110.49,92,110.5,10:02:38.036277240
257,110.49,82,110.5,10:02:38.164294143
257,110.49,81,110.5,10:02:38.327494666
257,110.49,80,110.5,10:02:38.335435895
257,110.49,79,110.5,10:02:39.513950429
257,110.49,82,110.5,10:02:40.444477198
257,110.49,83,110.5,10:02:40.444618862
257,110.49,104,110.5,10:02:40.444731843
257,110.49,111,110.5,10:02:40.444823853
257,110.49,112,110.5,10:02:40.444823853
257,110.49,120,110.5,10:02:40.444823853
257,110.49,130,110.5,10:02:40.444954013
257,110.49,147,110.5,10:02:40.444954013
257,110.49,177,110.5,10:02:40.444974311
257,110.49,176,110.5,10:02:40.445033018
257,110.49,146,110.5,10:02:40.445879193
257,110.49,147,110.5,10:02:43.553602917
257,110.49,151,110.5,10:02:43.818087516
253,110.49,151,110.5,10:02:43.818770824
253,110.49,160,110.5,10:02:43.819076165
252,110.49,160,110.5,10:02:51.359887906
246,110.49,160,110.5,10:02:51.360273114
246,110.49,174,110.5,10:02:51.360458217
247,110.49,174,110.5,10:02:51.360550086
246,110.49,174,110.5,10:02:51.360565811
245,110.49,174,110.5,10:02:51.360565811
243,110.49,174,110.5,10:02:51.360636755
240,110.49,174,110.5,10:02:51.360636755
239,110.49,174,110.5,10:02:51.360784173
239,110.49,160,110.5,10:02:51.361153493
240,110.49,160,110.5,10:02:51.361259212
241,110.49,160,110.5,10:02:51.361444700
241,110.49,216,110.5,10:02:51.379479615
241,110.49,234,110.5,10:02:51.379601240
241,110.49,244,110.5,10:02:51.379679696
241,110.49,234,110.5,10:02:51.380280606
240,110.49,234,110.5,10:02:51.407839718
240,110.49,254,110.5,10:02:51.407999355
239,110.49,254,110.5,10:02:51.408177131
239,110.49,262,110.5,10:02:51.408665726
238,110.49,262,110.5,10:02:51.408805835
237,110.49,262,110.5,10:02:51.436380130
237,110.49,276,110.5,10:02:51.461542403
233,110.49,276,110.5,10:02:51.523126705
232,110.49,276,110.5,10:02:51.523495454
231,110.49,276,110.5,10:02:51.523495454
232,110.49,276,110.5,10:02:51.674758742
231,110.49,276,110.5,10:02:51.674985205
231,110.49,264,110.5,10:02:51.675091934
232,110.49,264,110.5,10:02:51.675179599
232,110.49,248,110.5,10:02:51.675529374
233,110.49,248,110.5,10:02:51.686144279
232,110.49,248,110.5,10:02:51.686780624
231,110.49,248,110.5,10:02:51.686853245
230,110.49,248,110.5,10:02:51.688105186
230,110.49,234,110.5,10:02:51.699828355
230,110.49,246,110.5,10:02:51.715577992
230,110.49,250,110.5,10:02:51.716062418
230,110.49,258,110.5,10:02:51.716612216
229,110.49,258,110.5,10:02:51.716817829
229,110.49,264,110.5,10:02:51.717065002
230,110.49,264,110.5,10:02:51.872932082
231,110.49,264,110.5,10:02:51.873110597
231,110.49,276,110.5,10:02:51.973946772
231,110.49,264,110.5,10:02:52.001973131
232,110.49,264,110.5,10:02:52.021646257
232,110.49,260,110.5,10:02:52.044259487
233,110.49,260,110.5,10:02:52.044454183
233,110.49,254,110.5,10:02:52.044745834
233,110.49,260,110.5,10:02:52.061775533
232,110.49,260,110.5,10:02:52.061920283
232,110.49,264,110.5,10:02:52.427254659
232,110.49,278,110.5,10:02:52.451996642
232,110.49,290,110.5,10:02:52.836958979
232,110.49,278,110.5,10:02:52.872083069
231,110.49,278,110.5,10:02:52.911971038
231,110.49,290,110.5,10:02:52.923993858
231,110.49,278,110.5,10:02:52.936152214
231,110.49,283,110.5,10:02:52.936385837
230,110.49,283,110.5,10:02:54.400865558
229,110.49,283,110.5,10:02:54.408166868
229,110.49,295,110.5,10:02:54.515324133
229,110.49,283,110.5,10:02:54.594220744
229,110.49,295,110.5,10:02:55.519109125
229,110.49,283,110.5,10:02:58.658989770
229,110.49,269,110.5,10:02:59.071312540
229,110.49,268,110.5,10:02:59.071312540
229,110.49,267,110.5,10:02:59.071312540
229,110.49,266,110.5,10:02:59.071571168
229,110.49,265,110.5,10:02:59.071594349
229,110.49,264,110.5,10:02:59.071594349
229,110.49,263,110.5,10:02:59.071594349
229,110.49,262,110.5,10:02:59.071594349
229,110.49,260,110.5,10:02:59.071594349
229,110.49,258,110.5,10:02:59.071594349
235,110.49,258,110.5,10:02:59.071687719
238,110.49,258,110.5,10:02:59.071703811
239,110.49,258,110.5,10:02:59.071703811
240,110.49,258,110.5,10:02:59.071904125
248,110.49,258,110.5,10:02:59.071933459
248,110.49,259,110.5,10:02:59.071933459
248,110.49,258,110.5,10:02:59.071933459
248,110.49,272,110.5,10:02:59.072092076
248,110.49,278,110.5,10:02:59.072249286
240,110.49,278,110.5,10:02:59.072274041
241,110.49,278,110.5,10:02:59.072386102
241,110.49,279,110.5,10:02:59.072406297
238,110.49,279,110.5,10:02:59.101298230
232,110.49,279,110.5,10:03:00.051353589
231,110.49,279,110.5,10:03:00.051478033
232,110.49,279,110.5,10:03:00.052116603
231,110.49,279,110.5,10:03:00.094937512
230,110.49,279,110.5,10:03:00.436421206
231,110.49,279,110.5,10:03:01.187961202
232,110.49,279,110.5,10:03:01.188170005
233,110.49,279,110.5,10:03:01.188170005
233,110.49,273,110.5,10:03:01.189334769
233,110.49,259,110.5,10:03:01.196817983
234,110.49,259,110.5,10:03:01.196919449
234,110.49,241,110.5,10:03:01.197103177
235,110.49,241,110.5,10:03:01.197193564
235,110.49,255,110.5,10:03:01.197302825
234,110.49,255,110.5,10:03:01.197467493
234,110.49,251,110.5,10:03:01.197743297
234,110.49,261,110.5,10:03:01.198219700
234,110.49,263,110.5,10:03:01.198691076
234,110.49,265,110.5,10:03:01.199416246
234,110.49,275,110.5,10:03:01.201846578
233,110.49,275,110.5,10:03:01.201990111
233,110.49,279,110.5,10:03:01.202557522
233,110.49,265,110.5,10:03:01.213654528
234,110.49,265,110.5,10:03:01.224612847
233,110.49,265,110.5,10:03:01.229085474
232,110.49,265,110.5,10:03:01.229156082
233,110.49,265,110.5,10:03:01.233544681
234,110.49,265,110.5,10:03:01.250772224
233,110.49,265,110.5,10:03:01.310932016
233,110.49,277,110.5,10:03:01.334140482
234,110.49,277,110.5,10:03:01.371306441
234,110.49,265,110.5,10:03:01.534706006
233,110.49,265,110.5,10:03:01.594673348
233,110.49,279,110.5,10:03:01.724542191
234,110.49,279,110.5,10:03:01.735129803
234,110.49,291,110.5,10:03:01.769577878
233,110.49,291,110.5,10:03:01.769728326
234,110.49,291,110.5,10:03:02.158274049
235,110.49,291,110.5,10:03:02.158340474
234,110.49,291,110.5,10:03:02.158479200
235,110.49,291,110.5,10:03:02.159376121
234,110.49,291,110.5,10:03:02.163482634
235,110.49,291,110.5,10:03:02.212950084
235,110.49,279,110.5,10:03:02.289942369
234,110.49,279,110.5,10:03:02.290239672
234,110.49,291,110.5,10:03:03.783902029
233,110.49,291,110.5,10:03:03.783972018
234,110.49,291,110.5,10:03:04.040311278
234,110.49,292,110.5,10:03:04.331107979
233,110.49,292,110.5,10:03:04.331264465
233,110.49,280,110.5,10:03:05.707604782
238,110.49,280,110.5,10:03:06.081904844
239,110.49,280,110.5,10:03:06.335261880
240,110.49,280,110.5,10:03:06.335261880
246,110.49,280,110.5,10:03:06.487605266
246,110.49,266,110.5,10:03:06.487766956
201,110.49,266,110.5,10:03:06.538978589
173,110.49,266,110.5,10:03:06.538997492
160,110.49,266,110.5,10:03:06.539017154
142,110.49,266,110.5,10:03:06.539062482
90,110.49,266,110.5,10:03:06.539127187
73,110.49,266,110.5,10:03:06.539168704
44,110.49,266,110.5,10:03:06.539184592
43,110.49,266,110.5,10:03:06.539469120
43,110.49,280,110.5,10:03:06.539489500
42,110.49,280,110.5,10:03:06.539525248
42,110.49,292,110.5,10:03:06.539540236
41,110.49,292,110.5,10:03:06.539616138
35,110.49,292,110.5,10:03:06.539631318
26,110.49,292,110.5,10:03:06.539647805
24,110.49,292,110.5,10:03:06.539895715
14,110.49,292,110.5,10:03:06.539980579
8,110.49,292,110.5,10:03:06.540007327
7,110.49,292,110.5,10:03:06.540031647
6,110.49,292,110.5,10:03:06.540073227
5,110.49,292,110.5,10:03:06.540092678
245,110.48,292,110.5,10:03:06.540113078
245,110.48,1,110.49,10:03:06.540216809
245,110.48,21,110.49,10:03:06.540317430
245,110.48,39,110.49,10:03:06.540317430
215,110.48,39,110.49,10:03:06.540332425
215,110.48,40,110.49,10:03:06.540613548
215,110.48,43,110.49,10:03:06.540634332
215,110.48,42,110.49,10:03:06.540634332
215,110.48,52,110.49,10:03:06.540665174
215,110.48,49,110.49,10:03:06.540880620
203,110.48,49,110.49,10:03:06.541203913
209,110.48,49,110.49,10:03:06.541279935
209,110.48,39,110.49,10:03:06.541430757
221,110.48,39,110.49,10:03:06.541652975
215,110.48,39,110.49,10:03:06.541949354
217,110.48,39,110.49,10:03:06.551363109
219,110.48,39,110.49,10:03:06.551438251
220,110.48,39,110.49,10:03:06.562227815
221,110.48,39,110.49,10:03:06.562309095
221,110.48,41,110.49,10:03:06.586159417
221,110.48,47,110.49,10:03:06.605583517
221,110.48,48,110.49,10:03:06.605693179
221,110.48,58,110.49,10:03:06.633090435
209,110.48,58,110.49,10:03:06.633138654
209,110.48,72,110.49,10:03:06.633227201
209,110.48,73,110.49,10:03:06.654249359
209,110.48,59,110.49,10:03:06.920719605
209,110.48,49,110.49,10:03:06.921118366
209,110.48,48,110.49,10:03:06.921118366
209,110.48,49,110.49,10:03:06.924544623
209,110.48,50,110.49,10:03:06.928773988
209,110.48,48,110.49,10:03:07.031295555
209,110.48,49,110.49,10:03:07.032391592
209,110.48,48,110.49,10:03:07.092937642
209,110.48,49,110.49,10:03:07.485870738
209,110.48,50,110.49,10:03:07.654012794
209,110.48,51,110.49,10:03:07.762948207
209,110.48,50,110.49,10:03:08.628494159
209,110.48,51,110.49,10:03:08.662076752
209,110.48,65,110.49,10:03:09.148577785
209,110.48,51,110.49,10:03:09.319034570
209,110.48,50,110.49,10:03:09.319097556
209,110.48,49,110.49,10:03:09.319253309
209,110.48,50,110.49,10:03:09.319405552
209,110.48,51,110.49,10:03:09.723360226
209,110.48,50,110.49,10:03:09.874294503
209,110.48,49,110.49,10:03:09.874410030
211,110.48,49,110.49,10:03:10.265463391
211,110.48,48,110.49,10:03:10.265612104
211,110.48,49,110.49,10:03:10.801916609
211,110.48,50,110.49,10:03:11.155214833
211,110.48,44,110.49,10:03:11.193218998
211,110.48,45,110.49,10:03:11.193297183
211,110.48,44,110.49,10:03:11.252489717
211,110.48,43,110.49,10:03:11.252642421
211,110.48,44,110.49,10:03:12.116832804
211,110.48,45,110.49,10:03:12.119035410
211,110.48,53,110.49,10:03:12.123953739
211,110.48,59,110.49,10:03:12.124040606
203,110.48,59,110.49,10:03:12.124055845
203,110.48,60,110.49,10:03:12.124260510
203,110.48,74,110.49,10:03:12.124447297
203,110.48,66,110.49,10:03:12.124596611
203,110.48,65,110.49,10:03:12.124596611
203,110.48,66,110.49,10:03:12.127967551
203,110.48,65,110.49,10:03:12.128135388
203,110.48,64,110.49,10:03:12.138461434
203,110.48,58,110.49,10:03:12.138877137
203,110.48,57,110.49,10:03:12.138949828
203,110.48,43,110.49,10:03:12.139070058
203,110.48,42,110.49,10:03:12.139425824
203,110.48,43,110.49,10:03:12.142539860
203,110.48,44,110.49,10:03:12.142607143
203,110.48,43,110.49,10:03:12.143814340
203,110.48,44,110.49,10:03:12.144424848
203,110.48,46,110.49,10:03:12.144892928
203,110.48,45,110.49,10:03:12.144961836
203,110.48,43,110.49,10:03:12.145036531
203,110.48,44,110.49,10:03:12.145383302
203,110.48,43,110.49,10:03:12.145745468
203,110.48,44,110.49,10:03:12.145842879
203,110.48,45,110.49,10:03:12.147354660
203,110.48,46,110.49,10:03:12.147661927
203,110.48,45,110.49,10:03:12.147736004
203,110.48,48,110.49,10:03:12.148284000
203,110.48,50,110.49,10:03:12.148353459
203,110.48,51,110.49,10:03:12.183959366
203,110.48,52,110.49,10:03:12.184431189
203,110.48,51,110.49,10:03:12.185574741
203,110.48,65,110.49,10:03:12.254325072
203,110.48,66,110.49,10:03:15.519736775
203,110.48,67,110.49,10:03:16.258238138
203,110.48,66,110.49,10:03:16.261530868
203,110.48,65,110.49,10:03:16.608664268
203,110.48,62,110.49,10:03:16.608739708
203,110.48,61,110.49,10:03:16.608739708
203,110.48,47,110.49,10:03:16.608849388
203,110.48,46,110.49,10:03:16.609245743
203,110.48,47,110.49,10:03:16.609558920
203,110.48,48,110.49,10:03:16.609668891
203,110.48,50,110.49,10:03:16.610057512
203,110.48,64,110.49,10:03:16.610217099
203,110.48,63,110.49,10:03:16.619744730
203,110.48,61,110.49,10:03:16.619744730
203,110.48,60,110.49,10:03:16.619744730
203,110.48,58,110.49,10:03:16.683122034
203,110.48,44,110.49,10:03:16.683298802
203,110.48,43,110.49,10:03:16.699390525
208,110.48,43,110.49,10:03:16.931020383
208,110.48,45,110.49,10:03:17.189901939
208,110.48,46,110.49,10:03:17.351803091
220,110.48,46,110.49,10:03:17.619718655
220,110.48,45,110.49,10:03:17.619882718
220,110.48,46,110.49,10:03:17.729279512
220,110.48,52,110.49,10:03:17.729298301
220,110.48,53,110.49,10:03:17.729298301
208,110.48,53,110.49,10:03:17.729298301
208,110.48,61,110.49,10:03:17.729298301
208,110.48,71,110.49,10:03:17.729298301
208,110.48,85,110.49,10:03:17.729394929
208,110.48,86,110.49,10:03:17.729414788
208,110.48,85,110.49,10:03:17.729654432
208,110.48,77,110.49,10:03:17.730687648
208,110.48,63,110.49,10:03:17.730768608
208,110.48,53,110.49,10:03:17.730768608
208,110.48,52,110.49,10:03:17.731057177
208,110.48,53,110.49,10:03:17.752563784
208,110.48,52,110.49,10:03:18.006087495
208,110.48,53,110.49,10:03:19.185057700
208,110.48,67,110.49,10:03:19.185224050
208,110.48,53,110.49,10:03:22.015754010
208,110.48,52,110.49,10:03:22.015938660
208,110.48,53,110.49,10:03:22.027067180
208,110.48,54,110.49,10:03:22.027137840
208,110.48,68,110.49,10:03:23.765905869
208,110.48,69,110.49,10:03:25.344676024
208,110.48,68,110.49,10:03:25.365737967
208,110.48,69,110.49,10:03:25.405639688
208,110.48,68,110.49,10:03:25.422116401
210,110.48,68,110.49,10:03:25.472674330
210,110.48,69,110.49,10:03:26.603589452
210,110.48,77,110.49,10:03:26.603699954
210,110.48,85,110.49,10:03:26.603731803
210,110.48,95,110.49,10:03:26.603731803
210,110.48,96,110.49,10:03:26.603731803
210,110.48,161,110.49,10:03:26.603826467
210,110.48,160,110.49,10:03:26.604458223
203,110.48,160,110.49,10:03:28.211638780
203,110.48,161,110.49,10:03:28.211701865
202,110.48,161,110.49,10:03:28.222034911
202,110.48,163,110.49,10:03:28.222971374
202,110.48,165,110.49,10:03:28.223124600
191,110.48,165,110.49,10:03:28.224804839
192,110.48,165,110.49,10:03:28.236187409
192,110.48,164,110.49,10:03:28.295173279
206,110.48,164,110.49,10:03:28.321203725
206,110.48,165,110.49,10:03:28.418999842
192,110.48,165,110.49,10:03:28.446980047
192,110.48,164,110.49,10:03:28.450158595
192,110.48,165,110.49,10:03:28.494413836
206,110.48,165,110.49,10:03:29.060159419
206,110.48,164,110.49,10:03:29.060329496
206,110.48,165,110.49,10:03:30.006016686
206,110.48,100,110.49,10:03:31.191451079
206,110.48,99,110.49,10:03:31.191671841
206,110.48,89,110.49,10:03:31.191882020
206,110.48,81,110.49,10:03:31.192337824
206,110.48,93,110.49,10:03:31.266782690
206,110.48,94,110.49,10:03:31.266943734
225,110.48,94,110.49,10:03:35.914967583
225,110.48,93,110.49,10:03:36.271266948
225,110.48,94,110.49,10:03:37.368425724
225,110.48,93,110.49,10:03:37.370405796
225,110.48,81,110.49,10:03:37.402784816
225,110.48,93,110.49,10:03:37.439064039
225,110.48,81,110.49,10:03:37.666795695
225,110.48,82,110.49,10:03:37.666930591
225,110.48,81,110.49,10:03:38.837836871
225,110.48,73,110.49,10:03:38.837906455
225,110.48,81,110.49,10:03:39.141791470
225,110.48,82,110.49,10:03:39.141910241
225,110.48,81,110.49,10:03:39.740472026
225,110.48,82,110.49,10:03:40.190133545
225,110.48,128,110.49,10:03:41.941826731
225,110.48,155,110.49,10:03:41.941898494
225,110.48,154,110.49,10:03:41.942041386
225,110.48,176,110.49,10:03:45.599537864
211,110.48,176,110.49,10:03:45.599708558
225,110.48,176,110.49,10:03:46.949701566
225,110.48,154,110.49,10:03:47.012058389
225,110.48,127,110.49,10:03:47.016543389
225,110.48,81,110.49,10:03:47.016635837
225,110.48,82,110.49,10:03:47.384983627
225,110.48,81,110.49,10:03:47.399980902
225,110.48,93,110.49,10:03:47.507888622
225,110.48,103,110.49,10:03:47.508090898
225,110.48,125,110.49,10:03:47.511802898
225,110.48,115,110.49,10:03:48.266601128
225,110.48,93,110.49,10:03:48.353655386
225,110.48,81,110.49,10:03:48.377366544
225,110.48,82,110.49,10:03:48.377638308
225,110.48,94,110.49,10:03:48.517422356
225,110.48,82,110.49,10:03:49.124388231
225,110.48,94,110.49,10:03:49.269050391
225,110.48,93,110.49,10:03:50.054371874
225,110.48,81,110.49,10:03:50.159620648
225,110.48,82,110.49,10:03:50.159920639
225,110.48,94,110.49,10:03:50.266822433
225,110.48,93,110.49,10:03:51.196066118
225,110.48,81,110.49,10:03:51.212189604
225,110.48,91,110.49,10:03:51.216258872
225,110.48,92,110.49,10:03:51.216487031
225,110.48,91,110.49,10:03:51.394438917
225,110.48,81,110.49,10:03:51.394624097
225,110.48,80,110.49,10:03:51.394747442
225,110.48,81,110.49,10:03:51.395001854
225,110.48,82,110.49,10:03:51.436015851
225,110.48,92,110.49,10:03:51.436112701
225,110.48,91,110.49,10:03:51.441348020
225,110.48,103,110.49,10:03:51.517624250
225,110.48,91,110.49,10:03:51.529785883
225,110.48,113,110.49,10:03:51.762110190
225,110.48,125,110.49,10:03:51.774173698
225,110.48,115,110.49,10:03:51.808644334
225,110.48,103,110.49,10:03:52.392517299
225,110.48,93,110.49,10:03:52.805603566
225,110.48,71,110.49,10:03:53.011794879
225,110.48,63,110.49,10:03:54.681846483
225,110.48,62,110.49,10:03:54.796506551
225,110.48,61,110.49,10:03:54.796697357
225,110.48,62,110.49,10:03:56.521149171
225,110.48,56,110.49,10:03:58.226585226
225,110.48,55,110.49,10:03:58.226698403
225,110.48,53,110.49,10:03:58.226698403
225,110.48,56,110.49,10:03:58.226990042
225,110.48,53,110.49,10:03:58.227472595
225,110.48,55,110.49,10:03:58.251373558
225,110.48,56,110.49,10:03:58.251652076
225,110.48,55,110.49,10:03:58.516577551
225,110.48,56,110.49,10:03:58.590595339
225,110.48,57,110.49,10:03:58.939251667
225,110.48,56,110.49,10:03:59.332485269
225,110.48,57,110.49,10:03:59.489960318
225,110.48,56,110.49,10:04:00.013603069
225,110.48,54,110.49,10:04:00.013995907
225,110.48,53,110.49,10:04:00.338939407
225,110.48,54,110.49,10:04:00.697095611
225,110.48,53,110.49,10:04:00.698745267
225,110.48,54,110.49,10:04:00.705304382
225,110.48,55,110.49,10:04:00.705304382
225,110.48,59,110.49,10:04:00.710072610
225,110.48,58,110.49,10:04:00.710342853
225,110.48,59,110.49,10:04:00.714241551
225,110.48,61,110.49,10:04:00.714306011
225,110.48,62,110.49,10:04:00.718108313
225,110.48,61,110.49,10:04:00.718363106
225,110.48,59,110.49,10:04:00.718653285
225,110.48,60,110.49,10:04:00.718881259
225,110.48,61,110.49,10:04:00.719548437
225,110.48,62,110.49,10:04:00.720182714
225,110.48,63,110.49,10:04:00.720182714
225,110.48,62,110.49,10:04:00.720935386
225,110.48,63,110.49,10:04:00.721861523
225,110.48,62,110.49,10:04:00.724279873
225,110.48,63,110.49,10:04:00.730998569
225,110.48,71,110.49,10:04:00.748192230
225,110.48,72,110.49,10:04:00.748192230
225,110.48,71,110.49,10:04:00.748476036
225,110.48,63,110.49,10:04:00.748476036
225,110.48,64,110.49,10:04:00.749004748
225,110.48,72,110.49,10:04:00.749102102
225,110.48,110,110.49,10:04:00.750705093
225,110.48,145,110.49,10:04:00.750787121
225,110.48,144,110.49,10:04:00.751044650
225,110.48,145,110.49,10:04:00.874820728
225,110.48,144,110.49,10:04:00.874949799
211,110.48,144,110.49,10:04:00.877535020
211,110.48,150,110.49,10:04:00.877535020
211,110.48,151,110.49,10:04:00.877535020
211,110.48,159,110.49,10:04:00.877560521
211,110.48,169,110.49,10:04:00.877560521
211,110.48,188,110.49,10:04:00.877790856
211,110.48,206,110.49,10:04:00.877928134
192,110.48,206,110.49,10:04:00.890135145
192,110.48,228,110.49,10:04:00.908448444
191,110.48,228,110.49,10:04:00.974437883
191,110.48,227,110.49,10:04:00.978306783
169,110.48,227,110.49,10:04:01.012007158
159,110.48,227,110.49,10:04:01.012082086
158,110.48,227,110.49,10:04:01.566387422
156,110.48,227,110.49,10:04:01.566618952
155,110.48,227,110.49,10:04:01.577172704
155,110.48,239,110.49,10:04:01.779310081
155,110.48,241,110.49,10:04:01.981992780
155,110.48,229,110.49,10:04:02.019796658
156,110.48,229,110.49,10:04:02.299301095
157,110.48,229,110.49,10:04:02.299385431
157,110.48,210,110.49,10:04:02.299510052
159,110.48,210,110.49,10:04:02.299545674
171,110.48,210,110.49,10:04:02.299565696
171,110.48,192,110.49,10:04:02.299719059
173,110.48,192,110.49,10:04:02.299768646
174,110.48,192,110.49,10:04:02.299782586
174,110.48,182,110.49,10:04:02.299799376
174,110.48,181,110.49,10:04:02.299857988
162,110.48,181,110.49,10:04:02.300276051
162,110.48,182,110.49,10:04:02.300505462
162,110.48,192,110.49,10:04:02.300641590
160,110.48,192,110.49,10:04:02.310352435
159,110.48,192,110.49,10:04:02.310570563
158,110.48,192,110.49,10:04:02.310570563
159,110.48,192,110.49,10:04:02.310792950
159,110.48,170,110.49,10:04:02.314289849
159,110.48,191,110.49,10:04:02.406302716
159,110.48,207,110.49,10:04:02.406400198
158,110.48,207,110.49,10:04:02.406513868
159,110.48,207,110.49,10:04:02.528152973
160,110.48,207,110.49,10:04:02.528218179
160,110.48,219,110.49,10:04:02.762816814
160,110.48,241,110.49,10:04:03.011810847
159,110.48,241,110.49,10:04:03.011981106
158,110.48,241,110.49,10:04:03.012055733
156,110.48,241,110.49,10:04:04.608445059
155,110.48,241,110.49,10:04:04.724484246
155,110.48,229,110.49,10:04:05.981172613
156,110.48,229,110.49,10:04:05.992520076
157,110.48,229,110.49,10:04:05.992650239
158,110.48,229,110.49,10:04:05.992917305
159,110.48,229,110.49,10:04:05.993098974
160,110.48,229,110.49,10:04:06.005928101
142,110.48,229,110.49,10:04:06.084539062
141,110.48,229,110.49,10:04:06.084609619
140,110.48,229,110.49,10:04:06.084686368
139,110.48,229,110.49,10:04:06.084686368
138,110.48,229,110.49,10:04:06.084788614
137,110.48,229,110.49,10:04:06.084788614
105,110.48,229,110.49,10:04:06.085172151
87,110.48,229,110.49,10:04:06.085172151
82,110.48,229,110.49,10:04:06.085172151
83,110.48,229,110.49,10:04:06.085249986
84,110.48,229,110.49,10:04:06.085497746
83,110.48,229,110.49,10:04:06.085701893
82,110.48,229,110.49,10:04:06.129654222
83,110.48,229,110.49,10:04:06.129913684
82,110.48,229,110.49,10:04:06.733708590
82,110.48,259,110.49,10:04:06.733816866
81,110.48,259,110.49,10:04:06.753550753
81,110.48,271,110.49,10:04:06.754288980
81,110.48,285,110.49,10:04:06.758549607
82,110.48,285,110.49,10:04:07.284897471
82,110.48,279,110.49,10:04:07.284976216
82,110.48,255,110.49,10:04:07.285342955
82,110.48,241,110.49,10:04:07.309711050
82,110.48,229,110.49,10:04:07.318488132
79,110.48,229,110.49,10:04:07.528441999
77,110.48,229,110.49,10:04:07.528456665
76,110.48,229,110.49,10:04:07.528669363
78,110.48,229,110.49,10:04:07.528738966
79,110.48,229,110.49,10:04:07.529808686
78,110.48,229,110.49,10:04:07.539700494
77,110.48,229,110.49,10:04:07.539778517
77,110.48,231,110.49,10:04:07.738000070
77,110.48,233,110.49,10:04:07.738537080
79,110.48,233,110.49,10:04:07.739294300
79,110.48,229,110.49,10:04:07.739485815
80,110.48,229,110.49,10:04:07.739485815
79,110.48,229,110.49,10:04:07.741496439
80,110.48,229,110.49,10:04:07.742763119
79,110.48,229,110.49,10:04:07.747357989
80,110.48,229,110.49,10:04:07.786858209
81,110.48,229,110.49,10:04:07.795542773
82,110.48,229,110.49,10:04:07.824644570
81,110.48,229,110.49,10:04:07.865682984
80,110.48,229,110.49,10:04:07.865796116
78,110.48,229,110.49,10:04:07.865877472
77,110.48,229,110.49,10:04:07.865877472
76,110.48,229,110.49,10:04:07.866063182
74,110.48,229,110.49,10:04:07.866084277
73,110.48,229,110.49,10:04:07.866084277
71,110.48,229,110.49,10:04:07.866251857
71,110.48,237,110.49,10:04:07.866374836
71,110.48,249,110.49,10:04:07.866392052
71,110.48,271,110.49,10:04:07.866811975
71,110.48,285,110.49,10:04:07.891052841
71,110.48,297,110.49,10:04:07.917090379
71,110.48,300,110.49,10:04:08.762658757
71,110.48,297,110.49,10:04:10.039455428
77,110.48,297,110.49,10:04:10.059981484
79,110.48,297,110.49,10:04:10.060075283
80,110.48,297,110.49,10:04:10.060091928
81,110.48,297,110.49,10:04:10.060458071
80,110.48,297,110.49,10:04:10.060580986
80,110.48,285,110.49,10:04:10.060699567
80,110.48,281,110.49,10:04:10.060699567
79,110.48,281,110.49,10:04:10.060786276
79,110.48,255,110.49,10:04:10.061156510
80,110.48,255,110.49,10:04:10.081323270
80,110.48,241,110.49,10:04:10.085410931
80,110.48,229,110.49,10:04:10.093146984
81,110.48,229,110.49,10:04:10.093411034
82,110.48,229,110.49,10:04:10.094886343
83,110.48,229,110.49,10:04:10.388249429
77,110.48,229,110.49,10:04:10.500330922
77,110.48,241,110.49,10:04:10.500420345
76,110.48,241,110.49,10:04:10.501055820
75,110.48,241,110.49,10:04:10.501055820
74,110.48,241,110.49,10:04:10.501182280
73,110.48,241,110.49,10:04:10.501182280
73,110.48,261,110.49,10:04:10.501728264
73,110.48,269,110.49,10:04:10.502192049
73,110.48,271,110.49,10:04:10.502671974
73,110.48,285,110.49,10:04:10.601167740
73,110.48,271,110.49,10:04:10.627129210
73,110.48,283,110.49,10:04:10.767457293
71,110.48,283,110.49,10:04:10.814771629
71,110.48,277,110.49,10:04:11.193571404
71,110.48,291,110.49,10:04:11.217713362
73,110.48,291,110.49,10:04:11.232381228
75,110.48,291,110.49,10:04:11.232381228
79,110.48,291,110.49,10:04:11.232490265
79,110.48,267,110.49,10:04:11.232766693
79,110.48,253,110.49,10:04:11.243095169
79,110.48,241,110.49,10:04:11.257620532
80,110.48,241,110.49,10:04:11.257799960
79,110.48,241,110.49,10:04:11.987151483
80,110.48,241,110.49,10:04:12.094935535
80,110.48,243,110.49,10:04:12.353210520
80,110.48,251,110.49,10:04:12.353654481
79,110.48,251,110.49,10:04:12.353875169
79,110.48,245,110.49,10:04:12.363807411
79,110.48,243,110.49,10:04:12.364581603
79,110.48,247,110.49,10:04:12.365120902
79,110.48,243,110.49,10:04:12.374338953
79,110.48,241,110.49,10:04:12.388034887
80,110.48,241,110.49,10:04:12.394288643
81,110.48,241,110.49,10:04:12.596976700
82,110.48,241,110.49,10:04:12.982580447
81,110.48,241,110.49,10:04:14.276577471
80,110.48,241,110.49,10:04:14.276654031
79,110.48,241,110.49,10:04:14.276913471
80,110.48,241,110.49,10:04:14.277157364
79,110.48,241,110.49,10:04:14.567050755
79,110.48,243,110.49,10:04:14.567128544
79,110.48,257,110.49,10:04:14.567500940
79,110.48,251,110.49,10:04:14.577591184
79,110.48,249,110.49,10:04:14.578112247
79,110.48,241,110.49,10:04:14.601982544
80,110.48,241,110.49,10:04:14.670648551
81,110.48,241,110.49,10:04:14.670855997
81,110.48,244,110.49,10:04:15.032616940
80,110.48,244,110.49,10:04:15.280572125
79,110.48,244,110.49,10:04:15.280760243
79,110.48,248,110.49,10:04:15.280838895
79,110.48,252,110.49,10:04:15.281199762
80,110.48,252,110.49,10:04:15.290988492
80,110.48,248,110.49,10:04:15.291374510
80,110.48,244,110.49,10:04:15.291749834
79,110.48,244,110.49,10:04:15.379703565
79,110.48,246,110.49,10:04:15.379963541
79,110.48,252,110.49,10:04:15.380366917
79,110.48,246,110.49,10:04:15.390360913
79,110.48,244,110.49,10:04:15.390752484
79,110.48,246,110.49,10:04:15.751776261
79,110.48,252,110.49,10:04:15.752219467
80,110.48,252,110.49,10:04:15.762410199
80,110.48,246,110.49,10:04:15.762662471
80,110.48,244,110.49,10:04:15.763125168
82,110.48,244,110.49,10:04:16.086126781
82,110.48,232,110.49,10:04:16.086288654
82,110.48,229,110.49,10:04:16.644791596
34,110.48,229,110.49,10:04:16.692935654
32,110.48,229,110.49,10:04:16.692935654
26,110.48,229,110.49,10:04:16.693515549
24,110.48,229,110.49,10:04:16.693703520
22,110.48,229,110.49,10:04:16.693717488
20,110.48,229,110.49,10:04:16.693717488
18,110.48,229,110.49,10:04:16.693734019
18,110.48,219,110.49,10:04:16.693793030
13,110.48,219,110.49,10:04:16.693793030
11,110.48,219,110.49,10:04:16.693793030
9,110.48,219,110.49,10:04:16.693793030
8,110.48,219,110.49,10:04:16.693793030
6,110.48,219,110.49,10:04:16.693793284
5,110.48,219,110.49,10:04:16.693858217
1,110.48,219,110.49,10:04:16.693873504
350,110.47,219,110.49,10:04:16.693887919
350,110.47,16,110.48,10:04:16.693887919
350,110.47,34,110.48,10:04:16.693906614
350,110.47,33,110.48,10:04:16.694114854
350,110.47,30,110.48,10:04:16.694471382
353,110.47,30,110.48,10:04:16.694503955
353,110.47,104,110.48,10:04:16.694522096
353,110.47,94,110.48,10:04:16.694888406
353,110.47,92,110.48,10:04:16.694925497
353,110.47,80,110.48,10:04:16.694943045
353,110.47,74,110.48,10:04:16.694962962
353,110.47,47,110.48,10:04:16.695121435
353,110.47,14,110.48,10:04:16.695135749
339,110.47,14,110.48,10:04:16.695166420
339,110.47,216,110.49,10:04:16.695551967
1,110.48,216,110.49,10:04:16.695570037
3,110.48,216,110.49,10:04:16.695588395
2,110.48,216,110.49,10:04:16.695655077
339,110.47,216,110.49,10:04:16.695678351
339,110.47,7,110.48,10:04:16.695678351
339,110.47,4,110.48,10:04:16.696019873
344,110.47,4,110.48,10:04:16.696036272
344,110.47,205,110.49,10:04:16.696101003
344,110.47,215,110.49,10:04:16.696116632
332,110.47,215,110.49,10:04:16.696290728
332,110.47,229,110.49,10:04:16.696432232
332,110.47,233,110.49,10:04:16.696432232
330,110.47,233,110.49,10:04:16.696947795
330,110.47,203,110.49,10:04:16.697130128
330,110.47,204,110.49,10:04:16.704376758
330,110.47,205,110.49,10:04:16.704376758
332,110.47,205,110.49,10:04:16.706172846
334,110.47,205,110.49,10:04:16.706251438
334,110.47,204,110.49,10:04:16.714220075
334,110.47,218,110.49,10:04:16.720647792
334,110.47,204,110.49,10:04:16.747026980
334,110.47,216,110.49,10:04:16.804701042
334,110.47,204,110.49,10:04:16.870519356
334,110.47,50,110.48,10:04:16.907288674
334,110.47,48,110.48,10:04:16.907612242
332,110.47,48,110.48,10:04:16.908702274
328,110.47,48,110.48,10:04:16.908808709
328,110.47,58,110.48,10:04:16.909314414
328,110.47,72,110.48,10:04:16.909314414
328,110.47,73,110.48,10:04:16.909406773
328,110.47,63,110.48,10:04:17.049284602
328,110.47,64,110.48,10:04:18.982588963
328,110.47,65,110.48,10:04:19.311690747
328,110.47,64,110.48,10:04:19.494954298
328,110.47,63,110.48,10:04:19.494954298
328,110.47,64,110.48,10:04:20.537910646
328,110.47,70,110.48,10:04:21.014997675
328,110.47,73,110.48,10:04:21.014997675
328,110.47,74,110.48,10:04:21.015533643
328,110.47,82,110.48,10:04:21.015533643
328,110.47,84,110.48,10:04:21.015737373
328,110.47,126,110.48,10:04:21.015850062
328,110.47,136,110.48,10:04:21.015867733
344,110.47,136,110.48,10:04:21.015867733
344,110.47,137,110.48,10:04:21.015887437
344,110.47,134,110.48,10:04:21.016629962
344,110.47,126,110.48,10:04:21.016664740
344,110.47,125,110.48,10:04:21.016694545
344,110.47,157,110.48,10:04:21.016994424
344,110.47,160,110.48,10:04:21.016994424
344,110.47,162,110.48,10:04:21.037309493
325,110.47,162,110.48,10:04:21.040570831
325,110.47,130,110.48,10:04:21.167443861
325,110.47,88,110.48,10:04:21.167507298
325,110.47,78,110.48,10:04:21.167742501
325,110.47,75,110.48,10:04:23.184313013
325,110.47,77,110.48,10:04:23.184648241
325,110.47,78,110.48,10:04:23.186275043
325,110.47,77,110.48,10:04:23.188117481
325,110.47,78,110.48,10:04:23.198603750
325,110.47,77,110.48,10:04:23.231880830
325,110.47,78,110.48,10:04:23.241517799
325,110.47,77,110.48,10:04:24.993238926
325,110.47,78,110.48,10:04:25.389803188
325,110.47,77,110.48,10:04:25.396598886
325,110.47,78,110.48,10:04:25.418632547
325,110.47,77,110.48,10:04:25.436472132
325,110.47,78,110.48,10:04:25.538380619
325,110.47,77,110.48,10:04:25.752326741
325,110.47,75,110.48,10:04:26.005487022
325,110.47,77,110.48,10:04:26.005853745
325,110.47,78,110.48,10:04:26.005931147
325,110.47,77,110.48,10:04:26.009889301
325,110.47,75,110.48,10:04:26.010027201
325,110.47,76,110.48,10:04:26.010765671
325,110.47,75,110.48,10:04:26.014136223
325,110.47,77,110.48,10:04:26.018095442
325,110.47,75,110.48,10:04:26.043660059
325,110.47,73,110.48,10:04:26.083635904
325,110.47,72,110.48,10:04:26.228690077
325,110.47,66,110.48,10:04:27.015613605
325,110.47,52,110.48,10:04:27.605122754
325,110.47,53,110.48,10:04:28.820430171
325,110.47,52,110.48,10:04:28.820631061
325,110.47,53,110.48,10:04:28.825499592
325,110.47,52,110.48,10:04:28.863300552
325,110.47,53,110.48,10:04:28.868306254
325,110.47,67,110.48,10:04:28.884495015
325,110.47,68,110.48,10:04:28.884772854
325,110.47,69,110.48,10:04:28.884947903
325,110.47,79,110.48,10:04:28.884947903
325,110.47,69,110.48,10:04:28.895535146
325,110.47,71,110.48,10:04:28.985690045
325,110.47,72,110.48,10:04:28.985771437
325,110.47,73,110.48,10:04:28.985861933
325,110.47,74,110.48,10:04:29.006242219
325,110.47,75,110.48,10:04:29.006400238
325,110.47,76,110.48,10:04:29.057826811
325,110.47,77,110.48,10:04:29.066216089
325,110.47,79,110.48,10:04:29.070039786
325,110.47,87,110.48,10:04:31.991005748
325,110.47,95,110.48,10:04:31.991005748
325,110.47,97,110.48,10:04:31.991022826
325,110.47,98,110.48,10:04:31.991022826
325,110.47,156,110.48,10:04:31.991039581
325,110.47,166,110.48,10:04:31.991039581
325,110.47,182,110.48,10:04:31.991360378
313,110.47,182,110.48,10:04:31.991534785
313,110.47,181,110.48,10:04:31.991647189
313,110.47,182,110.48,10:04:31.991802042
313,110.47,185,110.48,10:04:32.003329321
313,110.47,188,110.48,10:04:32.003414284
313,110.47,178,110.48,10:04:32.019234248
313,110.47,188,110.48,10:04:32.024879319
313,110.47,187,110.48,10:04:32.031417680
313,110.47,177,110.48,10:04:32.031541807
313,110.47,178,110.48,10:04:32.031740840
313,110.47,177,110.48,10:04:32.033904408
313,110.47,178,110.48,10:04:32.046883576
313,110.47,188,110.48,10:04:32.182538446
313,110.47,187,110.48,10:04:32.182766564
313,110.47,188,110.48,10:04:32.186238341
313,110.47,187,110.48,10:04:32.247568449
313,110.47,177,110.48,10:04:32.247568449
313,110.47,178,110.48,10:04:32.267928045
313,110.47,188,110.48,10:04:32.268009702
313,110.47,187,110.48,10:04:32.309833193
313,110.47,177,110.48,10:04:32.310308672
313,110.47,178,110.48,10:04:32.330143928
313,110.47,190,110.48,10:04:32.516723220
313,110.47,178,110.48,10:04:32.766364958
313,110.47,177,110.48,10:04:33.723833656
313,110.47,178,110.48,10:04:33.783826242
313,110.47,188,110.48,10:04:33.783901717
313,110.47,178,110.48,10:04:33.784277765
313,110.47,177,110.48,10:04:33.784277765
313,110.47,119,110.48,10:04:33.784497176
313,110.47,103,110.48,10:04:33.784575522
313,110.47,104,110.48,10:04:34.627174607
313,110.47,114,110.48,10:04:34.627174607
307,110.47,114,110.48,10:04:34.627174607
299,110.47,114,110.48,10:04:34.627174607
298,110.47,114,110.48,10:04:34.627195317
277,110.47,114,110.48,10:04:34.627428104
277,110.47,126,110.48,10:04:34.627445499
277,110.47,158,110.48,10:04:34.627445499
277,110.47,170,110.48,10:04:34.627445499
277,110.47,233,110.48,10:04:34.627464677
261,110.47,233,110.48,10:04:34.627464677
261,110.47,245,110.48,10:04:34.774526016
267,110.47,245,110.48,10:04:34.883605265
267,110.47,233,110.48,10:04:35.260996685
268,110.47,233,110.48,10:04:36.305719549
268,110.47,232,110.48,10:04:36.305826483
268,110.47,233,110.48,10:04:36.305970372
268,110.47,245,110.48,10:04:37.759952775
267,110.47,245,110.48,10:04:37.769139819
268,110.47,245,110.48,10:04:42.006086529
268,110.47,244,110.48,10:04:42.179465771
268,110.47,212,110.48,10:04:42.179658344
268,110.47,200,110.48,10:04:42.179863450
268,110.47,188,110.48,10:04:42.196945525
268,110.47,189,110.48,10:04:42.416092145
268,110.47,188,110.48,10:04:42.447574974
268,110.47,125,110.48,10:04:42.509279883
268,110.47,115,110.48,10:04:42.509439556
267,110.47,115,110.48,10:04:42.520604678
266,110.47,115,110.48,10:04:42.520679814
266,110.47,107,110.48,10:04:42.766833220
266,110.47,95,110.48,10:04:42.766901783
266,110.47,87,110.48,10:04:42.767115104
291,110.47,87,110.48,10:04:42.832338427
303,110.47,87,110.48,10:04:42.832442632
303,110.47,86,110.48,10:04:42.853102772
303,110.47,85,110.48,10:04:42.860350194
303,110.47,84,110.48,10:04:42.860350194
303,110.47,85,110.48,10:04:42.862682785
303,110.47,84,110.48,10:04:42.862925740
303,110.47,85,110.48,10:04:42.863145328
303,110.47,86,110.48,10:04:42.863291171
303,110.47,87,110.48,10:04:42.863923104
303,110.47,86,110.48,10:04:42.864348857
303,110.47,85,110.48,10:04:42.864418326
303,110.47,84,110.48,10:04:42.864418326
303,110.47,85,110.48,10:04:42.866472541
303,110.47,84,110.48,10:04:42.909182232
303,110.47,85,110.48,10:04:42.912969854
303,110.47,84,110.48,10:04:42.920835299
303,110.47,83,110.48,10:04:42.944541280
303,110.47,84,110.48,10:04:43.722820784
303,110.47,85,110.48,10:04:43.722996012
303,110.47,84,110.48,10:04:43.723070358
303,110.47,83,110.48,10:04:43.930520816
303,110.47,82,110.48,10:04:46.316178607
303,110.47,81,110.48,10:04:46.316246179
303,110.47,79,110.48,10:04:46.316319586
303,110.47,77,110.48,10:04:46.316615858
303,110.47,63,110.48,10:04:46.316826293
303,110.47,62,110.48,10:04:46.330927135
303,110.47,61,110.48,10:04:46.331063425
303,110.47,13,110.48,10:04:48.551713638
303,110.47,12,110.48,10:04:48.551713638
303,110.47,11,110.48,10:04:48.551829438
303,110.47,9,110.48,10:04:48.551859902
303,110.47,8,110.48,10:04:48.551859902
303,110.47,6,110.48,10:04:48.551859902
303,110.47,3,110.48,10:04:48.551859902
303,110.47,203,110.49,10:04:48.551859902
44,110.48,203,110.49,10:04:48.551859902
44,110.48,202,110.49,10:04:48.552294537
44,110.48,188,110.49,10:04:48.552457430
44,110.48,185,110.49,10:04:48.552541944
335,110.47,185,110.49,10:04:48.552647087
335,110.47,186,110.49,10:04:48.552923718
343,110.47,186,110.49,10:04:48.552923718
343,110.47,185,110.49,10:04:48.553033573
331,110.47,185,110.49,10:04:48.553182085
332,110.47,185,110.49,10:04:48.562608018
333,110.47,185,110.49,10:04:48.562714150
333,110.47,195,110.49,10:04:48.914340896
333,110.47,199,110.49,10:04:48.914445728
333,110.47,196,110.49,10:04:49.001153775
333,110.47,208,110.49,10:04:49.238848648
333,110.47,212,110.49,10:04:51.012155810
333,110.47,232,110.49,10:04:51.012401271
333,110.47,242,110.49,10:04:51.012873083
333,110.47,256,110.49,10:04:51.037304788
333,110.47,242,110.49,10:04:51.083191390
333,110.47,256,110.49,10:04:51.600879057
333,110.47,252,110.49,10:04:53.169521443
333,110.47,230,110.49,10:04:53.169592796
333,110.47,222,110.49,10:04:53.170089279
333,110.47,208,110.49,10:04:53.194405346
333,110.47,196,110.49,10:04:54.016048943
333,110.47,196,110.49,10:04:54.016048943
333,110.47,208,110.49,10:05:00.123509807
333,110.47,210,110.49,10:05:05.746737133
333,110.47,206,110.49,10:05:06.286579512
333,110.47,196,110.49,10:05:06.286579512
78,110.48,196,110.49,10:05:06.287840724
79,110.48,196,110.49,10:05:06.288393741
80,110.48,196,110.49,10:05:06.288393741
81,110.48,196,110.49,10:05:06.288412238
81,110.48,184,110.49,10:05:06.288412238
80,110.48,184,110.49,10:05:06.288694948
81,110.48,184,110.49,10:05:06.288694948
95,110.48,184,110.49,10:05:06.288793409
103,110.48,184,110.49,10:05:06.289798592
105,110.48,184,110.49,10:05:06.289813986
142,110.48,184,110.49,10:05:06.289907997
143,110.48,184,110.49,10:05:06.289923494
151,110.48,184,110.49,10:05:06.289923494
153,110.48,184,110.49,10:05:06.290017871
153,110.48,168,110.49,10:05:06.290032863
153,110.48,147,110.49,10:05:06.290122354
153,110.48,137,110.49,10:05:06.290143088
165,110.48,137,110.49,10:05:06.290143088
179,110.48,137,110.49,10:05:06.290433419
179,110.48,136,110.49,10:05:06.299122439
179,110.48,135,110.49,10:05:06.299215024
179,110.48,134,110.49,10:05:06.301320978
179,110.48,133,110.49,10:05:06.301320978
179,110.48,125,110.49,10:05:06.307967175
179,110.48,126,110.49,10:05:06.310102195
198,110.48,126,110.49,10:05:06.313288182
198,110.48,128,110.49,10:05:06.324509430
198,110.48,126,110.49,10:05:06.337160577
198,110.48,118,110.49,10:05:06.339739093
199,110.48,118,110.49,10:05:06.350994869
199,110.48,117,110.49,10:05:06.351078046
200,110.48,117,110.49,10:05:06.351157176
200,110.48,118,110.49,10:05:06.351234545
200,110.48,106,110.49,10:05:06.397170515
200,110.48,68,110.49,10:05:06.397355651
200,110.48,33,110.49,10:05:06.397355651
200,110.48,39,110.49,10:05:06.859487180
200,110.48,33,110.49,10:05:07.016239560
200,110.48,34,110.49,10:05:07.848321137
206,110.48,34,110.49,10:05:08.279273565
206,110.48,36,110.49,10:05:08.322327889
206,110.48,35,110.49,10:05:09.460507162
207,110.48,35,110.49,10:05:09.471807799
207,110.48,34,110.49,10:05:09.471881030
208,110.48,34,110.49,10:05:09.471881030
208,110.48,33,110.49,10:05:10.463162051
208,110.48,34,110.49,10:05:10.467163610
208,110.48,58,110.49,10:05:11.273553223
208,110.48,107,110.49,10:05:11.273582278
208,110.48,115,110.49,10:05:11.273729536
208,110.48,123,110.49,10:05:11.273858214
194,110.48,123,110.49,10:05:11.273985533
194,110.48,133,110.49,10:05:11.274142707
182,110.48,133,110.49,10:05:11.274142707
182,110.48,125,110.49,10:05:11.274736726
183,110.48,125,110.49,10:05:11.285436949
184,110.48,125,110.49,10:05:11.285511185
184,110.48,126,110.49,10:05:11.285583039
184,110.48,127,110.49,10:05:11.285648837
184,110.48,117,110.49,10:05:11.316002682
184,110.48,109,110.49,10:05:11.515739656
184,110.48,85,110.49,10:05:11.515979441
184,110.48,36,110.49,10:05:11.515979441
184,110.48,37,110.49,10:05:11.803739939
184,110.48,38,110.49,10:05:12.333297211
184,110.48,93,110.49,10:05:13.086191541
184,110.48,111,110.49,10:05:13.086393640
184,110.48,119,110.49,10:05:13.086393640
184,110.48,127,110.49,10:05:13.086414411
184,110.48,137,110.49,10:05:13.086414411
184,110.48,127,110.49,10:05:13.096944148
184,110.48,119,110.49,10:05:13.097106340
184,110.48,129,110.49,10:05:13.097271239
184,110.48,119,110.49,10:05:13.107585610
184,110.48,111,110.49,10:05:13.131583213
184,110.48,117,110.49,10:05:13.138285718
184,110.48,111,110.49,10:05:13.138881265
184,110.48,56,110.49,10:05:13.150967732
184,110.48,38,110.49,10:05:13.151078672
184,110.48,46,110.49,10:05:13.193815917
184,110.48,54,110.49,10:05:13.193910842
184,110.48,64,110.49,10:05:13.193910842
184,110.48,54,110.49,10:05:13.194656112
184,110.48,46,110.49,10:05:13.196256156
184,110.48,38,110.49,10:05:13.204355987
184,110.48,46,110.49,10:05:13.234770863
184,110.48,54,110.49,10:05:13.234869420
184,110.48,114,110.49,10:05:13.252385037
184,110.48,120,110.49,10:05:13.263956029
184,110.48,114,110.49,10:05:13.264342170
184,110.48,136,110.49,10:05:18.034794802
184,110.48,146,110.49,10:05:18.034809973
184,110.48,161,110.49,10:05:18.034918481
184,110.48,170,110.49,10:05:18.035455906
147,110.48,170,110.49,10:05:18.035623420
147,110.48,175,110.49,10:05:18.035645621
139,110.48,175,110.49,10:05:18.035720344
139,110.48,160,110.49,10:05:18.045287778
139,110.48,138,110.49,10:05:18.045403848
139,110.48,133,110.49,10:05:18.045403848
139,110.48,124,110.49,10:05:18.045421851
139,110.48,114,110.49,10:05:18.045630807
138,110.48,114,110.49,10:05:18.045786904
130,110.48,114,110.49,10:05:18.045876674
111,110.48,114,110.49,10:05:18.056489373
111,110.48,124,110.49,10:05:18.056666980
111,110.48,114,110.49,10:05:18.067349311
112,110.48,114,110.49,10:05:18.067349311
111,110.48,114,110.49,10:05:18.067867135
112,110.48,114,110.49,10:05:18.074441470
111,110.48,114,110.49,10:05:18.074587662
111,110.48,118,110.49,10:05:18.104283030
111,110.48,114,110.49,10:05:18.104730031
111,110.48,126,110.49,10:05:18.107498073
111,110.48,135,110.49,10:05:18.145322344
111,110.48,140,110.49,10:05:18.145395829
111,110.48,162,110.49,10:05:18.148757497
111,110.48,177,110.49,10:05:18.148778680
111,110.48,179,110.49,10:05:18.148928901
111,110.48,177,110.49,10:05:18.149511345
111,110.48,165,110.49,10:05:18.191686174
111,110.48,150,110.49,10:05:18.307999338
111,110.48,128,110.49,10:05:18.307999338
148,110.48,128,110.49,10:05:18.528506489
149,110.48,128,110.49,10:05:18.528869197
149,110.48,119,110.49,10:05:18.539597082
149,110.48,118,110.49,10:05:18.539675585
149,110.48,113,110.49,10:05:18.539675585
149,110.48,105,110.49,10:05:18.540589053
149,110.48,45,110.49,10:05:18.550613699
149,110.48,37,110.49,10:05:18.550758576
148,110.48,37,110.49,10:05:18.561873138
148,110.48,36,110.49,10:05:18.561949682
147,110.48,36,110.49,10:05:18.562030322
147,110.48,35,110.49,10:05:18.562030322
166,110.48,35,110.49,10:05:18.608911563
166,110.48,80,110.49,10:05:19.302181349
166,110.48,108,110.49,10:05:19.302313980
166,110.48,80,110.49,10:05:20.696981002
166,110.48,35,110.49,10:05:20.697091143
166,110.48,34,110.49,10:05:20.742570828
166,110.48,33,110.49,10:05:21.606735410
166,110.48,35,110.49,10:05:22.803916697
166,110.48,33,110.49,10:05:22.861302489
166,110.48,32,110.49,10:05:22.865591312
166,110.48,33,110.49,10:05:22.980440473
166,110.48,35,110.49,10:05:23.036240614
166,110.48,33,110.49,10:05:23.037055599
166,110.48,41,110.49,10:05:23.277515581
166,110.48,43,110.49,10:05:23.277662688
166,110.48,51,110.49,10:05:23.277662688
166,110.48,106,110.49,10:05:23.277759311
166,110.48,124,110.49,10:05:23.277759311
166,110.48,116,110.49,10:05:23.277975475
166,110.48,126,110.49,10:05:23.278180988
166,110.48,116,110.49,10:05:23.614180597
166,110.48,98,110.49,10:05:25.332106343
166,110.48,43,110.49,10:05:25.332106343
166,110.48,35,110.49,10:05:25.332256796
166,110.48,89,110.49,10:05:26.078880838
166,110.48,108,110.49,10:05:26.078960249
166,110.48,89,110.49,10:05:27.667382267
166,110.48,35,110.49,10:05:27.667382267
166,110.48,47,110.49,10:05:29.062670623
166,110.48,35,110.49,10:05:29.871741693
166,110.48,47,110.49,10:05:30.056311880
166,110.48,45,110.49,10:05:31.893807557
166,110.48,44,110.49,10:05:31.893984901
166,110.48,45,110.49,10:05:32.254712095
166,110.48,46,110.49,10:05:32.254863788
166,110.48,47,110.49,10:05:32.256010328
166,110.48,46,110.49,10:05:32.256659675
166,110.48,45,110.49,10:05:32.256890494
166,110.48,47,110.49,10:05:32.257140731
166,110.48,45,110.49,10:05:32.257523687
166,110.48,46,110.49,10:05:32.258139866
166,110.48,45,110.49,10:05:32.258654765
166,110.48,46,110.49,10:05:32.258717977
166,110.48,47,110.49,10:05:32.258820541
166,110.48,46,110.49,10:05:32.280862283
166,110.48,45,110.49,10:05:32.312999248
166,110.48,46,110.49,10:05:32.324701163
166,110.48,47,110.49,10:05:32.328054262
166,110.48,112,110.49,10:05:33.058562007
166,110.48,47,110.49,10:05:34.027331534
166,110.48,46,110.49,10:05:34.027532268
166,110.48,45,110.49,10:05:34.027711914
166,110.48,44,110.49,10:05:34.027873441
166,110.48,43,110.49,10:05:34.028095613
166,110.48,44,110.49,10:05:34.028447129
166,110.48,45,110.49,10:05:34.031508114
177,110.48,45,110.49,10:05:34.031508114
180,110.48,45,110.49,10:05:34.031646431
180,110.48,44,110.49,10:05:34.031781067
180,110.48,46,110.49,10:05:34.040840638
177,110.48,46,110.49,10:05:34.040923195
166,110.48,46,110.49,10:05:34.040990914
166,110.48,47,110.49,10:05:34.041090645
166,110.48,35,110.49,10:05:34.042112221
166,110.48,45,110.49,10:05:34.063918280
166,110.48,57,110.49,10:05:34.093481758
166,110.48,45,110.49,10:05:34.185375671
166,110.48,35,110.49,10:05:34.206538972
166,110.48,105,110.49,10:05:34.703270267
166,110.48,113,110.49,10:05:34.703287908
166,110.48,121,110.49,10:05:34.703287908
166,110.48,135,110.49,10:05:34.703454507
165,110.48,135,110.49,10:05:34.703454507
165,110.48,170,110.49,10:05:34.703830362
165,110.48,180,110.49,10:05:34.703887312
165,110.48,192,110.49,10:05:34.703902723
128,110.48,192,110.49,10:05:34.704040129
127,110.48,192,110.49,10:05:34.704088752
127,110.48,198,110.49,10:05:34.704156874
128,110.48,198,110.49,10:05:34.704738630
128,110.48,186,110.49,10:05:34.704885844
129,110.48,186,110.49,10:05:34.705127962
128,110.48,186,110.49,10:05:34.705237501
127,110.48,186,110.49,10:05:34.705559586
127,110.48,180,110.49,10:05:34.705722326
128,110.48,180,110.49,10:05:34.705936374
127,110.48,180,110.49,10:05:34.706570069
127,110.48,181,110.49,10:05:34.715161152
127,110.48,182,110.49,10:05:34.715236541
126,110.48,182,110.49,10:05:34.715385443
127,110.48,182,110.49,10:05:34.724520448
108,110.48,182,110.49,10:05:34.729584735
109,110.48,182,110.49,10:05:34.731119160
109,110.48,147,110.49,10:05:34.731875188
109,110.48,137,110.49,10:05:34.732078558
109,110.48,149,110.49,10:05:34.753800806
109,110.48,137,110.49,10:05:34.797253247
128,110.48,137,110.49,10:05:35.254323763
158,110.48,137,110.49,10:05:35.664121506
159,110.48,137,110.49,10:05:35.664466641
158,110.48,137,110.49,10:05:35.664716760
159,110.48,137,110.49,10:05:37.613619919
159,110.48,149,110.49,10:05:37.764748273
140,110.48,149,110.49,10:05:37.942363072
110,110.48,149,110.49,10:05:37.942520416
129,110.48,149,110.49,10:05:38.468844669
129,110.48,159,110.49,10:05:38.933289894
128,110.48,159,110.49,10:05:38.933658569
127,110.48,159,110.49,10:05:39.025515071
128,110.48,159,110.49,10:05:39.028912208
127,110.48,159,110.49,10:05:40.354041715
127,110.48,147,110.49,10:05:40.359304306
128,110.48,147,110.49,10:05:40.359588409
127,110.48,147,110.49,10:05:40.378101888
128,110.48,147,110.49,10:05:40.604149953
129,110.48,147,110.49,10:05:40.604207543
128,110.48,147,110.49,10:05:41.194576785
126,110.48,147,110.49,10:05:42.163035434
127,110.48,147,110.49,10:05:42.163126813
126,110.48,147,110.49,10:05:42.163269578
127,110.48,147,110.49,10:05:42.255399310
126,110.48,147,110.49,10:05:42.568730649
125,110.48,147,110.49,10:05:44.156512705
125,110.48,159,110.49,10:05:44.284200867
125,110.48,184,110.49,10:05:44.284200867
123,110.48,184,110.49,10:05:44.284200867
122,110.48,184,110.49,10:05:44.284200867
122,110.48,196,110.49,10:05:44.284371983
122,110.48,202,110.49,10:05:44.284384965
108,110.48,202,110.49,10:05:44.284511871
108,110.48,196,110.49,10:05:44.284884677
108,110.48,195,110.49,10:05:44.295691598
108,110.48,194,110.49,10:05:44.295691598
89,110.48,194,110.49,10:05:44.309113944
90,110.48,194,110.49,10:05:44.309365688
90,110.48,206,110.49,10:05:44.313486840
89,110.48,206,110.49,10:05:44.313637321
89,110.48,194,110.49,10:05:44.349204772
89,110.48,206,110.49,10:05:44.375929167
89,110.48,212,110.49,10:05:44.387561905
11,110.48,212,110.49,10:05:45.093471032
10,110.48,212,110.49,10:05:45.093839977
11,110.48,212,110.49,10:05:45.093839977
10,110.48,212,110.49,10:05:45.094080825
10,110.48,213,110.49,10:05:45.104738898
10,110.48,214,110.49,10:05:45.104807458
10,110.48,202,110.49,10:05:45.594512326
10,110.48,214,110.49,10:05:45.614857173
60,110.48,214,110.49,10:05:46.830300846
60,110.48,208,110.49,10:05:46.830869723
110,110.48,208,110.49,10:05:53.637260104
111,110.48,208,110.49,10:05:53.637331368
125,110.48,208,110.49,10:05:53.637400127
124,110.48,208,110.49,10:05:53.637541391
148,110.48,208,110.49,10:05:53.638369524
149,110.48,208,110.49,10:05:53.649741040
150,110.48,208,110.49,10:05:53.649741040
151,110.48,208,110.49,10:05:53.709168131
150,110.48,208,110.49,10:05:53.721462942
151,110.48,208,110.49,10:05:54.034226287
152,110.48,208,110.49,10:05:54.076620384
153,110.48,208,110.49,10:05:54.076847503
154,110.48,208,110.49,10:05:54.080591860
154,110.48,183,110.49,10:05:54.155263999
154,110.48,171,110.49,10:05:54.155263999
155,110.48,171,110.49,10:05:54.155476405
156,110.48,171,110.49,10:05:54.155476405
156,110.48,159,110.49,10:05:54.156116997
156,110.48,151,110.49,10:05:54.156135396
155,110.48,151,110.49,10:05:54.156436843
155,110.48,141,110.49,10:05:54.156717397
154,110.48,141,110.49,10:05:54.157223460
184,110.48,141,110.49,10:05:54.157360353
184,110.48,71,110.49,10:05:54.157360353
184,110.48,57,110.49,10:05:54.157360353
184,110.48,49,110.49,10:05:54.157360353
185,110.48,49,110.49,10:05:54.157820941
186,110.48,49,110.49,10:05:54.157841114
186,110.48,57,110.49,10:05:54.158148736
186,110.48,65,110.49,10:05:54.158148736
186,110.48,77,110.49,10:05:54.158354676
186,110.48,87,110.49,10:05:54.158354676
156,110.48,87,110.49,10:05:54.158354676
156,110.48,79,110.49,10:05:54.158554073
156,110.48,67,110.49,10:05:54.158851866
156,110.48,57,110.49,10:05:54.158976419
156,110.48,49,110.49,10:05:54.161106146
156,110.48,57,110.49,10:05:54.167525035
155,110.48,57,110.49,10:05:54.167525035
155,110.48,69,110.49,10:05:54.167807937
155,110.48,79,110.49,10:05:54.167807937
155,110.48,78,110.49,10:05:54.168703234
155,110.48,77,110.49,10:05:54.168864285
155,110.48,69,110.49,10:05:54.174866009
155,110.48,59,110.49,10:05:54.175093237
155,110.48,47,110.49,10:05:54.175093237
156,110.48,47,110.49,10:05:54.175192488
155,110.48,47,110.49,10:05:54.175361054
156,110.48,47,110.49,10:05:54.176137461
175,110.48,47,110.49,10:05:54.180479537
175,110.48,35,110.49,10:05:54.202232636
205,110.48,35,110.49,10:05:54.261985455
205,110.48,47,110.49,10:05:54.264490288
205,110.48,35,110.49,10:05:54.333140934
205,110.48,47,110.49,10:05:55.504379671
205,110.48,35,110.49,10:05:56.015031104
205,110.48,47,110.49,10:05:59.014111025
205,110.48,45,110.49,10:06:00.029241836
205,110.48,44,110.49,10:06:00.029241836
205,110.48,43,110.49,10:06:00.029423368
205,110.48,46,110.49,10:06:00.029491518
205,110.48,47,110.49,10:06:00.029813048
205,110.48,57,110.49,10:06:00.403336308
205,110.48,69,110.49,10:06:00.403336308
205,110.48,77,110.49,10:06:00.432061336
175,110.48,77,110.49,10:06:00.432155176
175,110.48,85,110.49,10:06:00.432173714
174,110.48,85,110.49,10:06:00.810582263
175,110.48,85,110.49,10:06:01.589079867
174,110.48,85,110.49,10:06:01.634147837
175,110.48,85,110.49,10:06:01.805494718
174,110.48,85,110.49,10:06:02.816419837
175,110.48,85,110.49,10:06:03.159127653
174,110.48,85,110.49,10:06:08.030310626
175,110.48,85,110.49,10:06:11.297671424
175,110.48,75,110.49,10:06:11.308152237
175,110.48,67,110.49,10:06:11.308349760
175,110.48,55,110.49,10:06:11.308376156
175,110.48,47,110.49,10:06:11.318831750
175,110.48,96,110.49,10:06:11.319945550
175,110.48,120,110.49,10:06:11.320222702
175,110.48,128,110.49,10:06:11.320222702
175,110.48,136,110.49,10:06:11.320222702
175,110.48,148,110.49,10:06:11.320222702
175,110.48,158,110.49,10:06:11.320418280
175,110.48,148,110.49,10:06:11.330784935
175,110.48,140,110.49,10:06:11.330869275
175,110.48,128,110.49,10:06:11.331051166
175,110.48,79,110.49,10:06:11.331221300
195,110.48,79,110.49,10:06:11.331333830
212,110.48,79,110.49,10:06:11.331427182
212,110.48,55,110.49,10:06:11.331427182
212,110.48,47,110.49,10:06:11.331520605
212,110.48,55,110.49,10:06:11.348977778
195,110.48,55,110.49,10:06:11.349288287
175,110.48,55,110.49,10:06:11.349288287
174,110.48,55,110.49,10:06:11.349447192
174,110.48,67,110.49,10:06:11.349529083
175,110.48,67,110.49,10:06:11.359501102
175,110.48,55,110.49,10:06:11.359578754
175,110.48,47,110.49,10:06:11.359873137
195,110.48,47,110.49,10:06:11.466026287
212,110.48,47,110.49,10:06:11.466157659
212,110.48,46,110.49,10:06:11.897650832
212,110.48,43,110.49,10:06:14.508584039
212,110.48,45,110.49,10:06:14.510102435
212,110.48,43,110.49,10:06:14.512658596
212,110.48,41,110.49,10:06:14.592976155
212,110.48,42,110.49,10:06:15.015537730
212,110.48,41,110.49,10:06:15.069905683
212,110.48,43,110.49,10:06:15.072708205
212,110.48,41,110.49,10:06:15.078509405
212,110.48,43,110.49,10:06:15.138661902
212,110.48,41,110.49,10:06:15.209240255
212,110.48,42,110.49,10:06:15.332290792
212,110.48,43,110.49,10:06:15.436127558
212,110.48,44,110.49,10:06:15.436196153
212,110.48,43,110.49,10:06:15.531943247
212,110.48,42,110.49,10:06:15.532089007
212,110.48,44,110.49,10:06:15.550906270
212,110.48,42,110.49,10:06:15.551301205
212,110.48,43,110.49,10:06:15.609037554
212,110.48,44,110.49,10:06:15.757414361
212,110.48,43,110.49,10:06:15.947512065
212,110.48,42,110.49,10:06:15.947583249
212,110.48,43,110.49,10:06:15.948612237
212,110.48,42,110.49,10:06:15.951837083
212,110.48,41,110.49,10:06:16.440491570
212,110.48,40,110.49,10:06:16.440491570
212,110.48,26,110.49,10:06:16.441435474
212,110.48,22,110.49,10:06:16.441612936
212,110.48,21,110.49,10:06:16.441612936
212,110.48,20,110.49,10:06:16.446512235
212,110.48,21,110.49,10:06:16.964750495
212,110.48,22,110.49,10:06:16.964825302
212,110.48,23,110.49,10:06:16.964904463
212,110.48,24,110.49,10:06:17.266726903
212,110.48,26,110.49,10:06:17.266786529
212,110.48,27,110.49,10:06:17.266892020
212,110.48,41,110.49,10:06:17.266963559
212,110.48,42,110.49,10:06:17.488074668
212,110.48,43,110.49,10:06:17.631458306
212,110.48,44,110.49,10:06:17.703992377
212,110.48,45,110.49,10:06:17.704269758
212,110.48,46,110.49,10:06:17.704458599
212,110.48,45,110.49,10:06:17.856213988
212,110.48,46,110.49,10:06:18.720830305
212,110.48,45,110.49,10:06:20.592162017
216,110.48,45,110.49,10:06:21.290294085
216,110.48,44,110.49,10:06:21.789033485
216,110.48,43,110.49,10:06:21.789449129
216,110.48,29,110.49,10:06:21.789678434
216,110.48,28,110.49,10:06:21.789776981
216,110.48,29,110.49,10:06:22.345907512
216,110.48,129,110.49,10:06:22.545581124
216,110.48,143,110.49,10:06:22.545752065
216,110.48,145,110.49,10:06:22.545907694
216,110.48,133,110.49,10:06:23.258830184
216,110.48,145,110.49,10:06:23.293050980
216,110.48,143,110.49,10:06:23.768490818
216,110.48,144,110.49,10:06:23.772844268
216,110.48,145,110.49,10:06:23.777560819
216,110.48,133,110.49,10:06:24.199919658
216,110.48,145,110.49,10:06:24.227349269
216,110.48,144,110.49,10:06:24.876906980
216,110.48,145,110.49,10:06:25.493938054
216,110.48,144,110.49,10:06:25.841904680
216,110.48,145,110.49,10:06:26.037623832
196,110.48,145,110.49,10:06:27.703162999
179,110.48,145,110.49,10:06:27.703227521
180,110.48,145,110.49,10:06:27.714509397
181,110.48,145,110.49,10:06:27.714631211
181,110.48,133,110.49,10:06:27.726027763
181,110.48,145,110.49,10:06:27.767566864
218,110.48,145,110.49,10:06:34.810337518
218,110.48,144,110.49,10:06:34.810418711
218,110.48,143,110.49,10:06:34.810418711
218,110.48,129,110.49,10:06:34.810592184
218,110.48,128,110.49,10:06:34.842729644
218,110.48,127,110.49,10:06:39.324345131
218,110.48,126,110.49,10:06:39.324345131
218,110.48,125,110.49,10:06:39.324420389
218,110.48,123,110.49,10:06:39.324420389
218,110.48,122,110.49,10:06:39.324492273
218,110.48,121,110.49,10:06:39.324566648
218,110.48,120,110.49,10:06:39.330068500
230,110.48,120,110.49,10:06:39.330098340
240,110.48,120,110.49,10:06:39.330165040
244,110.48,120,110.49,10:06:39.330165040
225,110.48,120,110.49,10:06:39.366120830
225,110.48,119,110.49,10:06:39.476349894
225,110.48,118,110.49,10:06:41.179093187
225,110.48,117,110.49,10:06:41.179093187
225,110.48,116,110.49,10:06:41.179189690
225,110.48,115,110.49,10:06:41.179206589
225,110.48,113,110.49,10:06:41.179206589
225,110.48,112,110.49,10:06:41.179206589
225,110.48,12,110.49,10:06:41.179206589
225,110.48,213,110.5,10:06:41.179227492
31,110.49,213,110.5,10:06:41.179227492
83,110.49,213,110.5,10:06:41.179646781
97,110.49,213,110.5,10:06:41.179974214
97,110.49,211,110.5,10:06:41.180131279
98,110.49,211,110.5,10:06:41.180213289
84,110.49,211,110.5,10:06:41.180322953
84,110.49,209,110.5,10:06:41.180416054
84,110.49,185,110.5,10:06:41.180586120
84,110.49,179,110.5,10:06:41.181006478
32,110.49,179,110.5,10:06:41.190069152
33,110.49,179,110.5,10:06:41.190225734
47,110.49,179,110.5,10:06:41.190409587
46,110.49,179,110.5,10:06:41.190480224
46,110.49,189,110.5,10:06:41.282434384
46,110.49,193,110.5,10:06:41.282500844
47,110.49,193,110.5,10:06:41.282566379
46,110.49,193,110.5,10:06:41.289575563
15,110.49,193,110.5,10:06:42.878299181
15,110.49,199,110.5,10:06:42.879029381
1,110.49,199,110.5,10:06:43.098801492
1,110.49,223,110.5,10:06:43.099478211
7,110.49,223,110.5,10:06:44.086211571
6,110.49,223,110.5,10:06:44.767581047
1,110.49,223,110.5,10:06:44.767581047
219,110.48,223,110.5,10:06:44.767802068
219,110.48,1,110.49,10:06:44.767994576
219,110.48,2,110.49,10:06:44.768126858
219,110.48,3,110.49,10:06:44.768293223
213,110.48,3,110.49,10:06:44.768311741
221,110.48,3,110.49,10:06:44.768311741
221,110.48,8,110.49,10:06:44.768410669
221,110.48,22,110.49,10:06:44.768428855
221,110.48,21,110.49,10:06:44.768503100
221,110.48,20,110.49,10:06:44.768672743
221,110.48,30,110.49,10:06:44.768672743
221,110.48,16,110.49,10:06:44.768672743
221,110.48,6,110.49,10:06:44.768927107
221,110.48,7,110.49,10:06:44.847721478
221,110.48,8,110.49,10:06:44.848056129
221,110.48,9,110.49,10:06:44.848619670
221,110.48,10,110.49,10:06:44.849116697
240,110.48,10,110.49,10:06:44.855310107
240,110.48,11,110.49,10:06:45.656561030
240,110.48,25,110.49,10:06:45.656876893
240,110.48,24,110.49,10:06:45.656876893
240,110.48,23,110.49,10:06:48.038412761
240,110.48,22,110.49,10:06:48.038638254
240,110.48,8,110.49,10:06:48.038723229
240,110.48,7,110.49,10:06:48.038797189
240,110.48,6,110.49,10:06:48.038861090
240,110.48,7,110.49,10:06:48.064430087
240,110.48,9,110.49,10:06:48.064592654
241,110.48,9,110.49,10:06:48.888972236
241,110.48,10,110.49,10:06:48.889147577
241,110.48,9,110.49,10:06:48.889304713
241,110.48,10,110.49,10:06:49.126351614
241,110.48,9,110.49,10:06:49.126946512
241,110.48,10,110.49,10:06:49.778749240
241,110.48,9,110.49,10:06:49.778940984
241,110.48,23,110.49,10:06:50.306131239
241,110.48,24,110.49,10:06:50.306301457
241,110.48,23,110.49,10:06:52.954339761
241,110.48,24,110.49,10:06:52.968402929
241,110.48,23,110.49,10:06:53.569643094
241,110.48,21,110.49,10:06:53.588745501
241,110.48,20,110.49,10:06:53.591598183
241,110.48,21,110.49,10:06:53.744085739
241,110.48,22,110.49,10:06:53.744229992
241,110.48,24,110.49,10:06:53.744387560
241,110.48,22,110.49,10:06:55.087244976
241,110.48,21,110.49,10:06:55.087457233
241,110.48,20,110.49,10:06:55.087457233
241,110.48,6,110.49,10:06:55.087595287
241,110.48,9,110.49,10:06:55.187519527
241,110.48,10,110.49,10:06:55.187519527
241,110.48,24,110.49,10:06:55.187601075
241,110.48,21,110.49,10:06:55.434832248
241,110.48,23,110.49,10:06:55.540217326
241,110.48,24,110.49,10:06:55.540368759
241,110.48,23,110.49,10:06:56.049014593
241,110.48,24,110.49,10:06:56.101330772
241,110.48,23,110.49,10:06:56.219761915
241,110.48,21,110.49,10:06:56.219955883
241,110.48,22,110.49,10:06:56.807569035
241,110.48,21,110.49,10:06:56.811793562
241,110.48,22,110.49,10:06:57.027169234
241,110.48,23,110.49,10:06:57.076583425
241,110.48,24,110.49,10:06:57.076742337
241,110.48,23,110.49,10:06:57.077109419
241,110.48,22,110.49,10:06:57.086695198
241,110.48,23,110.49,10:06:57.177539916
241,110.48,22,110.49,10:06:57.457604982
241,110.48,21,110.49,10:06:57.457604982
241,110.48,7,110.49,10:06:57.500664271
241,110.48,6,110.49,10:06:57.500821622
241,110.48,5,110.49,10:06:58.884181878
241,110.48,1,110.49,10:06:58.884181878
245,110.48,1,110.49,10:06:58.884427984
259,110.48,1,110.49,10:06:58.884523328
260,110.48,1,110.49,10:06:58.884537798
260,110.48,4,110.49,10:06:58.884600944
260,110.48,3,110.49,10:06:58.894926517
260,110.48,209,110.5,10:06:58.894926517
1,110.49,209,110.5,10:06:58.894926517
1,110.49,217,110.5,10:06:58.895276063
1,110.49,223,110.5,10:06:58.895360181
2,110.49,223,110.5,10:06:59.516031093
1,110.49,223,110.5,10:06:59.516376607
246,110.48,223,110.5,10:06:59.516459480
248,110.48,223,110.5,10:06:59.516617242
248,110.48,226,110.5,10:06:59.516842937
246,110.48,226,110.5,10:06:59.517145905
5,110.49,226,110.5,10:06:59.526989659
1,110.49,226,110.5,10:06:59.527332097
1,110.49,225,110.5,10:06:59.527409969
1,110.49,223,110.5,10:06:59.527606442
2,110.49,223,110.5,10:06:59.756240800
3,110.49,223,110.5,10:06:59.756240800
17,110.49,223,110.5,10:06:59.756311062
16,110.49,223,110.5,10:06:59.757254568
15,110.49,223,110.5,10:06:59.757254568
14,110.49,223,110.5,10:06:59.757501191
1,110.49,223,110.5,10:06:59.757522305
262,110.48,223,110.5,10:06:59.757749554
2,110.49,223,110.5,10:06:59.757770859
4,110.49,223,110.5,10:06:59.757770859
2,110.49,223,110.5,10:06:59.757940734
248,110.48,223,110.5,10:06:59.762557509
248,110.48,226,110.5,10:06:59.762753821
246,110.48,226,110.5,10:06:59.763006606
5,110.49,226,110.5,10:06:59.767791624
1,110.49,226,110.5,10:06:59.768026541
1,110.49,225,110.5,10:06:59.768098691
1,110.49,223,110.5,10:06:59.768295175
15,110.49,223,110.5,10:06:59.805929898
14,110.49,223,110.5,10:06:59.905353810
1,110.49,223,110.5,10:06:59.905353810
260,110.48,223,110.5,10:06:59.905455490
260,110.48,226,110.5,10:06:59.905774411
246,110.48,226,110.5,10:06:59.905852113
5,110.49,226,110.5,10:06:59.915674207
5,110.49,225,110.5,10:06:59.915849310
5,110.49,223,110.5,10:06:59.916045505
5,110.49,219,110.5,10:07:00.018075040
7,110.49,219,110.5,10:07:00.018479815
7,110.49,209,110.5,10:07:00.018553426
7,110.49,203,110.5,10:07:00.018963132
21,110.49,203,110.5,10:07:00.050784590
21,110.49,197,110.5,10:07:00.101257275
23,110.49,197,110.5,10:07:00.144390560
23,110.49,193,110.5,10:07:00.144463992
24,110.49,193,110.5,10:07:00.144610783
22,110.49,193,110.5,10:07:00.352768921
24,110.49,193,110.5,10:07:00.845316026
22,110.49,193,110.5,10:07:01.099376954
22,110.49,213,110.5,10:07:01.359710786
22,110.49,217,110.5,10:07:01.360110738
8,110.49,217,110.5,10:07:01.419959873
8,110.49,221,110.5,10:07:01.420020253
8,110.49,223,110.5,10:07:01.420666944
7,110.49,223,110.5,10:07:01.815251679
6,110.49,223,110.5,10:07:01.839255067
2,110.49,223,110.5,10:07:01.839501718
254,110.48,223,110.5,10:07:01.839501718
254,110.48,1,110.49,10:07:01.839580010
254,110.48,2,110.49,10:07:01.839842734
254,110.48,3,110.49,10:07:01.839921787
254,110.48,4,110.49,10:07:01.840046836
254,110.48,3,110.49,10:07:01.840046836
246,110.48,3,110.49,10:07:01.840109597
246,110.48,2,110.49,10:07:01.840186887
246,110.48,3,110.49,10:07:01.840432700
246,110.48,2,110.49,10:07:01.850157481
246,110.48,1,110.49,10:07:01.850391289
246,110.48,223,110.5,10:07:01.850409642
2,110.49,223,110.5,10:07:01.850409642
1,110.49,223,110.5,10:07:01.927349451
248,110.48,223,110.5,10:07:01.927635572
246,110.48,223,110.5,10:07:01.927860154
246,110.48,226,110.5,10:07:01.927860154
5,110.49,226,110.5,10:07:01.938113561
5,110.49,223,110.5,10:07:01.938345754
5,110.49,220,110.5,10:07:04.258003884
5,110.49,219,110.5,10:07:04.258003884
5,110.49,198,110.5,10:07:04.258003884
5,110.49,191,110.5,10:07:04.258208293
5,110.49,183,110.5,10:07:04.258223510
5,110.49,173,110.5,10:07:04.258223510
7,110.49,173,110.5,10:07:04.258493583
13,110.49,173,110.5,10:07:04.258510729
16,110.49,173,110.5,10:07:04.258510729
17,110.49,173,110.5,10:07:04.258697189
17,110.49,176,110.5,10:07:04.258697189
18,110.49,176,110.5,10:07:04.258697189
26,110.49,176,110.5,10:07:04.258697189
34,110.49,176,110.5,10:07:04.258716950
48,110.49,176,110.5,10:07:04.258716950
49,110.49,176,110.5,10:07:04.258716950
49,110.49,177,110.5,10:07:04.258716950
119,110.49,177,110.5,10:07:04.259027218
118,110.49,177,110.5,10:07:04.259047042
110,110.49,177,110.5,10:07:04.259047042
110,110.49,180,110.5,10:07:04.270323015
110,110.49,183,110.5,10:07:04.270390209
115,110.49,183,110.5,10:07:04.296092060
116,110.49,183,110.5,10:07:05.641736382
116,110.49,182,110.5,10:07:05.641802722
115,110.49,182,110.5,10:07:05.641927605
116,110.49,182,110.5,10:07:05.650120886
115,110.49,182,110.5,10:07:05.650542860
45,110.49,182,110.5,10:07:05.655449029
46,110.49,182,110.5,10:07:05.655629311
119,110.49,182,110.5,10:07:06.159667077
127,110.49,182,110.5,10:07:06.159799989
119,110.49,182,110.5,10:07:06.692229902
46,110.49,182,110.5,10:07:06.692361360
38,110.49,182,110.5,10:07:06.742866133
38,110.49,183,110.5,10:07:07.395903299
38,110.49,182,110.5,10:07:07.428205923
38,110.49,183,110.5,10:07:08.072476212
38,110.49,185,110.5,10:07:08.185582859
79,110.49,185,110.5,10:07:09.247923681
79,110.49,181,110.5,10:07:09.247923681
111,110.49,181,110.5,10:07:09.247939886
111,110.49,171,110.5,10:07:09.248328174
111,110.49,167,110.5,10:07:09.250926893
111,110.49,157,110.5,10:07:09.251441436
111,110.49,155,110.5,10:07:09.251882226
132,110.49,155,110.5,10:07:09.252074268
148,110.49,155,110.5,10:07:09.252149084
148,110.49,145,110.5,10:07:09.252307529
148,110.49,147,110.5,10:07:09.261667087
148,110.49,161,110.5,10:07:09.265841845
127,110.49,161,110.5,10:07:09.271630216
111,110.49,161,110.5,10:07:09.271702354
111,110.49,171,110.5,10:07:09.272869825
111,110.49,157,110.5,10:07:09.291204142
132,110.49,157,110.5,10:07:09.375796725
148,110.49,157,110.5,10:07:09.375925624
