bidVolume,bidPrice,askVolume,askPrice,timestamp
1,2352.3,4,2352.4,08:45:00.003205979
1,2352.3,4,2352.4,08:45:00.005685293
1,2352.3,4,2352.4,08:45:00.005699613
6,2352.2,4,2352.4,08:45:00.127038261
6,2352.2,4,2352.4,08:45:00.127038261
5,2352.2,4,2352.4,08:45:00.127184811
4,2352.2,4,2352.4,08:45:00.127379279
4,2352.2,5,2352.4,08:45:00.127454123
4,2352.2,5,2352.4,08:45:00.127498113
4,2352.2,6,2352.4,08:45:00.127545429
4,2352.2,1,2352.3,08:45:00.127574278
3,2352.2,1,2352.3,08:45:00.127699177
3,2352.2,2,2352.3,08:45:00.127722949
3,2352.2,2,2352.3,08:45:00.127736310
2,2352.2,2,2352.3,08:45:00.127829125
1,2352.2,2,2352.3,08:45:00.127983972
1,2352.2,2,2352.3,08:45:00.127999906
1,2352.2,2,2352.3,08:45:00.128333801
1,2352.2,2,2352.3,08:45:00.128333801
1,2352.2,2,2352.3,08:45:00.128690055
1,2352.2,2,2352.3,08:45:00.128690055
1,2352.2,2,2352.3,08:45:00.141870490
2,2352.2,2,2352.3,08:45:00.247777908
2,2352.2,1,2352.3,08:45:00.247985352
2,2352.2,1,2352.3,08:45:00.248163771
2,2352.2,2,2352.3,08:45:00.270589827
6,2352.1,2,2352.3,08:45:00.270882835
6,2352.1,2,2352.3,08:45:00.270882835
6,2352.1,3,2352.3,08:45:00.271211046
6,2352.1,4,2352.3,08:45:00.271242020
6,2352.1,5,2352.3,08:45:00.271283010
5,2352.1,5,2352.3,08:45:00.271308888
5,2352.1,6,2352.3,08:45:00.271347701
5,2352.1,7,2352.3,08:45:00.271395450
5,2352.1,7,2352.3,08:45:00.271409383
5,2352.1,7,2352.3,08:45:00.271467218
5,2352.1,7,2352.3,08:45:00.271479823
5,2352.1,8,2352.3,08:45:00.271595134
5,2352.1,8,2352.3,08:45:00.271713552
5,2352.1,9,2352.3,08:45:00.271729610
5,2352.1,8,2352.3,08:45:00.271809244
5,2352.1,8,2352.3,08:45:00.271855850
5,2352.1,8,2352.3,08:45:00.272133696
5,2352.1,8,2352.3,08:45:00.272133696
5,2352.1,7,2352.3,08:45:00.298178935
5,2352.1,7,2352.3,08:45:00.298304543
5,2352.1,6,2352.3,08:45:00.298321677
5,2352.1,7,2352.3,08:45:00.309123274
6,2352.1,7,2352.3,08:45:00.319883779
7,2352.1,7,2352.3,08:45:00.346191392
7,2352.1,7,2352.3,08:45:00.400677883
6,2352.1,7,2352.3,08:45:00.469680959
6,2352.1,6,2352.3,08:45:00.497023697
5,2352.1,6,2352.3,08:45:00.514435977
5,2352.1,7,2352.3,08:45:00.514581418
4,2352.1,7,2352.3,08:45:00.514599946
4,2352.1,1,2352.2,08:45:00.514785959
4,2352.1,2,2352.2,08:45:00.514982544
4,2352.1,2,2352.2,08:45:00.515008728
8,2352.1,2,2352.2,08:45:00.515042079
8,2352.1,2,2352.2,08:45:00.515070493
7,2352.1,2,2352.2,08:45:00.515106250
6,2352.1,2,2352.2,08:45:00.515123019
6,2352.1,2,2352.2,08:45:00.515151775
2,2352.1,2,2352.2,08:45:00.515174416
2,2352.1,8,2352.3,08:45:00.515285173
2,2352.1,8,2352.3,08:45:00.515285173
3,2352.1,8,2352.3,08:45:00.515388982
4,2352.1,8,2352.3,08:45:00.515441611
4,2352.1,7,2352.3,08:45:00.515457960
5,2352.1,7,2352.3,08:45:00.515476057
5,2352.1,6,2352.3,08:45:00.515589422
6,2352.1,6,2352.3,08:45:00.515604404
6,2352.1,6,2352.3,08:45:00.516060688
6,2352.1,6,2352.3,08:45:00.516060688
6,2352.1,6,2352.3,08:45:00.517460842
6,2352.1,6,2352.3,08:45:00.517460842
5,2352.1,6,2352.3,08:45:00.554682988
5,2352.1,7,2352.3,08:45:00.554794565
4,2352.1,7,2352.3,08:45:00.554809835
3,2352.1,7,2352.3,08:45:00.555058104
2,2352.1,7,2352.3,08:45:00.555095931
3,2352.1,7,2352.3,08:45:00.582048053
4,2352.1,7,2352.3,08:45:00.582068751
4,2352.1,6,2352.3,08:45:00.582154167
5,2352.1,6,2352.3,08:45:00.582547989
4,2352.1,6,2352.3,08:45:00.673720267
4,2352.1,6,2352.3,08:45:00.730656560
4,2352.1,5,2352.3,08:45:01.012321651
5,2352.1,5,2352.3,08:45:01.012427881
5,2352.1,4,2352.3,08:45:01.012449171
6,2352.1,4,2352.3,08:45:01.012503453
5,2352.1,4,2352.3,08:45:01.020984178
5,2352.1,5,2352.3,08:45:01.021163331
4,2352.1,5,2352.3,08:45:01.021394922
4,2352.1,6,2352.3,08:45:01.021497317
4,2352.1,5,2352.3,08:45:01.262723676
5,2352.1,5,2352.3,08:45:01.262867066
6,2352.1,5,2352.3,08:45:01.262941537
6,2352.1,5,2352.3,08:45:01.370721489
5,2352.1,5,2352.3,08:45:01.409768856
5,2352.1,6,2352.3,08:45:01.409925423
5,2352.1,6,2352.3,08:45:01.409939366
5,2352.1,5,2352.3,08:45:01.411727910
6,2352.1,5,2352.3,08:45:01.411874966
8,2352.0,5,2352.3,08:45:01.576922863
4,2352.0,5,2352.3,08:45:01.576922863
4,2352.0,5,2352.3,08:45:01.576922863
4,2352.0,1,2352.2,08:45:01.576985536
4,2352.0,2,2352.2,08:45:01.577164711
4,2352.0,2,2352.2,08:45:01.577170019
4,2352.0,3,2352.2,08:45:01.577382210
4,2352.0,3,2352.2,08:45:01.577454646
4,2352.0,4,2352.2,08:45:01.577532610
4,2352.0,4,2352.2,08:45:01.577547851
4,2352.0,5,2352.2,08:45:01.577613042
4,2352.0,5,2352.2,08:45:01.577632796
4,2352.0,5,2352.2,08:45:01.577649244
4,2352.0,5,2352.2,08:45:01.577694050
6,2352.0,5,2352.2,08:45:01.577712667
6,2352.0,6,2352.2,08:45:01.577756671
7,2352.0,6,2352.2,08:45:01.577772153
7,2352.0,7,2352.2,08:45:01.577789696
7,2352.0,8,2352.2,08:45:01.577842328
7,2352.0,9,2352.2,08:45:01.577860072
7,2352.0,10,2352.2,08:45:01.577874370
8,2352.0,10,2352.2,08:45:01.577905961
8,2352.0,10,2352.2,08:45:01.577919363
8,2352.0,10,2352.2,08:45:01.577942928
9,2352.0,10,2352.2,08:45:01.577972893
9,2352.0,11,2352.2,08:45:01.578060409
9,2352.0,11,2352.2,08:45:01.578145325
10,2352.0,11,2352.2,08:45:01.578181467
10,2352.0,11,2352.2,08:45:01.578292692
10,2352.0,11,2352.2,08:45:01.578352959
10,2352.0,11,2352.2,08:45:01.578368082
10,2352.0,11,2352.2,08:45:01.578410902
10,2352.0,11,2352.2,08:45:01.578454916
10,2352.0,10,2352.2,08:45:01.578523465
9,2352.0,10,2352.2,08:45:01.578631914
9,2352.0,10,2352.2,08:45:01.578646168
9,2352.0,10,2352.2,08:45:01.578708863
9,2352.0,9,2352.2,08:45:01.578782454
9,2352.0,9,2352.2,08:45:01.578851897
9,2352.0,9,2352.2,08:45:01.578851897
9,2352.0,9,2352.2,08:45:01.579009945
9,2352.0,9,2352.2,08:45:01.579009945
9,2352.0,9,2352.2,08:45:01.579085982
9,2352.0,9,2352.2,08:45:01.579098881
9,2352.0,8,2352.2,08:45:01.579131704
9,2352.0,7,2352.2,08:45:01.579417742
9,2352.0,7,2352.2,08:45:01.585156779
9,2352.0,7,2352.2,08:45:01.589227645
8,2352.0,7,2352.2,08:45:01.760333964
7,2352.0,7,2352.2,08:45:01.760445368
7,2352.0,7,2352.2,08:45:01.760462162
7,2352.0,7,2352.2,08:45:01.760556587
7,2352.0,7,2352.2,08:45:01.909745945
7,2352.0,7,2352.2,08:45:01.909763043
7,2352.0,7,2352.2,08:45:01.909776054
7,2352.0,7,2352.2,08:45:01.909790301
7,2352.0,7,2352.2,08:45:01.909802967
7,2352.0,7,2352.2,08:45:01.945959444
6,2352.0,7,2352.2,08:45:02.003186545
6,2352.0,7,2352.2,08:45:02.003313156
6,2352.0,7,2352.2,08:45:02.003326478
6,2352.0,4,2352.2,08:45:02.074081126
1,2352.1,4,2352.2,08:45:02.074184708
1,2352.1,4,2352.2,08:45:02.074219467
1,2352.1,3,2352.2,08:45:02.074239705
1,2352.1,3,2352.2,08:45:02.074292841
1,2352.1,3,2352.2,08:45:02.074322471
2,2352.1,3,2352.2,08:45:02.074390546
3,2352.1,3,2352.2,08:45:02.074455622
4,2352.1,3,2352.2,08:45:02.074474138
5,2352.1,3,2352.2,08:45:02.074532812
5,2352.1,2,2352.2,08:45:02.074552210
5,2352.1,2,2352.2,08:45:02.074567436
5,2352.1,1,2352.2,08:45:02.074630531
5,2352.1,1,2352.2,08:45:02.074688068
5,2352.1,1,2352.2,08:45:02.074724223
7,2352.1,1,2352.2,08:45:02.074765071
7,2352.1,1,2352.2,08:45:02.074765071
8,2352.1,1,2352.2,08:45:02.074796960
8,2352.1,1,2352.2,08:45:02.074810660
8,2352.1,1,2352.2,08:45:02.074880233
7,2352.1,1,2352.2,08:45:02.074897401
7,2352.1,1,2352.2,08:45:02.075013214
11,2352.1,1,2352.2,08:45:02.075047865
11,2352.1,1,2352.2,08:45:02.075061763
11,2352.1,1,2352.2,08:45:02.075075277
10,2352.1,1,2352.2,08:45:02.075119025
9,2352.1,1,2352.2,08:45:02.075179304
9,2352.1,8,2352.3,08:45:02.075237821
9,2352.1,8,2352.3,08:45:02.075237821
5,2352.1,8,2352.3,08:45:02.075274218
4,2352.1,8,2352.3,08:45:02.075341749
4,2352.1,8,2352.3,08:45:02.075354950
4,2352.1,7,2352.3,08:45:02.075389917
4,2352.1,8,2352.3,08:45:02.075479448
4,2352.1,8,2352.3,08:45:02.075499807
4,2352.1,7,2352.3,08:45:02.075517491
5,2352.1,7,2352.3,08:45:02.075537607
5,2352.1,7,2352.3,08:45:02.075651945
5,2352.1,7,2352.3,08:45:02.075651945
5,2352.1,7,2352.3,08:45:02.076376264
5,2352.1,7,2352.3,08:45:02.076376264
5,2352.1,7,2352.3,08:45:02.085955634
5,2352.1,7,2352.3,08:45:02.113583911
6,2352.1,7,2352.3,08:45:02.604405694
6,2352.1,7,2352.3,08:45:02.604547442
6,2352.1,6,2352.3,08:45:02.605847734
6,2352.1,5,2352.3,08:45:02.606207159
7,2352.1,5,2352.3,08:45:02.606326390
8,2352.1,5,2352.3,08:45:02.606434552
8,2352.1,4,2352.3,08:45:02.606472883
8,2352.1,3,2352.3,08:45:02.606557153
1,2352.2,3,2352.3,08:45:02.606601842
1,2352.2,3,2352.3,08:45:02.607324656
3,2352.2,3,2352.3,08:45:02.607355592
3,2352.2,3,2352.3,08:45:02.607355592
4,2352.2,3,2352.3,08:45:02.607375141
4,2352.2,3,2352.3,08:45:02.607388373
5,2352.2,3,2352.3,08:45:02.607407193
4,2352.2,3,2352.3,08:45:02.607592540
3,2352.2,3,2352.3,08:45:02.607649867
3,2352.2,2,2352.3,08:45:02.607702216
3,2352.2,2,2352.3,08:45:02.607773792
3,2352.2,2,2352.3,08:45:02.607787430
3,2352.2,2,2352.3,08:45:02.608385638
3,2352.2,2,2352.3,08:45:02.608385638
3,2352.2,2,2352.3,08:45:02.709308799
3,2352.2,2,2352.3,08:45:02.722653046
4,2352.2,2,2352.3,08:45:03.029719285
4,2352.2,2,2352.3,08:45:03.029907852
4,2352.2,2,2352.3,08:45:03.029922406
4,2352.2,2,2352.3,08:45:03.029937120
4,2352.2,3,2352.3,08:45:03.067644315
3,2352.2,3,2352.3,08:45:03.067786367
2,2352.2,3,2352.3,08:45:03.067866486
2,2352.2,3,2352.3,08:45:03.068134799
2,2352.2,3,2352.3,08:45:03.068149346
2,2352.2,4,2352.3,08:45:03.077286770
2,2352.2,4,2352.3,08:45:03.246089471
2,2352.2,3,2352.3,08:45:03.273202895
2,2352.2,2,2352.3,08:45:03.273342389
2,2352.2,2,2352.3,08:45:03.304377520
2,2352.2,3,2352.3,08:45:03.616658704
1,2352.2,3,2352.3,08:45:03.616889877
1,2352.2,3,2352.3,08:45:03.616917375
4,2352.1,3,2352.3,08:45:03.617137998
4,2352.1,3,2352.3,08:45:03.617137998
4,2352.1,4,2352.3,08:45:03.617181374
4,2352.1,5,2352.3,08:45:03.617311502
4,2352.1,6,2352.3,08:45:03.617445520
4,2352.1,1,2352.2,08:45:03.617546684
4,2352.1,1,2352.2,08:45:03.617741705
4,2352.1,1,2352.2,08:45:03.618622591
4,2352.1,1,2352.2,08:45:03.618622591
4,2352.1,1,2352.2,08:45:03.618674650
4,2352.1,1,2352.2,08:45:03.618674650
3,2352.1,1,2352.2,08:45:03.627891008
3,2352.1,1,2352.2,08:45:03.628047581
3,2352.1,7,2352.3,08:45:03.628072286
3,2352.1,7,2352.3,08:45:03.628072286
3,2352.1,7,2352.3,08:45:03.628225232
3,2352.1,6,2352.3,08:45:03.628244574
3,2352.1,1,2352.2,08:45:03.628266855
3,2352.1,6,2352.3,08:45:03.628379341
3,2352.1,6,2352.3,08:45:03.628379341
3,2352.1,6,2352.3,08:45:03.628414938
2,2352.1,6,2352.3,08:45:03.628453304
3,2352.1,6,2352.3,08:45:03.628982006
3,2352.1,6,2352.3,08:45:03.629499134
3,2352.1,6,2352.3,08:45:03.629499134
3,2352.1,6,2352.3,08:45:03.718662200
3,2352.1,6,2352.3,08:45:03.718789047
2,2352.1,6,2352.3,08:45:03.718962123
2,2352.1,1,2352.2,08:45:03.719099905
1,2352.1,1,2352.2,08:45:03.719117381
1,2352.1,2,2352.2,08:45:03.719154485
1,2352.1,3,2352.2,08:45:03.719236977
1,2352.1,3,2352.2,08:45:03.719268558
1,2352.1,3,2352.2,08:45:03.719279134
1,2352.1,3,2352.2,08:45:03.719315551
1,2352.1,3,2352.2,08:45:03.719345078
6,2352.0,3,2352.2,08:45:03.719371405
6,2352.0,3,2352.2,08:45:03.719371405
6,2352.0,3,2352.2,08:45:03.719403588
6,2352.0,3,2352.2,08:45:03.719513530
7,2352.0,3,2352.2,08:45:03.719551882
7,2352.0,2,2352.2,08:45:03.719686122
7,2352.0,2,2352.2,08:45:03.720325182
7,2352.0,2,2352.2,08:45:03.720325182
7,2352.0,2,2352.2,08:45:03.720655153
7,2352.0,2,2352.2,08:45:03.720655153
7,2352.0,2,2352.2,08:45:03.727068447
7,2352.0,2,2352.2,08:45:03.727402188
7,2352.0,3,2352.2,08:45:03.839502307
7,2352.0,4,2352.2,08:45:03.839631443
7,2352.0,5,2352.2,08:45:03.839670516
7,2352.0,5,2352.2,08:45:03.839770136
7,2352.0,6,2352.2,08:45:03.839858791
6,2352.0,6,2352.2,08:45:03.839875627
5,2352.0,6,2352.2,08:45:03.840067179
5,2352.0,1,2352.1,08:45:03.840207770
4,2352.0,1,2352.1,08:45:03.840233662
3,2352.0,1,2352.1,08:45:03.840403727
3,2352.0,1,2352.1,08:45:03.840434604
3,2352.0,1,2352.1,08:45:03.840488108
7,2352.0,1,2352.1,08:45:03.840523409
7,2352.0,1,2352.1,08:45:03.840538872
7,2352.0,1,2352.1,08:45:03.840549048
7,2352.0,2,2352.1,08:45:03.840574808
6,2352.0,2,2352.1,08:45:03.840589670
5,2352.0,2,2352.1,08:45:03.840790188
5,2352.0,7,2352.2,08:45:03.840851918
5,2352.0,7,2352.2,08:45:03.840851918
1,2352.0,7,2352.2,08:45:03.840898360
1,2352.0,6,2352.2,08:45:03.841126750
2,2352.0,6,2352.2,08:45:03.841155809
3,2352.0,6,2352.2,08:45:03.841228239
4,2352.0,6,2352.2,08:45:03.841245180
5,2352.0,6,2352.2,08:45:03.841263533
4,2352.0,6,2352.2,08:45:03.841279613
5,2352.0,6,2352.2,08:45:03.841297425
5,2352.0,7,2352.2,08:45:03.841407258
6,2352.0,7,2352.2,08:45:03.841426182
7,2352.0,7,2352.2,08:45:03.841439783
6,2352.0,7,2352.2,08:45:03.841493669
6,2352.0,6,2352.2,08:45:03.841541071
5,2352.0,6,2352.2,08:45:03.841642122
5,2352.0,6,2352.2,08:45:03.841681311
5,2352.0,6,2352.2,08:45:03.841681311
5,2352.0,6,2352.2,08:45:03.843048481
5,2352.0,6,2352.2,08:45:03.843048481
5,2352.0,6,2352.2,08:45:03.851591014
5,2352.0,6,2352.2,08:45:03.854236752
5,2352.0,5,2352.2,08:45:03.919919296
5,2352.0,3,2352.2,08:45:04.268951187
6,2352.0,3,2352.2,08:45:04.269172619
6,2352.0,2,2352.2,08:45:04.269209842
6,2352.0,3,2352.2,08:45:04.269297300
6,2352.0,4,2352.2,08:45:04.269450590
6,2352.0,5,2352.2,08:45:04.428421370
5,2352.0,5,2352.2,08:45:04.441659845
4,2352.0,5,2352.2,08:45:04.441780794
3,2352.0,5,2352.2,08:45:04.441801032
2,2352.0,5,2352.2,08:45:04.442251166
2,2352.0,1,2352.1,08:45:04.442569565
1,2352.0,1,2352.1,08:45:04.442599521
1,2352.0,2,2352.1,08:45:04.442799548
1,2352.0,3,2352.1,08:45:04.442893403
1,2352.0,3,2352.1,08:45:04.442905489
1,2352.0,4,2352.1,08:45:04.442955010
1,2352.0,4,2352.1,08:45:04.443071707
5,2351.9,4,2352.1,08:45:04.443259749
5,2351.9,4,2352.1,08:45:04.443259749
5,2351.9,4,2352.1,08:45:04.443555442
6,2351.9,4,2352.1,08:45:04.443573986
6,2351.9,4,2352.1,08:45:04.443626499
6,2351.9,4,2352.1,08:45:04.443813962
6,2351.9,4,2352.1,08:45:04.443917014
6,2351.9,4,2352.1,08:45:04.443930704
6,2351.9,4,2352.1,08:45:04.444130228
6,2351.9,4,2352.1,08:45:04.444130228
6,2351.9,4,2352.1,08:45:04.444462150
6,2351.9,4,2352.1,08:45:04.444462150
6,2351.9,4,2352.1,08:45:04.445413435
6,2351.9,4,2352.1,08:45:04.445413435
6,2351.9,5,2352.1,08:45:04.471327449
6,2351.9,5,2352.1,08:45:04.471461361
6,2351.9,5,2352.1,08:45:04.471473496
6,2351.9,5,2352.1,08:45:04.471486581
3,2351.9,5,2352.1,08:45:04.496796804
3,2351.9,6,2352.1,08:45:04.496919033
3,2351.9,6,2352.1,08:45:04.496934228
2,2351.9,6,2352.1,08:45:04.496976100
1,2351.9,6,2352.1,08:45:04.497001700
1,2351.9,1,2352.0,08:45:04.497030831
1,2351.9,1,2352.0,08:45:04.497098007
1,2351.9,1,2352.0,08:45:04.497115396
1,2351.9,1,2352.0,08:45:04.497136321
7,2351.8,1,2352.0,08:45:04.497286935
7,2351.8,1,2352.0,08:45:04.497286935
1,2351.9,1,2352.0,08:45:04.497371999
2,2351.9,1,2352.0,08:45:04.497405287
2,2351.9,1,2352.0,08:45:04.497432286
2,2351.9,1,2352.0,08:45:04.497665758
2,2351.9,1,2352.0,08:45:04.497680002
2,2351.9,2,2352.0,08:45:04.497706755
2,2351.9,2,2352.0,08:45:04.497718147
2,2351.9,2,2352.0,08:45:04.497731290
2,2351.9,3,2352.0,08:45:04.497779470
2,2351.9,3,2352.0,08:45:04.497794318
2,2351.9,2,2352.0,08:45:04.497882941
2,2351.9,2,2352.0,08:45:04.497917681
2,2351.9,2,2352.0,08:45:04.497917681
3,2351.9,2,2352.0,08:45:04.497941077
3,2351.9,2,2352.0,08:45:04.497970005
3,2351.9,2,2352.0,08:45:04.498002585
3,2351.9,2,2352.0,08:45:04.498055322
3,2351.9,1,2352.0,08:45:04.498085829
3,2351.9,1,2352.0,08:45:04.498109857
3,2351.9,1,2352.0,08:45:04.498181104
2,2351.9,1,2352.0,08:45:04.498250142
2,2351.9,1,2352.0,08:45:04.498468902
2,2351.9,1,2352.0,08:45:04.498468902
2,2351.9,1,2352.0,08:45:04.498483389
2,2351.9,1,2352.0,08:45:04.498483389
2,2351.9,1,2352.0,08:45:04.499721663
2,2351.9,1,2352.0,08:45:04.499721663
1,2351.9,1,2352.0,08:45:04.506388236
1,2351.9,2,2352.0,08:45:04.506524347
1,2351.9,3,2352.0,08:45:04.506542473
1,2351.9,4,2352.0,08:45:04.506559606
1,2351.9,5,2352.0,08:45:04.506625816
5,2351.8,5,2352.0,08:45:04.506668520
5,2351.8,5,2352.0,08:45:04.506668520
5,2351.8,5,2352.0,08:45:04.506717539
6,2351.8,5,2352.0,08:45:04.506808667
6,2351.8,5,2352.0,08:45:04.506847435
7,2351.8,5,2352.0,08:45:04.506864399
7,2351.8,4,2352.0,08:45:04.507021888
7,2351.8,3,2352.0,08:45:04.512290311
7,2351.8,3,2352.0,08:45:04.512403295
7,2351.8,3,2352.0,08:45:04.512403295
7,2351.8,3,2352.0,08:45:04.514616223
7,2351.8,3,2352.0,08:45:04.515648218
7,2351.8,3,2352.0,08:45:04.515661489
7,2351.8,3,2352.0,08:45:04.517974390
7,2351.8,3,2352.0,08:45:04.517974390
7,2351.8,3,2352.0,08:45:04.675967645
7,2351.8,4,2352.0,08:45:04.677110632
7,2351.8,5,2352.0,08:45:04.677222711
7,2351.8,5,2352.0,08:45:04.677270075
7,2351.8,6,2352.0,08:45:04.677287547
6,2351.8,6,2352.0,08:45:04.677306645
6,2351.8,7,2352.0,08:45:04.677339558
6,2351.8,8,2352.0,08:45:04.677356774
6,2351.8,8,2352.0,08:45:04.677369472
6,2351.8,1,2351.9,08:45:04.677478648
5,2351.8,1,2351.9,08:45:04.677759114
5,2351.8,1,2351.9,08:45:04.677807944
4,2351.8,1,2351.9,08:45:04.677826127
4,2351.8,1,2351.9,08:45:04.677859517
4,2351.8,1,2351.9,08:45:04.677892449
3,2351.8,1,2351.9,08:45:04.678144560
2,2351.8,1,2351.9,08:45:04.678202516
2,2351.8,2,2351.9,08:45:04.678228741
2,2351.8,2,2351.9,08:45:04.678238875
2,2351.8,3,2351.9,08:45:04.678275391
2,2351.8,3,2351.9,08:45:04.678290924
2,2351.8,4,2351.9,08:45:04.678685080
1,2351.8,4,2351.9,08:45:04.678975942
1,2351.8,4,2351.9,08:45:04.679070296
1,2351.8,4,2351.9,08:45:04.679084201
1,2351.8,4,2351.9,08:45:04.679991724
1,2351.8,4,2351.9,08:45:04.679991724
8,2351.7,4,2351.9,08:45:04.680051923
8,2351.7,4,2351.9,08:45:04.680051923
8,2351.7,4,2351.9,08:45:04.680565693
8,2351.7,4,2351.9,08:45:04.681776035
8,2351.7,4,2351.9,08:45:04.681794643
7,2351.7,4,2351.9,08:45:04.681832202
7,2351.7,3,2351.9,08:45:04.681895118
7,2351.7,3,2351.9,08:45:04.682524338
7,2351.7,3,2351.9,08:45:04.682524338
7,2351.7,3,2351.9,08:45:04.682627322
7,2351.7,3,2351.9,08:45:04.682644599
7,2351.7,4,2351.9,08:45:04.684417448
7,2351.7,5,2351.9,08:45:04.684764364
7,2351.7,6,2351.9,08:45:04.685153670
7,2351.7,7,2351.9,08:45:04.685864287
7,2351.7,7,2351.9,08:45:04.685899871
7,2351.7,8,2351.9,08:45:04.686025263
6,2351.7,8,2351.9,08:45:04.686810690
6,2351.7,8,2351.9,08:45:04.689059673
6,2351.7,8,2351.9,08:45:04.689229763
6,2351.7,7,2351.9,08:45:04.703950181
6,2351.7,7,2351.9,08:45:04.704119980
6,2351.7,6,2351.9,08:45:04.704214888
6,2351.7,5,2351.9,08:45:04.704250836
6,2351.7,5,2351.9,08:45:04.714615497
6,2351.7,1,2351.8,08:45:04.867118927
6,2351.7,1,2351.8,08:45:04.867281689
6,2351.7,1,2351.8,08:45:04.867295490
6,2351.7,1,2351.8,08:45:04.867310956
5,2351.7,1,2351.8,08:45:04.867346234
5,2351.7,1,2351.8,08:45:04.867361457
4,2351.7,1,2351.8,08:45:04.867408305
4,2351.7,1,2351.8,08:45:04.867470287
4,2351.7,2,2351.8,08:45:04.867561111
3,2351.7,2,2351.8,08:45:04.867580140
3,2351.7,3,2351.8,08:45:04.867631129
2,2351.7,3,2351.8,08:45:04.867700910
1,2351.7,3,2351.8,08:45:04.867866193
1,2351.7,3,2351.8,08:45:04.867901071
1,2351.7,3,2351.8,08:45:04.868396387
1,2351.7,3,2351.8,08:45:04.868396387
2,2351.7,3,2351.8,08:45:04.868626577
2,2351.7,2,2351.8,08:45:04.868756778
2,2351.7,2,2351.8,08:45:04.869987993
2,2351.7,2,2351.8,08:45:04.869987993
2,2351.7,3,2351.8,08:45:04.871950829
2,2351.7,4,2351.8,08:45:04.871992222
1,2351.7,4,2351.8,08:45:04.872130237
1,2351.7,4,2351.8,08:45:04.872161592
7,2351.6,4,2351.8,08:45:04.872311058
6,2351.6,4,2351.8,08:45:04.872311058
6,2351.6,4,2351.8,08:45:04.872311058
6,2351.6,5,2351.8,08:45:04.872332786
6,2351.6,6,2351.8,08:45:04.872332786
6,2351.6,7,2351.8,08:45:04.872566999
6,2351.6,7,2351.8,08:45:04.872611137
5,2351.6,7,2351.8,08:45:04.872663070
5,2351.6,7,2351.8,08:45:04.872682143
5,2351.6,7,2351.8,08:45:04.872739776
5,2351.6,7,2351.8,08:45:04.872754510
5,2351.6,8,2351.8,08:45:04.872792258
4,2351.6,8,2351.8,08:45:04.872810549
4,2351.6,8,2351.8,08:45:04.872824101
4,2351.6,1,2351.7,08:45:04.872925678
4,2351.6,1,2351.7,08:45:04.872925678
4,2351.6,1,2351.7,08:45:04.873135887
4,2351.6,1,2351.7,08:45:04.873153512
4,2351.6,1,2351.7,08:45:04.873197030
5,2351.6,1,2351.7,08:45:04.873264629
5,2351.6,1,2351.7,08:45:04.873299541
5,2351.6,1,2351.7,08:45:04.873313433
5,2351.6,1,2351.7,08:45:04.873339331
4,2351.6,1,2351.7,08:45:04.873359382
4,2351.6,1,2351.7,08:45:04.873380122
4,2351.6,2,2351.7,08:45:04.873405146
4,2351.6,2,2351.7,08:45:04.873423594
4,2351.6,1,2351.7,08:45:04.873635878
4,2351.6,7,2351.8,08:45:04.873652803
4,2351.6,7,2351.8,08:45:04.873652803
4,2351.6,7,2351.8,08:45:04.873700865
4,2351.6,7,2351.8,08:45:04.873722605
4,2351.6,6,2351.8,08:45:04.873884334
5,2351.6,6,2351.8,08:45:04.873903903
4,2351.6,6,2351.8,08:45:04.874013539
4,2351.6,6,2351.8,08:45:04.874056446
4,2351.6,6,2351.8,08:45:04.874056446
4,2351.6,6,2351.8,08:45:04.874303284
4,2351.6,6,2351.8,08:45:04.874303284
4,2351.6,6,2351.8,08:45:04.875707081
4,2351.6,6,2351.8,08:45:04.875707081
4,2351.6,6,2351.8,08:45:04.876288274
3,2351.6,6,2351.8,08:45:04.877099199
4,2351.6,6,2351.8,08:45:04.881219285
4,2351.6,6,2351.8,08:45:04.883076887
3,2351.6,6,2351.8,08:45:04.884030948
3,2351.6,1,2351.7,08:45:04.884341991
3,2351.6,1,2351.7,08:45:04.884431273
3,2351.6,2,2351.7,08:45:04.884506561
3,2351.6,3,2351.7,08:45:04.884523387
2,2351.6,3,2351.7,08:45:04.884644730
1,2351.6,3,2351.7,08:45:04.884685505
1,2351.6,3,2351.7,08:45:04.884769910
1,2351.6,3,2351.7,08:45:04.884846843
1,2351.6,3,2351.7,08:45:04.885614584
1,2351.6,3,2351.7,08:45:04.885614584
2,2351.6,3,2351.7,08:45:04.891438061
2,2351.6,2,2351.7,08:45:04.891453159
2,2351.6,2,2351.7,08:45:04.891606298
2,2351.6,1,2351.7,08:45:04.891683618
2,2351.6,1,2351.7,08:45:04.891802097
2,2351.6,1,2351.7,08:45:04.893555534
2,2351.6,2,2351.7,08:45:04.900008133
1,2351.6,2,2351.7,08:45:04.900161235
1,2351.6,2,2351.7,08:45:04.900178474
1,2351.6,3,2351.7,08:45:04.900197934
1,2351.6,3,2351.7,08:45:04.900282761
5,2351.5,3,2351.7,08:45:04.900437353
5,2351.5,3,2351.7,08:45:04.900437353
5,2351.5,3,2351.7,08:45:04.900457471
5,2351.5,4,2351.7,08:45:04.900569311
5,2351.5,5,2351.7,08:45:04.900669320
4,2351.5,5,2351.7,08:45:04.900720350
4,2351.5,6,2351.7,08:45:04.900756431
4,2351.5,6,2351.7,08:45:04.900773795
4,2351.5,6,2351.7,08:45:04.900806560
4,2351.5,6,2351.7,08:45:04.900834481
4,2351.5,7,2351.7,08:45:04.900872290
4,2351.5,8,2351.7,08:45:04.900892143
3,2351.5,8,2351.7,08:45:04.900912633
3,2351.5,8,2351.7,08:45:04.900941328
3,2351.5,8,2351.7,08:45:04.900953846
3,2351.5,8,2351.7,08:45:04.900991857
3,2351.5,8,2351.7,08:45:04.901012098
3,2351.5,8,2351.7,08:45:04.901012098
3,2351.5,7,2351.7,08:45:04.901098979
3,2351.5,7,2351.7,08:45:04.901113376
4,2351.5,7,2351.7,08:45:04.901132842
4,2351.5,7,2351.7,08:45:04.901145163
4,2351.5,7,2351.7,08:45:04.901145163
4,2351.5,7,2351.7,08:45:04.901255792
4,2351.5,6,2351.7,08:45:04.901547136
4,2351.5,6,2351.7,08:45:04.901843564
4,2351.5,6,2351.7,08:45:04.901843564
4,2351.5,6,2351.7,08:45:04.911247008
4,2351.5,6,2351.7,08:45:04.911259898
4,2351.5,7,2351.7,08:45:04.911376281
4,2351.5,7,2351.7,08:45:04.911517416
3,2351.5,7,2351.7,08:45:04.911623470
3,2351.5,1,2351.6,08:45:04.911749456
3,2351.5,2,2351.6,08:45:04.911770728
3,2351.5,3,2351.6,08:45:04.911883194
3,2351.5,4,2351.6,08:45:04.911903649
3,2351.5,4,2351.6,08:45:04.911932250
3,2351.5,4,2351.6,08:45:04.911983208
2,2351.5,4,2351.6,08:45:04.912003893
2,2351.5,4,2351.6,08:45:04.912036886
1,2351.5,4,2351.6,08:45:04.912069171
7,2351.4,4,2351.6,08:45:04.912147013
7,2351.4,4,2351.6,08:45:04.912147013
7,2351.4,4,2351.6,08:45:04.912171677
6,2351.4,4,2351.6,08:45:04.912179132
6,2351.4,4,2351.6,08:45:04.912236541
6,2351.4,4,2351.6,08:45:04.912342736
6,2351.4,4,2351.6,08:45:04.912950665
6,2351.4,4,2351.6,08:45:04.912950665
6,2351.4,4,2351.6,08:45:04.913243378
6,2351.4,4,2351.6,08:45:04.913243378
6,2351.4,4,2351.6,08:45:04.913511278
1,2351.5,4,2351.6,08:45:04.922391127
1,2351.5,4,2351.6,08:45:04.922414152
2,2351.5,4,2351.6,08:45:04.922552286
2,2351.5,4,2351.6,08:45:04.922640645
2,2351.5,3,2351.6,08:45:04.922672893
3,2351.5,3,2351.6,08:45:04.923414792
3,2351.5,2,2351.6,08:45:04.923523838
3,2351.5,2,2351.6,08:45:04.923571955
3,2351.5,2,2351.6,08:45:04.923571955
3,2351.5,1,2351.6,08:45:04.923659086
4,2351.5,1,2351.6,08:45:04.923675431
4,2351.5,1,2351.6,08:45:04.923687585
4,2351.5,1,2351.6,08:45:04.923777850
4,2351.5,7,2351.7,08:45:04.938261240
4,2351.5,7,2351.7,08:45:04.938261240
4,2351.5,7,2351.7,08:45:04.939472189
4,2351.5,7,2351.7,08:45:04.939472189
3,2351.5,7,2351.7,08:45:04.939791021
3,2351.5,7,2351.7,08:45:04.963650040
3,2351.5,7,2351.7,08:45:04.963663074
3,2351.5,9,2351.7,08:45:04.971345507
3,2351.5,1,2351.6,08:45:04.971472452
2,2351.5,1,2351.6,08:45:04.971489376
2,2351.5,2,2351.6,08:45:04.971607996
1,2351.5,2,2351.6,08:45:04.971630632
1,2351.5,2,2351.6,08:45:04.971808221
1,2351.5,2,2351.6,08:45:04.972651774
1,2351.5,2,2351.6,08:45:04.972651774
2,2351.5,2,2351.6,08:45:04.977450411
2,2351.5,1,2351.6,08:45:04.977560320
2,2351.5,9,2351.7,08:45:04.977578388
2,2351.5,9,2351.7,08:45:04.977578388
3,2351.5,9,2351.7,08:45:04.977604001
4,2351.5,9,2351.7,08:45:04.977620747
4,2351.5,9,2351.7,08:45:04.977688227
3,2351.5,9,2351.7,08:45:04.978222670
3,2351.5,9,2351.7,08:45:04.978728636
3,2351.5,9,2351.7,08:45:04.978728636
4,2351.5,9,2351.7,08:45:05.108290988
5,2351.5,9,2351.7,08:45:05.108349342
5,2351.5,9,2351.7,08:45:05.263776740
4,2351.5,9,2351.7,08:45:05.263888208
4,2351.5,9,2351.7,08:45:05.333333194
3,2351.5,9,2351.7,08:45:05.477885635
2,2351.5,9,2351.7,08:45:05.598436253
2,2351.5,1,2351.6,08:45:05.598588963
2,2351.5,1,2351.6,08:45:05.598618853
2,2351.5,2,2351.6,08:45:05.598734272
1,2351.5,2,2351.6,08:45:05.598762551
3,2351.5,2,2351.6,08:45:05.598790721
3,2351.5,1,2351.6,08:45:05.598930977
4,2351.5,1,2351.6,08:45:05.599019043
2,2351.5,1,2351.6,08:45:05.599043047
2,2351.5,1,2351.6,08:45:05.599968109
2,2351.5,1,2351.6,08:45:05.599968109
6,2351.4,1,2351.6,08:45:05.836745003
5,2351.4,1,2351.6,08:45:05.836745003
5,2351.4,1,2351.6,08:45:05.836745003
5,2351.4,2,2351.6,08:45:05.836824249
5,2351.4,3,2351.6,08:45:05.836908299
5,2351.4,4,2351.6,08:45:05.836986646
5,2351.4,1,2351.5,08:45:05.837063202
5,2351.4,1,2351.5,08:45:05.837110735
5,2351.4,1,2351.5,08:45:05.837129826
5,2351.4,1,2351.5,08:45:05.837144691
5,2351.4,1,2351.5,08:45:05.837183777
4,2351.4,1,2351.5,08:45:05.837219550
4,2351.4,6,2351.6,08:45:05.837259768
4,2351.4,6,2351.6,08:45:05.837259768
4,2351.4,7,2351.6,08:45:05.837379831
4,2351.4,7,2351.6,08:45:05.837446473
4,2351.4,8,2351.6,08:45:05.837467001
4,2351.4,9,2351.6,08:45:05.837497604
4,2351.4,10,2351.6,08:45:05.837514509
5,2351.4,10,2351.6,08:45:05.837545704
5,2351.4,11,2351.6,08:45:05.837562229
5,2351.4,11,2351.6,08:45:05.837573512
5,2351.4,11,2351.6,08:45:05.837762320
4,2351.4,11,2351.6,08:45:05.837780566
4,2351.4,11,2351.6,08:45:05.837790637
4,2351.4,11,2351.6,08:45:05.837804116
4,2351.4,12,2351.6,08:45:05.837819533
5,2351.4,12,2351.6,08:45:05.837858181
5,2351.4,11,2351.6,08:45:05.837874303
5,2351.4,11,2351.6,08:45:05.837886872
5,2351.4,11,2351.6,08:45:05.837898741
4,2351.4,11,2351.6,08:45:05.837917247
4,2351.4,10,2351.6,08:45:05.837932182
4,2351.4,9,2351.6,08:45:05.837948464
4,2351.4,9,2351.6,08:45:05.837963856
4,2351.4,8,2351.6,08:45:05.837982503
4,2351.4,8,2351.6,08:45:05.838416214
4,2351.4,8,2351.6,08:45:05.838416214
4,2351.4,8,2351.6,08:45:05.838598590
4,2351.4,8,2351.6,08:45:05.838598590
4,2351.4,8,2351.6,08:45:05.839596238
4,2351.4,8,2351.6,08:45:05.839596238
4,2351.4,8,2351.6,08:45:05.845069977
4,2351.4,8,2351.6,08:45:05.847719682
3,2351.4,8,2351.6,08:45:06.030330846
3,2351.4,1,2351.5,08:45:06.030513397
2,2351.4,1,2351.5,08:45:06.030751431
2,2351.4,1,2351.5,08:45:06.030782904
2,2351.4,2,2351.5,08:45:06.030826040
2,2351.4,2,2351.5,08:45:06.030878778
1,2351.4,2,2351.5,08:45:06.030905553
6,2351.3,2,2351.5,08:45:06.030935966
6,2351.3,2,2351.5,08:45:06.030935966
6,2351.3,3,2351.5,08:45:06.030953563
6,2351.3,3,2351.5,08:45:06.031135388
6,2351.3,3,2351.5,08:45:06.031242750
7,2351.3,3,2351.5,08:45:06.031260955
7,2351.3,3,2351.5,08:45:06.031306300
6,2351.3,3,2351.5,08:45:06.031324425
6,2351.3,3,2351.5,08:45:06.031360384
6,2351.3,3,2351.5,08:45:06.031417214
6,2351.3,3,2351.5,08:45:06.031449682
6,2351.3,3,2351.5,08:45:06.031587992
1,2351.4,3,2351.5,08:45:06.031616463
1,2351.4,3,2351.5,08:45:06.031655904
1,2351.4,3,2351.5,08:45:06.031909989
2,2351.4,3,2351.5,08:45:06.031942309
2,2351.4,2,2351.5,08:45:06.031959776
2,2351.4,2,2351.5,08:45:06.031974452
2,2351.4,2,2351.5,08:45:06.031974452
2,2351.4,2,2351.5,08:45:06.032006263
2,2351.4,2,2351.5,08:45:06.032156267
2,2351.4,2,2351.5,08:45:06.032156267
2,2351.4,2,2351.5,08:45:06.033318703
2,2351.4,2,2351.5,08:45:06.033318703
2,2351.4,2,2351.5,08:45:06.033556343
2,2351.4,2,2351.5,08:45:06.033556343
2,2351.4,1,2351.5,08:45:06.040566305
2,2351.4,1,2351.5,08:45:06.040697952
2,2351.4,1,2351.5,08:45:06.040711236
3,2351.4,1,2351.5,08:45:06.044956524
3,2351.4,8,2351.6,08:45:06.045091644
3,2351.4,8,2351.6,08:45:06.045091644
3,2351.4,8,2351.6,08:45:06.045228482
3,2351.4,8,2351.6,08:45:06.046253786
3,2351.4,8,2351.6,08:45:06.046253786
3,2351.4,5,2351.5,08:45:06.135016518
2,2351.4,5,2351.5,08:45:06.135189254
2,2351.4,5,2351.5,08:45:06.135200881
2,2351.4,5,2351.5,08:45:06.135278571
1,2351.4,5,2351.5,08:45:06.135338352
1,2351.4,5,2351.5,08:45:06.135353591
5,2351.3,5,2351.5,08:45:06.135487968
5,2351.3,5,2351.5,08:45:06.135487968
6,2351.3,5,2351.5,08:45:06.135626271
7,2351.3,5,2351.5,08:45:06.135712734
8,2351.3,5,2351.5,08:45:06.135749799
1,2351.4,5,2351.5,08:45:06.135782088
2,2351.4,5,2351.5,08:45:06.135943061
2,2351.4,5,2351.5,08:45:06.135955308
3,2351.4,5,2351.5,08:45:06.136816638
3,2351.4,5,2351.5,08:45:06.137778072
3,2351.4,5,2351.5,08:45:06.137778072
3,2351.4,5,2351.5,08:45:06.137823766
3,2351.4,5,2351.5,08:45:06.137823766
3,2351.4,5,2351.5,08:45:06.144151474
3,2351.4,5,2351.5,08:45:06.144151474
3,2351.4,5,2351.5,08:45:06.153427248
3,2351.4,5,2351.5,08:45:06.153440436
3,2351.4,5,2351.5,08:45:06.220069649
2,2351.4,5,2351.5,08:45:06.252572257
2,2351.4,5,2351.5,08:45:06.252760194
1,2351.4,5,2351.5,08:45:06.253356548
1,2351.4,10,2351.5,08:45:06.271578430
6,2351.3,10,2351.5,08:45:06.271827385
6,2351.3,10,2351.5,08:45:06.271827385
6,2351.3,10,2351.5,08:45:06.271876471
6,2351.3,10,2351.5,08:45:06.272029101
6,2351.3,10,2351.5,08:45:06.273052252
6,2351.3,10,2351.5,08:45:06.273052252
8,2351.3,10,2351.5,08:45:06.345449774
9,2351.3,10,2351.5,08:45:06.345702732
2,2351.4,10,2351.5,08:45:06.346274523
2,2351.4,10,2351.5,08:45:06.346376682
2,2351.4,10,2351.5,08:45:06.347467002
2,2351.4,10,2351.5,08:45:06.347467002
2,2351.4,9,2351.5,08:45:06.473335961
3,2351.4,9,2351.5,08:45:06.473451032
4,2351.4,9,2351.5,08:45:06.473468242
6,2351.4,9,2351.5,08:45:06.473545473
6,2351.4,8,2351.5,08:45:06.473820864
6,2351.4,8,2351.5,08:45:06.473930169
6,2351.4,4,2351.5,08:45:06.474183755
7,2351.4,4,2351.5,08:45:06.474183755
7,2351.4,4,2351.5,08:45:06.474280435
7,2351.4,4,2351.5,08:45:06.474341006
7,2351.4,4,2351.5,08:45:06.474356289
6,2351.4,4,2351.5,08:45:06.474408367
6,2351.4,3,2351.5,08:45:06.475035273
5,2351.4,3,2351.5,08:45:06.522265547
4,2351.4,3,2351.5,08:45:06.522402977
1,2351.4,3,2351.5,08:45:06.724865872
1,2351.4,3,2351.5,08:45:06.724865872
1,2351.4,4,2351.5,08:45:06.725064970
1,2351.4,4,2351.5,08:45:06.725158150
1,2351.4,4,2351.5,08:45:06.725213501
8,2351.3,4,2351.5,08:45:06.725275403
8,2351.3,4,2351.5,08:45:06.725275403
1,2351.4,4,2351.5,08:45:06.725322341
1,2351.4,4,2351.5,08:45:06.725355219
2,2351.4,4,2351.5,08:45:06.725387424
1,2351.4,4,2351.5,08:45:06.725425787
1,2351.4,5,2351.5,08:45:06.725447042
8,2351.3,5,2351.5,08:45:06.725489299
8,2351.3,5,2351.5,08:45:06.725489299
8,2351.3,4,2351.5,08:45:06.725527382
8,2351.3,3,2351.5,08:45:06.725546567
1,2351.4,3,2351.5,08:45:06.725606187
2,2351.4,3,2351.5,08:45:06.725637999
1,2351.4,3,2351.5,08:45:06.725678598
2,2351.4,3,2351.5,08:45:06.725742990
2,2351.4,3,2351.5,08:45:06.726646826
2,2351.4,3,2351.5,08:45:06.726646826
1,2351.4,3,2351.5,08:45:06.726774364
1,2351.4,4,2351.5,08:45:06.726836491
8,2351.3,4,2351.5,08:45:06.726897494
8,2351.3,4,2351.5,08:45:06.726897494
8,2351.3,3,2351.5,08:45:06.727083449
9,2351.3,3,2351.5,08:45:06.727325041
9,2351.3,3,2351.5,08:45:06.728152863
9,2351.3,3,2351.5,08:45:06.728152863
9,2351.3,4,2351.5,08:45:06.729314537
9,2351.3,5,2351.5,08:45:06.729330730
8,2351.3,5,2351.5,08:45:06.729430587
8,2351.3,5,2351.5,08:45:06.729445119
8,2351.3,5,2351.5,08:45:06.729479076
8,2351.3,5,2351.5,08:45:06.729479076
8,2351.3,5,2351.5,08:45:06.837594941
9,2351.3,5,2351.5,08:45:06.929626518
1,2351.4,5,2351.5,08:45:06.934112490
1,2351.4,4,2351.5,08:45:06.934264349
1,2351.4,3,2351.5,08:45:06.934487106
1,2351.4,3,2351.5,08:45:06.937439102
1,2351.4,3,2351.5,08:45:06.937439102
2,2351.4,3,2351.5,08:45:06.965306038
3,2351.4,3,2351.5,08:45:06.965323799
3,2351.4,3,2351.5,08:45:06.965442291
2,2351.4,3,2351.5,08:45:07.093925272
1,2351.4,3,2351.5,08:45:07.093952050
1,2351.4,4,2351.5,08:45:07.211832440
9,2351.3,4,2351.5,08:45:07.223671707
9,2351.3,4,2351.5,08:45:07.223671707
9,2351.3,5,2351.5,08:45:07.223780377
9,2351.3,6,2351.5,08:45:07.223812452
9,2351.3,7,2351.5,08:45:07.223896418
9,2351.3,7,2351.5,08:45:07.224991980
9,2351.3,7,2351.5,08:45:07.224991980
9,2351.3,6,2351.5,08:45:07.587422977
9,2351.3,8,2351.5,08:45:07.588124646
8,2351.3,8,2351.5,08:45:07.610965459
7,2351.3,8,2351.5,08:45:07.610982736
7,2351.3,1,2351.4,08:45:07.611033297
6,2351.3,1,2351.4,08:45:07.611123274
6,2351.3,2,2351.4,08:45:07.611524552
6,2351.3,3,2351.4,08:45:07.611554934
6,2351.3,3,2351.4,08:45:07.611642478
6,2351.3,4,2351.4,08:45:07.611662337
5,2351.3,4,2351.4,08:45:07.611719020
5,2351.3,3,2351.4,08:45:07.611773495
5,2351.3,3,2351.4,08:45:07.611834730
5,2351.3,3,2351.4,08:45:07.611963764
5,2351.3,4,2351.4,08:45:07.612016524
5,2351.3,5,2351.4,08:45:07.612056256
4,2351.3,5,2351.4,08:45:07.612262826
4,2351.3,6,2351.4,08:45:07.612281326
4,2351.3,6,2351.4,08:45:07.612312926
4,2351.3,6,2351.4,08:45:07.612595586
4,2351.3,6,2351.4,08:45:07.612595586
4,2351.3,7,2351.4,08:45:07.612676937
2,2351.3,7,2351.4,08:45:07.612718500
2,2351.3,7,2351.4,08:45:07.612729306
2,2351.3,8,2351.4,08:45:07.612846515
7,2351.2,8,2351.4,08:45:07.613051943
7,2351.2,8,2351.4,08:45:07.613051943
7,2351.2,8,2351.4,08:45:07.613073624
6,2351.2,8,2351.4,08:45:07.613096322
6,2351.2,1,2351.3,08:45:07.613199674
5,2351.2,1,2351.3,08:45:07.613224618
5,2351.2,1,2351.3,08:45:07.613236248
4,2351.2,1,2351.3,08:45:07.613256235
3,2351.2,1,2351.3,08:45:07.613293503
2,2351.2,1,2351.3,08:45:07.613315987
2,2351.2,1,2351.3,08:45:07.613338220
2,2351.2,1,2351.3,08:45:07.613362772
2,2351.2,2,2351.3,08:45:07.613438009
2,2351.2,3,2351.3,08:45:07.613454434
2,2351.2,2,2351.3,08:45:07.613503463
2,2351.2,2,2351.3,08:45:07.613639545
2,2351.2,2,2351.3,08:45:07.613706478
2,2351.2,2,2351.3,08:45:07.613739099
2,2351.2,2,2351.3,08:45:07.613753829
2,2351.2,2,2351.3,08:45:07.613786613
2,2351.2,2,2351.3,08:45:07.613979910
2,2351.2,2,2351.3,08:45:07.613979910
2,2351.2,2,2351.3,08:45:07.614091638
2,2351.2,2,2351.3,08:45:07.614111856
2,2351.2,2,2351.3,08:45:07.614127923
2,2351.2,2,2351.3,08:45:07.614149361
1,2351.2,2,2351.3,08:45:07.614217448
1,2351.2,2,2351.3,08:45:07.614237567
1,2351.2,2,2351.3,08:45:07.614278704
1,2351.2,2,2351.3,08:45:07.614314401
1,2351.2,3,2351.3,08:45:07.614482170
8,2351.1,3,2351.3,08:45:07.614508981
8,2351.1,3,2351.3,08:45:07.614508981
8,2351.1,4,2351.3,08:45:07.614533493
7,2351.1,4,2351.3,08:45:07.614618563
7,2351.1,4,2351.3,08:45:07.614647195
7,2351.1,4,2351.3,08:45:07.614896522
7,2351.1,4,2351.3,08:45:07.614896522
7,2351.1,4,2351.3,08:45:07.614956330
7,2351.1,4,2351.3,08:45:07.614956330
7,2351.1,5,2351.3,08:45:07.614976070
7,2351.1,5,2351.3,08:45:07.615037569
7,2351.1,5,2351.3,08:45:07.615050146
6,2351.1,5,2351.3,08:45:07.615285895
5,2351.1,5,2351.3,08:45:07.615375183
5,2351.1,5,2351.3,08:45:07.615474101
5,2351.1,5,2351.3,08:45:07.615564269
5,2351.1,5,2351.3,08:45:07.615598820
5,2351.1,6,2351.3,08:45:07.615810876
5,2351.1,7,2351.3,08:45:07.615827317
5,2351.1,7,2351.3,08:45:07.615965048
5,2351.1,7,2351.3,08:45:07.615978754
5,2351.1,7,2351.3,08:45:07.616091200
4,2351.1,7,2351.3,08:45:07.616188972
3,2351.1,7,2351.3,08:45:07.616247419
3,2351.1,7,2351.3,08:45:07.616341117
3,2351.1,7,2351.3,08:45:07.616341117
3,2351.1,7,2351.3,08:45:07.616355971
3,2351.1,6,2351.3,08:45:07.616426955
4,2351.1,6,2351.3,08:45:07.616539671
4,2351.1,6,2351.3,08:45:07.620896194
4,2351.1,6,2351.3,08:45:07.620910230
4,2351.1,6,2351.3,08:45:07.622088929
4,2351.1,6,2351.3,08:45:07.622088929
4,2351.1,6,2351.3,08:45:07.623240360
4,2351.1,6,2351.3,08:45:07.627188110
4,2351.1,6,2351.3,08:45:07.631847776
4,2351.1,6,2351.3,08:45:07.631859123
4,2351.1,6,2351.3,08:45:07.702676313
4,2351.1,7,2351.3,08:45:07.824637095
3,2351.1,7,2351.3,08:45:07.824660597
3,2351.1,7,2351.3,08:45:07.824809310
3,2351.1,8,2351.3,08:45:07.824824734
3,2351.1,1,2351.2,08:45:07.824865201
3,2351.1,1,2351.2,08:45:07.824885689
3,2351.1,1,2351.2,08:45:07.825073056
3,2351.1,2,2351.2,08:45:07.825101603
3,2351.1,2,2351.2,08:45:07.825124516
3,2351.1,3,2351.2,08:45:07.825144919
3,2351.1,2,2351.2,08:45:07.825230371
3,2351.1,5,2351.2,08:45:07.825254544
3,2351.1,6,2351.2,08:45:07.825325701
3,2351.1,6,2351.2,08:45:07.825597508
3,2351.1,5,2351.2,08:45:07.825630875
2,2351.1,5,2351.2,08:45:07.825653410
6,2351.0,5,2351.2,08:45:07.825771124
6,2351.0,5,2351.2,08:45:07.825771124
6,2351.0,5,2351.2,08:45:07.825795234
6,2351.0,6,2351.2,08:45:07.826338970
6,2351.0,6,2351.2,08:45:07.826378445
6,2351.0,6,2351.2,08:45:07.826438587
5,2351.0,6,2351.2,08:45:07.826458514
5,2351.0,7,2351.2,08:45:07.826476931
5,2351.0,7,2351.2,08:45:07.826528423
5,2351.0,7,2351.2,08:45:07.826558612
5,2351.0,7,2351.2,08:45:07.826648713
5,2351.0,7,2351.2,08:45:07.826706555
5,2351.0,7,2351.2,08:45:07.826706555
5,2351.0,8,2351.2,08:45:07.826889800
5,2351.0,8,2351.2,08:45:07.827197144
5,2351.0,8,2351.2,08:45:07.827241580
5,2351.0,9,2351.2,08:45:07.827272882
5,2351.0,8,2351.2,08:45:07.827292374
5,2351.0,8,2351.2,08:45:07.827532655
5,2351.0,8,2351.2,08:45:07.827532655
5,2351.0,1,2351.1,08:45:07.827619325
4,2351.0,1,2351.1,08:45:07.828112543
4,2351.0,1,2351.1,08:45:07.828722109
3,2351.0,1,2351.1,08:45:07.828871424
3,2351.0,1,2351.1,08:45:07.828900855
3,2351.0,1,2351.1,08:45:07.828900855
3,2351.0,1,2351.1,08:45:07.829105173
3,2351.0,5,2351.2,08:45:07.829255505
3,2351.0,5,2351.2,08:45:07.829255505
3,2351.0,5,2351.2,08:45:07.829535290
3,2351.0,4,2351.2,08:45:07.829568110
3,2351.0,1,2351.1,08:45:07.829591649
3,2351.0,1,2351.1,08:45:07.829614761
3,2351.0,1,2351.1,08:45:07.829621871
3,2351.0,1,2351.1,08:45:07.829669244
2,2351.0,1,2351.1,08:45:07.829975283
2,2351.0,4,2351.1,08:45:07.830001965
2,2351.0,4,2351.1,08:45:07.830080757
2,2351.0,5,2351.1,08:45:07.830406930
2,2351.0,5,2351.1,08:45:07.830639178
2,2351.0,5,2351.1,08:45:07.830639178
1,2351.0,5,2351.1,08:45:07.830835386
1,2351.0,4,2351.1,08:45:07.830962234
2,2351.0,4,2351.1,08:45:07.831010334
2,2351.0,4,2351.1,08:45:07.831019842
3,2351.0,4,2351.1,08:45:07.831136593
2,2351.0,4,2351.1,08:45:07.831191442
1,2351.0,4,2351.1,08:45:07.831314993
6,2350.9,4,2351.1,08:45:07.831358359
6,2350.9,4,2351.1,08:45:07.831358359
6,2350.9,4,2351.1,08:45:07.831433113
6,2350.9,4,2351.1,08:45:07.831444820
6,2350.9,4,2351.1,08:45:07.831542780
6,2350.9,4,2351.1,08:45:07.831542780
6,2350.9,4,2351.1,08:45:07.831909200
6,2350.9,1,2351.1,08:45:07.832021596
1,2351.0,1,2351.1,08:45:07.832042969
6,2350.9,1,2351.1,08:45:07.832147938
6,2350.9,1,2351.1,08:45:07.832147938
1,2351.0,1,2351.1,08:45:07.832181061
1,2351.0,1,2351.1,08:45:07.832208608
1,2351.0,1,2351.1,08:45:07.832223529
1,2351.0,1,2351.1,08:45:07.832263965
1,2351.0,2,2351.1,08:45:07.832289083
2,2351.0,2,2351.1,08:45:07.832326022
2,2351.0,2,2351.1,08:45:07.832353002
2,2351.0,2,2351.1,08:45:07.832353002
6,2350.9,2,2351.1,08:45:07.832399949
6,2350.9,2,2351.1,08:45:07.832399949
6,2350.9,2,2351.1,08:45:07.832454516
6,2350.9,2,2351.1,08:45:07.832454516
6,2350.9,3,2351.1,08:45:07.832548867
6,2350.9,3,2351.1,08:45:07.832563082
6,2350.9,4,2351.1,08:45:07.832656288
6,2350.9,5,2351.1,08:45:07.832674675
3,2351.0,5,2351.1,08:45:07.832699193
3,2351.0,6,2351.1,08:45:07.832725259
4,2351.0,6,2351.1,08:45:07.832776114
4,2351.0,6,2351.1,08:45:07.832790597
4,2351.0,5,2351.1,08:45:07.832810093
4,2351.0,5,2351.1,08:45:07.832823516
4,2351.0,4,2351.1,08:45:07.832879841
4,2351.0,4,2351.1,08:45:07.832892203
4,2351.0,4,2351.1,08:45:07.832892203
4,2351.0,5,2351.1,08:45:07.832912120
3,2351.0,5,2351.1,08:45:07.832930815
3,2351.0,5,2351.1,08:45:07.832982768
3,2351.0,6,2351.1,08:45:07.833037976
3,2351.0,6,2351.1,08:45:07.833055329
4,2351.0,6,2351.1,08:45:07.833072843
4,2351.0,6,2351.1,08:45:07.833087144
4,2351.0,6,2351.1,08:45:07.833101426
4,2351.0,6,2351.1,08:45:07.833219204
4,2351.0,5,2351.1,08:45:07.833238418
4,2351.0,5,2351.1,08:45:07.833254978
4,2351.0,4,2351.1,08:45:07.833286333
4,2351.0,3,2351.1,08:45:07.833353553
4,2351.0,3,2351.1,08:45:07.833467030
4,2351.0,3,2351.1,08:45:07.833796740
4,2351.0,3,2351.1,08:45:07.833796740
4,2351.0,3,2351.1,08:45:07.833920857
4,2351.0,3,2351.1,08:45:07.837073295
4,2351.0,3,2351.1,08:45:07.838922411
4,2351.0,2,2351.1,08:45:07.839344995
4,2351.0,1,2351.1,08:45:07.922250752
4,2351.0,5,2351.2,08:45:07.922485115
4,2351.0,5,2351.2,08:45:07.922485115
4,2351.0,5,2351.2,08:45:07.922506937
5,2351.0,5,2351.2,08:45:07.922564487
5,2351.0,5,2351.2,08:45:07.922661170
1,2351.1,5,2351.2,08:45:07.922722278
1,2351.1,5,2351.2,08:45:07.922943902
1,2351.1,4,2351.2,08:45:07.922963979
1,2351.1,4,2351.2,08:45:07.922980619
1,2351.1,4,2351.2,08:45:07.923697447
1,2351.1,4,2351.2,08:45:07.923697447
1,2351.1,4,2351.2,08:45:07.923820906
1,2351.1,4,2351.2,08:45:07.923820906
1,2351.1,4,2351.2,08:45:07.923952950
1,2351.1,3,2351.2,08:45:07.934616681
2,2351.1,3,2351.2,08:45:07.934743168
1,2351.1,3,2351.2,08:45:07.934765683
1,2351.1,3,2351.2,08:45:07.934781693
1,2351.1,2,2351.2,08:45:07.934931844
5,2351.0,2,2351.2,08:45:07.934978375
5,2351.0,2,2351.2,08:45:07.934978375
1,2351.1,2,2351.2,08:45:07.935062934
1,2351.1,2,2351.2,08:45:07.935089235
6,2351.0,2,2351.2,08:45:07.935138439
6,2351.0,2,2351.2,08:45:07.935138439
7,2351.0,2,2351.2,08:45:07.935175320
6,2351.0,2,2351.2,08:45:07.935199673
1,2351.1,2,2351.2,08:45:07.935274848
2,2351.1,2,2351.2,08:45:07.935399197
2,2351.1,2,2351.2,08:45:07.936190151
2,2351.1,2,2351.2,08:45:07.936190151
2,2351.1,2,2351.2,08:45:07.937460477
2,2351.1,2,2351.2,08:45:07.937460477
2,2351.1,2,2351.2,08:45:08.004825856
2,2351.1,2,2351.2,08:45:08.120873385
2,2351.1,3,2351.2,08:45:08.121016625
1,2351.1,3,2351.2,08:45:08.121192515
1,2351.1,3,2351.2,08:45:08.121298210
5,2351.0,3,2351.2,08:45:08.121374555
5,2351.0,3,2351.2,08:45:08.121374555
5,2351.0,4,2351.2,08:45:08.121532798
5,2351.0,4,2351.2,08:45:08.122572605
5,2351.0,4,2351.2,08:45:08.122572605
5,2351.0,4,2351.2,08:45:08.129901940
5,2351.0,5,2351.2,08:45:08.132783652
5,2351.0,5,2351.2,08:45:08.132906704
5,2351.0,5,2351.2,08:45:08.132920042
5,2351.0,1,2351.2,08:45:08.133157334
5,2351.0,8,2351.3,08:45:08.133230993
5,2351.0,8,2351.3,08:45:08.133230993
6,2351.0,8,2351.3,08:45:08.133263675
7,2351.0,8,2351.3,08:45:08.133284539
8,2351.0,8,2351.3,08:45:08.133316658
1,2351.1,8,2351.3,08:45:08.133344380
1,2351.1,8,2351.3,08:45:08.133379101
2,2351.1,8,2351.3,08:45:08.133426769
3,2351.1,8,2351.3,08:45:08.133571079
3,2351.1,1,2351.2,08:45:08.133614962
4,2351.1,1,2351.2,08:45:08.133649164
4,2351.1,1,2351.2,08:45:08.133679910
4,2351.1,1,2351.2,08:45:08.133695248
5,2351.1,1,2351.2,08:45:08.133714731
6,2351.1,1,2351.2,08:45:08.133747947
5,2351.1,1,2351.2,08:45:08.133773026
5,2351.1,1,2351.2,08:45:08.133786076
4,2351.1,1,2351.2,08:45:08.133861091
4,2351.1,1,2351.2,08:45:08.133889165
4,2351.1,1,2351.2,08:45:08.133919408
4,2351.1,2,2351.2,08:45:08.134081873
4,2351.1,2,2351.2,08:45:08.134200510
4,2351.1,2,2351.2,08:45:08.134260249
4,2351.1,2,2351.2,08:45:08.134401589
4,2351.1,2,2351.2,08:45:08.134401589
4,2351.1,2,2351.2,08:45:08.134459712
4,2351.1,2,2351.2,08:45:08.134459712
4,2351.1,2,2351.2,08:45:08.135752154
4,2351.1,2,2351.2,08:45:08.135752154
4,2351.1,2,2351.2,08:45:08.139489282
4,2351.1,3,2351.2,08:45:08.292957876
3,2351.1,3,2351.2,08:45:08.293081388
2,2351.1,3,2351.2,08:45:08.293099564
1,2351.1,3,2351.2,08:45:08.293142038
6,2351.0,3,2351.2,08:45:08.293223314
6,2351.0,3,2351.2,08:45:08.293223314
6,2351.0,3,2351.2,08:45:08.293244787
6,2351.0,3,2351.2,08:45:08.293253664
6,2351.0,4,2351.2,08:45:08.293280032
6,2351.0,4,2351.2,08:45:08.293293648
6,2351.0,4,2351.2,08:45:08.293307713
6,2351.0,4,2351.2,08:45:08.293374920
6,2351.0,4,2351.2,08:45:08.293434106
6,2351.0,4,2351.2,08:45:08.298684807
6,2351.0,4,2351.2,08:45:08.298684807
4,2351.0,4,2351.2,08:45:08.421216926
3,2351.0,4,2351.2,08:45:08.421315146
3,2351.0,5,2351.2,08:45:08.421462434
3,2351.0,4,2351.2,08:45:08.421774374
4,2351.0,4,2351.2,08:45:08.421909829
5,2351.0,4,2351.2,08:45:08.421929683
6,2351.0,4,2351.2,08:45:08.422047566
5,2351.0,4,2351.2,08:45:08.445423894
4,2351.0,4,2351.2,08:45:08.445528488
4,2351.0,5,2351.1,08:45:08.462061664
3,2351.0,5,2351.1,08:45:08.462176176
3,2351.0,5,2351.1,08:45:08.462227649
3,2351.0,5,2351.1,08:45:08.462239242
2,2351.0,5,2351.1,08:45:08.462306114
2,2351.0,5,2351.1,08:45:08.462374010
1,2351.0,5,2351.1,08:45:08.462438315
1,2351.0,5,2351.1,08:45:08.462453967
7,2350.9,5,2351.1,08:45:08.462680131
7,2350.9,5,2351.1,08:45:08.462680131
7,2350.9,3,2351.1,08:45:08.462814528
7,2350.9,4,2351.1,08:45:08.462882456
7,2350.9,4,2351.1,08:45:08.462897176
6,2350.9,4,2351.1,08:45:08.462926209
7,2350.9,4,2351.1,08:45:08.462976203
8,2350.9,4,2351.1,08:45:08.463016298
8,2350.9,4,2351.1,08:45:08.463277366
8,2350.9,4,2351.1,08:45:08.463277366
7,2350.9,4,2351.1,08:45:08.463406632
7,2350.9,4,2351.1,08:45:08.463801585
7,2350.9,4,2351.1,08:45:08.463801585
7,2350.9,4,2351.1,08:45:08.470416121
7,2350.9,4,2351.1,08:45:08.471084397
7,2350.9,4,2351.1,08:45:08.480536344
7,2350.9,4,2351.1,08:45:08.480549257
7,2350.9,5,2351.1,08:45:08.601151307
7,2350.9,6,2351.1,08:45:08.601248235
7,2350.9,6,2351.1,08:45:08.601278264
6,2350.9,6,2351.1,08:45:08.601380400
5,2350.9,6,2351.1,08:45:08.601399603
5,2350.9,6,2351.1,08:45:08.601502255
4,2350.9,6,2351.1,08:45:08.608272465
3,2350.9,6,2351.1,08:45:08.608471715
3,2350.9,1,2351.0,08:45:08.608549005
3,2350.9,2,2351.0,08:45:08.608588993
3,2350.9,2,2351.0,08:45:08.608601676
3,2350.9,3,2351.0,08:45:08.608686135
3,2350.9,4,2351.0,08:45:08.608722971
3,2350.9,4,2351.0,08:45:08.608795839
3,2350.9,4,2351.0,08:45:08.608830275
3,2350.9,4,2351.0,08:45:08.608843511
3,2350.9,4,2351.0,08:45:08.608893672
2,2350.9,4,2351.0,08:45:08.608984291
2,2350.9,4,2351.0,08:45:08.609000170
2,2350.9,4,2351.0,08:45:08.609123417
2,2350.9,4,2351.0,08:45:08.609136445
2,2350.9,4,2351.0,08:45:08.609932500
2,2350.9,4,2351.0,08:45:08.609932500
3,2350.9,4,2351.0,08:45:08.610491554
3,2350.9,3,2351.0,08:45:08.610644993
3,2350.9,3,2351.0,08:45:08.610684002
3,2350.9,2,2351.0,08:45:08.610704162
3,2350.9,1,2351.0,08:45:08.610758842
3,2350.9,1,2351.0,08:45:08.610818031
2,2350.9,1,2351.0,08:45:08.616737536
2,2350.9,2,2351.0,08:45:08.616808689
2,2350.9,3,2351.0,08:45:08.616835176
2,2350.9,4,2351.0,08:45:08.616851868
2,2350.9,4,2351.0,08:45:08.616915834
2,2350.9,4,2351.0,08:45:08.616947118
2,2350.9,4,2351.0,08:45:08.616976427
2,2350.9,3,2351.0,08:45:08.617129268
2,2350.9,3,2351.0,08:45:08.678803218
2,2350.9,4,2351.0,08:45:08.678916100
2,2350.9,5,2351.0,08:45:08.678932289
1,2350.9,5,2351.0,08:45:08.679177222
7,2350.8,5,2351.0,08:45:08.679202538
7,2350.8,5,2351.0,08:45:08.679202538
7,2350.8,1,2350.9,08:45:08.679547042
7,2350.8,1,2350.9,08:45:08.679589717
7,2350.8,2,2350.9,08:45:08.679658153
7,2350.8,2,2350.9,08:45:08.679675351
7,2350.8,2,2350.9,08:45:08.679732312
6,2350.8,2,2350.9,08:45:08.679753509
6,2350.8,2,2350.9,08:45:08.679792166
6,2350.8,3,2350.9,08:45:08.679829702
5,2350.8,3,2350.9,08:45:08.679865789
5,2350.8,3,2350.9,08:45:08.679916872
4,2350.8,3,2350.9,08:45:08.680250895
4,2350.8,3,2350.9,08:45:08.680262012
4,2350.8,3,2350.9,08:45:08.680276857
4,2350.8,3,2350.9,08:45:08.680296438
3,2350.8,3,2350.9,08:45:08.680323482
2,2350.8,3,2350.9,08:45:08.680370305
2,2350.8,3,2350.9,08:45:08.680474957
2,2350.8,3,2350.9,08:45:08.680566795
2,2350.8,3,2350.9,08:45:08.680797517
1,2350.8,3,2350.9,08:45:08.680863966
1,2350.8,3,2350.9,08:45:08.680904745
6,2350.7,3,2350.9,08:45:08.681092874
6,2350.7,3,2350.9,08:45:08.681092874
6,2350.7,3,2350.9,08:45:08.681296481
6,2350.7,3,2350.9,08:45:08.681296481
6,2350.7,3,2350.9,08:45:08.681421981
6,2350.7,3,2350.9,08:45:08.681421981
6,2350.7,3,2350.9,08:45:08.681487602
6,2350.7,3,2350.9,08:45:08.681487602
5,2350.7,3,2350.9,08:45:08.681543817
5,2350.7,3,2350.9,08:45:08.681564979
5,2350.7,4,2350.9,08:45:08.681664866
6,2350.7,4,2350.9,08:45:08.681681685
7,2350.7,4,2350.9,08:45:08.681713353
8,2350.7,4,2350.9,08:45:08.681765382
8,2350.7,4,2350.9,08:45:08.681778819
8,2350.7,4,2350.9,08:45:08.681803072
8,2350.7,4,2350.9,08:45:08.681820407
8,2350.7,4,2350.9,08:45:08.681833108
8,2350.7,4,2350.9,08:45:08.681833108
8,2350.7,4,2350.9,08:45:08.681923764
8,2350.7,4,2350.9,08:45:08.682018121
8,2350.7,4,2350.9,08:45:08.682029110
7,2350.7,4,2350.9,08:45:08.682084340
7,2350.7,4,2350.9,08:45:08.682214932
7,2350.7,4,2350.9,08:45:08.682214932
7,2350.7,4,2350.9,08:45:08.687733353
7,2350.7,4,2350.9,08:45:08.687747923
7,2350.7,4,2350.9,08:45:08.688435412
7,2350.7,5,2350.9,08:45:08.688502822
7,2350.7,5,2350.9,08:45:08.688624722
7,2350.7,5,2350.9,08:45:08.689832211
7,2350.7,5,2350.9,08:45:08.690209189
7,2350.7,5,2350.9,08:45:08.693232392
8,2350.7,5,2350.9,08:45:08.696331891
8,2350.7,5,2350.9,08:45:08.698234544
8,2350.7,5,2350.9,08:45:08.698245053
8,2350.7,3,2350.9,08:45:08.707813659
9,2350.7,3,2350.9,08:45:08.707839045
1,2350.8,3,2350.9,08:45:08.707952283
1,2350.8,2,2350.9,08:45:08.707977986
1,2350.8,1,2350.9,08:45:08.708002297
2,2350.8,1,2350.9,08:45:08.708046953
3,2350.8,1,2350.9,08:45:08.708094494
3,2350.8,8,2351.0,08:45:08.708119557
3,2350.8,8,2351.0,08:45:08.708119557
4,2350.8,8,2351.0,08:45:08.708144191
5,2350.8,8,2351.0,08:45:08.708170701
7,2350.8,8,2351.0,08:45:08.708226701
7,2350.8,8,2351.0,08:45:08.708304402
7,2350.8,8,2351.0,08:45:08.708320044
8,2350.8,8,2351.0,08:45:08.708354080
7,2350.8,8,2351.0,08:45:08.708416628
7,2350.8,8,2351.0,08:45:08.708441323
6,2350.8,8,2351.0,08:45:08.708458037
6,2350.8,8,2351.0,08:45:08.708472034
7,2350.8,8,2351.0,08:45:08.708487849
7,2350.8,8,2351.0,08:45:08.708519667
7,2350.8,7,2351.0,08:45:08.708557194
7,2350.8,6,2351.0,08:45:08.708686976
7,2350.8,6,2351.0,08:45:08.709349512
7,2350.8,6,2351.0,08:45:08.709349512
7,2350.8,6,2351.0,08:45:08.709400918
7,2350.8,6,2351.0,08:45:08.709400918
7,2350.8,6,2351.0,08:45:08.709468544
1,2350.9,6,2351.0,08:45:08.762131703
1,2350.9,6,2351.0,08:45:08.762262912
1,2350.9,6,2351.0,08:45:08.762281154
1,2350.9,5,2351.0,08:45:08.762300779
1,2350.9,5,2351.0,08:45:08.762313873
1,2350.9,5,2351.0,08:45:08.762330110
1,2350.9,5,2351.0,08:45:08.762348267
1,2350.9,4,2351.0,08:45:08.762365487
1,2350.9,3,2351.0,08:45:08.762446564
1,2350.9,3,2351.0,08:45:08.763355709
2,2350.9,3,2351.0,08:45:08.763389076
2,2350.9,3,2351.0,08:45:08.763418533
2,2350.9,3,2351.0,08:45:08.763418533
2,2350.9,3,2351.0,08:45:08.781222505
2,2350.9,3,2351.0,08:45:08.875995308
2,2350.9,2,2351.0,08:45:09.025328186
2,2350.9,2,2351.0,08:45:09.025444588
3,2350.9,2,2351.0,08:45:09.025650262
3,2350.9,2,2351.0,08:45:09.025797324
3,2350.9,2,2351.0,08:45:09.025810502
3,2350.9,2,2351.0,08:45:09.095337810
1,2350.9,2,2351.0,08:45:09.121672476
1,2350.9,3,2351.0,08:45:09.121891316
1,2350.9,4,2351.0,08:45:09.121958655
1,2350.9,4,2351.0,08:45:09.121992956
1,2350.9,5,2351.0,08:45:09.122010486
1,2350.9,5,2351.0,08:45:09.122034726
1,2350.9,4,2351.0,08:45:09.122100861
8,2350.8,4,2351.0,08:45:09.122168544
8,2350.8,4,2351.0,08:45:09.122168544
7,2350.8,4,2351.0,08:45:09.122281554
8,2350.8,4,2351.0,08:45:09.122357801
8,2350.8,3,2351.0,08:45:09.122547021
1,2350.9,3,2351.0,08:45:09.122705594
1,2350.9,2,2351.0,08:45:09.122815738
1,2350.9,2,2351.0,08:45:09.122829334
2,2350.9,2,2351.0,08:45:09.122978358
1,2350.9,2,2351.0,08:45:09.123607053
2,2350.9,2,2351.0,08:45:09.123828097
3,2350.9,2,2351.0,08:45:09.124354674
3,2350.9,2,2351.0,08:45:09.124475975
3,2350.9,2,2351.0,08:45:09.124735501
3,2350.9,1,2351.0,08:45:09.125016969
3,2350.9,1,2351.0,08:45:09.126488977
3,2350.9,1,2351.0,08:45:09.126488977
3,2350.9,1,2351.0,08:45:09.128110962
3,2350.9,1,2351.0,08:45:09.128110962
3,2350.9,9,2351.1,08:45:09.136353361
3,2350.9,9,2351.1,08:45:09.136353361
3,2350.9,9,2351.1,08:45:09.136707256
3,2350.9,10,2351.1,08:45:09.136766717
3,2350.9,10,2351.1,08:45:09.136778311
3,2350.9,10,2351.1,08:45:09.136842318
3,2350.9,10,2351.1,08:45:09.139343224
3,2350.9,10,2351.1,08:45:09.139343224
3,2350.9,10,2351.1,08:45:09.144691651
3,2350.9,8,2351.1,08:45:09.257390928
3,2350.9,7,2351.1,08:45:09.257546836
4,2350.9,7,2351.1,08:45:09.257571306
5,2350.9,7,2351.1,08:45:09.257627817
5,2350.9,6,2351.1,08:45:09.257645513
5,2350.9,6,2351.1,08:45:09.257693315
6,2350.9,6,2351.1,08:45:09.257713741
7,2350.9,6,2351.1,08:45:09.257781541
6,2350.9,6,2351.1,08:45:09.257871978
6,2350.9,5,2351.1,08:45:09.352374619
6,2350.9,1,2351.0,08:45:09.428226400
5,2350.9,1,2351.0,08:45:09.428496876
5,2350.9,2,2351.0,08:45:09.428508154
4,2350.9,2,2351.0,08:45:09.428609150
3,2350.9,2,2351.0,08:45:09.428627750
3,2350.9,2,2351.0,08:45:09.428804559
3,2350.9,2,2351.0,08:45:09.429731388
3,2350.9,2,2351.0,08:45:09.429731388
3,2350.9,3,2351.0,08:45:09.486628198
3,2350.9,3,2351.0,08:45:09.486778588
3,2350.9,3,2351.0,08:45:09.486794941
3,2350.9,3,2351.0,08:45:09.589534876
3,2350.9,4,2351.0,08:45:09.589649106
2,2350.9,4,2351.0,08:45:09.589706543
1,2350.9,4,2351.0,08:45:09.589805031
8,2350.8,4,2351.0,08:45:09.589959736
8,2350.8,4,2351.0,08:45:09.589959736
8,2350.8,4,2351.0,08:45:09.589981474
8,2350.8,5,2351.0,08:45:09.590098126
8,2350.8,6,2351.0,08:45:09.590129032
8,2350.8,7,2351.0,08:45:09.590145679
8,2350.8,1,2350.9,08:45:09.590170556
7,2350.8,1,2350.9,08:45:09.590221126
6,2350.8,1,2350.9,08:45:09.590275928
6,2350.8,1,2350.9,08:45:09.590310994
5,2350.8,1,2350.9,08:45:09.590329218
5,2350.8,1,2350.9,08:45:09.590408823
5,2350.8,1,2350.9,08:45:09.590426984
4,2350.8,1,2350.9,08:45:09.590458347
4,2350.8,1,2350.9,08:45:09.590474104
4,2350.8,1,2350.9,08:45:09.590556993
4,2350.8,1,2350.9,08:45:09.591471943
4,2350.8,1,2350.9,08:45:09.591471943
4,2350.8,1,2350.9,08:45:09.591541746
4,2350.8,1,2350.9,08:45:09.591541746
4,2350.8,1,2350.9,08:45:09.598369566
8,2350.7,1,2350.9,08:45:09.598761555
8,2350.7,1,2350.9,08:45:09.598761555
8,2350.7,2,2350.9,08:45:09.598944054
8,2350.7,3,2350.9,08:45:09.598965418
8,2350.7,4,2350.9,08:45:09.599002008
7,2350.7,4,2350.9,08:45:09.599017841
7,2350.7,5,2350.9,08:45:09.599059568
7,2350.7,5,2350.9,08:45:09.599068800
7,2350.7,6,2350.9,08:45:09.599087549
7,2350.7,7,2350.9,08:45:09.599200971
7,2350.7,8,2350.9,08:45:09.599311854
7,2350.7,9,2350.9,08:45:09.599439322
7,2350.7,9,2350.9,08:45:09.599554851
7,2350.7,9,2350.9,08:45:09.599589277
7,2350.7,10,2350.9,08:45:09.599623893
7,2350.7,11,2350.9,08:45:09.599662655
7,2350.7,11,2350.9,08:45:09.599876371
7,2350.7,10,2350.9,08:45:09.599916510
7,2350.7,10,2350.9,08:45:09.599955928
7,2350.7,10,2350.9,08:45:09.600013004
6,2350.7,10,2350.9,08:45:09.600031386
6,2350.7,9,2350.9,08:45:09.600094212
6,2350.7,8,2350.9,08:45:09.600133605
6,2350.7,8,2350.9,08:45:09.600340059
6,2350.7,8,2350.9,08:45:09.600350754
6,2350.7,8,2350.9,08:45:09.600364166
6,2350.7,8,2350.9,08:45:09.600377433
6,2350.7,8,2350.9,08:45:09.600389777
6,2350.7,8,2350.9,08:45:09.600402126
6,2350.7,8,2350.9,08:45:09.600445913
6,2350.7,8,2350.9,08:45:09.600445913
6,2350.7,8,2350.9,08:45:09.609220806
6,2350.7,8,2350.9,08:45:09.609332028
5,2350.7,8,2350.9,08:45:09.610378446
5,2350.7,1,2350.8,08:45:09.610517325
5,2350.7,1,2350.8,08:45:09.610541777
5,2350.7,1,2350.8,08:45:09.610549915
5,2350.7,1,2350.8,08:45:09.610561656
5,2350.7,1,2350.8,08:45:09.610574427
5,2350.7,1,2350.8,08:45:09.610607190
5,2350.7,1,2350.8,08:45:09.610758008
5,2350.7,7,2350.9,08:45:09.610821914
5,2350.7,7,2350.9,08:45:09.610821914
5,2350.7,7,2350.9,08:45:09.610991959
5,2350.7,8,2350.9,08:45:09.611068694
5,2350.7,8,2350.9,08:45:09.611080447
5,2350.7,8,2350.9,08:45:09.611681842
5,2350.7,8,2350.9,08:45:09.611681842
5,2350.7,8,2350.9,08:45:09.612944265
5,2350.7,8,2350.9,08:45:09.612944265
5,2350.6,8,2350.9,08:45:09.758899559
9,2350.5,8,2350.9,08:45:09.758899559
9,2350.5,8,2350.9,08:45:09.758899559
9,2350.5,8,2350.9,08:45:09.758899559
9,2350.5,1,2350.8,08:45:09.758920938
9,2350.5,2,2350.8,08:45:09.759005730
9,2350.5,3,2350.8,08:45:09.759090686
9,2350.5,3,2350.8,08:45:09.759104664
9,2350.5,4,2350.8,08:45:09.759121701
9,2350.5,5,2350.8,08:45:09.759157276
9,2350.5,6,2350.8,08:45:09.759173757
9,2350.5,6,2350.8,08:45:09.759354828
9,2350.5,7,2350.8,08:45:09.759366640
9,2350.5,7,2350.8,08:45:09.759423108
9,2350.5,7,2350.8,08:45:09.759637487
9,2350.5,8,2350.8,08:45:09.759698897
2,2350.6,8,2350.8,08:45:09.759824508
2,2350.6,8,2350.8,08:45:09.759884919
2,2350.6,8,2350.8,08:45:09.759916008
2,2350.6,8,2350.8,08:45:09.759930213
2,2350.6,8,2350.8,08:45:09.759963753
2,2350.6,9,2350.8,08:45:09.759998048
2,2350.6,10,2350.8,08:45:09.760015403
2,2350.6,11,2350.8,08:45:09.760030116
2,2350.6,12,2350.8,08:45:09.760054040
2,2350.6,13,2350.8,08:45:09.760066952
2,2350.6,13,2350.8,08:45:09.760089378
2,2350.6,14,2350.8,08:45:09.760105487
2,2350.6,15,2350.8,08:45:09.760165172
2,2350.6,15,2350.8,08:45:09.760225301
2,2350.6,15,2350.8,08:45:09.760344170
2,2350.6,15,2350.8,08:45:09.760394821
3,2350.6,15,2350.8,08:45:09.760445116
3,2350.6,15,2350.8,08:45:09.760480046
3,2350.6,15,2350.8,08:45:09.760480046
3,2350.6,14,2350.8,08:45:09.760650814
3,2350.6,14,2350.8,08:45:09.760668925
4,2350.6,14,2350.8,08:45:09.760687905
4,2350.6,13,2350.8,08:45:09.760725801
4,2350.6,13,2350.8,08:45:09.760777085
4,2350.6,13,2350.8,08:45:09.761044334
4,2350.6,13,2350.8,08:45:09.761073391
5,2350.6,13,2350.8,08:45:09.761108714
5,2350.6,12,2350.8,08:45:09.761207263
3,2350.6,12,2350.8,08:45:09.761227529
3,2350.6,12,2350.8,08:45:09.761305620
3,2350.6,12,2350.8,08:45:09.761423194
3,2350.6,12,2350.8,08:45:09.761423194
3,2350.6,12,2350.8,08:45:09.761436426
3,2350.6,12,2350.8,08:45:09.761436426
3,2350.6,12,2350.8,08:45:09.761606311
2,2350.6,12,2350.8,08:45:09.761628881
2,2350.6,12,2350.8,08:45:09.763003783
2,2350.6,12,2350.8,08:45:09.763003783
2,2350.6,12,2350.8,08:45:09.763640266
2,2350.6,1,2350.7,08:45:09.763960003
1,2350.6,1,2350.7,08:45:09.764010906
9,2350.5,1,2350.7,08:45:09.764454743
9,2350.5,1,2350.7,08:45:09.764454743
9,2350.5,1,2350.7,08:45:09.764487832
9,2350.5,1,2350.7,08:45:09.764501909
9,2350.5,2,2350.7,08:45:09.764558518
1,2350.6,2,2350.7,08:45:09.764588060
1,2350.6,2,2350.7,08:45:09.764611354
1,2350.6,2,2350.7,08:45:09.764627185
1,2350.6,3,2350.7,08:45:09.764979148
1,2350.6,3,2350.7,08:45:09.764997563
2,2350.6,3,2350.7,08:45:09.765069814
2,2350.6,3,2350.7,08:45:09.765082365
2,2350.6,3,2350.7,08:45:09.765181074
2,2350.6,3,2350.7,08:45:09.765249856
2,2350.6,3,2350.7,08:45:09.765376029
2,2350.6,3,2350.7,08:45:09.765376029
1,2350.6,3,2350.7,08:45:09.765438004
1,2350.6,3,2350.7,08:45:09.765453944
1,2350.6,2,2350.7,08:45:09.765552922
1,2350.6,2,2350.7,08:45:09.765673718
1,2350.6,2,2350.7,08:45:09.765673718
2,2350.6,2,2350.7,08:45:09.765705603
2,2350.6,2,2350.7,08:45:09.765734878
2,2350.6,2,2350.7,08:45:09.765748190
2,2350.6,1,2350.7,08:45:09.765864838
2,2350.6,1,2350.7,08:45:09.765891937
2,2350.6,1,2350.7,08:45:09.765992236
3,2350.6,1,2350.7,08:45:09.766601426
3,2350.6,12,2350.8,08:45:09.766716641
3,2350.6,12,2350.8,08:45:09.766716641
3,2350.6,12,2350.8,08:45:09.766788611
3,2350.6,12,2350.8,08:45:09.766788611
3,2350.6,12,2350.8,08:45:09.767808565
3,2350.6,12,2350.8,08:45:09.767808565
3,2350.6,12,2350.8,08:45:09.768037222
3,2350.6,12,2350.8,08:45:09.770400642
3,2350.6,12,2350.8,08:45:09.770485527
3,2350.6,1,2350.7,08:45:09.774545007
2,2350.6,1,2350.7,08:45:09.774691606
2,2350.6,1,2350.7,08:45:09.774723280
2,2350.6,2,2350.7,08:45:09.774838633
2,2350.6,2,2350.7,08:45:09.775008921
2,2350.6,2,2350.7,08:45:09.775679303
2,2350.6,2,2350.7,08:45:09.775679303
1,2350.6,2,2350.7,08:45:09.781011378
1,2350.6,3,2350.7,08:45:09.781034499
8,2350.5,3,2350.7,08:45:09.781153116
8,2350.5,3,2350.7,08:45:09.781153116
8,2350.5,3,2350.7,08:45:09.781176706
9,2350.5,3,2350.7,08:45:09.781324306
1,2350.6,3,2350.7,08:45:09.781573780
1,2350.6,3,2350.7,08:45:09.781716752
2,2350.6,3,2350.7,08:45:09.781747550
2,2350.6,3,2350.7,08:45:09.782298227
2,2350.6,3,2350.7,08:45:09.782298227
2,2350.6,3,2350.7,08:45:09.783511768
2,2350.6,3,2350.7,08:45:09.783511768
1,2350.6,3,2350.7,08:45:09.791936031
8,2350.5,3,2350.7,08:45:09.792095993
8,2350.5,3,2350.7,08:45:09.792095993
8,2350.5,4,2350.7,08:45:09.792217522
7,2350.5,4,2350.7,08:45:09.792337383
8,2350.5,4,2350.7,08:45:09.792441734
8,2350.5,4,2350.7,08:45:09.792801812
8,2350.5,4,2350.7,08:45:09.792801812
8,2350.5,4,2350.7,08:45:09.793250052
8,2350.5,4,2350.7,08:45:09.793250052
8,2350.5,5,2350.7,08:45:09.810001746
7,2350.5,5,2350.7,08:45:09.810055453
7,2350.5,6,2350.7,08:45:09.810174141
6,2350.5,6,2350.7,08:45:09.810273835
5,2350.5,6,2350.7,08:45:09.810355036
6,2350.5,6,2350.7,08:45:09.821998357
6,2350.5,5,2350.7,08:45:09.822107326
5,2350.5,5,2350.7,08:45:09.827072408
5,2350.5,4,2350.7,08:45:09.827072408
5,2350.5,4,2350.7,08:45:09.943656518
4,2350.5,4,2350.7,08:45:09.944974809
4,2350.5,5,2350.7,08:45:09.945056559
4,2350.5,6,2350.7,08:45:09.945075123
5,2350.5,6,2350.7,08:45:09.945181669
5,2350.5,5,2350.7,08:45:09.945301569
5,2350.5,4,2350.7,08:45:09.945395647
4,2350.5,4,2350.7,08:45:09.974370351
5,2350.5,4,2350.7,08:45:09.976492842
5,2350.5,4,2350.7,08:45:09.981419870
5,2350.5,1,2350.6,08:45:09.995095233
5,2350.5,4,2350.7,08:45:09.995348858
5,2350.5,4,2350.7,08:45:09.995348858
5,2350.5,4,2350.7,08:45:09.995374164
5,2350.5,5,2350.7,08:45:09.995374164
5,2350.5,5,2350.7,08:45:09.995374164
4,2350.5,5,2350.7,08:45:09.995382853
4,2350.5,5,2350.7,08:45:09.995444655
5,2350.5,5,2350.7,08:45:09.995473123
1,2350.6,5,2350.7,08:45:09.995503631
2,2350.6,5,2350.7,08:45:09.995537142
2,2350.6,4,2350.7,08:45:09.995554209
3,2350.6,4,2350.7,08:45:09.995612518
3,2350.6,3,2350.7,08:45:09.995629206
3,2350.6,3,2350.7,08:45:09.995644957
3,2350.6,3,2350.7,08:45:09.995660471
4,2350.6,3,2350.7,08:45:09.995679863
5,2350.6,3,2350.7,08:45:09.995716789
5,2350.6,3,2350.7,08:45:09.995730798
5,2350.6,3,2350.7,08:45:09.995748277
4,2350.6,3,2350.7,08:45:09.995825645
4,2350.6,3,2350.7,08:45:09.995838983
4,2350.6,2,2350.7,08:45:09.995953040
5,2350.6,2,2350.7,08:45:09.996282425
5,2350.6,2,2350.7,08:45:09.996307201
5,2350.6,2,2350.7,08:45:09.996320679
5,2350.6,1,2350.7,08:45:09.996359605
5,2350.6,1,2350.7,08:45:09.996698574
5,2350.6,1,2350.7,08:45:09.996859952
5,2350.6,1,2350.7,08:45:09.996859952
5,2350.6,1,2350.7,08:45:09.996974594
5,2350.6,1,2350.7,08:45:09.996974594
5,2350.6,1,2350.7,08:45:09.998384283
5,2350.6,1,2350.7,08:45:09.998384283
4,2350.6,1,2350.7,08:45:10.063348245
4,2350.6,2,2350.7,08:45:10.063491516
6,2350.6,2,2350.7,08:45:10.063519227
6,2350.6,2,2350.7,08:45:10.063638843
6,2350.6,1,2350.7,08:45:10.063779063
6,2350.6,12,2350.8,08:45:10.064028262
6,2350.6,12,2350.8,08:45:10.064028262
6,2350.6,12,2350.8,08:45:10.064060973
6,2350.6,12,2350.8,08:45:10.064083476
6,2350.6,12,2350.8,08:45:10.065251074
6,2350.6,12,2350.8,08:45:10.065251074
6,2350.6,12,2350.8,08:45:10.072276460
6,2350.6,13,2350.8,08:45:10.150240353
6,2350.6,1,2350.7,08:45:10.150374541
6,2350.6,2,2350.7,08:45:10.150421419
6,2350.6,2,2350.7,08:45:10.150431647
6,2350.6,2,2350.7,08:45:10.150513114
6,2350.6,2,2350.7,08:45:10.150542817
5,2350.6,2,2350.7,08:45:10.150616165
5,2350.6,2,2350.7,08:45:10.150730235
5,2350.6,2,2350.7,08:45:10.150741090
5,2350.6,2,2350.7,08:45:10.151607831
5,2350.6,2,2350.7,08:45:10.151607831
5,2350.6,2,2350.7,08:45:10.157286339
5,2350.6,2,2350.7,08:45:10.175991785
5,2350.6,1,2350.7,08:45:10.212808001
5,2350.6,1,2350.7,08:45:10.212872124
5,2350.6,12,2350.8,08:45:10.213061223
5,2350.6,12,2350.8,08:45:10.213061223
5,2350.6,12,2350.8,08:45:10.213148971
5,2350.6,12,2350.8,08:45:10.213199894
6,2350.6,12,2350.8,08:45:10.213267172
6,2350.6,12,2350.8,08:45:10.214359726
6,2350.6,12,2350.8,08:45:10.214359726
1,2350.7,12,2350.8,08:45:10.220196083
1,2350.7,12,2350.8,08:45:10.220310351
1,2350.7,11,2350.8,08:45:10.220326333
1,2350.7,10,2350.8,08:45:10.220342912
1,2350.7,10,2350.8,08:45:10.220358362
1,2350.7,9,2350.8,08:45:10.220376423
1,2350.7,9,2350.8,08:45:10.220446159
1,2350.7,8,2350.8,08:45:10.220492604
1,2350.7,7,2350.8,08:45:10.220595896
1,2350.7,6,2350.8,08:45:10.220710216
1,2350.7,6,2350.8,08:45:10.221378111
1,2350.7,6,2350.8,08:45:10.221378111
1,2350.7,6,2350.8,08:45:10.238842243
1,2350.7,7,2350.8,08:45:10.270584481
1,2350.7,7,2350.8,08:45:10.270703702
5,2350.6,7,2350.8,08:45:10.270841894
5,2350.6,7,2350.8,08:45:10.270841894
5,2350.6,7,2350.8,08:45:10.272059631
5,2350.6,7,2350.8,08:45:10.272059631
6,2350.6,7,2350.8,08:45:10.336465706
6,2350.6,6,2350.8,08:45:10.454402035
6,2350.6,5,2350.8,08:45:10.454642021
7,2350.6,5,2350.8,08:45:10.454670831
1,2350.7,5,2350.8,08:45:10.454716419
2,2350.7,5,2350.8,08:45:10.454743995
2,2350.7,4,2350.8,08:45:10.454801916
2,2350.7,4,2350.8,08:45:10.454816933
2,2350.7,4,2350.8,08:45:10.454848242
2,2350.7,4,2350.8,08:45:10.454901171
2,2350.7,3,2350.8,08:45:10.454988024
2,2350.7,2,2350.8,08:45:10.455040977
2,2350.7,1,2350.8,08:45:10.455292642
2,2350.7,1,2350.8,08:45:10.455302514
2,2350.7,1,2350.8,08:45:10.456028770
2,2350.7,1,2350.8,08:45:10.456028770
2,2350.7,1,2350.8,08:45:10.463148542
2,2350.7,1,2350.8,08:45:10.463489841
3,2350.7,1,2350.8,08:45:10.638314631
3,2350.7,9,2350.9,08:45:10.638442215
3,2350.7,9,2350.9,08:45:10.638442215
3,2350.7,9,2350.9,08:45:10.638488664
4,2350.7,9,2350.9,08:45:10.638511039
1,2350.8,9,2350.9,08:45:10.638557343
1,2350.8,8,2350.9,08:45:10.638575514
1,2350.8,7,2350.9,08:45:10.638706774
1,2350.8,7,2350.9,08:45:10.638858655
1,2350.8,6,2350.9,08:45:10.639778348
1,2350.8,5,2350.9,08:45:10.639796096
1,2350.8,4,2350.9,08:45:10.639863338
1,2350.8,4,2350.9,08:45:10.639874698
1,2350.8,4,2350.9,08:45:10.640057802
1,2350.8,4,2350.9,08:45:10.640057802
1,2350.8,4,2350.9,08:45:10.640072420
1,2350.8,4,2350.9,08:45:10.640072420
1,2350.8,4,2350.9,08:45:10.642358295
1,2350.8,4,2350.9,08:45:10.642358295
1,2350.8,3,2350.9,08:45:10.643044576
2,2350.8,3,2350.9,08:45:10.643406602
2,2350.8,2,2350.9,08:45:10.644104787
2,2350.8,1,2350.9,08:45:10.644557039
2,2350.8,2,2350.9,08:45:10.645318510
1,2350.8,2,2350.9,08:45:10.645503148
2,2350.8,2,2350.9,08:45:10.646786620
2,2350.8,2,2350.9,08:45:10.647035339
2,2350.8,2,2350.9,08:45:10.648270081
1,2350.8,2,2350.9,08:45:10.680017967
1,2350.8,2,2350.9,08:45:10.680170197
4,2350.7,2,2350.9,08:45:10.680197346
4,2350.7,2,2350.9,08:45:10.680197346
4,2350.7,3,2350.9,08:45:10.680333003
1,2350.8,3,2350.9,08:45:10.680715546
1,2350.8,4,2350.9,08:45:10.680738651
1,2350.8,4,2350.9,08:45:10.680828738
1,2350.8,4,2350.9,08:45:10.680845049
1,2350.8,3,2350.9,08:45:10.680916742
1,2350.8,2,2350.9,08:45:10.680949642
2,2350.8,2,2350.9,08:45:10.681441275
2,2350.8,2,2350.9,08:45:10.681593209
2,2350.8,2,2350.9,08:45:10.681593209
2,2350.8,1,2350.9,08:45:10.681720587
2,2350.8,1,2350.9,08:45:10.683225367
2,2350.8,1,2350.9,08:45:10.683225367
1,2350.8,1,2350.9,08:45:10.689733407
1,2350.8,2,2350.9,08:45:10.689860258
1,2350.8,3,2350.9,08:45:10.689973294
6,2350.7,3,2350.9,08:45:10.690097076
6,2350.7,3,2350.9,08:45:10.690097076
6,2350.7,3,2350.9,08:45:10.691249529
6,2350.7,3,2350.9,08:45:10.691249529
1,2350.8,3,2350.9,08:45:10.743655143
1,2350.8,2,2350.9,08:45:10.743805629
6,2350.7,2,2350.9,08:45:10.744443412
6,2350.7,2,2350.9,08:45:10.744443412
1,2350.8,2,2350.9,08:45:10.744596288
1,2350.8,2,2350.9,08:45:10.744912951
1,2350.8,2,2350.9,08:45:10.744912951
1,2350.8,1,2350.9,08:45:10.803490341
2,2350.8,1,2350.9,08:45:10.803642670
1,2350.8,1,2350.9,08:45:10.803663967
1,2350.8,1,2350.9,08:45:10.803774613
2,2350.8,1,2350.9,08:45:10.810853226
3,2350.8,1,2350.9,08:45:10.811023601
3,2350.8,1,2350.9,08:45:10.811766195
3,2350.8,7,2351.0,08:45:10.811766195
3,2350.8,7,2351.0,08:45:10.811766195
3,2350.8,7,2351.0,08:45:10.811802109
4,2350.8,7,2351.0,08:45:10.811973549
4,2350.8,7,2351.0,08:45:10.812006280
4,2350.8,7,2351.0,08:45:10.812290535
4,2350.8,7,2351.0,08:45:10.812290535
4,2350.8,6,2351.0,08:45:10.812677519
4,2350.8,5,2351.0,08:45:10.812715309
5,2350.8,5,2351.0,08:45:10.812740781
5,2350.8,4,2351.0,08:45:10.812856413
5,2350.8,4,2351.0,08:45:10.813063530
5,2350.8,4,2351.0,08:45:10.813063530
5,2350.8,4,2351.0,08:45:10.820044765
5,2350.8,5,2351.0,08:45:10.865737726
5,2350.8,6,2351.0,08:45:10.865866046
4,2350.8,6,2351.0,08:45:10.865887198
4,2350.8,6,2351.0,08:45:10.865899925
4,2350.8,1,2350.9,08:45:10.865999757
3,2350.8,1,2350.9,08:45:10.866031601
2,2350.8,1,2350.9,08:45:10.866044490
1,2350.8,1,2350.9,08:45:10.866159261
1,2350.8,1,2350.9,08:45:10.866178644
1,2350.8,2,2350.9,08:45:10.866202711
1,2350.8,3,2350.9,08:45:10.866220289
1,2350.8,3,2350.9,08:45:10.866358059
1,2350.8,3,2350.9,08:45:10.866370933
5,2350.7,3,2350.9,08:45:10.866398492
5,2350.7,3,2350.9,08:45:10.866398492
6,2350.7,3,2350.9,08:45:10.866621872
1,2350.8,3,2350.9,08:45:10.866679281
1,2350.8,3,2350.9,08:45:10.870265799
1,2350.8,3,2350.9,08:45:10.870265799
1,2350.8,3,2350.9,08:45:10.870358248
1,2350.8,3,2350.9,08:45:10.870358248
3,2350.8,3,2350.9,08:45:10.871139890
3,2350.8,2,2350.9,08:45:10.871251648
3,2350.8,1,2350.9,08:45:10.871293742
3,2350.8,7,2351.0,08:45:10.871580369
3,2350.8,7,2351.0,08:45:10.871580369
4,2350.8,7,2351.0,08:45:10.871693014
4,2350.8,7,2351.0,08:45:10.871783778
5,2350.8,7,2351.0,08:45:10.871822886
5,2350.8,7,2351.0,08:45:10.871917771
5,2350.8,6,2351.0,08:45:10.871954639
5,2350.8,6,2351.0,08:45:10.872002166
5,2350.8,5,2351.0,08:45:10.872050664
5,2350.8,4,2351.0,08:45:10.875180042
5,2350.8,4,2351.0,08:45:10.876951719
5,2350.8,4,2351.0,08:45:10.876951719
5,2350.8,4,2351.0,08:45:10.876993125
5,2350.8,4,2351.0,08:45:10.876993125
5,2350.8,4,2351.0,08:45:10.877217667
6,2350.8,4,2351.0,08:45:10.967459517
7,2350.8,4,2351.0,08:45:10.967595219
1,2350.9,4,2351.0,08:45:10.967624580
1,2350.9,3,2351.0,08:45:10.967648926
1,2350.9,2,2351.0,08:45:10.967667054
1,2350.9,2,2351.0,08:45:10.967717147
1,2350.9,1,2351.0,08:45:10.967744882
2,2350.9,1,2351.0,08:45:10.967804456
2,2350.9,1,2351.0,08:45:10.967874774
3,2350.9,1,2351.0,08:45:10.967923997
3,2350.9,1,2351.0,08:45:10.967938112
3,2350.9,1,2351.0,08:45:10.967985733
4,2350.9,1,2351.0,08:45:10.968021545
4,2350.9,1,2351.0,08:45:10.968123985
4,2350.9,1,2351.0,08:45:10.968248618
4,2350.9,5,2351.1,08:45:10.968433009
4,2350.9,5,2351.1,08:45:10.968433009
4,2350.9,4,2351.1,08:45:10.968600222
1,2351.0,4,2351.1,08:45:10.968628392
1,2351.0,4,2351.1,08:45:10.968740449
1,2351.0,4,2351.1,08:45:10.968760699
1,2351.0,4,2351.1,08:45:10.968775588
1,2351.0,4,2351.1,08:45:10.968794391
1,2351.0,4,2351.1,08:45:10.968928740
1,2351.0,4,2351.1,08:45:10.968997722
1,2351.0,4,2351.1,08:45:10.968997722
3,2351.0,4,2351.1,08:45:10.969703438
3,2351.0,4,2351.1,08:45:10.969703438
3,2351.0,4,2351.1,08:45:10.969781632
3,2351.0,4,2351.1,08:45:10.969781632
3,2351.0,4,2351.1,08:45:10.969818468
3,2351.0,4,2351.1,08:45:10.970350722
3,2351.0,4,2351.1,08:45:10.970350722
3,2351.0,3,2351.1,08:45:10.971365206
3,2351.0,3,2351.1,08:45:10.971504697
3,2351.0,3,2351.1,08:45:10.976021399
3,2351.0,4,2351.1,08:45:10.976144128
3,2351.0,4,2351.1,08:45:10.976179879
3,2351.0,4,2351.1,08:45:10.976318487
3,2351.0,4,2351.1,08:45:10.983223986
4,2351.0,4,2351.1,08:45:10.988375584
4,2351.0,4,2351.1,08:45:10.988499733
4,2351.0,4,2351.1,08:45:10.988512294
4,2351.0,4,2351.1,08:45:10.988524681
4,2351.0,4,2351.1,08:45:11.188679945
3,2351.0,4,2351.1,08:45:11.275111826
3,2351.0,3,2351.1,08:45:11.373064206
3,2351.0,2,2351.1,08:45:11.373532836
4,2351.0,2,2351.1,08:45:11.373557634
6,2351.0,2,2351.1,08:45:11.373589154
6,2351.0,2,2351.1,08:45:11.373830334
4,2351.0,2,2351.1,08:45:11.373943207
4,2351.0,1,2351.1,08:45:11.373975073
4,2351.0,6,2351.2,08:45:11.373995060
4,2351.0,6,2351.2,08:45:11.373995060
4,2351.0,6,2351.2,08:45:11.374029208
4,2351.0,7,2351.2,08:45:11.374375327
4,2351.0,7,2351.2,08:45:11.374438330
4,2351.0,7,2351.2,08:45:11.374586087
4,2351.0,7,2351.2,08:45:11.375324080
4,2351.0,7,2351.2,08:45:11.375324080
2,2351.1,7,2351.2,08:45:11.376550900
2,2351.1,7,2351.2,08:45:11.376550900
2,2351.0,7,2351.2,08:45:11.376833537
2,2351.0,7,2351.2,08:45:11.376833537
2,2351.0,7,2351.2,08:45:11.376857029
3,2351.0,7,2351.2,08:45:11.376857029
3,2351.0,6,2351.2,08:45:11.376872459
3,2351.0,6,2351.2,08:45:11.376872459
3,2351.0,5,2351.2,08:45:11.376879778
3,2351.0,5,2351.2,08:45:11.376908581
3,2351.0,5,2351.2,08:45:11.376977630
3,2351.0,4,2351.2,08:45:11.377019358
3,2351.0,1,2351.1,08:45:11.377143821
3,2351.0,1,2351.1,08:45:11.377177927
3,2351.0,1,2351.1,08:45:11.377375615
3,2351.0,1,2351.1,08:45:11.377473803
3,2351.0,2,2351.1,08:45:11.377615258
3,2351.0,2,2351.1,08:45:11.377672700
3,2351.0,2,2351.1,08:45:11.377672700
2,2351.0,2,2351.1,08:45:11.377696169
1,2351.0,2,2351.1,08:45:11.377917491
1,2351.0,2,2351.1,08:45:11.378092756
1,2351.0,2,2351.1,08:45:11.378132955
1,2351.0,2,2351.1,08:45:11.378262453
1,2351.0,2,2351.1,08:45:11.378262453
2,2351.0,2,2351.1,08:45:11.379081211
2,2351.0,2,2351.1,08:45:11.379081211
2,2351.0,2,2351.1,08:45:11.379081211
4,2351.0,2,2351.1,08:45:11.379182573
4,2351.0,1,2351.1,08:45:11.379208404
4,2351.0,1,2351.1,08:45:11.379354020
4,2351.0,1,2351.1,08:45:11.379367886
4,2351.0,1,2351.1,08:45:11.389332951
3,2351.0,1,2351.1,08:45:11.389585167
3,2351.0,2,2351.1,08:45:11.389667927
3,2351.0,1,2351.1,08:45:11.593771770
4,2351.0,1,2351.1,08:45:11.593920531
3,2351.0,1,2351.1,08:45:11.713154149
3,2351.0,2,2351.1,08:45:11.713288567
3,2351.0,1,2351.1,08:45:11.835859650
4,2351.0,1,2351.1,08:45:11.835974033
4,2351.0,1,2351.1,08:45:11.919947403
3,2351.0,1,2351.1,08:45:11.948586803
3,2351.0,2,2351.1,08:45:11.948771386
3,2351.0,2,2351.1,08:45:11.956338989
1,2351.0,2,2351.1,08:45:11.961950228
1,2351.0,2,2351.1,08:45:11.962081681
1,2351.0,3,2351.1,08:45:12.038791245
1,2351.0,3,2351.1,08:45:12.076824301
1,2351.0,2,2351.1,08:45:12.295874830
2,2351.0,2,2351.1,08:45:12.296340507
2,2351.0,3,2351.1,08:45:12.296396702
3,2351.0,3,2351.1,08:45:12.296418777
4,2351.0,3,2351.1,08:45:12.296438553
3,2351.0,3,2351.1,08:45:12.296556214
3,2351.0,2,2351.1,08:45:12.296571288
2,2351.0,2,2351.1,08:45:12.296600035
2,2351.0,3,2351.1,08:45:12.296650500
2,2351.0,3,2351.1,08:45:12.296697631
2,2351.0,1,2351.1,08:45:12.299066696
2,2351.0,1,2351.1,08:45:12.300445533
3,2351.0,1,2351.1,08:45:12.300615588
4,2351.0,1,2351.1,08:45:12.300634231
4,2351.0,7,2351.2,08:45:12.300720326
4,2351.0,7,2351.2,08:45:12.300720326
5,2351.0,7,2351.2,08:45:12.300745911
5,2351.0,7,2351.2,08:45:12.300833544
5,2351.0,7,2351.2,08:45:12.300916740
5,2351.0,7,2351.2,08:45:12.304122100
5,2351.0,7,2351.2,08:45:12.306425488
5,2351.0,7,2351.2,08:45:12.306425488
5,2351.0,7,2351.2,08:45:12.312225055
5,2351.0,6,2351.2,08:45:12.312340999
5,2351.0,6,2351.2,08:45:12.312464512
5,2351.0,6,2351.2,08:45:12.321979575
5,2351.0,6,2351.2,08:45:12.321979575
5,2351.0,5,2351.2,08:45:12.373785347
5,2351.0,4,2351.2,08:45:12.373902389
6,2351.0,4,2351.2,08:45:12.374016628
6,2351.0,3,2351.2,08:45:12.374068456
6,2351.0,2,2351.2,08:45:12.416194485
7,2351.0,2,2351.2,08:45:12.416297326
1,2351.1,2,2351.2,08:45:12.416361646
1,2351.1,1,2351.2,08:45:12.416395020
2,2351.1,1,2351.2,08:45:12.416439063
3,2351.1,1,2351.2,08:45:12.416455943
4,2351.1,1,2351.2,08:45:12.416569683
4,2351.1,1,2351.2,08:45:12.416574972
4,2351.1,1,2351.2,08:45:12.416586080
5,2351.1,1,2351.2,08:45:12.416606020
5,2351.1,8,2351.3,08:45:12.416682885
5,2351.1,8,2351.3,08:45:12.416682885
6,2351.1,8,2351.3,08:45:12.416706623
6,2351.1,8,2351.3,08:45:12.416730908
6,2351.1,8,2351.3,08:45:12.416742551
6,2351.1,8,2351.3,08:45:12.416782816
6,2351.1,8,2351.3,08:45:12.416815403
6,2351.1,8,2351.3,08:45:12.416834568
5,2351.1,8,2351.3,08:45:12.416865493
5,2351.1,8,2351.3,08:45:12.416895062
5,2351.1,8,2351.3,08:45:12.416910265
5,2351.1,8,2351.3,08:45:12.416980517
4,2351.1,8,2351.3,08:45:12.416999176
4,2351.1,8,2351.3,08:45:12.417010735
4,2351.1,8,2351.3,08:45:12.417057043
4,2351.1,8,2351.3,08:45:12.417057043
4,2351.1,8,2351.3,08:45:12.417069120
3,2351.1,8,2351.3,08:45:12.417090145
3,2351.1,8,2351.3,08:45:12.417211136
3,2351.1,8,2351.3,08:45:12.417413403
3,2351.1,8,2351.3,08:45:12.417413403
3,2351.1,8,2351.3,08:45:12.417649244
3,2351.1,8,2351.3,08:45:12.417649244
3,2351.1,8,2351.3,08:45:12.417800508
3,2351.1,8,2351.3,08:45:12.417800508
3,2351.1,1,2351.2,08:45:12.417934555
2,2351.1,1,2351.2,08:45:12.418035680
2,2351.1,2,2351.2,08:45:12.418174835
1,2351.1,2,2351.2,08:45:12.418345325
1,2351.1,2,2351.2,08:45:12.418464524
1,2351.1,2,2351.2,08:45:12.419805691
1,2351.1,2,2351.2,08:45:12.419805691
1,2351.1,2,2351.2,08:45:12.428603148
1,2351.1,2,2351.2,08:45:12.428716562
1,2351.1,3,2351.2,08:45:12.460927776
7,2351.0,3,2351.2,08:45:12.461115500
7,2351.0,3,2351.2,08:45:12.461115500
7,2351.0,4,2351.2,08:45:12.461160097
7,2351.0,4,2351.2,08:45:12.462333212
7,2351.0,4,2351.2,08:45:12.462333212
6,2351.0,4,2351.2,08:45:12.560979768
6,2351.0,5,2351.2,08:45:12.569103347
5,2351.0,5,2351.2,08:45:12.569121772
5,2351.0,6,2351.2,08:45:12.569162232
4,2351.0,6,2351.2,08:45:12.569355793
4,2351.0,1,2351.1,08:45:12.569655156
4,2351.0,2,2351.1,08:45:12.569786253
3,2351.0,2,2351.1,08:45:12.569976824
2,2351.0,2,2351.1,08:45:12.570098855
1,2351.0,2,2351.1,08:45:12.570125738
1,2351.0,2,2351.1,08:45:12.570141464
1,2351.0,2,2351.1,08:45:12.570156229
1,2351.0,2,2351.1,08:45:12.570173205
1,2351.0,3,2351.1,08:45:12.570193657
1,2351.0,3,2351.1,08:45:12.570426310
1,2351.0,3,2351.1,08:45:12.570438649
1,2351.0,4,2351.1,08:45:12.570477348
1,2351.0,4,2351.1,08:45:12.570924968
1,2351.0,4,2351.1,08:45:12.570924968
1,2351.0,3,2351.1,08:45:12.625345113
2,2351.0,3,2351.1,08:45:12.625404318
3,2351.0,3,2351.1,08:45:12.625419057
3,2351.0,2,2351.1,08:45:12.625447061
3,2351.0,1,2351.1,08:45:12.625524656
5,2351.0,1,2351.1,08:45:12.625540320
5,2351.0,1,2351.1,08:45:12.625571102
5,2351.0,1,2351.1,08:45:12.625584590
5,2351.0,8,2351.2,08:45:12.625616748
5,2351.0,8,2351.2,08:45:12.625616748
5,2351.0,8,2351.2,08:45:12.625701418
5,2351.0,8,2351.2,08:45:12.626924157
5,2351.0,8,2351.2,08:45:12.626924157
4,2351.0,8,2351.2,08:45:12.633630608
4,2351.0,8,2351.2,08:45:12.633709135
4,2351.0,1,2351.1,08:45:12.633744550
4,2351.0,1,2351.1,08:45:12.634886708
4,2351.0,1,2351.1,08:45:12.634886708
4,2351.0,2,2351.1,08:45:12.842432193
4,2351.0,1,2351.1,08:45:13.025610710
4,2351.0,2,2351.1,08:45:13.032935840
3,2351.0,2,2351.1,08:45:13.033051135
3,2351.0,3,2351.1,08:45:13.033068685
3,2351.0,4,2351.1,08:45:13.033086989
2,2351.0,4,2351.1,08:45:13.033168475
5,2350.9,4,2351.1,08:45:13.033194748
5,2350.9,4,2351.1,08:45:13.033194748
5,2350.9,4,2351.1,08:45:13.033217148
5,2350.9,5,2351.1,08:45:13.033310027
5,2350.9,5,2351.1,08:45:13.033322853
5,2350.9,5,2351.1,08:45:13.033374646
4,2350.9,5,2351.1,08:45:13.033428762
3,2350.9,5,2351.1,08:45:13.033524531
3,2350.9,6,2351.1,08:45:13.033667513
4,2350.9,6,2351.1,08:45:13.033745274
4,2350.9,6,2351.1,08:45:13.034434584
4,2350.9,6,2351.1,08:45:13.034434584
4,2350.9,6,2351.1,08:45:13.043213046
5,2350.9,6,2351.1,08:45:13.043853159
5,2350.9,6,2351.1,08:45:13.043990079
5,2350.9,5,2351.1,08:45:13.044316762
5,2350.9,5,2351.1,08:45:13.406663765
6,2350.9,5,2351.1,08:45:13.456845937
1,2351.0,5,2351.1,08:45:13.456972535
1,2351.0,4,2351.1,08:45:13.457103741
1,2351.0,3,2351.1,08:45:13.457143079
1,2351.0,2,2351.1,08:45:13.457163288
2,2351.0,2,2351.1,08:45:13.457325258
2,2351.0,1,2351.1,08:45:13.457432954
2,2351.0,1,2351.1,08:45:13.457560163
2,2351.0,1,2351.1,08:45:13.457574269
3,2351.0,1,2351.1,08:45:13.458200172
3,2351.0,1,2351.1,08:45:13.458267976
3,2351.0,1,2351.1,08:45:13.458267976
3,2351.0,2,2351.1,08:45:13.618115212
3,2351.0,2,2351.1,08:45:13.618165353
3,2351.0,2,2351.1,08:45:13.618233930
2,2351.0,2,2351.1,08:45:13.618392861
2,2351.0,2,2351.1,08:45:13.618510403
1,2351.0,2,2351.1,08:45:13.620843480
4,2350.9,2,2351.1,08:45:13.620974482
4,2350.9,2,2351.1,08:45:13.620974482
4,2350.9,2,2351.1,08:45:13.620996255
4,2350.9,3,2351.1,08:45:13.621159631
4,2350.9,3,2351.1,08:45:13.627447355
4,2350.9,3,2351.1,08:45:13.627447355
4,2350.9,3,2351.1,08:45:13.636713673
4,2350.9,4,2351.1,08:45:13.758296293
4,2350.9,5,2351.1,08:45:13.758445688
3,2350.9,5,2351.1,08:45:13.758929905
3,2350.9,1,2351.0,08:45:13.759071361
3,2350.9,2,2351.0,08:45:13.759218733
3,2350.9,2,2351.0,08:45:13.759407246
3,2350.9,2,2351.0,08:45:13.760276707
3,2350.9,2,2351.0,08:45:13.760276707
2,2350.9,2,2351.0,08:45:13.772096056
2,2350.9,2,2351.0,08:45:13.772783308
2,2350.9,3,2351.0,08:45:13.775454876
1,2350.9,3,2351.0,08:45:13.775485154
7,2350.8,3,2351.0,08:45:13.776005975
7,2350.8,3,2351.0,08:45:13.776005975
7,2350.8,3,2351.0,08:45:13.776043400
7,2350.8,3,2351.0,08:45:13.776087477
8,2350.8,3,2351.0,08:45:13.776367019
8,2350.8,3,2351.0,08:45:13.776417244
8,2350.8,3,2351.0,08:45:13.776434489
7,2350.8,3,2351.0,08:45:13.776448089
7,2350.8,3,2351.0,08:45:13.776613700
7,2350.8,3,2351.0,08:45:13.776613700
7,2350.8,2,2351.0,08:45:13.776971066
7,2350.8,2,2351.0,08:45:13.776989967
7,2350.8,2,2351.0,08:45:13.776989967
1,2350.9,2,2351.0,08:45:13.777226009
7,2350.8,2,2351.0,08:45:13.777304030
7,2350.8,2,2351.0,08:45:13.777304030
7,2350.8,3,2351.0,08:45:13.778496607
7,2350.8,4,2351.0,08:45:13.778513658
6,2350.8,4,2351.0,08:45:13.778712766
6,2350.8,4,2351.0,08:45:13.778833456
5,2350.8,4,2351.0,08:45:13.778853194
4,2350.8,4,2351.0,08:45:13.779025332
4,2350.8,4,2351.0,08:45:13.779038388
5,2350.8,4,2351.0,08:45:13.779058668
4,2350.8,4,2351.0,08:45:13.779146582
4,2350.8,4,2351.0,08:45:13.781426126
4,2350.8,4,2351.0,08:45:13.782766765
4,2350.8,4,2351.0,08:45:13.782766765
5,2350.8,4,2351.0,08:45:14.047884069
6,2350.8,4,2351.0,08:45:14.048209726
1,2350.9,4,2351.0,08:45:14.048360792
1,2350.9,3,2351.0,08:45:14.048382210
1,2350.9,2,2351.0,08:45:14.048404741
1,2350.9,1,2351.0,08:45:14.048508756
1,2350.9,1,2351.0,08:45:14.048557231
1,2350.9,1,2351.0,08:45:14.048617209
2,2350.9,1,2351.0,08:45:14.048648265
3,2350.9,1,2351.0,08:45:14.048696174
3,2350.9,1,2351.0,08:45:14.048806110
3,2350.9,1,2351.0,08:45:14.049008392
3,2350.9,1,2351.0,08:45:14.049622613
3,2350.9,1,2351.0,08:45:14.049622613
3,2350.9,1,2351.0,08:45:14.060235742
3,2350.9,2,2351.0,08:45:14.128400921
2,2350.9,2,2351.0,08:45:14.128536364
1,2350.9,2,2351.0,08:45:14.128561378
1,2350.9,2,2351.0,08:45:14.128664794
8,2350.8,2,2351.0,08:45:14.128691867
8,2350.8,2,2351.0,08:45:14.128691867
8,2350.8,2,2351.0,08:45:14.128714981
7,2350.8,2,2351.0,08:45:14.128837643
7,2350.8,3,2351.0,08:45:14.129170466
7,2350.8,3,2351.0,08:45:14.130184100
7,2350.8,3,2351.0,08:45:14.130184100
6,2350.8,3,2351.0,08:45:14.189808898
6,2350.8,4,2351.0,08:45:14.190141086
6,2350.8,5,2351.0,08:45:14.190268558
5,2350.8,5,2351.0,08:45:14.190287249
5,2350.8,5,2351.0,08:45:14.200150668
5,2350.8,5,2351.0,08:45:14.208515835
5,2350.8,4,2351.0,08:45:14.224127018
5,2350.8,6,2351.0,08:45:14.371906506
4,2350.8,6,2351.0,08:45:14.372058262
3,2350.8,6,2351.0,08:45:14.372101858
3,2350.8,1,2350.9,08:45:14.372206274
3,2350.8,2,2350.9,08:45:14.372375831
3,2350.8,3,2350.9,08:45:14.372411902
5,2350.8,3,2350.9,08:45:14.372443723
5,2350.8,4,2350.9,08:45:14.372462297
5,2350.8,6,2350.9,08:45:14.372483027
5,2350.8,6,2350.9,08:45:14.372483027
4,2350.8,6,2350.9,08:45:14.372563373
2,2350.8,6,2350.9,08:45:14.372601452
2,2350.8,5,2350.9,08:45:14.372618146
2,2350.8,4,2350.9,08:45:14.372655779
2,2350.8,3,2350.9,08:45:14.372742152
2,2350.8,3,2350.9,08:45:14.372775273
2,2350.8,3,2350.9,08:45:14.372789033
2,2350.8,3,2350.9,08:45:14.372819437
3,2350.8,3,2350.9,08:45:14.373353841
3,2350.8,3,2350.9,08:45:14.373520852
3,2350.8,3,2350.9,08:45:14.373534552
3,2350.8,3,2350.9,08:45:14.373534552
4,2350.8,3,2350.9,08:45:14.373556959
4,2350.8,3,2350.9,08:45:14.374987938
4,2350.8,3,2350.9,08:45:14.374987938
4,2350.8,3,2350.9,08:45:14.383224936
3,2350.8,3,2350.9,08:45:14.395393672
2,2350.8,3,2350.9,08:45:14.395490861
2,2350.8,3,2350.9,08:45:14.395536008
3,2350.8,3,2350.9,08:45:14.396362070
3,2350.8,3,2350.9,08:45:14.403682665
3,2350.8,3,2350.9,08:45:14.403695363
7,2350.7,3,2350.9,08:45:14.730042475
7,2350.7,6,2350.8,08:45:14.730042475
7,2350.7,6,2350.8,08:45:14.730042475
7,2350.7,6,2350.8,08:45:14.730318912
8,2350.7,6,2350.8,08:45:14.730336553
7,2350.7,6,2350.8,08:45:14.730457493
7,2350.7,6,2350.8,08:45:14.730472096
7,2350.7,6,2350.8,08:45:14.730565576
6,2350.7,6,2350.8,08:45:14.730625532
6,2350.7,8,2350.8,08:45:14.730653541
6,2350.7,8,2350.8,08:45:14.730653541
6,2350.7,8,2350.8,08:45:14.730710673
6,2350.7,8,2350.8,08:45:14.730821559
6,2350.7,5,2350.8,08:45:14.731034750
5,2350.7,5,2350.8,08:45:14.731074286
5,2350.7,5,2350.8,08:45:14.731148208
5,2350.7,5,2350.8,08:45:14.731181550
5,2350.7,1,2350.8,08:45:14.731587677
6,2350.7,1,2350.8,08:45:14.731601238
7,2350.7,1,2350.8,08:45:14.731683029
7,2350.7,1,2350.8,08:45:14.731813969
7,2350.7,1,2350.8,08:45:14.731813969
7,2350.7,1,2350.8,08:45:14.731829406
6,2350.7,1,2350.8,08:45:14.731845861
5,2350.7,1,2350.8,08:45:14.731895954
5,2350.7,2,2350.9,08:45:14.731932752
5,2350.7,2,2350.9,08:45:14.731932752
1,2350.8,2,2350.9,08:45:14.731994932
2,2350.8,2,2350.9,08:45:14.732060537
2,2350.8,3,2350.9,08:45:14.732144788
1,2350.8,3,2350.9,08:45:14.732280384
5,2350.7,3,2350.9,08:45:14.732321746
5,2350.7,3,2350.9,08:45:14.732321746
5,2350.7,4,2350.9,08:45:14.732346761
5,2350.7,4,2350.9,08:45:14.732359193
5,2350.7,5,2350.9,08:45:14.732394839
6,2350.7,5,2350.9,08:45:14.732497455
6,2350.7,5,2350.9,08:45:14.732525123
6,2350.7,6,2350.9,08:45:14.732595789
6,2350.7,6,2350.9,08:45:14.732631516
6,2350.7,6,2350.9,08:45:14.732631516
6,2350.7,6,2350.9,08:45:14.733725403
6,2350.7,6,2350.9,08:45:14.733725403
5,2350.7,6,2350.9,08:45:14.766153561
5,2350.7,7,2350.9,08:45:14.766172279
4,2350.7,7,2350.9,08:45:14.766244229
3,2350.7,7,2350.9,08:45:14.766400892
3,2350.7,7,2350.9,08:45:14.766466598
2,2350.7,7,2350.9,08:45:14.766488797
2,2350.7,7,2350.9,08:45:14.766522148
1,2350.7,7,2350.9,08:45:14.766568888
1,2350.7,1,2350.8,08:45:14.766610467
1,2350.7,2,2350.8,08:45:14.766727176
1,2350.7,3,2350.8,08:45:14.766877346
1,2350.7,3,2350.8,08:45:14.766916086
1,2350.7,4,2350.8,08:45:14.766936528
1,2350.7,5,2350.8,08:45:14.767082218
1,2350.7,4,2350.8,08:45:14.767632821
3,2350.7,4,2350.8,08:45:14.767753373
3,2350.7,3,2350.8,08:45:14.767924193
3,2350.7,2,2350.8,08:45:14.767943150
3,2350.7,1,2350.8,08:45:14.768044761
3,2350.7,7,2350.9,08:45:14.768064647
3,2350.7,7,2350.9,08:45:14.768064647
4,2350.7,7,2350.9,08:45:14.768203462
4,2350.7,7,2350.9,08:45:14.768228749
4,2350.7,7,2350.9,08:45:14.769668363
4,2350.7,7,2350.9,08:45:14.769668363
4,2350.7,7,2350.9,08:45:14.770980453
4,2350.7,7,2350.9,08:45:14.770980453
4,2350.7,7,2350.9,08:45:14.810105694
5,2350.7,7,2350.9,08:45:14.875674357
5,2350.7,6,2350.9,08:45:14.875706527
5,2350.7,6,2350.9,08:45:14.875741916
5,2350.7,5,2350.9,08:45:14.875798250
5,2350.7,4,2350.9,08:45:14.875964501
6,2350.7,4,2350.9,08:45:14.876198121
6,2350.7,3,2350.9,08:45:14.876308299
1,2350.8,3,2350.9,08:45:14.876452218
2,2350.8,3,2350.9,08:45:14.876500338
2,2350.8,3,2350.9,08:45:14.876513247
2,2350.8,2,2350.9,08:45:14.876549920
2,2350.8,2,2350.9,08:45:14.876597520
2,2350.8,1,2350.9,08:45:14.876625857
2,2350.8,1,2350.9,08:45:14.876788747
2,2350.8,4,2351.0,08:45:14.876810879
2,2350.8,4,2351.0,08:45:14.876810879
2,2350.8,4,2351.0,08:45:14.876893082
2,2350.8,4,2351.0,08:45:14.876908816
2,2350.8,5,2351.0,08:45:14.876963925
2,2350.8,5,2351.0,08:45:14.877023491
3,2350.8,5,2351.0,08:45:14.877046483
3,2350.8,1,2350.9,08:45:14.877104203
3,2350.8,1,2350.9,08:45:14.877126463
3,2350.8,6,2351.0,08:45:14.877189184
3,2350.8,6,2351.0,08:45:14.877189184
2,2350.8,6,2351.0,08:45:14.877246577
3,2350.8,6,2351.0,08:45:14.877483545
3,2350.8,6,2351.0,08:45:14.877852456
3,2350.8,6,2351.0,08:45:14.877852456
3,2350.8,6,2351.0,08:45:14.878085987
3,2350.8,6,2351.0,08:45:14.878085987
3,2350.8,6,2351.0,08:45:14.885367535
2,2350.8,6,2351.0,08:45:14.957425118
2,2350.8,1,2350.9,08:45:14.957567527
3,2350.8,1,2350.9,08:45:14.957591265
3,2350.8,1,2350.9,08:45:14.957601823
2,2350.8,1,2350.9,08:45:14.957752210
2,2350.8,6,2351.0,08:45:14.957924818
2,2350.8,6,2351.0,08:45:14.957924818
1,2350.8,6,2351.0,08:45:14.957953458
1,2350.8,1,2350.9,08:45:14.957989686
1,2350.8,1,2350.9,08:45:14.958034056
1,2350.8,2,2350.9,08:45:14.958230059
1,2350.8,2,2350.9,08:45:14.958241426
8,2350.7,2,2350.9,08:45:14.958359301
8,2350.7,2,2350.9,08:45:14.958359301
8,2350.7,3,2350.9,08:45:14.958545883
8,2350.7,3,2350.9,08:45:14.958595267
8,2350.7,3,2350.9,08:45:14.960133074
8,2350.7,3,2350.9,08:45:14.960133074
8,2350.7,3,2350.9,08:45:14.960190019
8,2350.7,3,2350.9,08:45:14.960190019
8,2350.7,3,2350.9,08:45:14.966786268
8,2350.7,3,2350.9,08:45:14.967209700
6,2350.7,3,2350.9,08:45:14.971606820
6,2350.7,3,2350.9,08:45:14.971606820
6,2350.7,4,2350.9,08:45:14.971707740
6,2350.7,5,2350.9,08:45:14.971745114
5,2350.7,5,2350.9,08:45:14.971782234
4,2350.7,5,2350.9,08:45:14.971812942
3,2350.7,5,2350.9,08:45:14.972009720
3,2350.7,5,2350.9,08:45:14.972118158
4,2350.7,5,2350.9,08:45:14.972236076
1,2350.8,5,2350.9,08:45:15.282765700
1,2350.8,4,2350.9,08:45:15.282789547
1,2350.8,4,2350.9,08:45:15.283150140
2,2350.8,4,2350.9,08:45:15.283183184
2,2350.8,3,2350.9,08:45:15.283198250
2,2350.8,2,2350.9,08:45:15.283292296
2,2350.8,1,2350.9,08:45:15.283331907
1,2350.8,1,2350.9,08:45:15.283598850
1,2350.8,1,2350.9,08:45:15.283664045
1,2350.8,1,2350.9,08:45:15.283720846
1,2350.8,1,2350.9,08:45:15.283734018
2,2350.8,1,2350.9,08:45:15.283971232
2,2350.8,1,2350.9,08:45:15.284050178
2,2350.8,1,2350.9,08:45:15.284050178
2,2350.8,6,2351.0,08:45:15.284364619
2,2350.8,6,2351.0,08:45:15.284364619
3,2350.8,6,2351.0,08:45:15.284509195
3,2350.8,6,2351.0,08:45:15.285473192
3,2350.8,6,2351.0,08:45:15.285473192
3,2350.8,6,2351.0,08:45:15.292700352
3,2350.8,6,2351.0,08:45:15.301568055
3,2350.8,6,2351.0,08:45:15.356037759
3,2350.8,5,2351.0,08:45:15.786352902
4,2350.8,5,2351.0,08:45:15.786401972
4,2350.8,5,2351.0,08:45:15.786488857
5,2350.8,5,2351.0,08:45:15.988097316
5,2350.8,5,2351.0,08:45:15.988097316
4,2350.8,5,2351.0,08:45:16.029586823
5,2350.8,5,2351.0,08:45:17.023599806
5,2350.8,4,2351.0,08:45:17.023694227
5,2350.8,3,2351.0,08:45:17.023812735
1,2350.9,3,2351.0,08:45:17.023947842
2,2350.9,3,2351.0,08:45:17.023981241
2,2350.9,2,2351.0,08:45:17.024061031
2,2350.9,2,2351.0,08:45:17.024096824
2,2350.9,2,2351.0,08:45:17.024113112
2,2350.9,1,2351.0,08:45:17.024140726
2,2350.9,6,2351.1,08:45:17.024199972
2,2350.9,6,2351.1,08:45:17.024199972
1,2350.9,6,2351.1,08:45:17.024259195
3,2350.9,6,2351.1,08:45:17.024324480
3,2350.9,6,2351.1,08:45:17.024375827
4,2350.9,6,2351.1,08:45:17.024479068
4,2350.9,6,2351.1,08:45:17.024494304
4,2350.9,6,2351.1,08:45:17.024509383
4,2350.9,6,2351.1,08:45:17.024563886
4,2350.9,1,2351.0,08:45:17.024665862
4,2350.9,2,2351.0,08:45:17.024711639
3,2350.9,2,2351.0,08:45:17.024755711
1,2350.9,2,2351.0,08:45:17.024859591
1,2350.9,1,2351.0,08:45:17.025004487
7,2350.8,1,2351.0,08:45:17.025084991
7,2350.8,1,2351.0,08:45:17.025084991
7,2350.8,2,2351.0,08:45:17.025151229
7,2350.8,2,2351.0,08:45:17.025246105
7,2350.8,3,2351.0,08:45:17.025430895
7,2350.8,4,2351.0,08:45:17.025448737
6,2350.8,4,2351.0,08:45:17.025467892
6,2350.8,5,2351.0,08:45:17.025496587
6,2350.8,5,2351.0,08:45:17.025562719
6,2350.8,5,2351.0,08:45:17.025562719
6,2350.8,5,2351.0,08:45:17.025637479
6,2350.8,5,2351.0,08:45:17.025637479
6,2350.8,5,2351.0,08:45:17.025722312
6,2350.8,5,2351.0,08:45:17.025788993
6,2350.8,4,2351.0,08:45:17.025826046
5,2350.8,4,2351.0,08:45:17.025883589
5,2350.8,4,2351.0,08:45:17.027209447
5,2350.8,4,2351.0,08:45:17.027209447
5,2350.8,4,2351.0,08:45:17.027241877
5,2350.8,4,2351.0,08:45:17.027241877
5,2350.8,4,2351.0,08:45:17.034305677
5,2350.8,3,2351.0,08:45:17.147583494
1,2350.9,3,2351.0,08:45:17.167633743
1,2350.9,2,2351.0,08:45:17.167717274
1,2350.9,1,2351.0,08:45:17.167740814
1,2350.9,1,2351.0,08:45:17.167777496
1,2350.9,1,2351.0,08:45:17.167793519
1,2350.9,6,2351.1,08:45:17.167851852
1,2350.9,6,2351.1,08:45:17.167851852
1,2350.9,6,2351.1,08:45:17.167875136
1,2350.9,6,2351.1,08:45:17.167997885
2,2350.9,6,2351.1,08:45:17.168036363
3,2350.9,6,2351.1,08:45:17.168092498
3,2350.9,6,2351.1,08:45:17.168163796
3,2350.9,6,2351.1,08:45:17.168196349
2,2350.9,6,2351.1,08:45:17.168726299
2,2350.9,1,2351.0,08:45:17.168859900
1,2350.9,1,2351.0,08:45:17.168983972
1,2350.9,2,2351.0,08:45:17.169028721
7,2350.8,2,2351.0,08:45:17.169073656
7,2350.8,2,2351.0,08:45:17.169073656
7,2350.8,2,2351.0,08:45:17.169157232
6,2350.8,2,2351.0,08:45:17.169191115
6,2350.8,2,2351.0,08:45:17.170231728
6,2350.8,3,2351.0,08:45:17.170776520
5,2350.8,3,2351.0,08:45:17.170831922
5,2350.8,4,2351.0,08:45:17.170896120
5,2350.8,5,2351.0,08:45:17.170935356
5,2350.8,5,2351.0,08:45:17.171062683
5,2350.8,5,2351.0,08:45:17.174785434
5,2350.8,5,2351.0,08:45:17.174785434
5,2350.8,5,2351.0,08:45:17.174848555
5,2350.8,5,2351.0,08:45:17.174848555
5,2350.8,5,2351.0,08:45:17.176264490
5,2350.8,5,2351.0,08:45:17.176264490
5,2350.8,5,2351.0,08:45:17.176304702
5,2350.8,5,2351.0,08:45:17.176304702
5,2350.8,4,2351.0,08:45:17.239214573
5,2350.8,3,2351.0,08:45:17.240537534
1,2350.9,3,2351.0,08:45:17.240649005
1,2350.9,2,2351.0,08:45:17.240673610
1,2350.9,2,2351.0,08:45:17.240795309
1,2350.9,2,2351.0,08:45:17.240830756
1,2350.9,1,2351.0,08:45:17.240878159
1,2350.9,6,2351.1,08:45:17.241021410
1,2350.9,6,2351.1,08:45:17.241021410
1,2350.9,6,2351.1,08:45:17.241043922
2,2350.9,6,2351.1,08:45:17.241280493
2,2350.9,6,2351.1,08:45:17.241410336
2,2350.9,6,2351.1,08:45:17.241427805
2,2350.9,6,2351.1,08:45:17.241879683
2,2350.9,6,2351.1,08:45:17.241879683
2,2350.9,6,2351.1,08:45:17.242138668
2,2350.9,6,2351.1,08:45:17.242138668
2,2350.9,6,2351.1,08:45:17.356047820
3,2350.9,6,2351.1,08:45:17.356173409
3,2350.9,5,2351.1,08:45:17.498936614
4,2350.9,5,2351.1,08:45:17.507819135
4,2350.9,4,2351.1,08:45:17.507952790
4,2350.9,4,2351.1,08:45:17.526433307
4,2350.9,5,2351.1,08:45:17.558832931
3,2350.9,5,2351.1,08:45:17.558994594
2,2350.9,5,2351.1,08:45:17.559137782
2,2350.9,1,2351.0,08:45:17.559520119
1,2350.9,1,2351.0,08:45:17.559633990
8,2350.8,1,2351.0,08:45:17.559744037
8,2350.8,1,2351.0,08:45:17.559744037
1,2350.9,1,2351.0,08:45:17.559932354
1,2350.9,2,2351.0,08:45:17.559961286
1,2350.9,2,2351.0,08:45:17.559974865
2,2350.9,2,2351.0,08:45:17.560004683
2,2350.9,1,2351.0,08:45:17.560663320
2,2350.9,1,2351.0,08:45:17.560788929
2,2350.9,1,2351.0,08:45:17.560803067
2,2350.9,1,2351.0,08:45:17.560803067
2,2350.9,1,2351.0,08:45:17.560856364
2,2350.9,1,2351.0,08:45:17.560856364
2,2350.9,1,2351.0,08:45:17.562292744
2,2350.9,1,2351.0,08:45:17.562292744
2,2350.9,5,2351.1,08:45:17.565823700
2,2350.9,3,2351.1,08:45:17.565823700
2,2350.9,3,2351.1,08:45:17.565823700
2,2350.9,2,2351.1,08:45:17.565917231
3,2350.9,2,2351.1,08:45:17.566071139
1,2351.0,2,2351.1,08:45:17.566119593
1,2351.0,2,2351.1,08:45:17.566159252
2,2351.0,2,2351.1,08:45:17.566190504
1,2351.0,2,2351.1,08:45:17.566254482
1,2351.0,2,2351.1,08:45:17.566317089
1,2351.0,2,2351.1,08:45:17.566336023
1,2351.0,2,2351.1,08:45:17.566356920
1,2351.0,2,2351.1,08:45:17.566371749
1,2351.0,2,2351.1,08:45:17.566442800
1,2351.0,2,2351.1,08:45:17.566558108
1,2351.0,2,2351.1,08:45:17.566575457
1,2351.0,2,2351.1,08:45:17.566627974
1,2351.0,2,2351.1,08:45:17.566674872
1,2351.0,2,2351.1,08:45:17.566689253
1,2351.0,2,2351.1,08:45:17.567498907
1,2351.0,2,2351.1,08:45:17.567521967
1,2351.0,1,2351.1,08:45:17.567589892
1,2351.0,1,2351.1,08:45:17.567619410
1,2351.0,1,2351.1,08:45:17.567619410
1,2351.0,1,2351.1,08:45:17.567633852
1,2351.0,1,2351.1,08:45:17.567633852
2,2351.0,1,2351.1,08:45:17.567671938
2,2351.0,9,2351.2,08:45:17.567710053
2,2351.0,9,2351.2,08:45:17.567710053
2,2351.0,9,2351.2,08:45:17.567732736
2,2351.0,9,2351.2,08:45:17.567841941
2,2351.0,9,2351.2,08:45:17.569293386
2,2351.0,9,2351.2,08:45:17.569309226
2,2351.0,9,2351.2,08:45:17.569327082
2,2351.0,10,2351.2,08:45:17.569369055
2,2351.0,10,2351.2,08:45:17.569400827
2,2351.0,10,2351.2,08:45:17.569413926
2,2351.0,10,2351.2,08:45:17.569413926
2,2351.0,10,2351.2,08:45:17.569430034
2,2351.0,1,2351.1,08:45:17.569499662
1,2351.0,1,2351.1,08:45:17.569632922
3,2351.0,1,2351.1,08:45:17.570325253
3,2351.0,10,2351.2,08:45:17.570433930
3,2351.0,10,2351.2,08:45:17.570433930
3,2351.0,10,2351.2,08:45:17.570617624
3,2351.0,10,2351.2,08:45:17.570617624
1,2351.0,10,2351.2,08:45:17.571118587
1,2351.0,1,2351.1,08:45:17.571246126
2,2351.0,1,2351.1,08:45:17.571297558
2,2351.0,10,2351.2,08:45:17.571405262
2,2351.0,10,2351.2,08:45:17.571405262
2,2351.0,10,2351.2,08:45:17.575941133
2,2351.0,10,2351.2,08:45:17.576054585
2,2351.0,10,2351.2,08:45:17.576874477
2,2351.0,10,2351.2,08:45:17.576874477
2,2351.0,10,2351.2,08:45:17.577137333
2,2351.0,10,2351.2,08:45:17.577137333
2,2351.0,10,2351.2,08:45:17.662672377
2,2351.0,10,2351.2,08:45:17.726040825
2,2351.0,10,2351.2,08:45:17.756050564
2,2351.0,10,2351.2,08:45:17.848974609
2,2351.0,10,2351.2,08:45:17.849091926
1,2351.0,10,2351.2,08:45:17.866436119
1,2351.0,1,2351.1,08:45:17.866576503
1,2351.0,1,2351.1,08:45:17.866598731
1,2351.0,2,2351.1,08:45:17.866622044
1,2351.0,3,2351.1,08:45:17.867201192
1,2351.0,4,2351.1,08:45:17.867397063
1,2351.0,5,2351.1,08:45:17.867422027
1,2351.0,6,2351.1,08:45:17.867545893
9,2350.9,6,2351.1,08:45:17.867672679
9,2350.9,6,2351.1,08:45:17.867672679
9,2350.9,7,2351.1,08:45:17.867695992
9,2350.9,7,2351.1,08:45:17.867695992
9,2350.9,8,2351.1,08:45:17.867695992
9,2350.9,8,2351.1,08:45:17.867775161
9,2350.9,9,2351.1,08:45:17.867792297
9,2350.9,9,2351.1,08:45:17.867822087
9,2350.9,8,2351.1,08:45:17.867887707
9,2350.9,8,2351.1,08:45:17.867899989
9,2350.9,9,2351.1,08:45:17.867946748
2,2351.0,9,2351.1,08:45:17.867977197
2,2351.0,9,2351.1,08:45:17.868021921
2,2351.0,9,2351.1,08:45:17.868148496
2,2351.0,8,2351.1,08:45:17.868167022
2,2351.0,8,2351.1,08:45:17.868252083
2,2351.0,7,2351.1,08:45:17.868270189
2,2351.0,6,2351.1,08:45:17.868400384
3,2351.0,6,2351.1,08:45:17.868544536
3,2351.0,5,2351.1,08:45:17.868624216
3,2351.0,4,2351.1,08:45:17.868674434
3,2351.0,3,2351.1,08:45:17.868692802
