bidVolume,bidPrice,askVolume,askPrice,timestamp
19,109.83,48,109.84,14:30:00.794109816
19,109.83,59,109.84,14:30:00.799905671
19,109.83,67,109.84,14:30:00.800164529
19,109.83,56,109.84,14:30:00.943049655
19,109.83,48,109.84,14:30:00.943136057
19,109.83,46,109.84,14:30:01.428456655
19,109.83,47,109.84,14:30:01.428653970
19,109.83,48,109.84,14:30:01.428997096
20,109.83,48,109.84,14:30:01.429646610
20,109.83,47,109.84,14:30:01.429900773
50,109.83,47,109.84,14:30:01.430054597
50,109.83,46,109.84,14:30:01.430162347
50,109.83,45,109.84,14:30:01.434044123
50,109.83,36,109.84,14:30:01.434234654
50,109.83,38,109.84,14:30:01.435624151
50,109.83,39,109.84,14:30:01.435841255
50,109.83,48,109.84,14:30:01.436002326
20,109.83,48,109.84,14:30:01.440436466
19,109.83,48,109.84,14:30:01.444076461
25,109.83,48,109.84,14:30:01.704802511
26,109.83,48,109.84,14:30:02.533858220
35,109.83,48,109.84,14:30:02.533947954
61,109.83,48,109.84,14:30:02.533947954
61,109.83,47,109.84,14:30:02.534058332
61,109.83,38,109.84,14:30:02.535778986
61,109.83,36,109.84,14:30:02.535911796
75,109.83,36,109.84,14:30:02.536112304
75,109.83,37,109.84,14:30:02.536212691
75,109.83,39,109.84,14:30:02.536281741
75,109.83,37,109.84,14:30:02.536468983
75,109.83,36,109.84,14:30:02.536633021
79,109.83,36,109.84,14:30:02.537371782
79,109.83,1,109.84,14:30:02.537864340
79,109.83,98,109.85,14:30:02.538133359
79,109.83,74,109.85,14:30:02.538357272
82,109.83,74,109.85,14:30:02.538494452
84,109.83,74,109.85,14:30:02.539722567
82,109.83,74,109.85,14:30:02.540242288
84,109.83,74,109.85,14:30:02.540579135
82,109.83,74,109.85,14:30:02.542528577
84,109.83,74,109.85,14:30:02.553299756
82,109.83,74,109.85,14:30:02.561283377
82,109.83,76,109.85,14:30:02.561283377
82,109.83,74,109.85,14:30:02.942171242
84,109.83,74,109.85,14:30:02.942327242
86,109.83,74,109.85,14:30:02.942861651
92,109.83,74,109.85,14:30:02.943499830
86,109.83,74,109.85,14:30:02.946244638
82,109.83,74,109.85,14:30:02.947527167
92,109.83,74,109.85,14:30:02.948291241
86,109.83,74,109.85,14:30:02.949015138
82,109.83,74,109.85,14:30:02.949583234
86,109.83,74,109.85,14:30:02.949966398
82,109.83,74,109.85,14:30:02.951766204
82,109.83,76,109.85,14:30:02.964190912
82,109.83,74,109.85,14:30:02.964564600
84,109.83,74,109.85,14:30:02.965283772
82,109.83,74,109.85,14:30:02.965641567
82,109.83,76,109.85,14:30:04.549406200
82,109.83,78,109.85,14:30:04.549790077
82,109.83,82,109.85,14:30:04.726626753
82,109.83,94,109.85,14:30:06.827520310
82,109.83,98,109.85,14:30:06.827884991
82,109.83,94,109.85,14:30:06.954339135
68,109.83,94,109.85,14:30:08.200914326
64,109.83,94,109.85,14:30:08.200914326
64,109.83,98,109.85,14:30:08.200992063
64,109.83,1,109.84,14:30:08.201989462
64,109.83,4,109.84,14:30:08.202182844
64,109.83,5,109.84,14:30:08.202266444
64,109.83,35,109.84,14:30:08.202266444
64,109.83,5,109.84,14:30:08.215906917
64,109.83,2,109.84,14:30:08.216089879
64,109.83,3,109.84,14:30:08.336393276
64,109.83,4,109.84,14:30:08.336556792
64,109.83,5,109.84,14:30:08.378582338
64,109.83,4,109.84,14:30:08.479071246
64,109.83,3,109.84,14:30:08.479238589
64,109.83,2,109.84,14:30:08.479238589
80,109.83,2,109.84,14:30:08.480681503
80,109.83,1,109.84,14:30:08.480790299
83,109.83,1,109.84,14:30:08.481599243
86,109.83,1,109.84,14:30:08.482500085
86,109.83,3,109.84,14:30:08.586237456
86,109.83,4,109.84,14:30:08.586393216
70,109.83,4,109.84,14:30:08.586692953
70,109.83,34,109.84,14:30:08.587501087
70,109.83,43,109.84,14:30:08.587501087
67,109.83,43,109.84,14:30:08.587917938
67,109.83,34,109.84,14:30:08.588101944
67,109.83,43,109.84,14:30:08.588590756
67,109.83,62,109.84,14:30:08.588590756
41,109.83,62,109.84,14:30:08.588590756
32,109.83,62,109.84,14:30:08.588590756
32,109.83,63,109.84,14:30:08.588730510
26,109.83,63,109.84,14:30:08.589163918
23,109.83,63,109.84,14:30:08.589163918
20,109.83,63,109.84,14:30:08.590493354
23,109.83,63,109.84,14:30:08.591461468
20,109.83,63,109.84,14:30:08.591577756
16,109.83,63,109.84,14:30:08.591630185
13,109.83,63,109.84,14:30:08.591811391
12,109.83,63,109.84,14:30:08.591863494
3,109.83,63,109.84,14:30:08.592395956
4,109.83,63,109.84,14:30:08.594304061
6,109.83,63,109.84,14:30:08.594304061
5,109.83,63,109.84,14:30:08.594353287
3,109.83,63,109.84,14:30:08.594353287
5,109.83,63,109.84,14:30:08.595050778
3,109.83,63,109.84,14:30:08.595593432
108,109.82,63,109.84,14:30:08.597994433
1,109.83,63,109.84,14:30:08.597994433
108,109.82,63,109.84,14:30:08.598292708
6,109.83,63,109.84,14:30:08.598626500
15,109.83,63,109.84,14:30:08.598651697
6,109.83,63,109.84,14:30:08.598977308
8,109.83,63,109.84,14:30:08.599062560
9,109.83,63,109.84,14:30:08.604032278
8,109.83,63,109.84,14:30:08.604457913
9,109.83,63,109.84,14:30:08.617594460
10,109.83,63,109.84,14:30:08.617738079
11,109.83,63,109.84,14:30:08.617807554
10,109.83,63,109.84,14:30:08.618049528
9,109.83,63,109.84,14:30:08.618546468
11,109.83,63,109.84,14:30:08.618802469
9,109.83,63,109.84,14:30:08.620563820
8,109.83,63,109.84,14:30:08.620563820
9,109.83,63,109.84,14:30:08.620862134
8,109.83,63,109.84,14:30:08.621247679
9,109.83,63,109.84,14:30:08.621454979
10,109.83,63,109.84,14:30:08.621454979
9,109.83,63,109.84,14:30:08.621825849
8,109.83,63,109.84,14:30:08.622075214
9,109.83,63,109.84,14:30:08.623277764
8,109.83,63,109.84,14:30:08.623681095
6,109.83,63,109.84,14:30:08.637903689
98,109.82,63,109.84,14:30:08.674301850
90,109.82,63,109.84,14:30:08.674904531
90,109.82,32,109.83,14:30:08.702357465
72,109.82,32,109.83,14:30:08.705621984
72,109.82,41,109.83,14:30:08.718604704
35,109.82,41,109.83,14:30:08.719008451
26,109.82,41,109.83,14:30:08.719601390
26,109.82,42,109.83,14:30:08.719619471
26,109.82,43,109.83,14:30:08.719995489
26,109.82,59,109.83,14:30:08.719995489
26,109.82,60,109.83,14:30:08.720435457
26,109.82,61,109.83,14:30:08.722063652
26,109.82,60,109.83,14:30:08.724264181
26,109.82,61,109.83,14:30:08.724506845
26,109.82,60,109.83,14:30:08.725515041
26,109.82,61,109.83,14:30:08.726916736
8,109.82,61,109.83,14:30:08.727936195
7,109.82,61,109.83,14:30:08.750946394
6,109.82,61,109.83,14:30:08.752693983
5,109.82,61,109.83,14:30:08.754948334
4,109.82,61,109.83,14:30:08.755090686
3,109.82,61,109.83,14:30:08.755634669
97,109.81,61,109.83,14:30:08.755721626
93,109.81,61,109.83,14:30:08.756249243
89,109.81,61,109.83,14:30:08.756697510
94,109.81,61,109.83,14:30:08.756802025
99,109.81,61,109.83,14:30:08.766791554
109,109.81,61,109.83,14:30:09.128114384
115,109.81,61,109.83,14:30:09.128499264
105,109.81,61,109.83,14:30:09.130513656
99,109.81,61,109.83,14:30:09.130867579
33,109.82,61,109.83,14:30:09.132986567
37,109.82,61,109.83,14:30:09.133450397
42,109.82,61,109.83,14:30:09.133471980
45,109.82,61,109.83,14:30:09.133487725
47,109.82,61,109.83,14:30:09.133530086
56,109.82,61,109.83,14:30:09.133690573
56,109.82,45,109.83,14:30:09.133976927
56,109.82,44,109.83,14:30:09.137284212
56,109.82,45,109.83,14:30:09.137694975
56,109.82,44,109.83,14:30:09.138331231
56,109.82,43,109.83,14:30:09.138632030
56,109.82,42,109.83,14:30:09.138722547
56,109.82,43,109.83,14:30:09.142223440
56,109.82,45,109.83,14:30:09.143197273
56,109.82,61,109.83,14:30:09.249129871
52,109.82,61,109.83,14:30:09.249541839
52,109.82,59,109.83,14:30:09.486072713
52,109.82,43,109.83,14:30:09.486273541
52,109.82,42,109.83,14:30:09.486450568
52,109.82,43,109.83,14:30:09.529878855
52,109.82,44,109.83,14:30:09.530047310
52,109.82,45,109.83,14:30:09.662444978
52,109.82,61,109.83,14:30:09.666498435
19,109.82,61,109.83,14:30:09.859596659
10,109.82,61,109.83,14:30:09.874160677
5,109.82,61,109.83,14:30:09.874508395
3,109.82,61,109.83,14:30:09.874508395
12,109.82,61,109.83,14:30:10.106515508
20,109.82,61,109.83,14:30:10.604479650
21,109.82,61,109.83,14:30:10.989227549
21,109.82,45,109.83,14:30:10.989397334
21,109.82,44,109.83,14:30:10.990187778
47,109.82,44,109.83,14:30:10.990476850
53,109.82,44,109.83,14:30:10.990582629
53,109.82,43,109.83,14:30:10.990671858
62,109.82,43,109.83,14:30:10.990864360
62,109.82,42,109.83,14:30:10.991456139
62,109.82,33,109.83,14:30:10.991456139
62,109.82,35,109.83,14:30:10.991777297
62,109.82,3,109.83,14:30:10.991777297
62,109.82,12,109.83,14:30:10.991873223
62,109.82,13,109.83,14:30:10.992076333
62,109.82,12,109.83,14:30:10.994536277
62,109.82,44,109.83,14:30:11.093335406
62,109.82,12,109.83,14:30:11.209746432
62,109.82,10,109.83,14:30:11.209746432
62,109.82,11,109.83,14:30:11.210736230
62,109.82,10,109.83,14:30:11.216180746
62,109.82,11,109.83,14:30:11.232257970
62,109.82,43,109.83,14:30:11.311292967
62,109.82,42,109.83,14:30:11.979261273
62,109.82,10,109.83,14:30:11.981302145
66,109.82,10,109.83,14:30:11.990925962
66,109.82,9,109.83,14:30:11.994765939
66,109.82,71,109.84,14:30:11.996244813
66,109.82,65,109.84,14:30:11.996704613
66,109.82,63,109.84,14:30:11.997101858
69,109.82,63,109.84,14:30:12.028608836
69,109.82,76,109.84,14:30:13.706341403
2,109.83,76,109.84,14:30:14.004057955
7,109.83,76,109.84,14:30:14.004361727
10,109.83,76,109.84,14:30:14.559906879
7,109.83,76,109.84,14:30:14.560319969
2,109.83,76,109.84,14:30:15.139041681
62,109.82,76,109.84,14:30:15.146752475
60,109.82,76,109.84,14:30:15.147404764
69,109.82,76,109.84,14:30:16.122187034
69,109.82,78,109.84,14:30:16.456467303
85,109.82,78,109.84,14:30:16.498854663
69,109.82,78,109.84,14:30:18.171640830
69,109.82,24,109.83,14:30:18.172670067
69,109.82,44,109.83,14:30:18.172684858
60,109.82,44,109.83,14:30:18.173185760
60,109.82,20,109.83,14:30:18.179218754
60,109.82,82,109.84,14:30:18.179291221
60,109.82,78,109.84,14:30:18.179823341
76,109.82,78,109.84,14:30:18.272510760
60,109.82,78,109.84,14:30:18.667555560
76,109.82,78,109.84,14:30:19.007681368
84,109.82,78,109.84,14:30:19.007778238
87,109.82,78,109.84,14:30:22.120996495
84,109.82,78,109.84,14:30:22.235613754
87,109.82,78,109.84,14:30:23.260071130
84,109.82,78,109.84,14:30:24.009116820
68,109.82,78,109.84,14:30:24.010816672
60,109.82,78,109.84,14:30:24.012288768
60,109.82,30,109.83,14:30:24.012288768
60,109.82,44,109.83,14:30:24.012372632
59,109.82,44,109.83,14:30:24.020041406
59,109.82,14,109.83,14:30:24.024249737
59,109.82,90,109.84,14:30:24.024319672
59,109.82,78,109.84,14:30:24.024911946
77,109.82,78,109.84,14:30:24.116512901
86,109.82,78,109.84,14:30:24.116680175
77,109.82,78,109.84,14:30:25.745183614
59,109.82,78,109.84,14:30:25.745237245
59,109.82,9,109.83,14:30:25.745302974
59,109.82,10,109.83,14:30:25.745596075
59,109.82,40,109.83,14:30:25.745596075
59,109.82,52,109.83,14:30:25.745703342
59,109.82,43,109.83,14:30:25.745703342
59,109.82,13,109.83,14:30:25.758139836
59,109.82,1,109.83,14:30:25.758139836
64,109.82,1,109.83,14:30:25.852955752
68,109.82,1,109.83,14:30:25.853062060
68,109.82,78,109.84,14:30:25.853174514
78,109.82,78,109.84,14:30:26.193469847
86,109.82,78,109.84,14:30:26.193582117
95,109.82,78,109.84,14:30:29.700465818
95,109.82,84,109.84,14:30:30.348815125
99,109.82,84,109.84,14:30:30.348879640
89,109.82,84,109.84,14:30:31.922622434
81,109.82,84,109.84,14:30:31.922622434
83,109.82,84,109.84,14:30:31.923026143
83,109.82,82,109.84,14:30:31.923210184
83,109.82,84,109.84,14:30:32.022834425
83,109.82,40,109.83,14:30:32.030131018
83,109.82,49,109.83,14:30:32.030227107
57,109.82,49,109.83,14:30:32.030496288
48,109.82,49,109.83,14:30:32.030496288
48,109.82,40,109.83,14:30:32.030496288
48,109.82,41,109.83,14:30:32.030773629
45,109.82,41,109.83,14:30:32.375309351
36,109.82,41,109.83,14:30:32.375407885
28,109.82,41,109.83,14:30:32.375428227
27,109.82,41,109.83,14:30:32.375428227
24,109.82,41,109.83,14:30:32.375428227
23,109.82,41,109.83,14:30:32.375428227
23,109.82,44,109.83,14:30:32.375674864
23,109.82,59,109.83,14:30:32.375692938
23,109.82,65,109.83,14:30:32.375692938
23,109.82,74,109.83,14:30:32.375692938
21,109.82,74,109.83,14:30:32.375692938
17,109.82,74,109.83,14:30:32.375766473
18,109.82,74,109.83,14:30:32.375848852
27,109.82,74,109.83,14:30:32.375950163
28,109.82,74,109.83,14:30:32.376232038
29,109.82,74,109.83,14:30:32.514057972
28,109.82,74,109.83,14:30:32.898316185
29,109.82,74,109.83,14:30:33.005431448
29,109.82,59,109.83,14:30:33.549689382
29,109.82,50,109.83,14:30:33.549987373
59,109.82,50,109.83,14:30:33.550004035
71,109.82,50,109.83,14:30:33.550546528
71,109.82,47,109.83,14:30:34.775575408
72,109.82,47,109.83,14:30:34.845570539
72,109.82,48,109.83,14:30:35.147444708
72,109.82,49,109.83,14:30:35.147940624
68,109.82,49,109.83,14:30:35.692527947
64,109.82,49,109.83,14:30:35.692616992
55,109.82,49,109.83,14:30:35.692634569
54,109.82,49,109.83,14:30:35.692634569
47,109.82,49,109.83,14:30:35.692634569
17,109.82,49,109.83,14:30:35.692886356
5,109.82,49,109.83,14:30:35.693128276
5,109.82,66,109.83,14:30:35.693256490
5,109.82,75,109.83,14:30:35.693256490
4,109.82,75,109.83,14:30:35.693292209
4,109.82,76,109.83,14:30:35.693292209
2,109.82,76,109.83,14:30:35.693292209
1,109.82,76,109.83,14:30:35.693292209
3,109.82,76,109.83,14:30:35.693335409
4,109.82,76,109.83,14:30:35.693409505
5,109.82,76,109.83,14:30:35.693583975
6,109.82,76,109.83,14:30:35.693679808
15,109.82,76,109.83,14:30:35.914287994
19,109.82,76,109.83,14:30:36.314703251
15,109.82,76,109.83,14:30:39.925093991
17,109.82,76,109.83,14:30:40.270104285
19,109.82,76,109.83,14:30:41.258968342
17,109.82,76,109.83,14:30:41.506905335
15,109.82,76,109.83,14:30:42.139154970
16,109.82,76,109.83,14:30:42.247817704
17,109.82,76,109.83,14:30:43.236674397
16,109.82,76,109.83,14:30:43.248258015
15,109.82,76,109.83,14:30:43.984306264
14,109.82,76,109.83,14:30:43.985296721
15,109.82,76,109.83,14:30:43.987383071
14,109.82,76,109.83,14:30:43.987857020
15,109.82,76,109.83,14:30:43.991924257
53,109.82,76,109.83,14:30:43.992039396
52,109.82,76,109.83,14:30:43.992185889
60,109.82,76,109.83,14:30:44.039255275
66,109.82,76,109.83,14:30:44.049179578
66,109.82,74,109.83,14:30:44.049336050
66,109.82,59,109.83,14:30:44.192130742
67,109.82,59,109.83,14:30:44.998200091
67,109.82,58,109.83,14:30:45.002502405
67,109.82,49,109.83,14:30:45.006620939
67,109.82,48,109.83,14:30:45.006869032
67,109.82,47,109.83,14:30:45.010695486
67,109.82,7,109.83,14:30:45.058423963
82,109.82,7,109.83,14:30:45.058423963
82,109.82,1,109.83,14:30:45.058703530
82,109.82,92,109.84,14:30:45.058805044
82,109.82,88,109.84,14:30:45.058923443
82,109.82,82,109.84,14:30:45.059270588
6,109.83,82,109.84,14:30:45.111616120
13,109.83,82,109.84,14:30:45.111895618
15,109.83,82,109.84,14:30:45.112838964
8,109.83,82,109.84,14:30:46.120651342
6,109.83,82,109.84,14:30:46.120796650
8,109.83,82,109.84,14:30:52.539357874
6,109.83,82,109.84,14:30:52.539815451
7,109.83,82,109.84,14:30:52.543339768
9,109.83,82,109.84,14:30:52.543339768
10,109.83,82,109.84,14:30:52.543493906
10,109.83,63,109.84,14:30:52.543493906
8,109.83,63,109.84,14:30:52.543706863
10,109.83,63,109.84,14:30:52.543857893
11,109.83,63,109.84,14:30:52.545128913
12,109.83,63,109.84,14:30:52.545390301
11,109.83,63,109.84,14:30:52.546441049
10,109.83,63,109.84,14:30:52.546592281
12,109.83,63,109.84,14:30:52.552486680
10,109.83,63,109.84,14:30:52.552763978
11,109.83,63,109.84,14:30:52.553255828
12,109.83,63,109.84,14:30:52.553675690
21,109.83,63,109.84,14:30:52.557599300
22,109.83,63,109.84,14:30:52.558623577
21,109.83,63,109.84,14:30:52.626311063
20,109.83,63,109.84,14:30:52.627485843
21,109.83,63,109.84,14:30:52.657558351
22,109.83,63,109.84,14:30:52.657845586
21,109.83,63,109.84,14:30:52.780404264
22,109.83,63,109.84,14:30:52.802151681
54,109.83,63,109.84,14:30:52.803788797
64,109.83,63,109.84,14:30:52.804013255
64,109.83,57,109.84,14:30:52.804102713
32,109.83,57,109.84,14:30:52.956568704
22,109.83,57,109.84,14:30:52.956636098
21,109.83,57,109.84,14:30:53.812084698
20,109.83,57,109.84,14:30:53.812231985
21,109.83,57,109.84,14:30:53.815728224
22,109.83,57,109.84,14:30:53.815892459
21,109.83,57,109.84,14:30:53.816256586
20,109.83,57,109.84,14:30:53.816570042
21,109.83,57,109.84,14:30:53.921150308
20,109.83,57,109.84,14:30:53.945370578
11,109.83,57,109.84,14:30:53.946245098
11,109.83,68,109.84,14:30:53.946389454
11,109.83,73,109.84,14:30:53.946582707
12,109.83,73,109.84,14:30:53.946612612
11,109.83,73,109.84,14:30:53.946792642
10,109.83,73,109.84,14:30:53.949590082
11,109.83,73,109.84,14:30:53.967966980
12,109.83,73,109.84,14:30:53.968155584
13,109.83,73,109.84,14:30:53.986555470
12,109.83,73,109.84,14:30:53.990283576
13,109.83,73,109.84,14:30:54.004726292
15,109.83,73,109.84,14:30:54.114097512
14,109.83,73,109.84,14:30:54.137712446
13,109.83,73,109.84,14:30:54.138082098
11,109.83,73,109.84,14:30:54.138418773
10,109.83,73,109.84,14:30:54.138547536
8,109.83,73,109.84,14:30:56.874990061
4,109.83,73,109.84,14:30:56.875094100
3,109.83,73,109.84,14:30:56.875119434
2,109.83,73,109.84,14:30:56.875119434
109,109.82,73,109.84,14:30:56.875119434
97,109.82,73,109.84,14:30:56.875452996
89,109.82,73,109.84,14:30:56.875452996
99,109.82,73,109.84,14:30:56.875470288
99,109.82,79,109.84,14:30:56.875675661
99,109.82,9,109.83,14:30:56.876033241
89,109.82,9,109.83,14:30:56.876148451
89,109.82,79,109.84,14:30:56.876552034
89,109.82,81,109.84,14:30:56.876695571
95,109.82,81,109.84,14:30:56.876920405
98,109.82,81,109.84,14:30:56.877035314
98,109.82,89,109.84,14:30:56.877184671
98,109.82,81,109.84,14:30:56.877538235
83,109.82,81,109.84,14:30:56.880672592
83,109.82,9,109.83,14:30:56.886200246
83,109.82,11,109.83,14:30:56.886593020
83,109.82,15,109.83,14:30:56.886694575
83,109.82,16,109.83,14:30:56.886710478
83,109.82,12,109.83,14:30:56.901922956
83,109.82,51,109.83,14:30:57.176117208
77,109.82,51,109.83,14:30:58.176203745
74,109.82,51,109.83,14:30:58.176277114
63,109.82,51,109.83,14:30:58.177205779
25,109.82,51,109.83,14:30:58.177328733
25,109.82,64,109.83,14:30:58.177415267
25,109.82,51,109.83,14:30:58.178407391
34,109.82,51,109.83,14:30:58.943669298
34,109.82,12,109.83,14:30:58.944225439
69,109.82,12,109.83,14:30:58.944394853
81,109.82,12,109.83,14:30:58.944410014
81,109.82,18,109.83,14:30:58.944734686
81,109.82,48,109.83,14:30:59.642167833
81,109.82,64,109.83,14:30:59.642318311
81,109.82,62,109.83,14:31:00.095272363
81,109.82,32,109.83,14:31:00.095413036
81,109.82,16,109.83,14:31:00.095661250
97,109.82,16,109.83,14:31:00.096629831
97,109.82,17,109.83,14:31:00.098416288
81,109.82,17,109.83,14:31:00.098589744
81,109.82,18,109.83,14:31:00.098883727
81,109.82,17,109.83,14:31:00.099421526
81,109.82,16,109.83,14:31:00.099623861
81,109.82,17,109.83,14:31:00.103490201
81,109.82,16,109.83,14:31:00.103752639
81,109.82,18,109.83,14:31:00.143626071
81,109.82,16,109.83,14:31:00.144768209
93,109.82,16,109.83,14:31:00.925094175
97,109.82,16,109.83,14:31:00.925162312
97,109.82,7,109.83,14:31:00.925836664
97,109.82,6,109.83,14:31:00.926060816
100,109.82,6,109.83,14:31:00.927665283
100,109.82,87,109.84,14:31:01.364051396
2,109.83,87,109.84,14:31:01.364386503
4,109.83,87,109.84,14:31:01.364386503
4,109.83,81,109.84,14:31:01.364829555
2,109.83,81,109.84,14:31:01.365235651
9,109.83,81,109.84,14:31:01.365235651
11,109.83,81,109.84,14:31:01.365878428
11,109.83,79,109.84,14:31:01.365946069
9,109.83,79,109.84,14:31:01.366296770
10,109.83,79,109.84,14:31:01.366753003
11,109.83,79,109.84,14:31:01.366753003
10,109.83,79,109.84,14:31:01.367360558
9,109.83,79,109.84,14:31:01.367360558
2,109.83,79,109.84,14:31:01.576891971
2,109.83,81,109.84,14:31:01.577617109
2,109.83,79,109.84,14:31:01.578099137
3,109.83,79,109.84,14:31:01.673700138
4,109.83,79,109.84,14:31:01.674522182
3,109.83,79,109.84,14:31:01.791985462
4,109.83,79,109.84,14:31:01.858157643
34,109.83,79,109.84,14:31:01.946170502
50,109.83,79,109.84,14:31:01.946170502
50,109.83,68,109.84,14:31:01.946170502
50,109.83,63,109.84,14:31:01.946170502
34,109.83,63,109.84,14:31:01.947607178
4,109.83,63,109.84,14:31:01.947607178
5,109.83,63,109.84,14:31:01.947929392
6,109.83,63,109.84,14:31:01.948184275
7,109.83,63,109.84,14:31:01.948891986
6,109.83,63,109.84,14:31:01.982686972
7,109.83,63,109.84,14:31:01.984093771
9,109.83,63,109.84,14:31:02.024899491
8,109.83,63,109.84,14:31:02.470025468
7,109.83,63,109.84,14:31:02.470537698
8,109.83,63,109.84,14:31:02.481268525
9,109.83,63,109.84,14:31:02.481478387
8,109.83,63,109.84,14:31:02.526723044
7,109.83,63,109.84,14:31:02.526934807
7,109.83,78,109.84,14:31:02.527008113
5,109.83,78,109.84,14:31:02.527305802
4,109.83,78,109.84,14:31:02.697813892
3,109.83,78,109.84,14:31:02.698118365
3,109.83,80,109.84,14:31:02.698238948
2,109.83,80,109.84,14:31:02.698238948
99,109.82,80,109.84,14:31:02.698367850
90,109.82,80,109.84,14:31:02.698367850
92,109.82,80,109.84,14:31:02.698702957
88,109.82,80,109.84,14:31:02.699030782
95,109.82,80,109.84,14:31:02.802935071
97,109.82,80,109.84,14:31:02.803170729
1,109.83,80,109.84,14:31:04.032243552
2,109.83,80,109.84,14:31:04.032495610
1,109.83,80,109.84,14:31:04.053275549
3,109.83,80,109.84,14:31:04.188295598
3,109.83,78,109.84,14:31:04.188755325
1,109.83,78,109.84,14:31:04.192332949
3,109.83,78,109.84,14:31:04.192700839
1,109.83,78,109.84,14:31:04.192950785
3,109.83,78,109.84,14:31:04.193069905
4,109.83,78,109.84,14:31:04.201016452
4,109.83,63,109.84,14:31:04.206563309
39,109.83,63,109.84,14:31:04.206711018
40,109.83,63,109.84,14:31:04.206893177
51,109.83,63,109.84,14:31:04.207667262
40,109.83,63,109.84,14:31:04.397681478
5,109.83,63,109.84,14:31:04.397830918
5,109.83,77,109.84,14:31:04.398167513
8,109.83,77,109.84,14:31:04.398184383
6,109.83,77,109.84,14:31:04.741994409
6,109.83,79,109.84,14:31:04.866384516
5,109.83,79,109.84,14:31:04.882507925
4,109.83,79,109.84,14:31:04.882536132
3,109.83,79,109.84,14:31:04.882536132
97,109.82,79,109.84,14:31:04.882536132
85,109.82,79,109.84,14:31:04.882536132
81,109.82,79,109.84,14:31:04.882536132
81,109.82,9,109.83,14:31:04.882730669
75,109.82,9,109.83,14:31:04.883081290
75,109.82,10,109.83,14:31:04.883259130
75,109.82,9,109.83,14:31:04.883984407
84,109.82,9,109.83,14:31:04.977417344
84,109.82,10,109.83,14:31:05.989827827
84,109.82,11,109.83,14:31:05.989932268
81,109.82,11,109.83,14:31:05.990941493
81,109.82,10,109.83,14:31:05.998438479
81,109.82,9,109.83,14:31:05.998730991
81,109.82,11,109.83,14:31:06.002171612
81,109.82,9,109.83,14:31:06.166729233
84,109.82,9,109.83,14:31:06.169019230
81,109.82,9,109.83,14:31:06.192225912
81,109.82,10,109.83,14:31:06.322341990
81,109.82,11,109.83,14:31:06.322526764
81,109.82,12,109.83,14:31:06.324267566
81,109.82,11,109.83,14:31:07.558282751
81,109.82,10,109.83,14:31:07.558282751
81,109.82,12,109.83,14:31:08.018824362
81,109.82,10,109.83,14:31:08.019146217
81,109.82,11,109.83,14:31:08.020259407
81,109.82,10,109.83,14:31:08.027827974
81,109.82,12,109.83,14:31:08.084313321
81,109.82,10,109.83,14:31:08.088446804
81,109.82,11,109.83,14:31:08.092702927
81,109.82,12,109.83,14:31:08.093089329
81,109.82,11,109.83,14:31:08.098290155
81,109.82,10,109.83,14:31:08.098560282
81,109.82,11,109.83,14:31:08.102125960
81,109.82,12,109.83,14:31:08.136786170
81,109.82,11,109.83,14:31:08.711839191
81,109.82,10,109.83,14:31:08.712063146
81,109.82,11,109.83,14:31:08.714041362
81,109.82,12,109.83,14:31:08.714228648
72,109.82,12,109.83,14:31:08.796439395
72,109.82,48,109.83,14:31:08.796457063
72,109.82,58,109.83,14:31:08.796533112
60,109.82,58,109.83,14:31:08.797958915
25,109.82,58,109.83,14:31:08.797958915
25,109.82,70,109.83,14:31:08.798974834
25,109.82,73,109.83,14:31:08.799183478
16,109.82,73,109.83,14:31:08.805447857
15,109.82,73,109.83,14:31:08.806475462
24,109.82,73,109.83,14:31:08.806530762
25,109.82,73,109.83,14:31:08.806877602
25,109.82,70,109.83,14:31:08.809204760
25,109.82,58,109.83,14:31:08.809275630
25,109.82,70,109.83,14:31:09.195625825
25,109.82,73,109.83,14:31:09.195696270
16,109.82,73,109.83,14:31:09.198101828
15,109.82,73,109.83,14:31:09.198688606
14,109.82,73,109.83,14:31:09.208522300
15,109.82,73,109.83,14:31:09.300477973
14,109.82,73,109.83,14:31:09.308038745
13,109.82,73,109.83,14:31:09.432264934
12,109.82,73,109.83,14:31:09.432311539
13,109.82,73,109.83,14:31:09.444841065
14,109.82,73,109.83,14:31:09.444907421
13,109.82,73,109.83,14:31:09.560988325
12,109.82,73,109.83,14:31:09.560988325
8,109.82,73,109.83,14:31:09.563722781
6,109.82,73,109.83,14:31:09.565519032
87,109.81,73,109.83,14:31:09.565519032
87,109.81,79,109.83,14:31:09.566019531
87,109.81,2,109.82,14:31:09.566114891
79,109.81,2,109.82,14:31:09.566481597
79,109.81,4,109.82,14:31:09.566570522
79,109.81,2,109.82,14:31:09.566688723
79,109.81,3,109.82,14:31:09.567254249
79,109.81,4,109.82,14:31:09.567306570
79,109.81,13,109.82,14:31:09.567815946
79,109.81,12,109.82,14:31:09.567936018
79,109.81,3,109.82,14:31:09.568380975
79,109.81,2,109.82,14:31:09.568827679
79,109.81,79,109.83,14:31:09.570054264
79,109.81,83,109.83,14:31:09.570486996
79,109.81,81,109.83,14:31:09.571016563
79,109.81,79,109.83,14:31:09.571531894
92,109.81,79,109.83,14:31:09.571777179
79,109.81,79,109.83,14:31:09.581253612
79,109.81,9,109.82,14:31:09.591744567
79,109.81,11,109.82,14:31:09.592172391
79,109.81,12,109.82,14:31:09.592188979
79,109.81,13,109.82,14:31:09.593025826
79,109.81,12,109.82,14:31:09.594726024
79,109.81,11,109.82,14:31:09.594955269
79,109.81,9,109.82,14:31:09.595342302
79,109.81,81,109.83,14:31:09.603496498
79,109.81,79,109.83,14:31:09.604297600
79,109.81,9,109.82,14:31:09.694137404
79,109.81,10,109.82,14:31:09.694484173
79,109.81,11,109.82,14:31:09.901143816
79,109.81,10,109.82,14:31:09.972747631
79,109.81,12,109.82,14:31:10.017444044
79,109.81,57,109.82,14:31:10.335419646
79,109.81,12,109.82,14:31:10.372808127
79,109.81,13,109.82,14:31:10.374043156
79,109.81,58,109.82,14:31:10.473521395
79,109.81,13,109.82,14:31:10.533262877
79,109.81,11,109.82,14:31:10.533961747
79,109.81,13,109.82,14:31:10.534440585
79,109.81,11,109.82,14:31:10.535809732
79,109.81,12,109.82,14:31:10.536192212
79,109.81,13,109.82,14:31:10.536402848
79,109.81,4,109.82,14:31:10.624659611
79,109.81,3,109.82,14:31:10.624742887
79,109.81,2,109.82,14:31:10.624742887
79,109.81,1,109.82,14:31:10.624742887
79,109.81,81,109.83,14:31:10.624742887
27,109.82,81,109.83,14:31:10.624742887
17,109.82,81,109.83,14:31:10.625201265
99,109.81,81,109.83,14:31:10.625600398
99,109.81,79,109.83,14:31:10.625829531
101,109.81,79,109.83,14:31:10.625984660
88,109.81,79,109.83,14:31:10.626192708
86,109.81,79,109.83,14:31:10.655745463
79,109.81,79,109.83,14:31:10.655813431
79,109.81,49,109.82,14:31:10.656500793
79,109.81,50,109.82,14:31:10.656680867
79,109.81,1,109.82,14:31:10.669368755
79,109.81,10,109.82,14:31:10.669602848
79,109.81,11,109.82,14:31:10.671001767
79,109.81,12,109.82,14:31:10.672443911
79,109.81,11,109.82,14:31:10.682424832
79,109.81,10,109.82,14:31:10.683865346
80,109.81,10,109.82,14:31:10.686987017
80,109.81,9,109.82,14:31:10.720003005
80,109.81,91,109.83,14:31:10.720214247
80,109.81,81,109.83,14:31:10.720916364
80,109.81,9,109.82,14:31:12.518856963
80,109.81,56,109.82,14:31:12.519131504
80,109.81,62,109.82,14:31:12.519213520
80,109.81,63,109.82,14:31:12.519322738
80,109.81,64,109.82,14:31:12.519322738
80,109.81,65,109.82,14:31:12.519387050
80,109.81,59,109.82,14:31:12.519726789
80,109.81,58,109.82,14:31:12.519755909
80,109.81,57,109.82,14:31:12.519933225
80,109.81,58,109.82,14:31:12.526479979
80,109.81,59,109.82,14:31:12.526701815
80,109.81,75,109.82,14:31:12.540532979
67,109.81,75,109.82,14:31:12.840775712
30,109.81,75,109.82,14:31:12.840775712
24,109.81,75,109.82,14:31:12.840934634
25,109.81,75,109.82,14:31:13.400211491
25,109.81,59,109.82,14:31:13.400281320
28,109.81,59,109.82,14:31:13.400365330
28,109.81,58,109.82,14:31:13.733946651
28,109.81,59,109.82,14:31:13.774084727
28,109.81,58,109.82,14:31:14.247098086
28,109.81,57,109.82,14:31:14.247256760
28,109.81,58,109.82,14:31:14.249131190
28,109.81,59,109.82,14:31:14.249302913
30,109.81,59,109.82,14:31:15.041588596
30,109.81,58,109.82,14:31:15.148462946
30,109.81,57,109.82,14:31:15.212673732
30,109.81,59,109.82,14:31:15.281119293
30,109.81,57,109.82,14:31:16.066705185
30,109.81,59,109.82,14:31:16.067152994
30,109.81,57,109.82,14:31:16.067929422
30,109.81,58,109.82,14:31:16.068109382
30,109.81,59,109.82,14:31:16.068355395
33,109.81,59,109.82,14:31:16.068660732
30,109.81,59,109.82,14:31:16.068981654
33,109.81,59,109.82,14:31:16.069338700
30,109.81,59,109.82,14:31:16.071075981
30,109.81,68,109.82,14:31:16.189472097
30,109.81,75,109.82,14:31:16.189652713
30,109.81,66,109.82,14:31:16.259003977
30,109.81,59,109.82,14:31:16.259085494
30,109.81,68,109.82,14:31:16.527262993
30,109.81,75,109.82,14:31:16.527424423
29,109.81,75,109.82,14:31:16.528330025
20,109.81,75,109.82,14:31:16.528663663
19,109.81,75,109.82,14:31:16.528663663
18,109.81,75,109.82,14:31:16.528931158
17,109.81,75,109.82,14:31:16.528931158
19,109.81,75,109.82,14:31:16.529399776
17,109.81,75,109.82,14:31:16.529766783
15,109.81,75,109.82,14:31:16.530128309
15,109.81,77,109.82,14:31:16.530128309
12,109.81,77,109.82,14:31:16.530333586
12,109.81,78,109.82,14:31:16.530412069
10,109.81,78,109.82,14:31:16.533783279
12,109.81,78,109.82,14:31:16.533949766
10,109.81,78,109.82,14:31:16.550254047
10,109.81,83,109.82,14:31:16.590073896
10,109.81,87,109.82,14:31:16.590156283
10,109.81,89,109.82,14:31:16.591197802
9,109.81,89,109.82,14:31:16.591197802
9,109.81,87,109.82,14:31:16.628964195
10,109.81,87,109.82,14:31:16.834274064
11,109.81,87,109.82,14:31:16.834335085
11,109.81,83,109.82,14:31:17.040868641
11,109.81,78,109.82,14:31:17.040868641
20,109.81,78,109.82,14:31:17.041686188
21,109.81,78,109.82,14:31:17.042121318
12,109.81,78,109.82,14:31:17.043633697
21,109.81,78,109.82,14:31:18.074831989
12,109.81,78,109.82,14:31:18.199617962
21,109.81,78,109.82,14:31:18.468567962
22,109.81,78,109.82,14:31:18.468704016
22,109.81,69,109.82,14:31:18.779727209
22,109.81,62,109.82,14:31:18.779799913
22,109.81,72,109.82,14:31:19.093085440
13,109.81,72,109.82,14:31:19.093194888
13,109.81,78,109.82,14:31:19.093283070
22,109.81,78,109.82,14:31:19.505220143
13,109.81,78,109.82,14:31:19.733624336
22,109.81,78,109.82,14:31:19.846660415
22,109.81,72,109.82,14:31:19.846810869
22,109.81,62,109.82,14:31:19.846810869
22,109.81,72,109.82,14:31:20.241241076
22,109.81,78,109.82,14:31:20.241318631
13,109.81,78,109.82,14:31:20.241927025
22,109.81,78,109.82,14:31:21.260663555
22,109.81,68,109.82,14:31:21.260894521
22,109.81,62,109.82,14:31:21.260960540
69,109.81,62,109.82,14:31:21.270896587
69,109.81,61,109.82,14:31:21.493887798
69,109.81,60,109.82,14:31:21.494541737
72,109.81,60,109.82,14:31:21.496086926
73,109.81,60,109.82,14:31:21.496355575
73,109.81,61,109.82,14:31:21.496567713
73,109.81,62,109.82,14:31:21.496866967
73,109.81,61,109.82,14:31:21.554010817
73,109.81,60,109.82,14:31:21.554235691
73,109.81,61,109.82,14:31:21.595480372
73,109.81,62,109.82,14:31:21.595658094
73,109.81,61,109.82,14:31:21.965229414
73,109.81,60,109.82,14:31:21.966387122
70,109.81,60,109.82,14:31:21.967199745
70,109.81,61,109.82,14:31:21.967320005
70,109.81,62,109.82,14:31:21.967704024
70,109.81,61,109.82,14:31:22.510680179
70,109.81,60,109.82,14:31:22.510840319
73,109.81,60,109.82,14:31:22.518331232
73,109.81,61,109.82,14:31:22.520071467
73,109.81,62,109.82,14:31:22.520324008
73,109.81,61,109.82,14:31:22.549404658
70,109.81,61,109.82,14:31:22.765802797
70,109.81,62,109.82,14:31:22.766111039
70,109.81,78,109.82,14:31:24.280299530
23,109.81,78,109.82,14:31:24.283759521
22,109.81,78,109.82,14:31:24.453387767
23,109.81,78,109.82,14:31:24.579092999
23,109.81,62,109.82,14:31:24.661474035
23,109.81,78,109.82,14:31:24.766030281
22,109.81,78,109.82,14:31:24.955434186
23,109.81,78,109.82,14:31:25.237422602
22,109.81,78,109.82,14:31:25.240802599
23,109.81,78,109.82,14:31:25.468236699
22,109.81,78,109.82,14:31:25.525763694
23,109.81,78,109.82,14:31:25.539529460
23,109.81,62,109.82,14:31:25.768177113
51,109.81,62,109.82,14:31:25.798741730
70,109.81,62,109.82,14:31:25.798889183
70,109.81,61,109.82,14:31:26.080795501
70,109.81,60,109.82,14:31:26.081018617
70,109.81,61,109.82,14:31:26.088558452
70,109.81,62,109.82,14:31:26.088715802
70,109.81,61,109.82,14:31:26.091999563
70,109.81,60,109.82,14:31:26.092146212
70,109.81,61,109.82,14:31:26.093228013
70,109.81,62,109.82,14:31:26.096896791
70,109.81,61,109.82,14:31:26.106213363
70,109.81,60,109.82,14:31:26.106478640
70,109.81,61,109.82,14:31:26.110699558
70,109.81,60,109.82,14:31:26.114384906
70,109.81,61,109.82,14:31:26.144617251
70,109.81,62,109.82,14:31:26.161787110
70,109.81,61,109.82,14:31:26.168848829
70,109.81,60,109.82,14:31:26.181288676
70,109.81,61,109.82,14:31:26.265302615
70,109.81,62,109.82,14:31:26.269329515
70,109.81,61,109.82,14:31:26.282681352
70,109.81,62,109.82,14:31:26.286223704
70,109.81,61,109.82,14:31:26.290565807
70,109.81,60,109.82,14:31:26.290889096
70,109.81,13,109.82,14:31:26.558761371
70,109.81,4,109.82,14:31:26.558957543
80,109.81,4,109.82,14:31:26.559155450
89,109.81,4,109.82,14:31:26.559155450
95,109.81,4,109.82,14:31:26.559257904
95,109.81,3,109.82,14:31:26.559257904
95,109.81,2,109.82,14:31:26.559257904
95,109.81,99,109.83,14:31:26.559273066
95,109.81,79,109.83,14:31:26.559356423
99,109.81,79,109.83,14:31:26.559356423
99,109.81,81,109.83,14:31:26.559931545
99,109.81,79,109.83,14:31:26.560878431
89,109.81,79,109.83,14:31:26.569029465
83,109.81,79,109.83,14:31:26.569029465
93,109.81,79,109.83,14:31:27.304392366
99,109.81,79,109.83,14:31:27.304392366
39,109.82,79,109.83,14:31:27.320055795
49,109.82,79,109.83,14:31:27.320148614
50,109.82,79,109.83,14:31:27.320350933
52,109.82,79,109.83,14:31:27.320443624
52,109.82,97,109.83,14:31:27.371225967
42,109.82,97,109.83,14:31:27.371557442
3,109.82,97,109.83,14:31:27.371557442
1,109.82,97,109.83,14:31:27.395860476
2,109.82,97,109.83,14:31:27.408110768
3,109.82,97,109.83,14:31:27.408433098
3,109.82,79,109.83,14:31:27.413129922
4,109.82,79,109.83,14:31:27.413327891
5,109.82,79,109.83,14:31:27.425635689
9,109.82,79,109.83,14:31:27.735138287
18,109.82,79,109.83,14:31:27.735291309
18,109.82,67,109.83,14:31:28.260525393
18,109.82,64,109.83,14:31:28.260525393
56,109.82,64,109.83,14:31:28.260613675
56,109.82,54,109.83,14:31:28.273781358
56,109.82,18,109.83,14:31:28.273781358
58,109.82,18,109.83,14:31:28.273847259
58,109.82,12,109.83,14:31:28.273932121
60,109.82,12,109.83,14:31:28.274206174
60,109.82,16,109.83,14:31:28.274278513
60,109.82,15,109.83,14:31:28.385054284
60,109.82,16,109.83,14:31:28.389155183
60,109.82,15,109.83,14:31:28.915082513
60,109.82,14,109.83,14:31:28.945320981
73,109.82,14,109.83,14:31:28.945534136
81,109.82,14,109.83,14:31:28.945693490
81,109.82,5,109.83,14:31:28.946308848
81,109.82,4,109.83,14:31:28.946724150
81,109.82,95,109.84,14:31:28.947204388
73,109.82,95,109.84,14:31:28.947537094
73,109.82,83,109.84,14:31:28.947537094
76,109.82,83,109.84,14:31:28.948130665
76,109.82,79,109.84,14:31:28.948257956
77,109.82,79,109.84,14:31:28.957295365
77,109.82,77,109.84,14:31:28.989923538
79,109.82,77,109.84,14:31:28.990584536
77,109.82,77,109.84,14:31:28.991013688
74,109.82,77,109.84,14:31:29.180760246
74,109.82,79,109.84,14:31:29.907500582
74,109.82,87,109.84,14:31:29.915708966
61,109.82,87,109.84,14:31:29.915708966
61,109.82,9,109.83,14:31:29.916878044
61,109.82,40,109.83,14:31:29.917192418
61,109.82,42,109.83,14:31:29.917302996
61,109.82,48,109.83,14:31:29.917302996
61,109.82,88,109.83,14:31:29.917653700
61,109.82,89,109.83,14:31:29.917653700
61,109.82,87,109.83,14:31:29.917807925
61,109.82,81,109.83,14:31:29.917807925
60,109.82,81,109.83,14:31:29.923345372
60,109.82,41,109.83,14:31:29.935609009
60,109.82,42,109.83,14:31:30.361440311
60,109.82,43,109.83,14:31:30.563010507
22,109.82,43,109.83,14:31:30.564030167
22,109.82,49,109.83,14:31:30.564402960
22,109.82,48,109.83,14:31:30.805197670
22,109.82,47,109.83,14:31:30.813398281
22,109.82,48,109.83,14:31:30.994850945
22,109.82,49,109.83,14:31:31.073391400
22,109.82,48,109.83,14:31:32.150798435
22,109.82,47,109.83,14:31:32.150983650
22,109.82,48,109.83,14:31:32.152716923
22,109.82,49,109.83,14:31:32.153035906
22,109.82,48,109.83,14:31:32.174389726
22,109.82,47,109.83,14:31:32.174553662
63,109.82,47,109.83,14:31:32.194208376
63,109.82,46,109.83,14:31:32.194580872
63,109.82,15,109.83,14:31:32.196798048
63,109.82,9,109.83,14:31:32.197016042
63,109.82,79,109.84,14:31:32.197016042
77,109.82,79,109.84,14:31:32.197113802
77,109.82,83,109.84,14:31:32.197757791
77,109.82,79,109.84,14:31:32.198216283
77,109.82,77,109.84,14:31:32.208104794
85,109.82,77,109.84,14:31:32.208743902
86,109.82,77,109.84,14:31:32.219234178
86,109.82,63,109.84,14:31:32.327693996
86,109.82,78,109.84,14:31:32.605501899
85,109.82,78,109.84,14:31:33.153317537
86,109.82,78,109.84,14:31:33.153513121
85,109.82,78,109.84,14:31:33.940610370
77,109.82,78,109.84,14:31:33.941139622
78,109.82,78,109.84,14:31:33.962136332
78,109.82,80,109.84,14:31:34.025376017
78,109.82,9,109.83,14:31:34.029640967
78,109.82,15,109.83,14:31:34.030028521
78,109.82,6,109.83,14:31:34.030074732
78,109.82,7,109.83,14:31:34.033693158
78,109.82,6,109.83,14:31:34.034229859
78,109.82,8,109.83,14:31:34.222126939
78,109.82,17,109.83,14:31:34.222300333
64,109.82,17,109.83,14:31:34.222367130
64,109.82,18,109.83,14:31:34.223179961
64,109.82,17,109.83,14:31:34.223593235
64,109.82,15,109.83,14:31:34.237990156
64,109.82,6,109.83,14:31:34.249161200
64,109.82,15,109.83,14:31:34.275593636
64,109.82,16,109.83,14:31:34.359551367
64,109.82,17,109.83,14:31:34.359993776
64,109.82,18,109.83,14:31:34.360137856
64,109.82,17,109.83,14:31:34.368301296
64,109.82,16,109.83,14:31:34.368439651
64,109.82,15,109.83,14:31:34.462026519
64,109.82,16,109.83,14:31:34.671552450
64,109.82,15,109.83,14:31:34.675779557
64,109.82,16,109.83,14:31:34.949827030
64,109.82,18,109.83,14:31:34.961590170
64,109.82,16,109.83,14:31:34.996169990
64,109.82,15,109.83,14:31:34.996270200
64,109.82,16,109.83,14:31:35.267190085
64,109.82,17,109.83,14:31:35.267774095
64,109.82,18,109.83,14:31:35.267822789
64,109.82,19,109.83,14:31:35.268408590
64,109.82,18,109.83,14:31:35.272566347
64,109.82,17,109.83,14:31:35.272723701
64,109.82,16,109.83,14:31:35.272867032
64,109.82,18,109.83,14:31:35.621002474
64,109.82,16,109.83,14:31:35.700696523
64,109.82,17,109.83,14:31:35.765310349
64,109.82,18,109.83,14:31:35.765550752
64,109.82,19,109.83,14:31:35.765701008
64,109.82,20,109.83,14:31:35.765821621
64,109.82,59,109.83,14:31:35.773892755
64,109.82,60,109.83,14:31:35.774304387
23,109.82,60,109.83,14:31:35.784216297
23,109.82,73,109.83,14:31:35.786059805
19,109.82,73,109.83,14:31:35.786059805
19,109.82,60,109.83,14:31:35.891748459
19,109.82,73,109.83,14:31:36.356210421
19,109.82,60,109.83,14:31:36.396799754
66,109.82,60,109.83,14:31:36.453201839
19,109.82,60,109.83,14:31:36.454134420
19,109.82,21,109.83,14:31:36.489114923
19,109.82,25,109.83,14:31:36.489298567
66,109.82,25,109.83,14:31:36.556504436
66,109.82,24,109.83,14:31:37.184977148
66,109.82,23,109.83,14:31:37.185123023
66,109.82,24,109.83,14:31:37.188773156
66,109.82,23,109.83,14:31:37.190613978
66,109.82,24,109.83,14:31:37.190768734
19,109.82,24,109.83,14:31:38.308430127
19,109.82,65,109.83,14:31:38.308534975
19,109.82,79,109.83,14:31:38.335742890
19,109.82,65,109.83,14:31:39.803872837
44,109.82,65,109.83,14:31:39.806020349
66,109.82,65,109.83,14:31:39.806181879
44,109.82,65,109.83,14:31:40.049495663
19,109.82,65,109.83,14:31:40.049571270
46,109.82,65,109.83,14:31:42.064550979
46,109.82,24,109.83,14:31:42.064625952
66,109.82,24,109.83,14:31:42.064708928
66,109.82,23,109.83,14:31:43.099257183
66,109.82,24,109.83,14:31:43.100113774
66,109.82,23,109.83,14:31:43.171594018
66,109.82,24,109.83,14:31:43.199738437
66,109.82,23,109.83,14:31:43.397811503
66,109.82,22,109.83,14:31:43.500166181
66,109.82,13,109.83,14:31:43.501288052
66,109.82,14,109.83,14:31:43.502113962
66,109.82,13,109.83,14:31:43.502556745
66,109.82,7,109.83,14:31:43.504334972
66,109.82,6,109.83,14:31:43.512690268
76,109.82,6,109.83,14:31:43.512993538
82,109.82,6,109.83,14:31:43.512993538
91,109.82,6,109.83,14:31:43.517129121
91,109.82,5,109.83,14:31:43.517479205
91,109.82,4,109.83,14:31:43.517479205
91,109.82,100,109.84,14:31:43.517580526
91,109.82,78,109.84,14:31:43.517707313
91,109.82,63,109.84,14:31:43.517902990
82,109.82,63,109.84,14:31:43.518133143
82,109.82,65,109.84,14:31:43.518336583
83,109.82,65,109.84,14:31:43.518638634
83,109.82,63,109.84,14:31:43.519184381
82,109.82,63,109.84,14:31:43.519249932
82,109.82,65,109.84,14:31:43.519564492
82,109.82,63,109.84,14:31:43.520447547
83,109.82,63,109.84,14:31:43.520694155
82,109.82,63,109.84,14:31:43.522039972
83,109.82,63,109.84,14:31:43.571320869
83,109.82,74,109.84,14:31:43.619545308
83,109.82,79,109.84,14:31:43.619652415
83,109.82,85,109.84,14:31:44.338836177
83,109.82,88,109.84,14:31:44.339017745
83,109.82,102,109.84,14:31:44.339336595
83,109.82,90,109.84,14:31:44.339933104
83,109.82,9,109.83,14:31:44.347819898
83,109.82,33,109.83,14:31:44.348080257
83,109.82,35,109.83,14:31:44.348166042
83,109.82,40,109.83,14:31:44.348270778
83,109.82,38,109.83,14:31:44.348542839
83,109.82,33,109.83,14:31:44.348721664
73,109.82,33,109.83,14:31:44.349752351
67,109.82,33,109.83,14:31:44.349752351
67,109.82,55,109.83,14:31:44.350117042
67,109.82,33,109.83,14:31:44.358836028
67,109.82,9,109.83,14:31:44.358907996
67,109.82,10,109.83,14:31:44.360674055
67,109.82,11,109.83,14:31:44.419118162
67,109.82,12,109.83,14:31:44.419226463
67,109.82,11,109.83,14:31:44.461726015
67,109.82,10,109.83,14:31:44.462046545
79,109.82,10,109.83,14:31:44.462398712
86,109.82,10,109.83,14:31:44.462486459
86,109.82,1,109.83,14:31:44.463112574
86,109.82,93,109.84,14:31:44.463469133
86,109.82,81,109.84,14:31:44.463726745
86,109.82,79,109.84,14:31:44.503479046
86,109.82,68,109.84,14:31:44.504845249
86,109.82,63,109.84,14:31:44.504928008
86,109.82,76,109.84,14:31:44.604686906
86,109.82,82,109.84,14:31:44.604863958
86,109.82,88,109.84,14:31:45.229952110
86,109.82,91,109.84,14:31:45.230110504
79,109.82,91,109.84,14:31:45.232798466
67,109.82,91,109.84,14:31:45.232881970
67,109.82,9,109.83,14:31:45.232967512
67,109.82,10,109.83,14:31:45.233285746
67,109.82,16,109.83,14:31:45.233285746
67,109.82,7,109.83,14:31:45.233387147
67,109.82,31,109.83,14:31:45.233401458
67,109.82,7,109.83,14:31:45.237307884
67,109.82,6,109.83,14:31:45.237513531
80,109.82,6,109.83,14:31:45.604856372
86,109.82,6,109.83,14:31:45.604960022
86,109.82,88,109.84,14:31:45.605052067
86,109.82,84,109.84,14:31:45.605872751
86,109.82,82,109.84,14:31:45.606750504
90,109.82,82,109.84,14:31:46.754972761
90,109.82,76,109.84,14:31:48.691757560
90,109.82,63,109.84,14:31:48.691822354
90,109.82,78,109.84,14:31:48.791933197
90,109.82,82,109.84,14:31:48.792081280
90,109.82,89,109.84,14:31:48.936966909
90,109.82,91,109.84,14:31:48.937182563
90,109.82,105,109.84,14:31:48.937253255
90,109.82,93,109.84,14:31:48.937702044
84,109.82,93,109.84,14:31:48.953543133
71,109.82,93,109.84,14:31:48.953543133
71,109.82,30,109.83,14:31:48.956762004
71,109.82,32,109.83,14:31:48.956935128
71,109.82,30,109.83,14:31:48.957475540
71,109.82,31,109.83,14:31:48.959936025
71,109.82,47,109.83,14:31:48.960118863
71,109.82,46,109.83,14:31:48.960191970
71,109.82,30,109.83,14:31:48.960359199
71,109.82,119,109.84,14:31:48.960447355
71,109.82,5,109.83,14:31:48.960556833
71,109.82,14,109.83,14:31:48.960788133
71,109.82,22,109.83,14:31:48.960914136
71,109.82,52,109.83,14:31:48.960914136
71,109.82,54,109.83,14:31:48.961007668
71,109.82,70,109.83,14:31:48.961098248
71,109.82,68,109.83,14:31:48.961271105
71,109.82,69,109.83,14:31:48.961694858
71,109.82,70,109.83,14:31:48.962223319
71,109.82,69,109.83,14:31:48.965858481
71,109.82,39,109.83,14:31:48.970499502
71,109.82,23,109.83,14:31:48.970499502
71,109.82,15,109.83,14:31:48.970802628
71,109.82,16,109.83,14:31:48.973140549
71,109.82,17,109.83,14:31:48.973537573
71,109.82,16,109.83,14:31:49.003369746
71,109.82,15,109.83,14:31:49.003440465
71,109.82,14,109.83,14:31:49.012921933
71,109.82,15,109.83,14:31:49.029453918
71,109.82,14,109.83,14:31:49.029842948
71,109.82,15,109.83,14:31:49.033801678
71,109.82,16,109.83,14:31:49.033877160
71,109.82,15,109.83,14:31:49.068385985
71,109.82,14,109.83,14:31:49.068516573
71,109.82,15,109.83,14:31:49.134773164
71,109.82,16,109.83,14:31:49.135481820
71,109.82,46,109.83,14:31:49.148639960
71,109.82,62,109.83,14:31:49.149867624
51,109.82,62,109.83,14:31:49.181147824
24,109.82,62,109.83,14:31:49.181232550
24,109.82,63,109.83,14:31:49.181417193
24,109.82,78,109.83,14:31:49.196251450
23,109.82,78,109.83,14:31:49.357289391
22,109.82,78,109.83,14:31:49.357306719
21,109.82,78,109.83,14:31:49.357306719
12,109.82,78,109.83,14:31:49.357629131
13,109.82,78,109.83,14:31:49.358282225
12,109.82,78,109.83,14:31:49.358777348
13,109.82,78,109.83,14:31:49.358777348
14,109.82,78,109.83,14:31:49.359112548
13,109.82,78,109.83,14:31:49.359234128
12,109.82,78,109.83,14:31:49.359444084
14,109.82,78,109.83,14:31:49.360616038
12,109.82,78,109.83,14:31:49.363570353
14,109.82,78,109.83,14:31:49.365506870
14,109.82,63,109.83,14:31:49.371832224
54,109.82,63,109.83,14:31:49.372187153
63,109.82,63,109.83,14:31:49.372848009
54,109.82,63,109.83,14:31:49.373110963
14,109.82,63,109.83,14:31:49.374533122
23,109.82,63,109.83,14:31:49.375070891
14,109.82,63,109.83,14:31:49.375496504
12,109.82,63,109.83,14:31:49.377104870
13,109.82,63,109.83,14:31:49.377623926
14,109.82,63,109.83,14:31:49.377772400
13,109.82,63,109.83,14:31:49.378137032
12,109.82,63,109.83,14:31:49.379220241
13,109.82,63,109.83,14:31:49.381945683
14,109.82,63,109.83,14:31:49.382033606
13,109.82,63,109.83,14:31:49.408030230
12,109.82,63,109.83,14:31:49.408030230
14,109.82,63,109.83,14:31:49.409277479
14,109.82,68,109.83,14:31:49.423018219
14,109.82,71,109.83,14:31:49.423117223
14,109.82,86,109.83,14:31:49.472185849
12,109.82,86,109.83,14:31:49.797147313
13,109.82,86,109.83,14:31:49.798587552
14,109.82,86,109.83,14:31:49.798719558
13,109.82,86,109.83,14:31:49.801300046
12,109.82,86,109.83,14:31:49.801338324
14,109.82,86,109.83,14:31:49.882583269
12,109.82,86,109.83,14:31:49.953085642
12,109.82,81,109.83,14:31:49.954307065
11,109.82,81,109.83,14:31:49.954322163
10,109.82,81,109.83,14:31:49.954432687
9,109.82,81,109.83,14:31:49.954460352
7,109.82,81,109.83,14:31:49.954460352
5,109.82,81,109.83,14:31:49.954460352
4,109.82,81,109.83,14:31:49.954460352
100,109.81,81,109.83,14:31:49.954460352
100,109.81,78,109.83,14:31:49.954460352
100,109.81,79,109.83,14:31:49.955192705
86,109.81,79,109.83,14:31:49.955289054
80,109.81,79,109.83,14:31:49.955447372
70,109.81,79,109.83,14:31:49.955447372
69,109.81,79,109.83,14:31:49.956158644
69,109.81,36,109.82,14:31:49.975505626
50,109.81,36,109.82,14:31:49.976269788
22,109.81,36,109.82,14:31:49.976269788
22,109.81,45,109.82,14:31:49.976454716
22,109.81,47,109.82,14:31:49.976521874
22,109.81,60,109.82,14:31:49.976707288
22,109.81,58,109.82,14:31:49.978927668
22,109.81,49,109.82,14:31:49.979376218
22,109.81,58,109.82,14:31:49.979635005
22,109.81,22,109.82,14:31:49.979927948
22,109.81,9,109.82,14:31:49.979927948
50,109.81,9,109.82,14:31:49.980006076
69,109.81,9,109.82,14:31:49.980051321
69,109.81,44,109.82,14:31:49.980051321
69,109.81,9,109.82,14:31:49.981070476
69,109.81,11,109.82,14:31:49.984932307
69,109.81,9,109.82,14:31:49.987279761
69,109.81,10,109.82,14:31:49.988125994
69,109.81,11,109.82,14:31:49.989666916
69,109.81,12,109.82,14:31:49.990052891
69,109.81,11,109.82,14:31:49.997589968
69,109.81,10,109.82,14:31:49.997728067
67,109.81,10,109.82,14:31:50.023500892
67,109.81,11,109.82,14:31:50.026121931
67,109.81,12,109.82,14:31:50.026346881
67,109.81,13,109.82,14:31:50.030490766
67,109.81,12,109.82,14:31:50.034346574
67,109.81,11,109.82,14:31:50.034503044
67,109.81,12,109.82,14:31:50.068266360
67,109.81,13,109.82,14:31:50.068410768
66,109.81,13,109.82,14:31:50.092255772
66,109.81,12,109.82,14:31:50.122565964
66,109.81,11,109.82,14:31:50.122946559
66,109.81,8,109.82,14:31:50.169096592
66,109.81,2,109.82,14:31:50.169559312
72,109.81,2,109.82,14:31:50.169559312
72,109.81,1,109.82,14:31:50.169559312
75,109.81,1,109.82,14:31:50.169559312
75,109.81,2,109.82,14:31:50.253698827
75,109.81,3,109.82,14:31:50.254028535
75,109.81,2,109.82,14:31:50.264006794
75,109.81,1,109.82,14:31:50.264298182
86,109.81,1,109.82,14:31:50.710610701
94,109.81,1,109.82,14:31:50.710742323
83,109.81,1,109.82,14:31:50.854428682
75,109.81,1,109.82,14:31:50.854518464
75,109.81,2,109.82,14:31:51.968893003
75,109.81,3,109.82,14:31:51.969298778
75,109.81,2,109.82,14:31:51.969593907
75,109.81,1,109.82,14:31:51.969671414
75,109.81,3,109.82,14:31:51.975444117
75,109.81,12,109.82,14:31:51.975507426
72,109.81,12,109.82,14:31:51.976224744
66,109.81,12,109.82,14:31:51.976291079
66,109.81,10,109.82,14:31:51.978337293
66,109.81,11,109.82,14:31:51.979656360
66,109.81,12,109.82,14:31:51.979845369
66,109.81,11,109.82,14:31:51.982833712
66,109.81,10,109.82,14:31:51.982894047
66,109.81,11,109.82,14:31:52.075764059
66,109.81,12,109.82,14:31:52.075890391
66,109.81,11,109.82,14:31:52.336005406
66,109.81,10,109.82,14:31:52.336201387
66,109.81,1,109.82,14:31:52.336340081
66,109.81,2,109.82,14:31:52.336544200
72,109.81,2,109.82,14:31:52.336682926
75,109.81,2,109.82,14:31:52.336682926
75,109.81,4,109.82,14:31:52.336756286
75,109.81,2,109.82,14:31:52.337162161
75,109.81,3,109.82,14:31:52.663251286
75,109.81,4,109.82,14:31:52.663414902
75,109.81,3,109.82,14:31:52.667610963
75,109.81,2,109.82,14:31:52.667812067
75,109.81,4,109.82,14:31:53.070321122
75,109.81,2,109.82,14:31:53.078327657
69,109.81,2,109.82,14:31:53.395628319
66,109.81,2,109.82,14:31:53.395628319
66,109.81,4,109.82,14:31:53.395779759
66,109.81,2,109.82,14:31:53.481096194
66,109.81,4,109.82,14:31:54.139099929
66,109.81,2,109.82,14:31:54.196690464
66,109.81,4,109.82,14:31:54.970128725
66,109.81,2,109.82,14:31:54.979194955
66,109.81,3,109.82,14:31:54.985723062
66,109.81,4,109.82,14:31:54.985926989
66,109.81,3,109.82,14:31:55.075079016
66,109.81,2,109.82,14:31:55.075226875
66,109.81,4,109.82,14:31:55.399526220
66,109.81,5,109.82,14:31:55.480168153
66,109.81,14,109.82,14:31:55.677017997
66,109.81,12,109.82,14:31:56.225291802
66,109.81,3,109.82,14:31:56.282996860
85,109.81,3,109.82,14:31:56.283268977
66,109.81,3,109.82,14:31:56.294148436
66,109.81,4,109.82,14:31:56.294148436
66,109.81,13,109.82,14:31:56.294305274
66,109.81,14,109.82,14:31:56.294305274
66,109.81,13,109.82,14:31:56.298253706
66,109.81,12,109.82,14:31:56.300366175
66,109.81,3,109.82,14:31:56.301099890
75,109.81,3,109.82,14:31:56.306159902
75,109.81,4,109.82,14:31:56.312388909
75,109.81,5,109.82,14:31:56.312610412
66,109.81,5,109.82,14:31:56.312986892
66,109.81,4,109.82,14:31:56.313082178
66,109.81,3,109.82,14:31:56.313464322
66,109.81,4,109.82,14:31:56.313656754
66,109.81,5,109.82,14:31:56.313737394
66,109.81,4,109.82,14:31:56.313937755
66,109.81,3,109.82,14:31:56.314032046
66,109.81,4,109.82,14:31:56.318686126
66,109.81,13,109.82,14:31:56.318856117
66,109.81,12,109.82,14:31:56.318926536
66,109.81,3,109.82,14:31:56.350603712
66,109.81,4,109.82,14:31:56.402465005
66,109.81,5,109.82,14:31:56.402621417
66,109.81,4,109.82,14:31:56.413664504
66,109.81,3,109.82,14:31:56.413837111
66,109.81,4,109.82,14:31:56.469754980
66,109.81,5,109.82,14:31:56.469913492
66,109.81,4,109.82,14:31:56.702012979
66,109.81,3,109.82,14:31:56.702164618
66,109.81,5,109.82,14:31:56.742326652
66,109.81,14,109.82,14:31:56.824587282
66,109.81,55,109.82,14:31:56.834169684
66,109.81,56,109.82,14:31:56.845574799
66,109.81,15,109.82,14:31:57.675741245
66,109.81,13,109.82,14:31:57.676399974
66,109.81,4,109.82,14:31:57.680842467
66,109.81,5,109.82,14:31:57.684116129
66,109.81,4,109.82,14:31:57.693734214
66,109.81,6,109.82,14:31:57.724798860
66,109.81,15,109.82,14:31:57.786509095
66,109.81,13,109.82,14:31:57.974949373
66,109.81,4,109.82,14:31:57.975046333
66,109.81,3,109.82,14:31:57.975347208
66,109.81,4,109.82,14:31:57.995590455
66,109.81,5,109.82,14:31:57.995736766
66,109.81,4,109.82,14:31:58.029634058
66,109.81,3,109.82,14:31:58.029703203
66,109.81,4,109.82,14:31:58.140747393
66,109.81,5,109.82,14:31:58.140898715
66,109.81,4,109.82,14:31:58.333401038
66,109.81,3,109.82,14:31:58.337080504
81,109.81,3,109.82,14:32:00.283519928
85,109.81,3,109.82,14:32:00.283584865
92,109.81,3,109.82,14:32:00.283915620
94,109.81,3,109.82,14:32:00.284090954
94,109.81,2,109.82,14:32:00.284211620
94,109.81,1,109.82,14:32:00.284307444
94,109.81,83,109.83,14:32:00.284322752
79,109.81,83,109.83,14:32:00.284780225
75,109.81,83,109.83,14:32:00.284780225
68,109.81,83,109.83,14:32:00.285379786
66,109.81,83,109.83,14:32:00.285400521
66,109.81,1,109.82,14:32:00.285823838
66,109.81,83,109.83,14:32:00.288594848
81,109.81,83,109.83,14:32:00.293995324
85,109.81,83,109.83,14:32:00.294102226
92,109.81,83,109.83,14:32:00.302286912
94,109.81,83,109.83,14:32:00.302465395
94,109.81,79,109.83,14:32:00.304864785
94,109.81,2,109.82,14:32:00.389741099
94,109.81,4,109.82,14:32:00.389806690
94,109.81,2,109.82,14:32:00.389995832
94,109.81,81,109.83,14:32:00.394456558
87,109.81,81,109.83,14:32:00.394631015
85,109.81,81,109.83,14:32:00.394698833
70,109.81,81,109.83,14:32:00.398172520
66,109.81,81,109.83,14:32:00.398172520
66,109.81,99,109.83,14:32:00.553534447
66,109.81,81,109.83,14:32:00.773698276
82,109.81,81,109.83,14:32:01.240862283
87,109.81,81,109.83,14:32:01.253779831
87,109.81,79,109.83,14:32:01.253852279
95,109.81,79,109.83,14:32:01.265635116
95,109.81,81,109.83,14:32:01.613420596
95,109.81,79,109.83,14:32:01.624431680
1,109.82,79,109.83,14:32:01.627229346
3,109.82,79,109.83,14:32:01.627390907
2,109.82,79,109.83,14:32:01.633508694
87,109.81,79,109.83,14:32:01.633674954
87,109.81,6,109.82,14:32:01.892131556
87,109.81,8,109.82,14:32:01.892363098
96,109.81,8,109.82,14:32:01.892532871
80,109.81,8,109.82,14:32:01.894540226
80,109.81,10,109.82,14:32:01.917363686
80,109.81,8,109.82,14:32:01.928483418
80,109.81,9,109.82,14:32:01.928768648
80,109.81,10,109.82,14:32:01.928921880
80,109.81,9,109.82,14:32:01.935712309
80,109.81,8,109.82,14:32:01.935712309
99,109.81,8,109.82,14:32:02.000145496
99,109.81,6,109.82,14:32:02.000358350
80,109.81,6,109.82,14:32:02.102281952
80,109.81,7,109.82,14:32:02.102652105
80,109.81,16,109.82,14:32:02.102975843
80,109.81,17,109.82,14:32:02.103034127
71,109.81,17,109.82,14:32:02.103190892
71,109.81,16,109.82,14:32:02.103511356
71,109.81,17,109.82,14:32:02.116421090
71,109.81,16,109.82,14:32:02.116545960
71,109.81,17,109.82,14:32:02.116759726
71,109.81,18,109.82,14:32:02.117335808
71,109.81,65,109.82,14:32:02.134225108
52,109.81,65,109.82,14:32:02.134991613
24,109.81,65,109.82,14:32:02.135008794
24,109.81,84,109.82,14:32:02.135217110
19,109.81,84,109.82,14:32:02.136511190
19,109.81,65,109.82,14:32:02.725645447
59,109.81,65,109.82,14:32:03.042254454
19,109.81,65,109.82,14:32:03.089235261
19,109.81,74,109.82,14:32:03.726500629
19,109.81,84,109.82,14:32:03.726609816
15,109.81,84,109.82,14:32:03.726715989
14,109.81,84,109.82,14:32:04.982618999
13,109.81,84,109.82,14:32:04.982802126
4,109.81,84,109.82,14:32:04.982893322
3,109.81,84,109.82,14:32:04.982893322
4,109.81,84,109.82,14:32:04.983153568
3,109.81,84,109.82,14:32:04.983224170
4,109.81,84,109.82,14:32:04.983372992
3,109.81,84,109.82,14:32:04.989615391
4,109.81,84,109.82,14:32:04.990448955
3,109.81,84,109.82,14:32:04.995402244
2,109.81,84,109.82,14:32:04.995559882
1,109.81,84,109.82,14:32:04.995914004
75,109.8,84,109.82,14:32:04.997093939
89,109.8,84,109.82,14:32:04.997483244
94,109.8,84,109.82,14:32:04.997516194
80,109.8,84,109.82,14:32:04.998822167
75,109.8,84,109.82,14:32:04.998822167
75,109.8,1,109.81,14:32:04.998822167
75,109.8,2,109.81,14:32:04.999032599
75,109.8,5,109.81,14:32:04.999146324
75,109.8,9,109.81,14:32:04.999256670
75,109.8,6,109.81,14:32:05.006052194
75,109.8,5,109.81,14:32:05.006652967
75,109.8,4,109.81,14:32:05.006652967
75,109.8,84,109.82,14:32:05.006652967
89,109.8,84,109.82,14:32:05.007695543
96,109.8,84,109.82,14:32:05.007695543
98,109.8,84,109.82,14:32:05.007695543
103,109.8,84,109.82,14:32:05.007695543
103,109.8,86,109.82,14:32:05.007695543
109,109.8,86,109.82,14:32:05.008468138
109,109.8,84,109.82,14:32:05.009657986
104,109.8,84,109.82,14:32:05.020071892
90,109.8,84,109.82,14:32:05.020071892
90,109.8,1,109.81,14:32:05.020071892
85,109.8,1,109.81,14:32:05.020071892
85,109.8,3,109.81,14:32:05.020559961
85,109.8,5,109.81,14:32:05.020559961
85,109.8,3,109.81,14:32:05.057617189
99,109.8,3,109.81,14:32:05.119705241
104,109.8,3,109.81,14:32:05.119764095
104,109.8,1,109.81,14:32:05.356227696
104,109.8,84,109.82,14:32:05.356708053
104,109.8,86,109.82,14:32:05.360003522
104,109.8,2,109.81,14:32:05.685334343
104,109.8,3,109.81,14:32:06.259724040
104,109.8,4,109.81,14:32:06.267546812
104,109.8,5,109.81,14:32:06.270025044
104,109.8,14,109.81,14:32:06.270585572
90,109.8,14,109.81,14:32:06.270791786
85,109.8,14,109.81,14:32:06.270791786
85,109.8,57,109.81,14:32:06.278644841
85,109.8,58,109.81,14:32:06.279522630
85,109.8,76,109.81,14:32:06.280293735
78,109.8,76,109.81,14:32:06.280293735
76,109.8,76,109.81,14:32:06.280293735
64,109.8,76,109.81,14:32:06.280427801
27,109.8,76,109.81,14:32:06.280451148
27,109.8,58,109.81,14:32:06.285044831
27,109.8,15,109.81,14:32:06.288960793
27,109.8,22,109.81,14:32:06.290914720
22,109.8,22,109.81,14:32:06.292142537
29,109.8,22,109.81,14:32:06.300507987
29,109.8,21,109.81,14:32:06.303424900
29,109.8,20,109.81,14:32:06.305215178
29,109.8,19,109.81,14:32:06.378894066
29,109.8,17,109.81,14:32:06.378894066
29,109.8,16,109.81,14:32:06.379212914
65,109.8,16,109.81,14:32:06.379751726
76,109.8,16,109.81,14:32:06.379822561
76,109.8,7,109.81,14:32:06.380188260
83,109.8,7,109.81,14:32:06.380671633
85,109.8,7,109.81,14:32:06.380846612
85,109.8,8,109.81,14:32:07.119539174
85,109.8,9,109.81,14:32:07.119673117
85,109.8,11,109.81,14:32:07.119754153
85,109.8,9,109.81,14:32:07.121473528
85,109.8,8,109.81,14:32:07.133516219
85,109.8,7,109.81,14:32:07.137699887
85,109.8,10,109.81,14:32:07.140234231
85,109.8,11,109.81,14:32:07.314545690
85,109.8,12,109.81,14:32:07.593546570
85,109.8,21,109.81,14:32:08.056009499
85,109.8,22,109.81,14:32:08.056901601
78,109.8,22,109.81,14:32:08.111605521
76,109.8,22,109.81,14:32:08.111812170
69,109.8,22,109.81,14:32:08.111812170
69,109.8,39,109.81,14:32:08.126666562
69,109.8,69,109.81,14:32:08.126666562
58,109.8,69,109.81,14:32:08.126872766
22,109.8,69,109.81,14:32:08.126893761
22,109.8,81,109.81,14:32:08.801029908
22,109.8,88,109.81,14:32:08.801297880
16,109.8,88,109.81,14:32:08.808155926
17,109.8,88,109.81,14:32:08.808407148
18,109.8,88,109.81,14:32:08.809177274
17,109.8,88,109.81,14:32:08.813153144
16,109.8,88,109.81,14:32:08.813153144
17,109.8,88,109.81,14:32:08.813342779
16,109.8,88,109.81,14:32:08.814652318
17,109.8,88,109.81,14:32:08.815002727
16,109.8,88,109.81,14:32:08.815838352
17,109.8,88,109.81,14:32:08.815838352
16,109.8,88,109.81,14:32:08.820054486
15,109.8,88,109.81,14:32:08.820247078
6,109.8,88,109.81,14:32:08.820660464
7,109.8,88,109.81,14:32:08.820929503
6,109.8,88,109.81,14:32:08.821257481
5,109.8,88,109.81,14:32:08.822344222
4,109.8,88,109.81,14:32:08.822406347
2,109.8,88,109.81,14:32:08.823100919
1,109.8,88,109.81,14:32:08.823100919
123,109.79,88,109.81,14:32:08.823100919
111,109.79,88,109.81,14:32:08.823257763
113,109.79,88,109.81,14:32:08.823538953
113,109.79,1,109.8,14:32:08.825666959
113,109.79,2,109.8,14:32:08.826039329
113,109.79,3,109.8,14:32:08.826627924
117,109.79,3,109.8,14:32:08.835114622
117,109.79,12,109.8,14:32:08.835655178
116,109.79,12,109.8,14:32:08.835655178
112,109.79,12,109.8,14:32:08.836181536
94,109.79,12,109.8,14:32:08.837315717
94,109.79,13,109.8,14:32:08.837786658
94,109.79,14,109.8,14:32:08.838876146
94,109.79,13,109.8,14:32:08.839601674
94,109.79,12,109.8,14:32:08.839601674
94,109.79,14,109.8,14:32:08.839999834
79,109.79,14,109.8,14:32:08.840799792
79,109.79,15,109.8,14:32:08.852772621
79,109.79,14,109.8,14:32:08.853276704
79,109.79,13,109.8,14:32:09.106876188
79,109.79,12,109.8,14:32:09.106891138
79,109.79,11,109.8,14:32:09.106891138
79,109.79,2,109.8,14:32:09.107098299
79,109.79,107,109.81,14:32:09.107358139
96,109.79,107,109.81,14:32:09.107375666
5,109.8,107,109.81,14:32:09.107486891
6,109.8,107,109.81,14:32:09.108155249
6,109.8,103,109.81,14:32:09.108185378
6,109.8,93,109.81,14:32:09.108746094
6,109.8,91,109.81,14:32:09.111097569
7,109.8,91,109.81,14:32:09.114609552
7,109.8,93,109.81,14:32:09.131554729
7,109.8,111,109.81,14:32:09.205566748
7,109.8,135,109.81,14:32:09.206098858
6,109.8,135,109.81,14:32:09.206253805
5,109.8,135,109.81,14:32:09.206595418
5,109.8,117,109.81,14:32:09.271121991
5,109.8,93,109.81,14:32:09.280141725
5,109.8,99,109.81,14:32:09.286123879
5,109.8,102,109.81,14:32:09.286207729
6,109.8,102,109.81,14:32:09.306686654
7,109.8,102,109.81,14:32:09.307021310
8,109.8,102,109.81,14:32:09.307021310
8,109.8,100,109.81,14:32:09.307338790
7,109.8,100,109.81,14:32:09.307493415
6,109.8,100,109.81,14:32:09.307654285
6,109.8,102,109.81,14:32:09.386198915
5,109.8,102,109.81,14:32:09.478433567
81,109.79,102,109.81,14:32:09.480034516
81,109.79,99,109.81,14:32:09.480387627
81,109.79,93,109.81,14:32:09.480549037
79,109.79,93,109.81,14:32:09.480714262
79,109.79,1,109.8,14:32:09.853026626
79,109.79,2,109.8,14:32:09.853225809
79,109.79,3,109.8,14:32:09.853328235
79,109.79,12,109.8,14:32:09.892281988
79,109.79,14,109.8,14:32:09.978157932
79,109.79,61,109.8,14:32:09.979448875
79,109.79,63,109.8,14:32:09.979698817
79,109.79,64,109.8,14:32:09.979768184
79,109.79,17,109.8,14:32:10.389722451
79,109.79,15,109.8,14:32:10.390212780
79,109.79,6,109.8,14:32:10.390439602
79,109.79,5,109.8,14:32:10.390586792
79,109.79,4,109.8,14:32:10.390603307
79,109.79,3,109.8,14:32:10.390603307
79,109.79,2,109.8,14:32:10.390961832
79,109.79,3,109.8,14:32:10.390961832
79,109.79,6,109.8,14:32:10.390961832
79,109.79,7,109.8,14:32:10.390980916
79,109.79,6,109.8,14:32:10.391405381
79,109.79,5,109.8,14:32:10.391839342
79,109.79,2,109.8,14:32:10.394812540
79,109.79,151,109.81,14:32:10.398197135
79,109.79,1,109.8,14:32:10.406856892
79,109.79,151,109.81,14:32:10.410458307
97,109.79,151,109.81,14:32:10.441219061
97,109.79,147,109.81,14:32:10.442759049
1,109.8,147,109.81,14:32:10.472396800
4,109.8,147,109.81,14:32:10.472575664
4,109.8,133,109.81,14:32:10.476149443
4,109.8,115,109.81,14:32:10.476465344
4,109.8,91,109.81,14:32:10.478604532
5,109.8,91,109.81,14:32:10.481793443
4,109.8,91,109.81,14:32:10.576718503
3,109.8,91,109.81,14:32:10.591505336
4,109.8,91,109.81,14:32:10.692696783
7,109.8,91,109.81,14:32:10.692766904
8,109.8,91,109.81,14:32:10.692863906
9,109.8,91,109.81,14:32:10.694048071
10,109.8,91,109.81,14:32:10.694132992
11,109.8,91,109.81,14:32:10.694213498
10,109.8,91,109.81,14:32:10.694473802
9,109.8,91,109.81,14:32:10.694550183
11,109.8,91,109.81,14:32:10.697331234
11,109.8,79,109.81,14:32:10.702578522
11,109.8,72,109.81,14:32:10.702640337
20,109.8,72,109.81,14:32:10.702718564
67,109.8,72,109.81,14:32:10.705195518
67,109.8,69,109.81,14:32:10.705607931
20,109.8,69,109.81,14:32:10.706156216
67,109.8,69,109.81,14:32:11.038248371
67,109.8,52,109.81,14:32:11.038803699
67,109.8,22,109.81,14:32:11.038803699
20,109.8,22,109.81,14:32:11.040435573
20,109.8,54,109.81,14:32:11.138705418
20,109.8,69,109.81,14:32:11.138766833
20,109.8,54,109.81,14:32:11.814905656
20,109.8,22,109.81,14:32:11.814905656
67,109.8,22,109.81,14:32:11.814905656
67,109.8,23,109.81,14:32:11.817346827
20,109.8,23,109.81,14:32:11.823033824
20,109.8,58,109.81,14:32:11.918658936
20,109.8,70,109.81,14:32:11.919696188
20,109.8,89,109.81,14:32:12.461014631
11,109.8,89,109.81,14:32:12.461546727
10,109.8,89,109.81,14:32:12.462102557
11,109.8,89,109.81,14:32:12.667138781
20,109.8,89,109.81,14:32:12.670261576
20,109.8,70,109.81,14:32:12.774747864
20,109.8,89,109.81,14:32:13.026216163
11,109.8,89,109.81,14:32:13.030244972
12,109.8,89,109.81,14:32:13.222493558
11,109.8,89,109.81,14:32:13.222932029
8,109.8,89,109.81,14:32:13.546619542
7,109.8,89,109.81,14:32:13.546706665
4,109.8,89,109.81,14:32:13.546733628
3,109.8,89,109.81,14:32:13.546733628
1,109.8,89,109.81,14:32:13.546733628
113,109.79,89,109.81,14:32:13.546733628
113,109.79,9,109.8,14:32:13.546733628
113,109.79,8,109.8,14:32:13.547296344
103,109.79,8,109.8,14:32:13.547296344
97,109.79,8,109.8,14:32:13.547727886
97,109.79,100,109.81,14:32:13.549258942
97,109.79,92,109.81,14:32:13.549721540
1,109.8,92,109.81,14:32:13.656257367
7,109.8,92,109.81,14:32:13.656641135
12,109.8,92,109.81,14:32:13.656659430
13,109.8,92,109.81,14:32:13.659500714
14,109.8,92,109.81,14:32:13.659605607
13,109.8,92,109.81,14:32:13.674922927
12,109.8,92,109.81,14:32:13.675060424
7,109.8,92,109.81,14:32:13.782402381
6,109.8,92,109.81,14:32:13.783282988
7,109.8,92,109.81,14:32:13.940934782
8,109.8,92,109.81,14:32:14.211287735
7,109.8,92,109.81,14:32:14.525733413
6,109.8,92,109.81,14:32:14.526772049
101,109.79,92,109.81,14:32:14.866528892
97,109.79,92,109.81,14:32:14.867372309
97,109.79,2,109.8,14:32:14.880063951
97,109.79,3,109.8,14:32:14.880367202
106,109.79,3,109.8,14:32:14.892291419
106,109.79,2,109.8,14:32:14.933490077
106,109.79,92,109.81,14:32:14.965932068
106,109.79,1,109.8,14:32:15.132132455
106,109.79,92,109.81,14:32:15.192670217
2,109.8,92,109.81,14:32:15.819661392
3,109.8,92,109.81,14:32:15.819879760
10,109.8,92,109.81,14:32:15.820002297
13,109.8,92,109.81,14:32:15.829049484
10,109.8,92,109.81,14:32:15.951925068
11,109.8,92,109.81,14:32:16.094180989
12,109.8,92,109.81,14:32:16.094180989
11,109.8,92,109.81,14:32:16.194477988
10,109.8,92,109.81,14:32:16.194667574
9,109.8,92,109.81,14:32:16.268838946
10,109.8,92,109.81,14:32:16.372891725
11,109.8,92,109.81,14:32:16.372960307
10,109.8,92,109.81,14:32:16.402316477
9,109.8,92,109.81,14:32:16.402465542
11,109.8,92,109.81,14:32:16.868170309
12,109.8,92,109.81,14:32:16.869189998
12,109.8,73,109.81,14:32:16.869450808
14,109.8,73,109.81,14:32:16.869817547
15,109.8,73,109.81,14:32:16.878142088
45,109.8,73,109.81,14:32:16.878586877
62,109.8,73,109.81,14:32:16.878586877
71,109.8,73,109.81,14:32:16.878685204
62,109.8,73,109.81,14:32:16.878938413
77,109.8,73,109.81,14:32:16.879710011
81,109.8,73,109.81,14:32:16.879755585
81,109.8,61,109.81,14:32:16.879755585
81,109.8,26,109.81,14:32:16.880084130
81,109.8,25,109.81,14:32:16.880507065
90,109.8,25,109.81,14:32:16.880536322
90,109.8,23,109.81,14:32:16.880536322
81,109.8,23,109.81,14:32:16.880977378
66,109.8,23,109.81,14:32:16.883514582
62,109.8,23,109.81,14:32:16.883553674
62,109.8,24,109.81,14:32:16.883553674
62,109.8,25,109.81,14:32:16.883985690
62,109.8,26,109.81,14:32:16.884185325
62,109.8,27,109.81,14:32:16.886892356
45,109.8,27,109.81,14:32:16.889257311
15,109.8,27,109.81,14:32:16.889257311
24,109.8,27,109.81,14:32:16.889881310
54,109.8,27,109.81,14:32:16.989190160
71,109.8,27,109.81,14:32:16.989268282
71,109.8,65,109.81,14:32:17.120521559
54,109.8,65,109.81,14:32:17.120721689
24,109.8,65,109.81,14:32:17.120742768
15,109.8,65,109.81,14:32:17.121470386
15,109.8,81,109.81,14:32:17.129816124
14,109.8,81,109.81,14:32:17.129968659
12,109.8,81,109.81,14:32:17.133330173
11,109.8,81,109.81,14:32:17.133889430
9,109.8,81,109.81,14:32:17.133970190
10,109.8,81,109.81,14:32:17.139543332
11,109.8,81,109.81,14:32:17.139738283
10,109.8,81,109.81,14:32:17.158514941
9,109.8,81,109.81,14:32:17.170764029
10,109.8,81,109.81,14:32:17.387513478
11,109.8,81,109.81,14:32:17.387586579
12,109.8,81,109.81,14:32:17.388145769
14,109.8,81,109.81,14:32:17.388777887
14,109.8,65,109.81,14:32:17.389189141
44,109.8,65,109.81,14:32:17.390541223
45,109.8,65,109.81,14:32:17.390635367
62,109.8,65,109.81,14:32:17.391379968
61,109.8,65,109.81,14:32:17.401974213
44,109.8,65,109.81,14:32:17.401974213
14,109.8,65,109.81,14:32:17.401974213
12,109.8,65,109.81,14:32:17.627495253
13,109.8,65,109.81,14:32:17.638879892
14,109.8,65,109.81,14:32:17.638992820
15,109.8,65,109.81,14:32:17.797208031
45,109.8,65,109.81,14:32:17.798000911
62,109.8,65,109.81,14:32:17.799017150
62,109.8,27,109.81,14:32:17.800148630
32,109.8,27,109.81,14:32:18.089696298
32,109.8,67,109.81,14:32:18.089696298
15,109.8,67,109.81,14:32:18.089696298
46,109.8,67,109.81,14:32:18.750280899
46,109.8,27,109.81,14:32:18.750474159
55,109.8,27,109.81,14:32:18.750552203
71,109.8,27,109.81,14:32:18.751210556
71,109.8,26,109.81,14:32:18.779055533
71,109.8,25,109.81,14:32:18.779055533
71,109.8,24,109.81,14:32:18.783089584
71,109.8,23,109.81,14:32:19.160382691
71,109.8,22,109.81,14:32:19.640279980
71,109.8,19,109.81,14:32:19.641867709
71,109.8,18,109.81,14:32:19.752753690
84,109.8,18,109.81,14:32:19.761825418
90,109.8,18,109.81,14:32:19.761941376
90,109.8,9,109.81,14:32:19.762303117
90,109.8,8,109.81,14:32:19.762467465
96,109.8,8,109.81,14:32:19.762891340
99,109.8,8,109.81,14:32:19.762891340
99,109.8,9,109.81,14:32:19.764349268
99,109.8,10,109.81,14:32:19.764700912
99,109.8,9,109.81,14:32:19.765654263
99,109.8,8,109.81,14:32:19.765722090
99,109.8,10,109.81,14:32:19.913624599
99,109.8,8,109.81,14:32:19.964145393
99,109.8,10,109.81,14:32:20.153700284
99,109.8,8,109.81,14:32:20.232133324
99,109.8,10,109.81,14:32:20.721550319
99,109.8,11,109.81,14:32:20.721655368
99,109.8,12,109.81,14:32:20.721885656
99,109.8,13,109.81,14:32:20.721935663
99,109.8,11,109.81,14:32:20.724011370
99,109.8,12,109.81,14:32:20.726189420
99,109.8,13,109.81,14:32:20.726527573
99,109.8,12,109.81,14:32:20.736261480
99,109.8,11,109.81,14:32:20.736339005
99,109.8,12,109.81,14:32:20.767373068
99,109.8,13,109.81,14:32:20.767597018
99,109.8,12,109.81,14:32:20.869012419
99,109.8,11,109.81,14:32:20.869012419
99,109.8,10,109.81,14:32:20.869322617
99,109.8,9,109.81,14:32:20.869322617
99,109.8,8,109.81,14:32:20.869322617
99,109.8,9,109.81,14:32:20.996010736
99,109.8,10,109.81,14:32:20.996568329
99,109.8,9,109.81,14:32:21.011457768
99,109.8,8,109.81,14:32:21.094101404
99,109.8,7,109.81,14:32:21.314849862
99,109.8,94,109.82,14:32:21.458108066
3,109.81,94,109.82,14:32:21.458108066
4,109.81,94,109.82,14:32:21.458248675
6,109.81,94,109.82,14:32:21.458665858
7,109.81,94,109.82,14:32:21.458665858
7,109.81,86,109.82,14:32:21.458754952
5,109.81,86,109.82,14:32:21.459620805
5,109.81,84,109.82,14:32:21.459911870
6,109.81,84,109.82,14:32:21.460006168
8,109.81,84,109.82,14:32:21.460006168
9,109.81,84,109.82,14:32:21.460604497
7,109.81,84,109.82,14:32:21.460682398
8,109.81,84,109.82,14:32:21.464778545
7,109.81,84,109.82,14:32:21.465059435
8,109.81,84,109.82,14:32:21.485444098
9,109.81,84,109.82,14:32:21.485582299
9,109.81,75,109.82,14:32:21.492779846
9,109.81,65,109.82,14:32:21.492848305
18,109.81,65,109.82,14:32:21.492933606
60,109.81,65,109.82,14:32:21.680815249
60,109.81,18,109.82,14:32:21.683156886
77,109.81,18,109.82,14:32:21.758477975
60,109.81,18,109.82,14:32:21.796363134
78,109.81,18,109.82,14:32:22.441463413
60,109.81,18,109.82,14:32:22.597359710
79,109.81,18,109.82,14:32:23.367260902
79,109.81,17,109.82,14:32:23.584895412
79,109.81,11,109.82,14:32:23.584945419
79,109.81,12,109.82,14:32:23.585702906
79,109.81,11,109.82,14:32:23.586698035
79,109.81,2,109.82,14:32:23.586985974
88,109.81,2,109.82,14:32:23.587328117
88,109.81,3,109.82,14:32:23.587547131
88,109.81,2,109.82,14:32:23.587628107
88,109.81,1,109.82,14:32:23.587712546
88,109.81,2,109.82,14:32:23.588359579
88,109.81,3,109.82,14:32:23.588407739
88,109.81,6,109.82,14:32:23.588810532
88,109.81,15,109.82,14:32:23.588904241
88,109.81,16,109.82,14:32:23.589032401
79,109.81,16,109.82,14:32:23.589615651
60,109.81,16,109.82,14:32:23.589946042
60,109.81,17,109.82,14:32:23.596206537
60,109.81,18,109.82,14:32:23.596812024
60,109.81,46,109.82,14:32:23.697846338
60,109.81,65,109.82,14:32:23.697919181
18,109.81,65,109.82,14:32:23.766851437
65,109.81,65,109.82,14:32:24.704326766
65,109.81,37,109.82,14:32:24.704432849
65,109.81,18,109.82,14:32:24.704454845
84,109.81,18,109.82,14:32:24.705937276
65,109.81,18,109.82,14:32:24.708728478
74,109.81,18,109.82,14:32:24.742049938
93,109.81,18,109.82,14:32:24.810649809
93,109.81,9,109.82,14:32:24.810838782
93,109.81,8,109.82,14:32:24.810909841
93,109.81,7,109.82,14:32:24.811016436
93,109.81,6,109.82,14:32:24.811556784
93,109.81,5,109.82,14:32:24.811638083
93,109.81,4,109.82,14:32:24.811835734
93,109.81,5,109.82,14:32:24.825864084
93,109.81,6,109.82,14:32:24.826039608
93,109.81,5,109.82,14:32:24.837347277
93,109.81,4,109.82,14:32:24.837600054
93,109.81,5,109.82,14:32:24.996706804
93,109.81,6,109.82,14:32:24.996765894
93,109.81,7,109.82,14:32:24.998471468
93,109.81,8,109.82,14:32:24.998731931
74,109.81,8,109.82,14:32:24.998749098
74,109.81,17,109.82,14:32:24.998749098
65,109.81,17,109.82,14:32:25.000070938
65,109.81,16,109.82,14:32:25.035539888
65,109.81,15,109.82,14:32:25.039748195
65,109.81,16,109.82,14:32:25.053248012
65,109.81,17,109.82,14:32:25.053437708
74,109.81,17,109.82,14:32:25.100823599
74,109.81,16,109.82,14:32:25.100973163
74,109.81,15,109.82,14:32:25.101123886
74,109.81,16,109.82,14:32:25.105524027
74,109.81,17,109.82,14:32:25.105668561
74,109.81,16,109.82,14:32:25.298509407
93,109.81,16,109.82,14:32:25.298594773
93,109.81,15,109.82,14:32:25.298594773
93,109.81,6,109.82,14:32:25.298800389
93,109.81,7,109.82,14:32:25.319671772
93,109.81,6,109.82,14:32:25.351848282
93,109.81,5,109.82,14:32:25.352168167
93,109.81,4,109.82,14:32:25.352235191
93,109.81,1,109.82,14:32:25.352853609
93,109.81,2,109.82,14:32:25.472161970
93,109.81,3,109.82,14:32:25.546360585
93,109.81,4,109.82,14:32:25.550864604
93,109.81,5,109.82,14:32:25.551188623
93,109.81,7,109.82,14:32:25.551312924
93,109.81,16,109.82,14:32:25.551398521
93,109.81,17,109.82,14:32:25.551398521
93,109.81,16,109.82,14:32:25.644224840
93,109.81,15,109.82,14:32:25.644331144
93,109.81,14,109.82,14:32:25.644392133
93,109.81,15,109.82,14:32:25.737405611
74,109.81,15,109.82,14:32:25.737966964
74,109.81,16,109.82,14:32:25.738074481
65,109.81,16,109.82,14:32:25.739675923
65,109.81,15,109.82,14:32:25.743440041
65,109.81,16,109.82,14:32:25.743947833
65,109.81,15,109.82,14:32:27.856183045
65,109.81,14,109.82,14:32:27.856274810
65,109.81,13,109.82,14:32:27.856274810
65,109.81,12,109.82,14:32:27.856390161
75,109.81,12,109.82,14:32:27.856390161
75,109.81,10,109.82,14:32:27.856390161
79,109.81,10,109.82,14:32:27.856516845
88,109.81,10,109.82,14:32:27.856516845
93,109.81,10,109.82,14:32:27.856516845
93,109.81,9,109.82,14:32:27.856516845
93,109.81,81,109.83,14:32:27.856580593
93,109.81,79,109.83,14:32:27.856757338
1,109.82,79,109.83,14:32:27.862044496
2,109.82,79,109.83,14:32:27.862346921
4,109.82,79,109.83,14:32:27.862440717
5,109.82,79,109.83,14:32:27.864810820
6,109.82,79,109.83,14:32:27.865686304
7,109.82,79,109.83,14:32:27.866313402
8,109.82,79,109.83,14:32:27.866419837
9,109.82,79,109.83,14:32:27.866509612
8,109.82,79,109.83,14:32:27.866932182
7,109.82,79,109.83,14:32:27.866932182
8,109.82,79,109.83,14:32:27.868683629
7,109.82,79,109.83,14:32:27.869174679
6,109.82,79,109.83,14:32:27.878049991
5,109.82,79,109.83,14:32:27.878049991
4,109.82,79,109.83,14:32:27.878129172
3,109.82,79,109.83,14:32:27.878520477
4,109.82,79,109.83,14:32:27.883469613
3,109.82,79,109.83,14:32:27.943450276
2,109.82,79,109.83,14:32:27.943852238
89,109.81,79,109.83,14:32:27.943852238
89,109.81,1,109.82,14:32:27.943852238
89,109.81,2,109.82,14:32:27.944190641
87,109.81,2,109.82,14:32:27.944384672
87,109.81,1,109.82,14:32:27.944556624
84,109.81,1,109.82,14:32:27.948070359
84,109.81,2,109.82,14:32:27.959269337
89,109.81,2,109.82,14:32:27.963918284
93,109.81,2,109.82,14:32:27.964017122
93,109.81,3,109.82,14:32:27.968096057
93,109.81,4,109.82,14:32:27.968170453
93,109.81,5,109.82,14:32:28.014489604
93,109.81,6,109.82,14:32:28.014618239
93,109.81,5,109.82,14:32:28.079784915
93,109.81,4,109.82,14:32:28.079784915
93,109.81,3,109.82,14:32:28.079962803
93,109.81,2,109.82,14:32:28.081040764
93,109.81,1,109.82,14:32:28.085118329
93,109.81,99,109.83,14:32:28.085202953
93,109.81,97,109.83,14:32:28.085649923
93,109.81,79,109.83,14:32:28.150015209
96,109.81,79,109.83,14:32:28.775276775
96,109.81,1,109.82,14:32:28.805188007
96,109.81,2,109.82,14:32:28.805365354
96,109.81,4,109.82,14:32:28.805439123
96,109.81,5,109.82,14:32:28.807069970
96,109.81,6,109.82,14:32:28.807940580
96,109.81,7,109.82,14:32:28.812585038
96,109.81,8,109.82,14:32:28.812896599
96,109.81,7,109.82,14:32:28.814982883
96,109.81,6,109.82,14:32:28.815102604
96,109.81,8,109.82,14:32:28.816582340
96,109.81,17,109.82,14:32:28.825774986
92,109.81,17,109.82,14:32:28.825938407
87,109.81,17,109.82,14:32:28.826018711
78,109.81,17,109.82,14:32:28.837685652
68,109.81,17,109.82,14:32:28.837750760
68,109.81,52,109.82,14:32:29.309339547
68,109.81,64,109.82,14:32:29.310436503
68,109.81,65,109.82,14:32:29.311330074
68,109.81,53,109.82,14:32:29.318758957
68,109.81,18,109.82,14:32:29.318820218
73,109.81,18,109.82,14:32:29.422157212
77,109.81,18,109.82,14:32:29.422290277
88,109.81,18,109.82,14:32:29.514650943
96,109.81,18,109.82,14:32:29.514720850
85,109.81,18,109.82,14:32:29.934783887
77,109.81,18,109.82,14:32:29.934895803
77,109.81,58,109.82,14:32:29.935559819
73,109.81,58,109.82,14:32:29.935653988
68,109.81,58,109.82,14:32:29.935653988
21,109.81,58,109.82,14:32:29.935760334
19,109.81,58,109.82,14:32:29.948002270
18,109.81,58,109.82,14:32:29.957989396
18,109.81,72,109.82,14:32:30.766691830
18,109.81,77,109.82,14:32:30.766753727
9,109.81,77,109.82,14:32:30.877717367
8,109.81,77,109.82,14:32:30.877885593
7,109.81,77,109.82,14:32:30.878008700
4,109.81,77,109.82,14:32:30.878008700
3,109.81,77,109.82,14:32:30.878008700
2,109.81,77,109.82,14:32:30.879445820
1,109.81,77,109.82,14:32:30.879445820
98,109.8,77,109.82,14:32:30.879544795
90,109.8,77,109.82,14:32:30.879695581
99,109.8,77,109.82,14:32:30.879967486
99,109.8,79,109.82,14:32:30.880062989
98,109.8,79,109.82,14:32:30.880261010
98,109.8,77,109.82,14:32:30.880751366
103,109.8,77,109.82,14:32:30.890673436
1,109.81,77,109.82,14:32:30.907701606
2,109.81,77,109.82,14:32:30.907782937
4,109.81,77,109.82,14:32:30.908012172
8,109.81,77,109.82,14:32:30.908033375
9,109.81,77,109.82,14:32:30.908590907
8,109.81,77,109.82,14:32:30.929637022
7,109.81,77,109.82,14:32:30.929853611
6,109.81,77,109.82,14:32:30.929922331
4,109.81,77,109.82,14:32:30.930001531
103,109.8,77,109.82,14:32:30.945229209
111,109.8,77,109.82,14:32:31.057144626
1,109.81,77,109.82,14:32:31.110060599
3,109.81,77,109.82,14:32:31.110285267
5,109.81,77,109.82,14:32:31.110378594
7,109.81,77,109.82,14:32:31.110449696
5,109.81,77,109.82,14:32:31.114455959
3,109.81,77,109.82,14:32:31.114615004
4,109.81,77,109.82,14:32:31.114931447
3,109.81,77,109.82,14:32:31.115078922
4,109.81,77,109.82,14:32:31.116731193
5,109.81,77,109.82,14:32:31.116939160
6,109.81,77,109.82,14:32:31.118017931
5,109.81,77,109.82,14:32:31.119301194
4,109.81,77,109.82,14:32:31.123388628
3,109.81,77,109.82,14:32:31.123388628
4,109.81,77,109.82,14:32:31.135048801
3,109.81,77,109.82,14:32:31.171629481
5,109.81,77,109.82,14:32:31.214760501
6,109.81,77,109.82,14:32:31.214860684
4,109.81,77,109.82,14:32:31.350133472
5,109.81,77,109.82,14:32:31.377922449
6,109.81,77,109.82,14:32:31.378070158
7,109.81,77,109.82,14:32:32.010666441
6,109.81,77,109.82,14:32:32.010990978
5,109.81,77,109.82,14:32:32.434423302
4,109.81,77,109.82,14:32:32.434578560
3,109.81,77,109.82,14:32:32.434967596
4,109.81,77,109.82,14:32:32.435314742
5,109.81,77,109.82,14:32:32.435736601
6,109.81,77,109.82,14:32:32.436454239
7,109.81,77,109.82,14:32:32.445185211
7,109.81,72,109.82,14:32:32.445565274
7,109.81,58,109.82,14:32:32.445653713
8,109.81,58,109.82,14:32:32.585038211
9,109.81,58,109.82,14:32:32.585244630
18,109.81,58,109.82,14:32:32.585360873
9,109.81,58,109.82,14:32:32.592757585
11,109.81,58,109.82,14:32:32.999508080
20,109.81,58,109.82,14:32:33.296128867
20,109.81,18,109.82,14:32:33.308680667
50,109.81,18,109.82,14:32:33.308680667
67,109.81,18,109.82,14:32:33.308680667
67,109.81,20,109.82,14:32:33.319358548
50,109.81,20,109.82,14:32:33.320405238
20,109.81,20,109.82,14:32:33.320405238
20,109.81,35,109.82,14:32:33.378702282
20,109.81,39,109.82,14:32:33.378786372
11,109.81,39,109.82,14:32:33.379205104
9,109.81,39,109.82,14:32:33.399366555
9,109.81,76,109.82,14:32:33.409644988
9,109.81,86,109.82,14:32:33.410570690
8,109.81,86,109.82,14:32:33.739158714
7,109.81,86,109.82,14:32:34.283844643
6,109.81,86,109.82,14:32:34.284225046
5,109.81,86,109.82,14:32:34.284597906
4,109.81,86,109.82,14:32:34.284662089
3,109.81,86,109.82,14:32:34.284949947
1,109.81,86,109.82,14:32:34.285177007
2,109.81,86,109.82,14:32:34.286365972
3,109.81,86,109.82,14:32:34.288560307
4,109.81,86,109.82,14:32:34.292297107
3,109.81,86,109.82,14:32:34.293460216
4,109.81,86,109.82,14:32:34.307443984
6,109.81,86,109.82,14:32:34.307815345
5,109.81,86,109.82,14:32:34.309681209
4,109.81,86,109.82,14:32:34.310544082
6,109.81,86,109.82,14:32:34.312003681
4,109.81,86,109.82,14:32:34.320888880
2,109.81,86,109.82,14:32:34.324414686
1,109.81,86,109.82,14:32:34.384713436
103,109.8,86,109.82,14:32:34.384789510
103,109.8,88,109.82,14:32:34.385920017
103,109.8,86,109.82,14:32:34.389206699
100,109.8,86,109.82,14:32:34.395393856
100,109.8,88,109.82,14:32:34.395393856
95,109.8,88,109.82,14:32:34.396512796
95,109.8,1,109.81,14:32:34.409388633
95,109.8,2,109.81,14:32:34.409630367
104,109.8,2,109.81,14:32:34.409788886
104,109.8,3,109.81,14:32:34.411174724
104,109.8,2,109.81,14:32:34.488503516
104,109.8,1,109.81,14:32:34.488571391
104,109.8,88,109.82,14:32:34.517341731
104,109.8,86,109.82,14:32:34.964789760
104,109.8,88,109.82,14:32:35.518534707
104,109.8,1,109.81,14:32:35.518688445
104,109.8,2,109.81,14:32:35.518688445
104,109.8,3,109.81,14:32:35.519034905
104,109.8,2,109.81,14:32:35.556073235
104,109.8,1,109.81,14:32:35.635282588
104,109.8,88,109.82,14:32:35.635345616
4,109.81,88,109.82,14:32:35.692819395
4,109.81,86,109.82,14:32:35.693052761
8,109.81,86,109.82,14:32:35.693278883
4,109.81,86,109.82,14:32:35.799589416
95,109.8,86,109.82,14:32:35.805943414
1,109.81,86,109.82,14:32:36.505819132
2,109.81,86,109.82,14:32:36.505878786
3,109.81,86,109.82,14:32:36.506168511
2,109.81,86,109.82,14:32:36.515290731
3,109.81,86,109.82,14:32:36.520335604
2,109.81,86,109.82,14:32:36.536095982
3,109.81,86,109.82,14:32:36.746076178
4,109.81,86,109.82,14:32:36.746076178
5,109.81,86,109.82,14:32:36.746226517
6,109.81,86,109.82,14:32:36.746241617
8,109.81,86,109.82,14:32:36.746422974
7,109.81,86,109.82,14:32:36.750137221
8,109.81,86,109.82,14:32:36.751526148
7,109.81,86,109.82,14:32:36.781336461
8,109.81,86,109.82,14:32:36.782407628
7,109.81,86,109.82,14:32:36.786424074
8,109.81,86,109.82,14:32:36.787518489
7,109.81,86,109.82,14:32:36.864581896
8,109.81,86,109.82,14:32:36.866730918
7,109.81,86,109.82,14:32:37.052102495
6,109.81,86,109.82,14:32:37.306276826
5,109.81,86,109.82,14:32:37.308348480
3,109.81,86,109.82,14:32:37.308463593
2,109.81,86,109.82,14:32:37.308594854
1,109.81,86,109.82,14:32:37.308735849
95,109.8,86,109.82,14:32:37.308810239
95,109.8,88,109.82,14:32:37.313849720
95,109.8,1,109.81,14:32:37.316391831
95,109.8,3,109.81,14:32:37.316617926
100,109.8,3,109.81,14:32:37.316675203
104,109.8,3,109.81,14:32:37.316756138
104,109.8,4,109.81,14:32:37.317012137
104,109.8,2,109.81,14:32:37.319941658
104,109.8,1,109.81,14:32:37.319941658
104,109.8,92,109.82,14:32:37.320468388
104,109.8,88,109.82,14:32:37.320735766
104,109.8,86,109.82,14:32:37.333163631
1,109.81,86,109.82,14:32:37.423942139
2,109.81,86,109.82,14:32:37.424200859
4,109.81,86,109.82,14:32:37.424392437
6,109.81,86,109.82,14:32:37.424450241
7,109.81,86,109.82,14:32:37.424450241
8,109.81,86,109.82,14:32:37.424475605
6,109.81,86,109.82,14:32:37.425992186
7,109.81,86,109.82,14:32:37.426447188
8,109.81,86,109.82,14:32:37.427880143
7,109.81,86,109.82,14:32:37.436209778
6,109.81,86,109.82,14:32:37.468651683
5,109.81,86,109.82,14:32:37.525173918
4,109.81,86,109.82,14:32:37.525252197
3,109.81,86,109.82,14:32:37.525252197
2,109.81,86,109.82,14:32:37.525444203
95,109.8,86,109.82,14:32:37.525680981
100,109.8,86,109.82,14:32:37.679464871
104,109.8,86,109.82,14:32:37.679554986
3,109.81,86,109.82,14:32:37.679669824
5,109.81,86,109.82,14:32:37.679816778
7,109.81,86,109.82,14:32:37.679913590
8,109.81,86,109.82,14:32:37.680431526
6,109.81,86,109.82,14:32:37.683896678
5,109.81,86,109.82,14:32:37.995240193
3,109.81,86,109.82,14:32:37.995908368
95,109.8,86,109.82,14:32:39.852739707
95,109.8,88,109.82,14:32:39.866451206
95,109.8,2,109.81,14:32:39.945512384
95,109.8,4,109.81,14:32:39.945860378
100,109.8,4,109.81,14:32:39.945906512
104,109.8,4,109.81,14:32:39.945988911
104,109.8,5,109.81,14:32:39.965841217
104,109.8,6,109.81,14:32:39.966000089
104,109.8,4,109.81,14:32:39.966213248
104,109.8,2,109.81,14:32:40.113124908
104,109.8,1,109.81,14:32:40.113209225
104,109.8,92,109.82,14:32:40.113209225
104,109.8,88,109.82,14:32:40.114204909
104,109.8,2,109.81,14:32:41.121931960
104,109.8,88,109.82,14:32:41.466157661
1,109.81,88,109.82,14:32:41.502124530
2,109.81,88,109.82,14:32:41.502383723
5,109.81,88,109.82,14:32:41.502383723
8,109.81,88,109.82,14:32:41.502469787
8,109.81,86,109.82,14:32:41.503297059
5,109.81,86,109.82,14:32:41.638942028
2,109.81,86,109.82,14:32:41.645568320
1,109.81,86,109.82,14:32:41.645568320
95,109.8,86,109.82,14:32:41.645639959
95,109.8,88,109.82,14:32:41.646912868
1,109.81,88,109.82,14:32:41.854178628
1,109.81,86,109.82,14:32:41.854270205
2,109.81,86,109.82,14:32:41.854460659
5,109.81,86,109.82,14:32:41.854460659
6,109.81,86,109.82,14:32:41.890911713
7,109.81,86,109.82,14:32:41.891058311
8,109.81,86,109.82,14:32:41.895437953
9,109.81,86,109.82,14:32:41.895688916
8,109.81,86,109.82,14:32:41.897204569
9,109.81,86,109.82,14:32:41.903868030
10,109.81,86,109.82,14:32:41.907323227
10,109.81,82,109.82,14:32:41.910623448
10,109.81,67,109.82,14:32:41.910623448
19,109.81,67,109.82,14:32:41.910838046
10,109.81,67,109.82,14:32:41.917869788
19,109.81,67,109.82,14:32:42.013494845
10,109.81,67,109.82,14:32:42.073993130
10,109.81,86,109.82,14:32:42.074256068
9,109.81,86,109.82,14:32:42.074852814
10,109.81,86,109.82,14:32:42.075527023
9,109.81,86,109.82,14:32:42.077961154
8,109.81,86,109.82,14:32:42.079574666
9,109.81,86,109.82,14:32:42.095406093
10,109.81,86,109.82,14:32:42.102404604
9,109.81,86,109.82,14:32:42.119297324
10,109.81,86,109.82,14:32:42.181830235
10,109.81,67,109.82,14:32:42.916574744
19,109.81,67,109.82,14:32:42.934391796
10,109.81,67,109.82,14:32:43.043830162
9,109.81,67,109.82,14:32:43.069597085
10,109.81,67,109.82,14:32:43.073270696
10,109.81,77,109.82,14:32:45.230838644
10,109.81,86,109.82,14:32:45.230900484
9,109.81,86,109.82,14:32:45.231333770
10,109.81,86,109.82,14:32:45.231636724
7,109.81,86,109.82,14:32:45.231714183
6,109.81,86,109.82,14:32:45.235119460
5,109.81,86,109.82,14:32:45.235266734
6,109.81,86,109.82,14:32:45.245316640
7,109.81,86,109.82,14:32:45.245794745
6,109.81,86,109.82,14:32:45.247385224
5,109.81,86,109.82,14:32:45.248824045
6,109.81,86,109.82,14:32:45.250074508
7,109.81,86,109.82,14:32:45.250204753
6,109.81,86,109.82,14:32:45.252660925
5,109.81,86,109.82,14:32:45.252731514
4,109.81,86,109.82,14:32:45.261165888
3,109.81,86,109.82,14:32:45.271738197
2,109.81,86,109.82,14:32:45.271820383
1,109.81,86,109.82,14:32:45.271820383
97,109.8,86,109.82,14:32:45.271838197
97,109.8,2,109.81,14:32:45.271995508
97,109.8,86,109.82,14:32:45.272405358
95,109.8,86,109.82,14:32:45.272663479
95,109.8,88,109.82,14:32:45.272940561
95,109.8,86,109.82,14:32:45.273764072
95,109.8,1,109.81,14:32:45.273764072
95,109.8,3,109.81,14:32:45.273786633
95,109.8,6,109.81,14:32:45.274240025
95,109.8,9,109.81,14:32:45.274337020
95,109.8,6,109.81,14:32:45.276289053
95,109.8,7,109.81,14:32:45.280629005
95,109.8,6,109.81,14:32:45.280851198
101,109.8,6,109.81,14:32:45.339429627
104,109.8,6,109.81,14:32:45.339500990
104,109.8,3,109.81,14:32:45.434462850
104,109.8,4,109.81,14:32:45.559332748
104,109.8,5,109.81,14:32:45.729797518
104,109.8,6,109.81,14:32:45.729866645
104,109.8,7,109.81,14:32:45.729939013
104,109.8,8,109.81,14:32:45.730005192
104,109.8,7,109.81,14:32:45.801515495
104,109.8,6,109.81,14:32:45.801667418
104,109.8,5,109.81,14:32:46.946115513
104,109.8,4,109.81,14:32:46.946210790
104,109.8,3,109.81,14:32:46.946349282
104,109.8,1,109.81,14:32:46.946349282
104,109.8,94,109.82,14:32:46.946366380
104,109.8,90,109.82,14:32:46.946769518
104,109.8,86,109.82,14:32:46.947278122
104,109.8,1,109.81,14:32:46.968031914
104,109.8,2,109.81,14:32:46.969976855
104,109.8,1,109.81,14:32:47.049280042
104,109.8,5,109.81,14:32:47.055219637
104,109.8,1,109.81,14:32:47.129822610
104,109.8,4,109.81,14:32:47.230615634
104,109.8,3,109.81,14:32:47.323660433
104,109.8,90,109.82,14:32:47.323728132
104,109.8,86,109.82,14:32:47.324211904
101,109.8,86,109.82,14:32:47.419124033
95,109.8,86,109.82,14:32:47.419195719
95,109.8,1,109.81,14:32:47.424443776
95,109.8,2,109.81,14:32:47.424638771
95,109.8,3,109.81,14:32:47.424858777
95,109.8,2,109.81,14:32:47.476995415
104,109.8,2,109.81,14:32:47.664720509
104,109.8,1,109.81,14:32:48.077449469
104,109.8,2,109.81,14:32:48.177003731
104,109.8,1,109.81,14:32:48.194869037
104,109.8,88,109.82,14:32:48.194933750
104,109.8,86,109.82,14:32:48.195544382
104,109.8,3,109.81,14:32:48.316672959
104,109.8,4,109.81,14:32:48.581077231
104,109.8,1,109.81,14:32:48.702198312
104,109.8,88,109.82,14:32:48.702198312
104,109.8,86,109.82,14:32:48.702748381
104,109.8,1,109.81,14:32:49.313986154
104,109.8,3,109.81,14:32:49.314162995
104,109.8,6,109.81,14:32:49.314467075
104,109.8,3,109.81,14:32:51.150409191
104,109.8,2,109.81,14:32:51.155208458
104,109.8,88,109.82,14:32:51.155284057
104,109.8,86,109.82,14:32:51.155774680
104,109.8,1,109.81,14:32:51.173675406
104,109.8,2,109.81,14:32:51.174049896
104,109.8,4,109.81,14:32:51.174485947
104,109.8,5,109.81,14:32:51.193354505
104,109.8,6,109.81,14:32:51.259268672
104,109.8,7,109.81,14:32:51.259332140
104,109.8,6,109.81,14:32:51.269862042
104,109.8,7,109.81,14:32:51.324948800
104,109.8,8,109.81,14:32:51.325209117
98,109.8,8,109.81,14:32:51.515560066
85,109.8,8,109.81,14:32:51.515625935
85,109.8,17,109.81,14:32:51.515765401
85,109.8,42,109.81,14:32:52.047651798
85,109.8,43,109.81,14:32:52.048153867
85,109.8,44,109.81,14:32:52.048275368
76,109.8,44,109.81,14:32:52.048803291
76,109.8,66,109.81,14:32:52.049007237
76,109.8,41,109.81,14:32:53.238513177
76,109.8,19,109.81,14:32:53.238680200
76,109.8,18,109.81,14:32:53.239031917
76,109.8,46,109.81,14:32:55.481089253
76,109.8,65,109.81,14:32:55.482185412
76,109.8,46,109.81,14:32:55.977506416
76,109.8,18,109.81,14:32:55.977607082
76,109.8,17,109.81,14:32:55.979559026
76,109.8,16,109.81,14:32:55.980694698
76,109.8,7,109.81,14:32:55.981010785
76,109.8,6,109.81,14:32:55.982321818
76,109.8,7,109.81,14:32:55.982927001
76,109.8,8,109.81,14:32:55.983095622
76,109.8,7,109.81,14:32:55.984875822
76,109.8,6,109.81,14:32:55.985967310
76,109.8,5,109.81,14:32:55.986765101
76,109.8,4,109.81,14:32:55.986882864
84,109.8,4,109.81,14:32:55.986955174
84,109.8,2,109.81,14:32:55.988141141
84,109.8,1,109.81,14:32:55.988253295
84,109.8,94,109.82,14:32:55.988327234
84,109.8,90,109.82,14:32:55.988644174
84,109.8,88,109.82,14:32:55.989145172
101,109.8,88,109.82,14:32:55.989798324
1,109.81,88,109.82,14:32:55.996701266
2,109.81,88,109.82,14:32:55.997227058
6,109.81,88,109.82,14:32:55.997255570
9,109.81,88,109.82,14:32:55.997342948
9,109.81,86,109.82,14:32:55.997751620
11,109.81,86,109.82,14:32:56.000332905
9,109.81,86,109.82,14:32:56.000881867
6,109.81,86,109.82,14:32:56.001525631
5,109.81,86,109.82,14:32:56.001785534
4,109.81,86,109.82,14:32:56.001785534
6,109.81,86,109.82,14:32:56.003647632
7,109.81,86,109.82,14:32:56.003769498
6,109.81,86,109.82,14:32:56.004185142
7,109.81,86,109.82,14:32:56.004316211
8,109.81,86,109.82,14:32:56.004528755
9,109.81,86,109.82,14:32:56.004674553
10,109.81,86,109.82,14:32:56.006584593
11,109.81,86,109.82,14:32:56.007200650
10,109.81,86,109.82,14:32:56.071197537
9,109.81,86,109.82,14:32:56.071266142
11,109.81,86,109.82,14:32:56.092603191
11,109.81,77,109.82,14:32:56.688333662
20,109.81,77,109.82,14:32:56.688477172
20,109.81,67,109.82,14:32:56.688607105
20,109.81,82,109.82,14:32:57.284136018
20,109.81,86,109.82,14:32:57.284237458
11,109.81,86,109.82,14:32:57.284311951
20,109.81,86,109.82,14:32:57.894418182
20,109.81,82,109.82,14:32:57.894818146
20,109.81,67,109.82,14:32:57.894818146
11,109.81,67,109.82,14:32:57.907986633
11,109.81,82,109.82,14:32:57.997127881
11,109.81,86,109.82,14:32:57.997243596
9,109.81,86,109.82,14:32:58.831088570
8,109.81,86,109.82,14:32:58.831665508
7,109.81,86,109.82,14:32:58.831737569
5,109.81,86,109.82,14:32:58.831822858
4,109.81,86,109.82,14:32:58.831888615
105,109.8,86,109.82,14:32:58.832398311
103,109.8,86,109.82,14:32:58.832791874
95,109.8,86,109.82,14:32:58.833328492
93,109.8,86,109.82,14:32:58.833716891
1,109.81,86,109.82,14:32:58.836039732
4,109.81,86,109.82,14:32:58.836225364
5,109.81,86,109.82,14:32:58.836334266
6,109.81,86,109.82,14:32:58.841746752
7,109.81,86,109.82,14:32:58.847025999
6,109.81,86,109.82,14:32:58.863424825
5,109.81,86,109.82,14:32:59.029537638
8,109.81,86,109.82,14:32:59.431569809
10,109.81,86,109.82,14:32:59.431684254
10,109.81,71,109.82,14:32:59.431864398
10,109.81,67,109.82,14:32:59.431864398
41,109.81,67,109.82,14:32:59.432585722
50,109.81,67,109.82,14:32:59.432691879
66,109.81,67,109.82,14:32:59.432691879
57,109.81,67,109.82,14:32:59.433087713
57,109.81,30,109.82,14:32:59.433286736
57,109.81,20,109.82,14:32:59.433313629
41,109.81,20,109.82,14:32:59.440536987
10,109.81,20,109.82,14:32:59.440610821
14,109.81,20,109.82,14:32:59.442329805
23,109.81,20,109.82,14:32:59.479159463
14,109.81,20,109.82,14:32:59.491067160
14,109.81,60,109.82,14:32:59.533366079
14,109.81,79,109.82,14:32:59.686229566
23,109.81,79,109.82,14:33:00.697467774
23,109.81,60,109.82,14:33:00.697741239
14,109.81,60,109.82,14:33:01.697422528
15,109.81,60,109.82,14:33:02.395482485
15,109.81,77,109.82,14:33:03.245988490
13,109.81,77,109.82,14:33:03.265652101
14,109.81,77,109.82,14:33:03.291097381
15,109.81,77,109.82,14:33:03.291215470
15,109.81,60,109.82,14:33:03.411930076
15,109.81,78,109.82,14:33:04.198784323
14,109.81,78,109.82,14:33:04.202345918
13,109.81,78,109.82,14:33:04.202650800
14,109.81,78,109.82,14:33:04.213443512
15,109.81,78,109.82,14:33:04.213510120
14,109.81,78,109.82,14:33:04.278728704
13,109.81,78,109.82,14:33:04.278885234
15,109.81,78,109.82,14:33:04.357827555
13,109.81,78,109.82,14:33:04.527778090
14,109.81,78,109.82,14:33:04.541246937
15,109.81,78,109.82,14:33:04.541397304
14,109.81,78,109.82,14:33:04.645404818
13,109.81,78,109.82,14:33:04.645705039
14,109.81,78,109.82,14:33:04.715295059
15,109.81,78,109.82,14:33:04.715522912
14,109.81,78,109.82,14:33:05.571030374
11,109.81,78,109.82,14:33:05.571131740
10,109.81,78,109.82,14:33:05.571165686
7,109.81,78,109.82,14:33:05.571165686
3,109.81,78,109.82,14:33:05.571165686
2,109.81,78,109.82,14:33:05.571165686
1,109.81,78,109.82,14:33:05.571165686
134,109.8,78,109.82,14:33:05.571165686
134,109.8,10,109.81,14:33:05.571165686
114,109.8,10,109.81,14:33:05.571390706
114,109.8,11,109.81,14:33:05.571645759
119,109.8,11,109.81,14:33:05.571859844
107,109.8,11,109.81,14:33:05.571859844
107,109.8,12,109.81,14:33:05.572039505
103,109.8,12,109.81,14:33:05.572163409
101,109.8,12,109.81,14:33:05.572515783
101,109.8,11,109.81,14:33:05.582798608
101,109.8,10,109.81,14:33:05.652527327
107,109.8,10,109.81,14:33:05.671637485
110,109.8,10,109.81,14:33:05.671705076
110,109.8,88,109.82,14:33:06.774320377
110,109.8,78,109.82,14:33:06.774979960
107,109.8,78,109.82,14:33:09.373754859
107,109.8,1,109.81,14:33:09.563357326
107,109.8,3,109.81,14:33:09.563576488
107,109.8,4,109.81,14:33:09.563655048
107,109.8,6,109.81,14:33:09.567364031
107,109.8,15,109.81,14:33:09.567480210
107,109.8,16,109.81,14:33:09.567624792
107,109.8,17,109.81,14:33:09.568526625
90,109.8,17,109.81,14:33:09.568593860
90,109.8,18,109.81,14:33:09.569032365
90,109.8,59,109.81,14:33:09.569072502
90,109.8,18,109.81,14:33:09.594682980
90,109.8,61,109.81,14:33:11.625042189
90,109.8,62,109.81,14:33:11.625532992
87,109.8,62,109.81,14:33:11.630815557
81,109.8,62,109.81,14:33:11.630882290
72,109.8,62,109.81,14:33:11.631124453
67,109.8,62,109.81,14:33:11.633643307
67,109.8,63,109.81,14:33:11.647697575
67,109.8,20,109.81,14:33:11.674758836
67,109.8,19,109.81,14:33:11.735869721
67,109.8,18,109.81,14:33:11.735869721
67,109.8,17,109.81,14:33:11.735869721
76,109.8,17,109.81,14:33:11.735946373
85,109.8,17,109.81,14:33:11.736134200
76,109.8,17,109.81,14:33:11.736678847
76,109.8,15,109.81,14:33:11.748357497
85,109.8,15,109.81,14:33:11.749014969
85,109.8,14,109.81,14:33:11.749190190
85,109.8,13,109.81,14:33:11.749453083
85,109.8,11,109.81,14:33:11.750450228
85,109.8,10,109.81,14:33:11.750450228
85,109.8,9,109.81,14:33:11.750930372
104,109.8,9,109.81,14:33:11.752215929
104,109.8,86,109.82,14:33:11.753301665
104,109.8,78,109.82,14:33:11.753865332
104,109.8,1,109.81,14:33:11.771675028
104,109.8,78,109.82,14:33:11.775310404
104,109.8,1,109.81,14:33:11.805578180
104,109.8,2,109.81,14:33:11.806101628
104,109.8,11,109.81,14:33:11.879815685
104,109.8,2,109.81,14:33:12.053472909
104,109.8,1,109.81,14:33:12.053790113
104,109.8,10,109.81,14:33:12.064729299
104,109.8,1,109.81,14:33:13.275542984
104,109.8,78,109.82,14:33:13.276404553
107,109.8,78,109.82,14:33:13.282313790
104,109.8,78,109.82,14:33:13.282730811
104,109.8,1,109.81,14:33:14.655457762
104,109.8,2,109.81,14:33:14.655487999
104,109.8,3,109.81,14:33:14.655959890
104,109.8,4,109.81,14:33:14.655982699
104,109.8,6,109.81,14:33:14.655982699
104,109.8,7,109.81,14:33:14.657380643
104,109.8,8,109.81,14:33:14.657380643
104,109.8,17,109.81,14:33:14.659583096
85,109.8,17,109.81,14:33:14.665300692
85,109.8,16,109.81,14:33:15.600286775
85,109.8,15,109.81,14:33:15.600286775
85,109.8,13,109.81,14:33:15.600364029
85,109.8,12,109.81,14:33:15.600364029
85,109.8,11,109.81,14:33:15.600472148
85,109.8,2,109.81,14:33:15.600472148
85,109.8,1,109.81,14:33:15.600472148
85,109.8,78,109.82,14:33:15.600472148
85,109.8,80,109.82,14:33:15.600562565
100,109.8,80,109.82,14:33:15.600711648
104,109.8,80,109.82,14:33:15.600878045
104,109.8,78,109.82,14:33:15.601085494
104,109.8,1,109.81,14:33:15.667255841
104,109.8,4,109.81,14:33:15.667934519
104,109.8,5,109.81,14:33:15.671223746
