price,volume,timestamp
109.83,6,14:30:08.674301850
109.82,1,14:30:08.755634669
109.82,3,14:30:08.755721626
109.83,2,14:30:15.146752475
109.82,3,14:30:32.375309351
109.82,9,14:30:32.375407885
109.82,3,14:30:32.375428227
109.82,8,14:30:32.375428227
109.82,1,14:30:32.375428227
109.82,4,14:30:35.692527947
109.82,4,14:30:35.692616992
109.82,7,14:30:35.692634569
109.82,1,14:30:35.692634569
109.82,9,14:30:35.692634569
109.83,2,14:30:56.874990061
109.83,4,14:30:56.875094100
109.83,2,14:30:56.875119434
109.83,1,14:30:56.875119434
109.83,6,14:31:01.364051396
109.83,1,14:31:04.882507925
109.83,1,14:31:04.882536132
109.83,3,14:31:04.882536132
109.82,2,14:31:09.565519032
109.82,6,14:31:09.565519032
109.82,9,14:31:10.624659611
109.82,1,14:31:10.624742887
109.82,10,14:31:10.625201265
109.82,17,14:31:10.625600398
109.82,1,14:31:10.720003005
109.83,1,14:31:43.517479205
109.83,4,14:31:43.517580526
109.82,1,14:31:49.954322163
109.82,1,14:31:49.954432687
109.82,1,14:31:49.954460352
109.82,4,14:31:49.954460352
109.82,2,14:31:49.954460352
109.82,3,14:31:50.169096592
109.82,1,14:32:00.284211620
109.82,1,14:32:00.284307444
109.82,1,14:32:00.284322752
109.82,1,14:32:00.288594848
109.82,2,14:32:00.389995832
109.81,1,14:32:04.997093939
109.81,1,14:32:05.006652967
109.81,4,14:32:05.006652967
109.8,1,14:32:08.823100919
109.8,2,14:32:08.823100919
109.8,3,14:32:13.546619542
109.8,1,14:32:13.546706665
109.8,1,14:32:13.546733628
109.8,3,14:32:13.546733628
109.8,2,14:32:13.546733628
109.8,1,14:32:13.547296344
109.8,8,14:32:13.549258942
109.81,7,14:32:21.458108066
109.82,2,14:32:27.943852238
109.82,1,14:32:27.943852238
109.81,1,14:32:30.879544795
109.81,1,14:33:05.571030374
109.81,3,14:33:05.571131740
109.81,1,14:33:05.571165686
109.81,4,14:33:05.571165686
109.81,3,14:33:05.571165686
109.83,6,14:33:57.579547451
109.83,3,14:33:57.580046488
109.84,2,14:33:57.943910646
109.84,1,14:33:57.943910646
109.84,2,14:33:57.943942813
109.84,1,14:33:57.946607610
109.84,2,14:33:57.947230109
109.84,1,14:33:57.948094102
109.84,12,14:33:58.052461857
109.84,9,14:33:58.052461857
109.85,1,14:33:58.642951599
109.85,2,14:33:58.667619867
109.85,1,14:33:58.717794906
109.85,2,14:33:58.921761754
109.85,2,14:33:59.301710177
109.86,1,14:34:04.045665979
109.86,2,14:34:04.333684582
109.86,15,14:34:04.334313327
109.86,4,14:34:04.334313327
109.86,12,14:34:04.334537036
109.86,2,14:34:04.334551487
109.86,1,14:34:04.334566978
109.85,1,14:34:05.964510610
109.85,1,14:34:05.969202147
109.85,1,14:34:05.975122593
109.85,2,14:34:06.337750428
109.85,1,14:34:19.015722766
109.85,5,14:34:19.015722766
109.85,1,14:34:19.017175332
109.85,1,14:34:19.017903587
109.85,4,14:34:19.018621622
109.85,1,14:34:19.019021967
109.85,1,14:34:19.026622899
109.85,2,14:34:19.192672310
109.85,3,14:34:25.525946733
109.85,1,14:34:26.285580991
109.85,9,14:34:27.202532114
109.85,3,14:34:27.431970677
109.85,1,14:34:27.432331013
109.85,2,14:34:27.432574104
109.86,1,14:34:36.608467334
109.86,2,14:34:36.608746227
109.86,2,14:34:36.608760579
109.86,1,14:34:36.608889532
109.86,1,14:34:36.609224908
109.86,2,14:34:36.609342492
109.86,1,14:34:36.609342492
109.86,1,14:34:36.609561515
109.86,2,14:34:36.609936251
109.87,1,14:34:41.199227066
109.87,1,14:34:41.199307267
109.86,10,14:34:43.150805981
109.86,1,14:34:43.150842276
109.86,1,14:34:59.779045355
109.86,2,14:35:11.480300404
109.86,9,14:35:11.480315937
109.86,2,14:35:11.480315937
109.86,2,14:35:13.991269289
109.85,2,14:35:19.936939199
109.85,3,14:35:23.300784929
109.86,3,14:35:25.857976961
109.84,1,14:35:28.773745244
109.85,2,14:35:30.432216896
109.86,2,14:35:33.284538752
109.83,4,14:35:37.680909532
109.82,50,14:35:38.557284369
109.81,1,14:35:38.895368781
109.82,2,14:35:39.879895426
109.82,1,14:35:39.880009516
109.83,2,14:35:43.247529381
109.83,2,14:35:43.248043227
109.83,1,14:35:43.281339116
109.83,2,14:35:43.281805829
109.84,1,14:35:43.526082406
109.83,1,14:35:46.647365153
109.82,2,14:35:46.676567848
109.82,3,14:35:46.676567848
109.82,1,14:35:46.974726103
109.82,24,14:35:46.975290074
109.82,8,14:35:47.059501358
109.81,2,14:35:47.644091990
109.8,43,14:35:48.150027123
109.8,7,14:35:48.150130536
109.79,1,14:35:48.207616590
109.79,1,14:35:48.208138897
109.79,4,14:35:48.212708756
109.79,1,14:35:48.212851447
109.79,1,14:35:48.212868833
109.79,4,14:35:48.213991887
109.79,1,14:35:48.213991887
109.79,15,14:35:48.214101768
109.79,7,14:35:48.214686300
109.79,2,14:35:48.214869217
109.79,5,14:35:48.388411497
109.78,27,14:35:48.623582535
109.78,1,14:35:48.623978288
109.78,9,14:35:48.623978288
109.78,13,14:35:48.624354306
109.78,1,14:35:48.624354306
109.78,2,14:35:48.999957132
109.78,1,14:35:48.999957132
109.78,1,14:35:49.000063181
109.78,2,14:35:49.000079612
109.78,1,14:35:49.000109933
109.78,1,14:35:49.000248898
109.78,1,14:35:49.000265039
109.78,9,14:35:49.140479809
109.78,1,14:35:49.140557659
109.78,4,14:35:49.140573281
109.78,1,14:35:49.140976484
109.79,2,14:35:49.549202066
109.79,1,14:35:49.596801367
109.79,3,14:35:49.597267670
109.8,2,14:35:49.650940631
109.79,4,14:35:49.702429122
109.79,9,14:35:49.703115144
109.8,1,14:35:50.366940012
109.8,1,14:35:50.466227472
109.8,1,14:35:50.466296386
109.8,1,14:35:50.537995667
109.8,1,14:35:50.538010976
109.8,2,14:35:50.634122507
109.8,1,14:35:50.634122507
109.8,1,14:35:50.661148252
109.79,1,14:35:51.183183463
109.79,1,14:35:51.183520788
109.79,1,14:35:51.183713121
109.79,2,14:35:52.057597712
109.79,1,14:35:52.058291476
109.8,1,14:35:56.541534892
109.8,2,14:35:56.541662114
109.8,1,14:35:56.541696659
109.8,2,14:35:56.541696659
109.8,1,14:35:56.761347462
109.8,1,14:35:56.761667462
109.8,1,14:36:00.806886390
109.8,2,14:36:00.806886390
109.8,3,14:36:00.809928904
109.8,3,14:36:03.078053073
109.8,1,14:36:03.078053073
109.8,2,14:36:03.078053073
109.81,2,14:36:07.171092732
109.81,9,14:36:07.171146985
109.81,1,14:36:07.171146985
109.81,4,14:36:07.171146985
109.81,5,14:36:07.176443355
109.81,6,14:36:07.176443355
109.81,2,14:36:07.176443355
109.81,3,14:36:07.176889955
109.81,34,14:36:07.177051496
109.82,1,14:36:11.828029587
109.83,3,14:36:12.857797342
109.83,1,14:36:12.858223425
109.83,2,14:36:13.345203389
109.83,2,14:36:13.345308978
109.83,1,14:36:13.348547569
109.82,1,14:36:13.401276846
109.82,1,14:36:13.401291025
109.82,4,14:36:13.401382801
109.82,2,14:36:13.401402875
109.82,1,14:36:21.975329144
109.82,3,14:36:27.574767297
109.82,1,14:36:27.574767297
109.82,9,14:36:27.574767297
109.82,2,14:36:27.574767297
109.82,1,14:36:27.594252173
109.82,1,14:36:28.199962732
109.82,1,14:36:28.200060984
109.82,2,14:36:29.921383898
109.82,1,14:36:32.276931743
109.82,1,14:36:32.277010059
109.82,1,14:36:32.465544634
109.83,3,14:36:44.663866175
109.83,1,14:36:44.663866175
109.84,1,14:36:46.563990246
109.84,1,14:36:46.564838952
109.84,1,14:36:46.565753416
109.84,1,14:36:48.233952982
109.84,1,14:36:48.233969990
109.84,1,14:36:48.235013285
109.84,1,14:36:48.236040574
109.84,1,14:36:48.236421559
109.84,2,14:36:48.236595102
109.84,1,14:36:48.236794193
109.84,1,14:36:48.237722026
109.84,2,14:36:48.241080749
109.84,1,14:36:48.241317114
109.85,1,14:36:48.916398778
109.85,1,14:36:48.920288926
109.85,1,14:36:50.079475365
109.84,1,14:36:52.057644489
109.84,7,14:36:52.057809164
109.84,1,14:36:52.061136874
109.83,1,14:36:59.315433205
109.83,1,14:37:10.778939603
109.83,2,14:37:10.779328615
109.83,1,14:37:16.531224278
109.82,1,14:37:22.171075976
109.81,1,14:37:22.172549812
109.81,1,14:37:22.174115090
109.81,1,14:37:22.174490607
109.81,1,14:37:22.174727221
109.81,1,14:37:22.174743503
109.81,1,14:37:22.174783179
109.81,2,14:37:22.174797399
109.81,2,14:37:22.174810881
109.81,2,14:37:22.176095671
109.81,2,14:37:22.176129061
109.81,7,14:37:22.176173243
109.81,2,14:37:22.176187108
109.81,9,14:37:22.176556566
109.81,2,14:37:22.176728772
109.81,1,14:37:22.176743181
109.81,6,14:37:22.180251108
109.81,2,14:37:22.180279889
109.81,2,14:37:22.181647155
109.81,2,14:37:22.182575309
109.82,1,14:37:22.312790314
109.82,1,14:37:22.313232793
109.82,3,14:37:27.365224013
109.82,2,14:37:27.365224013
109.82,1,14:37:27.365224013
109.82,1,14:37:32.359159167
109.82,1,14:37:32.359611941
109.82,1,14:37:32.359995332
109.85,13,14:38:02.512852324
109.85,1,14:38:02.512852324
109.85,2,14:38:02.512852324
109.85,2,14:38:02.552331497
109.85,6,14:38:02.552410371
109.85,5,14:38:02.552649510
109.86,22,14:38:08.992571440
109.86,7,14:38:08.992571440
109.86,2,14:38:08.996966929
109.85,1,14:38:15.126161010
109.86,1,14:38:16.310487911
109.86,1,14:38:20.722231550
109.86,2,14:38:20.722231550
109.86,1,14:38:21.051382350
109.85,1,14:38:27.776641964
109.86,1,14:38:29.355020807
109.86,3,14:38:29.355103318
109.86,1,14:38:29.558889073
109.86,4,14:38:36.628809324
109.86,29,14:38:36.630568033
109.86,2,14:38:36.636810647
109.86,2,14:38:36.660125349
109.87,1,14:38:38.577780678
109.87,4,14:38:38.579001758
109.87,6,14:38:38.579027390
109.87,2,14:38:38.580238852
109.88,10,14:38:42.266830828
109.88,1,14:38:45.802707789
109.88,2,14:38:45.802707789
109.89,1,14:39:14.731960767
109.89,40,14:39:14.732118026
109.9,24,14:39:14.732163389
109.9,1,14:39:14.732163389
109.9,12,14:39:14.732180979
109.9,1,14:39:14.732324349
109.9,9,14:39:14.732338259
109.9,6,14:39:14.732352780
109.9,6,14:39:14.732367116
109.9,24,14:39:14.732380870
109.9,20,14:39:14.732398016
109.9,16,14:39:14.732412771
109.9,1,14:39:14.733135667
109.9,1,14:39:15.686317107
109.9,1,14:39:15.686331725
109.9,3,14:39:15.686331725
109.9,10,14:39:15.686347011
109.9,8,14:39:15.697163529
109.9,1,14:39:15.708254559
109.9,2,14:39:15.708334338
109.9,8,14:39:15.708352800
109.9,1,14:39:15.710000170
109.9,1,14:39:15.711437069
109.9,1,14:39:15.895820344
109.9,1,14:39:15.895948062
109.9,1,14:39:15.896154855
109.9,1,14:39:15.911242364
109.9,2,14:39:15.911242364
109.9,1,14:39:19.908566318
109.9,1,14:39:19.908786743
109.9,1,14:39:19.908953957
109.9,1,14:39:19.909070539
109.9,2,14:39:20.545956783
109.9,4,14:39:20.546313256
109.9,1,14:39:20.546554248
109.9,2,14:39:21.871024604
109.91,2,14:39:21.933105276
109.91,1,14:39:21.933105276
109.91,2,14:39:21.933266448
109.91,2,14:39:21.933281658
109.91,1,14:39:21.933281658
109.91,9,14:39:21.933295869
109.91,38,14:39:21.933295869
109.91,1,14:39:21.933295869
109.91,19,14:39:21.933309904
109.91,12,14:39:21.933326336
109.91,4,14:39:21.944080597
109.91,20,14:39:21.955168259
109.92,16,14:39:22.775723483
109.92,7,14:39:22.775723483
109.92,10,14:39:22.775894472
109.92,4,14:39:22.775908594
109.92,9,14:39:22.775924037
109.92,6,14:39:22.775924037
109.92,1,14:39:22.775938274
109.92,20,14:39:22.775954607
109.92,2,14:39:22.775954607
109.92,1,14:39:22.776961614
109.92,1,14:39:22.778667929
109.92,1,14:39:22.779064045
109.92,1,14:39:22.779183234
109.92,1,14:39:25.046497623
109.92,1,14:39:25.047169658
109.92,1,14:39:25.295017764
109.93,3,14:39:29.116796809
109.93,3,14:39:30.497139461
109.93,1,14:39:30.497295973
109.94,6,14:39:30.497336364
109.94,10,14:39:30.497336364
109.94,7,14:39:30.497336364
109.94,2,14:39:30.497336364
109.94,22,14:39:30.497336364
109.94,1,14:39:30.497336364
109.94,9,14:39:30.497336364
109.94,11,14:39:30.497336364
109.94,4,14:39:30.497336364
109.94,14,14:39:30.497336364
109.94,1,14:39:31.555383479
109.94,1,14:39:31.556216544
109.94,1,14:39:31.556444021
109.94,2,14:39:31.702770857
109.94,1,14:39:31.702861973
109.94,1,14:39:31.702896443
109.94,3,14:39:31.702896443
109.94,1,14:39:31.831254066
109.94,5,14:39:31.831254066
109.94,3,14:39:31.831254066
109.95,3,14:39:36.281750500
109.95,1,14:39:36.556757286
109.95,1,14:39:36.556845454
109.95,2,14:39:36.571880289
109.95,1,14:39:43.996537716
109.95,1,14:39:43.997026250
109.95,8,14:39:48.359641894
109.95,1,14:39:48.866065814
109.95,2,14:39:55.149466666
109.94,1,14:39:55.807078018
109.94,2,14:39:55.807166322
109.94,1,14:39:56.133027369
109.94,1,14:39:56.148604134
109.94,1,14:39:56.152356250
109.94,1,14:39:56.152423545
109.94,2,14:39:56.152669315
109.94,1,14:39:56.536628763
109.94,1,14:39:56.536797707
109.94,2,14:39:56.536845045
109.94,1,14:39:56.536845045
109.94,2,14:39:56.537641997
109.94,28,14:39:56.538183232
109.94,1,14:39:56.538183232
109.94,1,14:39:56.662219182
109.94,2,14:39:56.662314136
109.94,1,14:39:56.662314136
109.93,1,14:39:59.221586012
109.93,9,14:40:00.020525048
109.93,3,14:40:00.021034535
109.93,1,14:40:00.021034535
109.93,20,14:40:00.021172871
109.93,3,14:40:01.327925639
109.93,9,14:40:01.328004634
109.93,10,14:40:15.303863212
109.93,9,14:40:15.303863212
109.94,2,14:40:22.155584128
109.94,3,14:40:22.155584128
109.94,2,14:40:22.156013597
109.94,18,14:40:22.156149030
109.95,1,14:40:27.934196115
109.95,1,14:40:28.963626299
109.95,1,14:40:35.473755672
109.95,2,14:40:35.473755672
109.94,1,14:40:37.919667247
109.93,6,14:40:51.663908096
109.93,7,14:40:51.663908096
109.93,2,14:40:51.663908096
109.93,1,14:40:51.663908096
109.93,1,14:40:53.033526291
109.95,1,14:40:58.905324744
109.97,3,14:41:04.823400847
109.97,2,14:41:04.823430140
109.97,1,14:41:04.823443918
109.97,1,14:41:04.824177977
109.97,2,14:41:04.825358695
109.97,1,14:41:04.825894519
109.97,1,14:41:05.537311592
109.97,1,14:41:05.738557795
109.97,1,14:41:10.129180469
109.97,2,14:41:10.129376811
109.97,1,14:41:10.129390785
109.97,1,14:41:10.129404289
109.97,1,14:41:10.129419720
109.97,9,14:41:10.129435007
109.97,1,14:41:10.129435007
109.97,1,14:41:10.129448298
109.97,10,14:41:10.129463069
109.97,1,14:41:10.129463069
109.98,9,14:41:10.129535850
109.98,6,14:41:10.129550368
109.98,1,14:41:10.129568509
109.98,1,14:41:10.129582775
109.98,1,14:41:10.129843076
109.98,32,14:41:10.129861976
109.98,14,14:41:10.129861976
109.97,2,14:41:10.130418659
109.97,3,14:41:10.130436711
109.97,1,14:41:10.130809667
109.97,3,14:41:10.131035633
109.97,2,14:41:10.131070650
109.97,2,14:41:10.131389356
109.97,2,14:41:10.147347370
109.98,1,14:41:15.468579944
109.98,1,14:41:15.482548247
109.98,1,14:41:15.482638119
109.98,1,14:41:15.482653172
109.98,1,14:41:15.555019322
109.98,3,14:41:15.555119623
109.98,2,14:41:15.555119623
109.98,8,14:41:15.555335738
109.98,12,14:41:15.560045309
109.98,11,14:41:15.560287869
109.98,1,14:41:15.560464512
109.98,1,14:41:16.176166162
109.98,2,14:41:16.180846543
109.98,4,14:41:16.181755521
109.99,6,14:41:22.056731980
109.99,9,14:41:22.056731980
109.99,2,14:41:22.056876999
109.99,1,14:41:22.056893914
109.99,9,14:41:22.057844000
110.0,10,14:41:23.296882367
110.0,8,14:41:23.296913834
110.0,1,14:41:23.296913834
110.0,14,14:41:23.296913834
110.0,6,14:41:23.298626558
110.0,9,14:41:23.345501181
110.0,2,14:41:23.345501181
110.01,5,14:41:28.059810639
110.01,9,14:41:28.059810639
110.01,9,14:41:28.059997335
110.01,1,14:41:28.060783908
110.01,1,14:41:29.030279458
110.01,3,14:41:29.030279458
110.01,9,14:41:29.030279458
110.01,1,14:41:29.030776279
110.01,1,14:41:29.030790823
110.01,1,14:41:29.031095582
110.01,1,14:41:29.031550617
110.01,1,14:41:29.044149156
110.0,4,14:41:31.623206506
110.0,2,14:41:31.623607632
110.0,1,14:41:31.623607632
110.0,3,14:41:31.623736231
110.0,2,14:41:32.447391851
110.0,4,14:41:32.447391851
110.0,1,14:41:32.447391851
110.0,1,14:41:32.447600363
110.0,2,14:41:32.447614315
110.0,1,14:41:32.447629649
110.0,9,14:41:32.447644062
110.0,2,14:41:32.447659751
110.01,1,14:41:32.447716305
110.01,3,14:41:32.447730695
110.01,2,14:41:32.447744443
110.01,9,14:41:32.447758263
110.01,15,14:41:32.447771905
110.01,1,14:41:32.447786420
110.01,1,14:41:32.447800142
110.01,2,14:41:32.447814014
110.01,15,14:41:32.447827745
110.01,9,14:41:32.448070615
110.01,7,14:41:32.448084484
110.01,6,14:41:32.448100036
110.0,4,14:41:32.462083584
110.0,6,14:41:32.462083584
109.99,1,14:41:35.607796795
109.99,3,14:41:35.607796795
109.99,2,14:41:35.607796795
109.99,3,14:41:35.745037643
109.99,15,14:41:35.745330222
109.99,9,14:41:35.745443130
109.99,4,14:41:35.745528218
109.99,1,14:41:35.745874612
109.99,8,14:41:35.745874612
109.99,1,14:41:35.746013495
109.99,1,14:41:35.746352025
109.99,14,14:41:35.746352025
110.0,2,14:41:43.840468179
110.0,2,14:41:43.840880582
110.0,1,14:41:44.095640162
110.0,1,14:41:44.095891252
110.0,1,14:41:44.181332947
110.0,2,14:41:44.181332947
110.0,1,14:41:44.181444784
110.0,1,14:41:44.181468500
110.0,9,14:41:44.181468500
110.0,2,14:41:44.181809226
110.0,1,14:41:44.181985993
110.01,1,14:41:44.822716862
110.01,1,14:41:44.823897108
110.01,2,14:41:44.824048419
110.01,1,14:41:44.824077860
110.01,1,14:41:44.824094842
110.01,1,14:41:44.824263670
110.01,2,14:41:44.824277753
110.01,1,14:41:44.824846586
110.01,1,14:41:44.825026755
110.01,1,14:41:44.928877977
110.01,3,14:41:46.045835950
110.02,2,14:41:47.564232420
110.02,2,14:41:47.564311935
110.02,1,14:41:47.564311935
110.02,9,14:41:47.564327179
110.02,1,14:41:47.582940756
110.02,1,14:41:47.583031271
110.02,1,14:41:47.583051911
110.02,9,14:41:47.583051911
110.02,4,14:41:47.583208890
110.02,8,14:41:47.583495540
110.04,25,14:41:49.976896420
110.04,6,14:41:50.405732355
110.04,1,14:41:50.405846150
110.04,9,14:41:50.405869734
110.04,1,14:41:50.405869734
110.04,6,14:41:50.405869734
110.04,14,14:41:50.562189262
110.04,1,14:41:50.562189262
110.04,6,14:41:50.562278680
110.04,3,14:41:50.562294191
110.04,1,14:41:50.562294191
110.04,1,14:41:50.785808522
110.04,1,14:41:50.785916310
110.05,1,14:41:50.785951949
110.04,6,14:41:50.785951949
110.04,1,14:41:50.948849259
110.04,2,14:41:50.948981064
110.04,1,14:41:50.948995890
110.04,9,14:41:50.949010450
110.04,4,14:41:51.070701636
110.04,9,14:41:51.070750622
110.04,2,14:41:51.070750622
110.05,2,14:41:51.199459948
110.05,23,14:41:51.199459948
110.04,1,14:41:51.200328831
110.04,3,14:41:51.200328831
110.04,1,14:41:51.300934956
110.04,1,14:41:51.301053022
110.04,4,14:41:51.301476936
110.04,1,14:41:51.301645236
110.04,5,14:41:51.301661675
110.04,4,14:41:51.301708421
110.04,3,14:41:51.363774503
110.04,2,14:41:51.363774503
110.04,1,14:41:51.923400687
110.04,2,14:41:51.923400687
110.04,1,14:41:51.923490852
110.04,4,14:41:51.923506126
110.04,8,14:41:51.923506126
110.04,2,14:41:51.923954722
110.04,1,14:41:51.924047743
110.04,1,14:41:51.924066565
110.04,2,14:41:51.924284520
110.04,1,14:41:51.924284520
110.04,5,14:41:52.354591520
110.03,6,14:41:53.205824209
110.03,1,14:41:53.205824209
110.02,2,14:41:55.505335211
110.02,3,14:41:55.505506433
110.02,1,14:41:55.505553093
110.02,9,14:41:55.505553093
110.02,1,14:41:58.373299993
110.02,1,14:41:58.374120715
110.02,1,14:42:08.158851195
110.01,1,14:42:09.223072538
110.01,1,14:42:09.223216783
110.01,1,14:42:09.223230860
110.01,9,14:42:09.223244892
110.01,1,14:42:09.223244892
110.01,1,14:42:09.223258876
110.01,10,14:42:09.223274061
110.01,6,14:42:09.223274061
110.01,2,14:42:09.223274061
110.01,28,14:42:09.223274061
110.01,5,14:42:09.223288852
110.01,9,14:42:09.223288852
110.01,2,14:42:09.223288852
110.01,9,14:42:09.223764368
110.01,27,14:42:09.224340720
110.01,37,14:42:09.224360518
110.01,2,14:42:09.224528790
110.01,17,14:42:09.224836987
110.01,30,14:42:09.224998812
110.02,6,14:42:12.948902523
110.02,2,14:42:15.790728297
110.02,1,14:42:15.791190057
110.02,1,14:42:24.568131882
110.02,17,14:42:24.569265443
110.02,1,14:42:24.569325773
110.02,1,14:42:24.569341876
110.02,3,14:42:24.569508557
110.02,7,14:42:24.569541536
110.02,2,14:42:24.569872201
110.02,1,14:42:24.931786556
110.02,1,14:42:26.088297684
110.02,1,14:42:27.073442244
110.02,2,14:42:27.073442244
110.01,2,14:42:28.104411858
110.01,3,14:42:28.104523332
110.01,1,14:42:28.104552926
110.01,1,14:42:28.124544594
110.01,17,14:42:28.125124510
110.01,13,14:42:28.125124510
110.01,1,14:42:28.157879359
110.01,2,14:42:28.157879359
110.01,1,14:42:31.423749449
110.01,1,14:42:34.146751702
110.01,1,14:42:34.146814614
110.0,3,14:42:38.421105462
110.0,1,14:42:38.421119286
110.0,1,14:42:38.421204716
110.0,1,14:42:38.421221433
110.0,1,14:42:38.421536493
110.0,1,14:42:38.421708042
110.0,10,14:42:38.421708042
110.0,13,14:42:38.422030938
110.0,6,14:42:38.422030938
110.0,2,14:42:49.038804715
110.0,1,14:42:49.038944849
110.0,1,14:42:49.038981317
110.0,2,14:42:49.038981317
110.0,9,14:42:49.038981317
110.0,3,14:42:49.487866308
110.0,2,14:42:49.487866308
110.0,1,14:42:50.923786678
110.0,1,14:42:50.924093347
110.01,1,14:42:53.923756105
110.01,4,14:42:53.923756105
110.01,1,14:42:53.923880108
110.01,1,14:42:53.923901029
110.01,3,14:42:53.923901029
110.01,9,14:42:53.923901029
110.01,1,14:42:53.923920806
110.01,27,14:42:53.924436463
110.01,2,14:42:54.372520193
110.01,1,14:42:54.372520193
110.01,2,14:42:54.372612804
110.01,9,14:42:54.514074291
110.01,2,14:42:54.514394614
110.01,13,14:42:54.514537011
110.01,1,14:42:54.514686911
110.01,16,14:42:54.514686911
110.01,2,14:42:54.854412744
110.01,4,14:42:54.854412744
110.01,1,14:42:54.854834377
110.02,1,14:42:58.980399316
110.02,15,14:42:58.980399316
110.03,1,14:43:00.036674665
110.03,2,14:43:00.036674665
110.02,1,14:43:09.967596682
110.02,1,14:43:09.969672686
110.02,1,14:43:09.971070119
110.02,3,14:43:10.765707206
110.02,2,14:43:16.970721615
110.02,1,14:43:16.971317675
110.02,1,14:43:16.976918091
110.02,11,14:43:17.036528140
110.02,1,14:43:17.121458040
110.02,3,14:43:17.280160566
110.02,2,14:43:17.280160566
110.03,1,14:43:19.610558249
110.03,2,14:43:19.610558249
110.03,3,14:43:19.610664403
110.03,1,14:43:19.610721468
110.03,2,14:43:19.610721468
110.03,1,14:43:21.815425313
110.03,1,14:43:21.816329233
110.03,1,14:43:22.856664510
110.03,1,14:43:24.088349029
110.03,1,14:43:24.538460797
110.03,8,14:43:24.538561501
110.03,1,14:43:27.085021071
110.03,1,14:43:29.537304930
110.03,5,14:43:29.537584681
110.05,1,14:43:48.219197650
110.05,1,14:43:48.228516072
110.05,1,14:43:48.230533271
110.05,3,14:43:59.059430822
110.05,1,14:43:59.059430822
110.05,9,14:43:59.059445648
110.04,1,14:44:01.687435542
110.04,1,14:44:01.687449337
110.04,1,14:44:01.687476377
110.04,1,14:44:01.687489919
110.04,1,14:44:01.687504179
110.04,1,14:44:01.687517263
110.04,9,14:44:01.687530985
110.04,2,14:44:01.687546665
110.04,1,14:44:01.687546665
110.04,6,14:44:07.552654195
110.04,10,14:44:07.552762284
110.04,1,14:44:07.552881065
110.04,6,14:44:07.552894246
110.04,2,14:44:07.552912873
110.04,3,14:44:07.552912873
110.04,3,14:44:10.011336304
110.03,9,14:44:15.878742027
110.03,1,14:44:15.879752791
110.03,1,14:44:17.824546109
110.03,2,14:44:17.824826240
110.03,1,14:44:17.825188832
110.03,20,14:44:17.825961669
110.03,2,14:44:17.825961669
110.03,2,14:44:20.908067624
110.03,2,14:44:20.908576675
110.03,8,14:44:28.879230348
110.03,2,14:44:28.879522325
110.03,2,14:44:28.879633545
110.03,1,14:44:31.485893438
110.03,29,14:44:31.487507545
110.02,2,14:44:32.775158031
110.02,1,14:44:32.775240343
110.02,1,14:44:32.775257703
110.02,1,14:44:33.619874444
110.02,20,14:44:35.265662917
110.02,9,14:44:35.265751047
110.02,1,14:44:35.265775026
110.01,2,14:44:36.248472441
110.01,1,14:44:36.248472441
110.01,3,14:44:36.248472441
110.01,9,14:44:36.248724256
110.01,4,14:44:36.248820428
110.01,1,14:44:36.249553141
110.01,1,14:44:36.250493554
110.01,2,14:44:36.250493554
110.01,1,14:44:36.250660331
110.01,2,14:44:36.251370311
110.02,9,14:44:37.629329992
110.02,1,14:44:40.899076769
110.02,3,14:44:40.899251825
110.02,1,14:44:40.899265796
110.02,7,14:44:40.899280807
110.02,5,14:44:40.899280807
110.02,20,14:44:40.899280807
110.02,1,14:44:40.899295447
110.02,2,14:44:40.899295447
110.02,9,14:44:40.899295447
110.02,1,14:44:40.899326110
110.02,1,14:44:46.508487376
110.02,9,14:44:46.508570624
110.02,13,14:44:46.508570624
110.02,22,14:44:46.509014317
110.02,2,14:44:46.509065574
110.03,1,14:44:48.169880958
110.03,5,14:44:48.463253750
110.04,1,14:44:48.758723652
110.04,1,14:44:48.758738157
110.03,2,14:44:55.349469986
110.03,4,14:44:55.349469986
110.03,1,14:44:55.778056667
110.03,2,14:44:55.778222868
110.03,1,14:44:55.881756695
110.03,2,14:44:55.882666269
110.03,1,14:44:55.885873735
110.03,2,14:45:00.491598482
110.03,2,14:45:00.491672799
110.03,1,14:45:00.491769666
110.03,3,14:45:06.807662139
110.02,4,14:45:09.295037603
110.02,1,14:45:09.295067468
110.02,3,14:45:09.295337731
110.02,2,14:45:09.295457906
110.02,4,14:45:09.295586736
110.02,1,14:45:09.295602899
110.02,1,14:45:09.295703470
110.03,4,14:45:13.019380018
110.03,9,14:45:13.019380018
110.03,4,14:45:16.898795341
110.02,1,14:45:22.236016650
110.02,1,14:45:22.236127613
110.02,1,14:45:22.236157386
110.02,1,14:45:22.236797465
110.02,5,14:45:22.236826714
110.02,12,14:45:22.236826714
110.02,2,14:45:22.236846922
110.02,5,14:45:22.237061842
110.02,4,14:45:22.237226736
110.02,1,14:45:22.237356941
110.03,1,14:45:22.707940930
110.03,1,14:45:22.707955730
110.03,1,14:45:22.707969864
110.03,1,14:45:22.707985528
110.03,2,14:45:22.708013714
110.03,1,14:45:22.969943749
110.03,3,14:45:22.969943749
110.03,6,14:45:22.969943749
110.03,2,14:45:22.969943749
110.03,1,14:45:27.568284692
110.03,2,14:45:27.568284692
110.03,2,14:45:27.568321187
110.03,1,14:45:28.522335472
110.03,1,14:45:29.734847790
110.03,4,14:45:29.735151447
110.03,1,14:45:29.735254551
110.03,2,14:45:29.735705828
110.03,1,14:45:30.449723575
110.03,1,14:45:30.449985418
110.03,1,14:45:31.543335995
110.03,2,14:45:31.606861737
110.03,4,14:45:31.606964578
110.02,8,14:45:31.674486197
110.02,5,14:45:31.674614648
110.02,2,14:45:31.674634364
110.02,1,14:45:31.674634364
110.02,1,14:45:31.674651858
110.02,3,14:45:31.674651858
110.02,20,14:45:31.674651858
110.02,7,14:45:31.674651858
110.03,1,14:45:33.685339728
110.03,2,14:45:33.685354672
110.03,1,14:45:33.685368342
110.03,2,14:45:33.685381523
110.03,3,14:45:33.685597280
110.03,2,14:45:33.685610656
110.03,1,14:45:33.685624451
110.04,10,14:45:36.075247019
110.04,1,14:45:36.075247019
110.04,6,14:45:36.075576610
110.04,1,14:45:36.075699412
110.04,2,14:45:36.075699412
110.04,9,14:45:36.075855539
110.04,1,14:45:36.075855539
110.04,1,14:45:36.075872211
110.04,13,14:45:36.076202033
110.04,21,14:45:36.076360299
110.04,9,14:45:36.076788051
110.04,25,14:45:36.076788051
110.04,6,14:45:37.317735166
110.03,2,14:45:47.818700271
110.04,1,14:45:51.593324198
110.04,2,14:45:55.498907264
110.04,1,14:45:55.498997286
110.04,1,14:45:55.499096880
110.04,1,14:45:56.367558617
110.04,2,14:45:56.367861560
110.04,3,14:45:56.368014181
110.03,1,14:46:04.025346671
110.03,1,14:46:04.025420894
110.03,2,14:46:04.025442451
110.03,1,14:46:04.025442451
110.03,4,14:46:04.740789255
110.03,1,14:46:04.741187246
110.03,1,14:46:04.741212286
110.03,3,14:46:04.741212286
110.03,86,14:46:06.924596931
110.03,5,14:46:19.340205054
110.04,1,14:46:27.813298023
110.04,1,14:46:27.813313299
110.04,1,14:46:28.644558209
110.03,1,14:46:32.099839131
110.03,1,14:46:32.100034679
110.03,9,14:46:32.100050887
110.04,1,14:46:33.665696035
110.03,1,14:46:37.138274322
110.03,3,14:46:50.810578982
110.03,2,14:46:50.810731283
110.03,8,14:46:50.810833069
110.03,4,14:46:50.811133229
110.03,1,14:46:50.811238671
110.03,2,14:47:00.742268419
110.03,1,14:47:00.742625622
110.03,1,14:47:00.742734235
110.03,2,14:47:00.838605984
110.03,1,14:47:00.838605984
110.03,2,14:47:00.838881462
110.03,1,14:47:00.839999615
110.04,7,14:47:06.566066394
110.04,1,14:47:09.207216546
110.04,4,14:47:09.207508472
110.04,1,14:47:09.207645301
110.03,1,14:47:15.185763697
110.03,1,14:47:16.320356554
110.03,5,14:47:16.320949676
110.03,2,14:47:16.322319212
110.03,2,14:47:16.903688508
110.03,1,14:47:25.692547894
110.03,2,14:47:25.692547894
110.03,1,14:47:25.693260959
110.04,1,14:47:32.657320497
110.04,1,14:47:32.657429716
110.04,1,14:47:32.657450647
110.04,9,14:47:32.657450647
110.04,2,14:47:34.029846868
110.04,1,14:47:34.035898928
110.05,2,14:47:35.269353487
110.05,2,14:47:35.269367183
110.05,1,14:47:35.269383477
110.05,5,14:47:35.269785529
110.04,9,14:47:46.564756219
110.04,4,14:47:49.502189700
110.04,20,14:47:49.502499006
110.04,50,14:47:49.502604960
110.04,1,14:47:49.502624634
110.05,1,14:47:54.119022302
110.05,1,14:47:58.197552042
110.05,2,14:47:58.197567152
110.05,1,14:47:58.197671367
110.05,1,14:47:58.197699575
110.05,30,14:47:58.197699575
110.05,9,14:47:58.197699575
110.05,2,14:47:58.197718058
110.07,2,14:48:09.657412398
110.07,4,14:48:09.658124983
110.06,1,14:48:12.467683818
110.06,1,14:48:19.038494572
110.06,1,14:48:32.588453357
110.06,2,14:48:32.589046534
110.06,1,14:48:32.589742312
110.07,1,14:48:37.932141604
110.07,2,14:48:37.932158007
110.07,1,14:48:37.932158007
110.07,9,14:48:37.932171956
110.07,1,14:48:37.932171956
110.07,1,14:48:37.932185556
110.07,1,14:48:42.204211649
110.06,1,14:48:44.876953629
110.06,1,14:48:46.184561584
110.06,1,14:48:54.299274055
110.06,1,14:48:54.299610359
110.05,1,14:49:01.851557833
110.05,1,14:49:01.851858573
110.05,1,14:49:04.110080594
110.06,1,14:49:19.780603021
110.06,1,14:49:19.780833932
110.06,1,14:49:25.548353911
110.06,3,14:49:25.549456713
110.06,10,14:49:26.728534545
110.05,1,14:49:33.239713940
110.05,2,14:49:33.239713940
110.05,1,14:49:33.239803766
110.05,1,14:49:33.239829632
110.05,3,14:49:33.239829632
110.05,9,14:49:33.239829632
110.05,5,14:49:33.240290036
110.05,1,14:49:33.240499620
110.05,1,14:49:33.965284231
110.05,1,14:49:39.384497067
110.05,25,14:50:16.629167908
110.05,2,14:50:16.629167908
110.05,1,14:50:16.629167908
110.05,1,14:50:16.629183490
110.05,3,14:50:16.629183490
110.05,1,14:50:16.645142543
110.05,4,14:50:16.645160419
110.05,1,14:50:18.078910257
110.05,5,14:50:18.078928000
110.05,14,14:50:18.079314137
110.06,2,14:50:26.156574362
110.06,2,14:50:26.165167610
110.06,1,14:50:27.725201839
110.06,1,14:50:28.586324893
110.06,1,14:50:31.019709359
110.05,1,14:50:35.848624417
110.05,1,14:50:35.848717799
110.05,3,14:50:35.848717799
110.05,1,14:50:53.842327088
110.05,1,14:50:53.842488038
110.05,2,14:50:53.842519888
110.05,1,14:50:53.842519888
110.05,1,14:50:59.141124666
110.04,1,14:51:15.718924479
110.04,1,14:51:16.528136420
110.04,1,14:51:16.528792554
110.04,1,14:51:16.529138701
110.04,1,14:51:17.012834021
110.03,1,14:51:25.192366562
110.03,4,14:51:25.193281261
110.03,1,14:51:25.193281261
110.03,2,14:51:27.405540935
110.03,2,14:51:27.405634675
110.03,1,14:51:27.405658737
110.03,2,14:51:27.405658737
110.03,3,14:51:27.594809276
110.03,3,14:51:27.594903638
110.03,3,14:51:27.595235632
110.04,4,14:51:32.251248133
110.04,1,14:51:32.258359282
110.04,1,14:51:41.813308263
110.05,3,14:51:46.986187530
110.05,1,14:51:46.986187530
110.06,1,14:51:59.175450199
110.05,1,14:52:02.963353302
110.05,46,14:52:02.963353302
110.05,1,14:52:17.250283106
110.05,1,14:52:17.250496075
110.05,1,14:52:27.633214700
110.05,3,14:52:27.669464066
110.05,4,14:52:28.179546755
110.05,6,14:52:28.179942715
110.05,21,14:52:28.179942715
110.05,3,14:52:28.179942715
110.05,4,14:52:28.179942715
110.05,1,14:52:28.192305423
110.05,1,14:52:39.772132693
110.05,2,14:52:41.893532650
110.05,1,14:52:41.893532650
110.05,1,14:52:41.894121398
110.05,2,14:52:41.894462214
110.05,6,14:52:42.511730070
110.05,9,14:52:48.518204061
110.05,1,14:52:48.518204061
110.05,24,14:52:48.518310529
110.05,2,14:52:48.518310529
110.04,1,14:52:48.518346628
110.05,12,14:52:48.518346628
110.04,18,14:52:48.518346628
110.06,1,14:52:59.720699894
110.06,1,14:52:59.721058907
110.06,1,14:53:00.720627243
110.06,3,14:53:00.721121022
110.05,4,14:53:08.035787887
110.05,1,14:53:15.008573831
110.05,12,14:53:18.466720471
110.05,4,14:53:18.466720471
110.05,1,14:53:19.850161260
110.04,2,14:53:22.687974717
110.04,1,14:53:22.689161506
110.04,1,14:53:22.696510048
110.04,1,14:53:22.696531331
110.04,1,14:53:35.883995459
110.04,1,14:53:39.198995692
110.04,1,14:53:42.259373085
110.04,1,14:53:42.259495596
110.04,9,14:53:50.501811027
110.03,1,14:53:56.580985416
110.04,1,14:53:57.165997284
110.04,1,14:53:57.166116472
110.04,7,14:53:57.166387600
110.04,1,14:53:57.167010269
110.04,1,14:53:57.197830833
110.04,1,14:53:57.197898390
110.04,1,14:53:57.198796302
110.04,47,14:53:57.198993118
110.04,2,14:53:58.133139484
110.04,1,14:54:01.597510707
110.04,4,14:54:01.597510707
110.04,2,14:54:01.597510707
110.04,1,14:54:01.619226737
110.04,2,14:54:01.620929461
110.04,2,14:54:01.622169765
110.04,1,14:54:01.881642599
110.04,4,14:54:01.881642599
110.04,1,14:54:01.881731268
110.04,5,14:54:01.881753095
110.04,4,14:54:01.881753095
110.04,9,14:54:01.881753095
110.04,1,14:54:01.881753095
110.04,1,14:54:05.694252873
110.05,1,14:54:05.729195093
110.04,1,14:54:11.627055068
110.04,6,14:54:11.627055068
110.04,7,14:54:11.627055068
110.04,2,14:54:11.627055068
110.04,3,14:54:11.627055068
110.04,1,14:54:13.820853484
110.05,2,14:54:20.334545165
110.05,23,14:54:20.334545165
110.05,33,14:54:20.335564180
110.05,2,14:54:20.335751491
110.05,1,14:54:20.341738418
110.05,2,14:54:20.347956705
110.05,1,14:54:20.348078989
110.05,2,14:54:20.425406575
110.05,9,14:54:20.425406575
110.05,1,14:54:20.425550453
110.05,2,14:54:20.425564863
110.05,1,14:54:20.425564863
110.05,1,14:54:20.425579349
110.05,2,14:54:20.425594104
110.05,1,14:54:20.425594104
110.05,1,14:54:26.784081631
110.05,1,14:54:26.819404152
110.04,3,14:54:29.597983455
110.04,1,14:54:29.597983455
110.04,9,14:54:29.598003334
110.04,4,14:54:29.598003334
110.04,2,14:54:29.598003334
110.04,1,14:54:31.249224434
110.04,5,14:54:32.037183603
110.04,28,14:54:41.742176551
110.04,2,14:54:41.742176551
110.04,15,14:54:41.742275080
110.04,3,14:54:41.742295966
110.04,1,14:54:41.742295966
110.04,14,14:54:41.742295966
110.04,6,14:54:41.742295966
110.04,1,14:54:44.580830415
110.05,6,14:54:47.082354948
110.05,1,14:54:50.804725386
110.05,1,14:54:50.804740765
110.05,1,14:54:50.804755718
110.05,2,14:54:50.804774327
110.05,2,14:54:50.845645559
110.05,3,14:54:50.845645559
110.05,1,14:54:50.845772394
110.05,9,14:54:50.845810740
110.05,1,14:54:50.845810740
110.05,2,14:54:50.845810740
110.06,6,14:54:51.884522935
110.06,1,14:54:51.884522935
110.06,9,14:54:53.660240837
110.06,1,14:54:53.660240837
110.06,1,14:54:53.661329840
110.06,1,14:54:53.661732689
110.06,1,14:54:53.661840769
110.06,1,14:54:53.662675181
110.06,1,14:54:53.663036899
110.06,2,14:54:53.664060876
110.05,1,14:54:53.674400849
110.05,1,14:54:53.674420381
110.05,2,14:54:53.674420381
110.05,2,14:54:53.674562103
110.05,2,14:54:53.674576080
110.06,9,14:54:53.715602099
110.06,1,14:54:53.957068839
110.06,2,14:54:54.134530018
110.06,1,14:54:55.587415680
110.06,2,14:54:55.587707932
110.06,1,14:54:55.587707932
110.06,2,14:54:55.588099365
110.06,1,14:54:55.588099365
110.06,2,14:54:55.588463893
110.06,2,14:54:55.588485586
110.06,1,14:54:55.588485586
110.06,1,14:54:57.261967657
110.06,1,14:55:00.806582656
110.06,1,14:55:00.806782665
110.07,8,14:55:02.849403538
110.07,2,14:55:02.849403538
110.07,1,14:55:03.636954248
110.07,7,14:55:03.636954248
110.07,5,14:55:03.636969425
110.07,2,14:55:03.636969425
110.07,9,14:55:03.636984647
110.07,6,14:55:03.636984647
110.07,2,14:55:04.590031589
110.07,1,14:55:04.590031589
110.07,1,14:55:04.590049378
110.07,4,14:55:04.590171909
110.07,1,14:55:04.590260991
110.07,1,14:55:04.590722377
110.07,1,14:55:04.590841550
110.07,2,14:55:04.590879188
110.07,2,14:55:04.591068046
110.07,1,14:55:04.591210334
110.07,1,14:55:04.591470724
110.07,1,14:55:05.674047396
110.08,1,14:55:11.569969261
110.08,1,14:55:11.569985488
110.08,4,14:55:11.569985488
110.08,18,14:55:11.570000493
110.08,3,14:55:11.570000493
110.08,2,14:55:11.570326663
110.08,6,14:55:11.571099221
110.08,3,14:55:11.571216627
110.08,9,14:55:11.572812196
110.08,2,14:55:11.572826020
110.08,1,14:55:11.572839591
110.08,2,14:55:11.572857111
110.08,2,14:55:11.573107089
110.08,1,14:55:11.574179991
110.08,1,14:55:11.574253322
110.08,1,14:55:11.574655702
110.08,1,14:55:11.802501082
110.07,2,14:55:14.495634187
110.07,3,14:55:14.495634187
110.07,1,14:55:14.498298011
110.07,1,14:55:14.498783906
110.07,1,14:55:14.510291362
110.06,1,14:55:32.582208007
110.07,9,14:55:37.618788516
110.07,1,14:55:37.618813892
110.06,2,14:55:39.803514520
110.06,1,14:55:39.803514520
110.06,2,14:55:42.012556815
110.06,2,14:55:42.012778069
110.06,1,14:55:42.012903640
110.06,1,14:55:42.013126365
110.06,1,14:55:53.216142582
110.05,1,14:56:08.580055769
110.05,4,14:56:20.337802084
110.05,1,14:56:20.337802084
110.05,1,14:56:20.337889790
110.04,1,14:56:20.580520151
110.04,2,14:56:21.550747351
110.04,1,14:56:21.551180652
110.04,4,14:56:21.752087113
110.04,2,14:56:21.752170981
110.04,4,14:56:21.752568191
110.04,1,14:56:21.753518715
110.04,1,14:56:21.758085588
110.04,2,14:56:21.946839401
110.04,2,14:56:21.946907129
110.04,1,14:56:21.947134288
110.04,3,14:56:23.801301872
110.05,1,14:56:31.500771161
110.05,9,14:56:31.500871475
110.05,1,14:56:31.500902595
110.05,2,14:56:31.500902595
110.06,1,14:56:32.015224598
110.06,1,14:56:32.015356406
110.06,1,14:56:32.015379251
110.06,24,14:56:32.015379251
110.06,17,14:56:32.015379251
110.06,1,14:56:32.015397302
110.05,10,14:56:32.271572341
110.05,3,14:56:32.272016398
110.05,17,14:56:32.272039300
110.05,1,14:56:32.272039300
110.05,2,14:56:32.272621243
110.05,16,14:56:32.981687806
110.05,9,14:56:32.981859282
110.05,2,14:56:32.981876194
110.05,2,14:56:32.982049674
110.05,2,14:56:32.982066944
110.05,10,14:56:32.982096938
110.05,6,14:56:32.982420964
110.05,1,14:56:32.982594126
110.05,6,14:56:33.040679304
110.05,1,14:56:33.040679304
110.05,35,14:56:33.040776774
110.05,1,14:56:33.041332981
110.04,1,14:56:40.832411527
110.04,1,14:56:40.832561584
110.04,1,14:56:40.832577811
110.04,1,14:56:40.832596874
110.04,9,14:56:40.832596874
110.04,25,14:56:40.832596874
110.04,16,14:56:40.832617636
110.04,1,14:56:40.833196269
110.04,3,14:56:40.833469997
110.04,12,14:56:40.833941705
110.05,1,14:56:42.377678277
110.06,9,14:56:44.688922537
110.06,19,14:56:44.689016844
110.06,1,14:56:44.689034380
110.06,19,14:56:44.689034380
110.06,2,14:56:44.689034380
110.06,6,14:56:45.169622765
110.06,16,14:56:45.169734038
110.06,1,14:56:45.169763068
110.06,4,14:56:45.169763068
110.06,14,14:56:45.169763068
110.06,2,14:56:45.169763068
110.06,5,14:56:45.644040139
110.06,19,14:56:45.644139489
110.06,1,14:56:45.644158088
110.06,22,14:56:45.644158088
110.06,1,14:56:48.723005194
110.06,1,14:56:48.723488125
110.06,1,14:56:48.723704927
110.06,1,14:56:48.724127948
110.06,1,14:56:48.724928421
110.06,1,14:56:48.724959449
110.06,2,14:56:51.276279470
110.06,1,14:56:56.528750887
110.06,3,14:56:59.112028684
110.06,1,14:56:59.112175402
110.06,1,14:56:59.112206327
110.06,4,14:56:59.112206327
110.06,2,14:56:59.112206327
110.06,9,14:56:59.112206327
110.06,1,14:57:00.537996273
110.06,1,14:57:00.538382296
110.06,1,14:57:03.608698008
110.06,1,14:57:03.609001348
110.06,5,14:57:03.609001348
110.06,1,14:57:06.630573711
110.06,1,14:57:06.630692589
110.06,9,14:57:06.630719172
110.06,32,14:57:06.630719172
110.06,1,14:57:06.630719172
110.06,9,14:57:06.630740051
110.06,1,14:57:06.630740051
110.06,2,14:57:06.779741880
110.06,2,14:57:06.780041425
110.06,3,14:57:06.780041425
110.06,2,14:57:06.780137041
110.06,7,14:57:06.780228532
110.06,2,14:57:06.780335501
110.06,1,14:57:06.780335501
110.06,12,14:57:06.780512558
110.06,1,14:57:06.780617118
110.06,6,14:57:06.781337274
110.06,15,14:57:06.798971873
110.06,1,14:57:06.798971873
110.06,10,14:57:06.798971873
110.06,2,14:57:06.799184072
110.06,16,14:57:06.799458059
110.06,7,14:57:06.799473432
110.06,6,14:57:06.799490613
110.06,1,14:57:06.799631410
110.06,2,14:57:07.109892660
110.06,2,14:57:07.111806313
110.05,2,14:57:09.494019328
110.06,1,14:57:17.210223836
110.06,1,14:57:17.211175106
110.06,1,14:57:17.313759156
110.06,1,14:57:17.313783438
110.06,2,14:57:17.313783438
110.06,1,14:57:19.385270737
110.06,1,14:57:20.208897004
110.06,1,14:57:20.480001425
110.06,2,14:57:20.480101133
110.06,24,14:57:23.565548186
110.06,18,14:57:23.565562750
110.06,2,14:57:23.565562750
110.06,1,14:57:23.565577885
110.06,1,14:57:23.565964522
110.06,2,14:57:27.418507260
110.06,1,14:57:28.475478259
110.06,1,14:57:28.475666333
110.06,1,14:57:28.475680848
110.06,1,14:57:28.475695088
110.06,1,14:57:28.475711072
110.06,2,14:57:28.475711072
110.06,9,14:57:28.475711072
110.06,13,14:57:28.475711072
110.05,1,14:57:28.476212170
110.05,1,14:57:28.476560012
110.05,1,14:57:28.476865820
110.06,1,14:57:28.477879656
110.05,1,14:57:29.933113441
110.05,1,14:57:29.933126980
110.05,1,14:57:29.933140890
110.05,1,14:57:29.933154663
110.05,1,14:57:29.933169053
110.05,1,14:57:29.933184298
110.05,6,14:57:29.933184298
110.05,3,14:57:29.933211184
110.05,1,14:57:29.933225060
110.05,2,14:57:29.933238832
110.05,2,14:57:29.933721634
110.03,1,14:57:44.579634292
110.03,1,14:57:53.635709561
110.03,1,14:57:57.478258326
110.03,1,14:57:59.811825354
110.03,5,14:58:00.909746135
110.04,1,14:58:09.195324040
110.04,1,14:58:09.210062582
110.04,1,14:58:09.210998963
110.04,1,14:58:09.211214584
110.04,1,14:58:09.563818019
110.04,1,14:58:09.766275088
110.03,1,14:58:20.580568934
110.04,1,14:58:20.784873899
110.04,1,14:58:21.021679009
110.04,1,14:58:21.213231455
110.04,1,14:58:26.963768301
110.04,1,14:58:31.246546283
110.04,1,14:58:44.580502564
110.03,21,14:58:50.190876130
110.03,8,14:58:50.190891810
110.03,21,14:58:50.190891810
110.03,32,14:58:50.721264862
110.03,10,14:58:50.721493674
110.03,1,14:58:50.721578049
110.03,1,14:58:51.579295778
110.03,1,14:58:51.579626917
110.04,1,14:59:07.374941626
110.03,1,14:59:08.580426840
110.03,1,14:59:20.125693400
110.03,1,14:59:20.148238762
110.02,1,14:59:20.578593209
110.02,1,14:59:32.579790959
110.02,2,14:59:42.791468900
110.02,7,14:59:42.792312778
110.02,1,14:59:42.793031789
110.02,1,14:59:42.793059497
110.02,50,14:59:42.793059497
110.02,25,14:59:42.793059497
110.02,1,14:59:42.803499761
110.02,23,14:59:42.803590472
110.01,1,14:59:44.645123145
110.01,1,14:59:52.123549580
110.01,1,14:59:56.581161376
110.02,14,14:59:59.304173374
110.02,6,15:00:00.009610730
110.02,2,15:00:00.009610730
110.02,1,15:00:01.692673190
110.02,9,15:00:01.867171102
110.02,2,15:00:04.916130969
110.02,1,15:00:06.004702303
110.02,1,15:00:06.005103883
110.01,8,15:00:09.036165787
110.01,5,15:00:09.036165787
110.01,2,15:00:09.036465150
110.01,9,15:00:09.036494677
110.01,13,15:00:09.036494677
110.01,11,15:00:09.036494677
110.01,40,15:00:09.036494677
110.01,1,15:00:09.036494677
110.01,6,15:00:09.036494677
110.0,17,15:00:09.036752181
110.0,11,15:00:09.036765310
110.0,9,15:00:09.036782930
110.0,9,15:00:09.036800303
110.0,7,15:00:09.036817461
110.0,2,15:00:09.036833506
110.0,1,15:00:09.036852312
110.0,3,15:00:09.036867944
110.0,1,15:00:09.036867944
110.0,10,15:00:09.036883480
110.0,5,15:00:09.036897269
110.0,3,15:00:09.036910974
110.0,10,15:00:09.036925656
110.0,5,15:00:09.036939835
110.0,2,15:00:09.036954523
110.0,1,15:00:09.038525271
110.0,9,15:00:09.038543421
110.0,2,15:00:09.038592727
110.0,7,15:00:09.038699427
110.0,3,15:00:09.038713434
110.0,11,15:00:09.039216518
110.0,3,15:00:09.039408509
110.0,24,15:00:09.039422678
110.0,1,15:00:09.039716653
110.01,1,15:00:10.372180023
110.01,9,15:00:10.372180023
110.01,1,15:00:10.372902816
110.01,2,15:00:10.372918637
110.01,3,15:00:10.383423649
110.01,1,15:00:10.383967809
110.01,1,15:00:10.384184974
110.0,11,15:00:16.386918008
110.0,2,15:00:16.387087569
110.0,41,15:00:16.387101860
110.0,1,15:00:16.387101860
110.0,9,15:00:16.387101860
110.0,9,15:00:16.387118734
110.0,1,15:00:16.387118734
110.0,4,15:00:17.468626824
110.0,61,15:00:17.469013355
110.0,1,15:00:20.581873593
110.01,1,15:00:26.951772346
110.01,1,15:00:26.951900286
110.01,9,15:00:26.951919915
110.01,1,15:00:26.951919915
110.01,1,15:00:26.951940984
110.01,29,15:00:26.952525533
110.01,1,15:00:26.952978631
110.01,6,15:00:37.826960226
110.01,2,15:00:37.826960226
110.01,1,15:00:37.827053273
110.01,1,15:00:37.827074943
110.01,9,15:00:37.827074943
110.02,1,15:00:38.266924857
110.02,1,15:00:38.267035805
110.02,3,15:00:38.267060285
110.02,1,15:00:38.267060285
110.02,2,15:00:38.267060285
110.02,16,15:00:38.267060285
110.02,9,15:00:38.267060285
110.02,13,15:00:38.267074067
110.02,1,15:00:38.891567445
110.02,9,15:00:38.891687452
110.02,14,15:00:38.891687452
110.02,1,15:00:38.891750082
110.02,4,15:00:38.891750082
110.02,18,15:00:38.892517300
110.02,6,15:00:39.351465340
110.02,2,15:00:40.005728305
110.02,4,15:00:40.011146939
110.02,1,15:00:40.022201746
110.02,1,15:00:40.030129001
110.02,1,15:00:40.030212655
110.02,1,15:00:47.263817417
110.01,1,15:00:56.579396082
110.02,1,15:00:59.657429712
110.02,2,15:00:59.657512617
110.02,5,15:00:59.657529350
110.02,4,15:00:59.668485850
110.02,1,15:00:59.668595188
110.02,6,15:00:59.668619412
110.03,1,15:00:59.668619412
110.02,2,15:00:59.668619412
110.03,2,15:00:59.679385634
110.03,1,15:00:59.679486236
110.03,1,15:00:59.679503292
110.03,2,15:00:59.679503292
110.03,9,15:00:59.679503292
110.02,2,15:00:59.681265601
110.02,2,15:00:59.681384772
110.02,4,15:00:59.681664272
110.03,12,15:00:59.690237309
110.02,8,15:01:01.397890856
110.02,1,15:01:07.887828209
110.02,4,15:01:09.977829090
110.02,2,15:01:15.144607919
110.01,30,15:01:16.823940552
110.01,1,15:01:20.580298924
110.01,1,15:01:21.422764998
110.01,1,15:01:21.422911698
110.01,1,15:01:28.265163751
110.0,1,15:01:32.580145807
110.0,1,15:01:44.580609069
110.0,2,15:01:44.690367175
110.0,1,15:01:44.690390957
110.0,2,15:01:44.690390957
110.0,5,15:01:44.690390957
110.01,1,15:01:49.519298211
110.0,1,15:01:53.192304974
110.0,1,15:01:53.192397016
110.0,5,15:01:53.192930100
110.0,1,15:01:53.192930100
110.0,1,15:01:54.321830077
110.0,1,15:01:54.534846466
110.0,1,15:01:56.936484343
110.0,1,15:01:57.333074967
110.0,1,15:01:57.580540031
110.0,1,15:01:58.211210551
110.0,1,15:02:02.381099724
110.0,1,15:02:14.483534213
110.0,1,15:02:15.629206644
110.0,1,15:02:32.400903203
110.0,1,15:02:32.579524934
110.01,1,15:02:36.646699777
110.01,1,15:02:56.579409566
110.02,1,15:03:05.687831878
110.02,1,15:03:05.688845141
110.02,1,15:03:07.571467806
110.02,1,15:03:07.571543579
110.02,1,15:03:10.093345498
110.01,2,15:03:10.117361460
110.01,1,15:03:10.117361460
110.01,1,15:03:18.323047963
110.01,1,15:03:18.323153672
110.0,4,15:03:19.936510265
110.0,1,15:03:19.936602981
110.0,1,15:03:19.936621736
110.0,4,15:03:19.936621736
110.0,1,15:03:20.579530820
110.0,1,15:03:28.397327652
110.0,2,15:03:28.397446612
110.0,1,15:03:28.397446612
110.0,1,15:03:28.397747636
110.0,6,15:03:28.397747636
110.0,26,15:03:28.398101344
110.0,2,15:03:28.398639129
110.0,9,15:03:28.398639129
110.0,1,15:03:28.410107069
110.0,1,15:03:28.410197872
110.0,1,15:03:32.578895367
110.0,1,15:03:34.365664212
110.0,1,15:03:44.007397881
110.0,1,15:03:44.028963539
110.0,1,15:03:44.029325487
110.0,1,15:03:44.029429686
110.0,1,15:03:44.580822981
109.99,1,15:04:00.145251523
109.99,1,15:04:00.145265433
109.99,1,15:04:00.145429561
109.99,1,15:04:00.145452841
109.99,2,15:04:00.145452841
109.99,9,15:04:00.145452841
109.99,1,15:04:00.145485750
109.99,2,15:04:00.146380636
109.99,7,15:04:11.217094968
109.99,8,15:04:11.217589032
109.99,1,15:04:11.217589032
109.99,33,15:04:11.217589032
109.99,6,15:04:11.217589032
109.98,1,15:04:19.871767431
109.98,4,15:04:19.871767431
109.98,1,15:04:19.871905668
109.98,1,15:04:19.871920442
109.98,5,15:04:19.871937418
109.98,4,15:04:19.981456272
109.98,3,15:04:19.981541819
109.99,6,15:04:33.930289152
109.99,2,15:04:33.930332234
109.99,20,15:04:33.930363443
109.99,17,15:04:33.930392829
109.99,1,15:04:33.930406932
109.99,2,15:04:33.930420535
109.99,2,15:04:33.930435245
109.99,1,15:04:33.930886363
109.99,7,15:04:33.930886363
109.99,1,15:04:35.013505798
109.99,2,15:04:35.013600085
109.99,1,15:04:35.013600085
109.99,1,15:04:35.013923524
109.99,3,15:04:35.014060105
110.0,1,15:04:44.584836161
110.0,1,15:04:44.587362962
110.0,1,15:04:47.748273666
110.0,3,15:04:47.748273666
110.0,2,15:04:47.748292123
110.0,1,15:04:47.748312960
110.0,1,15:04:47.748326532
110.0,1,15:04:47.748846244
110.0,9,15:04:47.748862362
110.0,1,15:04:56.067538419
110.0,1,15:04:57.520881290
109.99,2,15:05:01.206503848
109.99,1,15:05:07.843716687
109.98,1,15:05:13.689850529
109.98,2,15:05:13.689865137
109.98,9,15:05:13.689865137
109.98,3,15:05:13.689865137
109.98,1,15:05:13.689883316
109.98,1,15:05:13.690100704
109.98,1,15:05:13.690395633
109.98,5,15:05:13.690411316
109.98,2,15:05:13.937408798
109.98,22,15:05:13.937481441
109.98,1,15:05:15.637634255
109.98,1,15:05:15.637939307
109.98,2,15:05:16.819375224
109.98,3,15:05:16.819375224
109.98,1,15:05:16.819484462
109.98,1,15:05:16.819529049
109.98,2,15:05:16.819529049
109.98,4,15:05:17.570609319
109.98,1,15:05:17.570696136
109.98,1,15:05:18.780605116
109.98,4,15:05:23.102942206
109.98,2,15:05:23.103205456
109.98,9,15:05:23.103205456
109.98,1,15:05:23.103205456
109.98,1,15:05:23.215161188
109.98,4,15:05:23.215236276
109.99,1,15:05:37.363375107
109.99,1,15:05:37.363756188
109.99,1,15:05:37.363890818
109.99,1,15:05:37.363918732
109.99,1,15:05:37.380523376
109.99,2,15:05:37.381763260
109.99,1,15:05:37.385547449
109.99,1,15:05:37.390151416
109.99,1,15:05:37.847464145
110.0,1,15:05:42.424225467
110.0,1,15:05:46.987638906
109.98,1,15:06:01.506427908
109.98,2,15:06:01.506503222
109.98,1,15:06:02.690579815
109.98,2,15:06:03.349391147
109.98,1,15:06:03.349391147
109.98,1,15:06:03.349487135
109.98,1,15:06:03.349502834
109.97,1,15:06:06.320502568
109.97,1,15:06:06.478998558
109.98,1,15:06:20.072432984
109.98,1,15:06:21.218736717
109.98,1,15:06:22.089029681
109.98,13,15:06:23.002639761
109.98,9,15:06:23.113023096
109.98,1,15:06:23.113104298
109.98,1,15:06:24.512625048
109.98,1,15:06:39.448105673
109.98,33,15:06:39.448105673
109.98,2,15:06:39.448292961
109.98,9,15:06:39.448307034
109.98,4,15:06:39.448321485
109.98,1,15:06:39.448999412
109.97,1,15:07:01.296408952
109.97,1,15:07:01.296498344
109.98,1,15:07:12.584490734
109.98,3,15:07:23.437005167
109.98,1,15:07:27.572852914
109.98,6,15:07:30.468461806
109.98,9,15:07:30.468461806
109.98,1,15:07:30.468461806
109.98,2,15:07:30.468461806
109.98,2,15:07:30.471543739
109.98,9,15:07:30.486209811
109.98,2,15:07:30.486209811
109.98,3,15:07:30.486209811
109.98,1,15:07:30.517481210
109.97,2,15:07:33.247115022
109.97,3,15:07:33.247230903
109.97,1,15:07:33.247262016
109.97,2,15:07:33.247262016
109.97,15,15:07:33.273436853
109.97,4,15:07:33.273654382
109.98,1,15:07:35.412974486
109.98,2,15:07:35.413294895
109.98,1,15:07:35.414609998
109.98,1,15:07:47.800083928
109.98,1,15:07:47.800148017
109.98,1,15:09:02.710428576
109.98,7,15:09:11.270627140
109.98,4,15:09:11.270739374
109.98,2,15:09:11.270739374
109.98,1,15:09:11.271066353
109.97,1,15:09:11.309176443
109.98,5,15:09:11.615825818
109.98,7,15:09:11.616160355
109.98,7,15:09:11.616182257
109.97,1,15:09:11.734076636
109.98,4,15:09:12.486607448
109.97,2,15:09:27.361022890
109.97,1,15:09:27.361022890
109.97,1,15:09:27.361176151
109.97,1,15:09:27.361191034
109.97,9,15:09:27.361191034
109.97,4,15:09:27.361469107
109.97,2,15:09:27.362730604
109.97,1,15:09:27.363186463
109.97,1,15:09:27.363201756
109.97,1,15:09:30.937189689
109.97,5,15:09:48.870700264
109.97,1,15:09:48.870700264
109.97,4,15:09:48.870726520
109.97,2,15:09:48.870986674
109.97,2,15:09:49.996562821
109.97,1,15:10:09.904218180
109.97,2,15:10:09.904549697
109.97,1,15:10:10.085126719
109.97,2,15:10:49.298649473
109.97,3,15:10:49.298772271
109.97,1,15:10:49.298816424
109.97,9,15:10:49.298816424
109.97,1,15:11:12.031608093
109.97,1,15:11:29.506118918
109.97,1,15:11:29.506608367
109.97,100,15:11:42.563805656
109.97,1,15:11:44.015708813
109.96,1,15:11:46.059654230
109.96,1,15:11:46.059668255
109.96,1,15:11:46.059682979
109.96,2,15:11:46.059682979
109.96,1,15:11:46.059699999
109.96,4,15:11:46.059715420
109.96,2,15:11:46.059715420
109.96,1,15:11:46.059715420
109.96,6,15:11:46.059732016
109.96,5,15:11:49.544706922
109.96,2,15:11:53.043308357
109.96,1,15:11:54.406716600
109.96,12,15:12:04.141718155
109.96,18,15:12:04.142036401
109.96,6,15:12:04.142050437
109.96,16,15:12:04.142084820
109.96,46,15:12:04.142460398
109.96,1,15:12:04.142460398
109.96,2,15:12:04.317642288
109.96,1,15:12:26.654891329
109.96,1,15:12:26.654906507
109.96,4,15:12:26.654906507
109.96,1,15:12:26.654921544
109.96,2,15:12:26.654921544
109.97,1,15:12:42.488533768
109.97,4,15:12:42.488533768
109.97,1,15:12:42.489189390
109.97,1,15:12:42.500254309
109.97,2,15:12:42.500254309
109.97,5,15:12:42.502765872
109.97,1,15:12:53.804275355
109.97,2,15:12:53.826185315
109.97,2,15:12:56.901934121
109.97,1,15:13:00.152354543
109.97,1,15:13:00.371005713
109.97,1,15:13:00.371119346
109.96,1,15:13:13.509589671
109.96,1,15:13:13.509608013
109.96,4,15:13:13.509608013
109.96,4,15:13:13.510719744
109.96,1,15:13:13.551514042
109.96,3,15:13:13.551604806
109.96,8,15:13:13.554176602
109.96,1,15:13:15.798812803
109.97,25,15:13:30.537049552
109.97,2,15:13:30.537049552
109.97,1,15:13:30.547953667
109.97,1,15:13:30.548005370
109.97,2,15:13:30.548382736
109.97,1,15:13:30.548796637
109.97,1,15:13:30.551655823
109.97,1,15:13:32.357916913
109.97,7,15:13:32.358153729
109.97,5,15:13:32.358262340
109.97,1,15:13:54.215086728
109.97,1,15:13:54.215247132
109.97,1,15:13:54.215273615
109.97,40,15:13:54.215273615
109.97,9,15:13:54.215273615
109.97,2,15:13:54.215273615
109.97,14,15:13:54.215290226
109.97,3,15:14:08.793752423
109.97,1,15:14:08.793752423
109.97,1,15:14:08.793952561
109.97,1,15:14:08.793966785
109.97,9,15:14:08.793982715
109.97,1,15:14:08.793982715
109.96,1,15:14:08.793996385
109.96,1,15:14:08.794009415
109.96,1,15:14:08.794023879
109.96,1,15:14:08.794037765
109.96,9,15:14:08.794052302
109.96,1,15:14:08.794065735
109.96,1,15:14:08.794079742
109.96,1,15:14:08.794095383
109.96,2,15:14:08.794111524
109.96,37,15:14:08.794129073
109.96,17,15:14:08.794153934
109.96,2,15:14:08.794168977
109.96,30,15:14:08.794186126
109.96,13,15:14:08.795690828
109.97,6,15:14:08.797838334
109.97,9,15:14:08.797853601
109.97,3,15:14:08.797853601
109.97,2,15:14:08.797853601
109.97,13,15:14:08.797866926
109.97,40,15:14:09.855836038
109.97,2,15:14:09.855858201
109.97,9,15:14:09.855858201
109.97,1,15:14:09.855858201
109.97,48,15:14:10.762072596
109.97,2,15:14:22.802071449
109.97,1,15:14:22.802071449
109.97,1,15:14:22.813033846
109.97,1,15:14:22.813124054
109.97,1,15:14:22.813139338
109.97,2,15:15:00.765376154
109.97,1,15:15:00.765649404
109.97,1,15:15:00.765858761
109.97,2,15:15:00.765858761
109.97,1,15:15:00.765974441
109.97,1,15:15:00.776431329
109.97,2,15:15:00.776516030
109.97,2,15:15:01.680922675
109.97,3,15:15:01.681244018
109.97,2,15:15:01.708470268
109.97,1,15:15:01.708560374
109.97,2,15:15:01.720195807
109.97,1,15:15:01.720299910
109.97,1,15:15:01.720316201
109.97,1,15:15:01.735377117
109.97,1,15:15:01.735477811
109.97,1,15:15:01.856345920
109.97,1,15:15:01.856577903
109.97,1,15:15:01.856687001
109.97,1,15:15:01.874281283
109.97,1,15:15:01.874379696
109.97,1,15:15:01.874395386
109.97,1,15:15:01.885720194
109.97,2,15:15:01.885803873
109.97,2,15:15:02.011474030
109.97,3,15:15:02.117563844
109.97,2,15:15:02.117862950
109.97,3,15:15:02.148601079
109.97,2,15:15:02.148918489
109.97,2,15:15:32.841877412
109.97,2,15:15:35.550606288
109.97,1,15:15:35.550728432
109.97,2,15:15:35.550849753
109.97,5,15:15:35.552158191
109.97,5,15:15:35.569155508
109.97,5,15:15:37.126890248
109.97,5,15:15:37.137738379
109.97,2,15:15:37.148466987
109.97,3,15:15:37.148466987
109.97,2,15:15:37.159798815
109.97,3,15:15:37.159798815
109.97,5,15:15:37.170571175
109.97,1,15:15:37.181390941
109.97,2,15:15:37.181604301
109.97,1,15:15:37.181604301
109.97,4,15:16:05.220572796
109.98,3,15:16:25.193748342
109.98,3,15:16:32.120014251
109.97,1,15:16:35.582997052
109.97,1,15:16:35.583169870
109.97,1,15:16:35.583184725
109.97,2,15:16:35.583199058
109.97,9,15:16:35.583199058
109.97,2,15:16:35.583215026
109.97,1,15:16:35.583215026
109.97,5,15:16:35.583215026
109.97,1,15:16:35.583238085
109.97,9,15:16:35.583619108
109.97,3,15:16:35.583770981
109.97,1,15:16:35.583928610
109.97,1,15:16:35.584307607
109.97,2,15:16:35.584329950
109.97,40,15:16:35.584371386
109.97,16,15:16:35.584411869
109.97,1,15:16:37.969881099
109.97,4,15:16:37.970357753
109.97,1,15:16:38.031734144
109.97,3,15:16:38.031734144
109.97,1,15:16:38.032117942
109.97,5,15:16:41.588010666
109.97,1,15:16:42.478551986
109.97,1,15:16:42.478705768
109.97,3,15:16:42.479280849
109.97,5,15:16:43.101301877
109.97,5,15:16:43.111980685
109.97,1,15:16:43.122648124
109.97,2,15:16:43.122648124
109.97,2,15:16:43.122718962
109.97,1,15:16:43.133535732
109.97,2,15:16:43.133535732
109.97,1,15:16:43.144261176
109.97,4,15:16:43.144350907
109.97,5,15:16:43.154916157
109.97,5,15:16:43.165663889
109.97,5,15:16:43.176250092
109.97,5,15:16:43.186874836
109.97,5,15:16:43.197421439
109.97,5,15:16:43.208088640
109.97,5,15:16:43.218659790
109.97,5,15:16:43.229683157
109.97,5,15:16:43.240297110
109.97,5,15:16:43.251098046
109.96,1,15:17:15.441807615
109.96,2,15:17:15.441807615
109.96,2,15:17:20.602764413
109.96,1,15:17:39.921434314
109.96,1,15:18:03.389731724
109.96,1,15:18:03.390198457
109.96,3,15:18:11.880313317
109.96,1,15:18:11.880313317
109.96,1,15:18:11.880377931
109.96,1,15:18:17.901638090
109.96,2,15:18:17.901638090
109.96,2,15:18:17.902177486
109.96,9,15:18:17.902269892
109.96,1,15:18:22.742390448
109.96,2,15:18:25.195123132
109.96,3,15:18:25.195123132
109.96,1,15:18:25.195123132
109.96,1,15:18:25.195137849
109.96,9,15:18:25.195153407
109.96,1,15:18:25.195153407
109.96,1,15:18:25.195169670
109.96,2,15:18:25.197737037
109.96,2,15:18:25.197753133
109.96,1,15:18:25.198281667
109.96,2,15:18:31.588393790
109.96,1,15:18:31.588496855
109.96,1,15:18:31.589247258
109.96,3,15:18:31.589260071
109.96,1,15:18:40.341451615
109.96,1,15:18:57.203199785
109.95,1,15:19:25.200184354
109.95,3,15:19:25.211021922
109.95,47,15:19:38.910555601
109.95,2,15:19:38.910748912
109.95,1,15:19:38.910764484
109.95,3,15:19:38.911174256
109.95,1,15:19:38.913272927
109.95,3,15:19:40.044017077
109.95,1,15:19:40.044464962
109.95,4,15:19:40.045175221
109.94,1,15:19:40.476089785
109.94,1,15:19:42.660575715
109.94,1,15:19:42.660908592
109.94,1,15:19:42.660927119
109.94,1,15:19:42.661028732
109.94,1,15:19:49.611306699
109.94,1,15:19:49.816736870
109.93,3,15:20:01.051559128
109.93,2,15:20:01.051933620
109.93,2,15:20:07.667535550
109.93,4,15:20:07.667535550
109.93,10,15:20:07.669070928
109.93,3,15:20:07.669627727
109.93,4,15:20:07.670016537
109.93,7,15:20:07.670016537
109.93,2,15:20:07.670016537
109.93,1,15:20:07.670016537
109.92,2,15:20:07.795081421
109.93,1,15:20:16.054976491
109.93,1,15:20:16.055077226
109.93,1,15:20:16.055171037
109.93,8,15:20:16.055431188
109.93,1,15:20:16.055431188
109.93,5,15:20:16.055571757
109.93,33,15:20:16.055571757
109.93,2,15:20:16.055571757
109.93,1,15:20:16.066795166
109.93,3,15:20:16.066893291
109.93,1,15:20:16.066916660
109.92,3,15:20:16.082533878
109.92,1,15:20:16.082631666
109.92,9,15:20:16.082649750
109.92,8,15:20:16.082649750
109.92,1,15:20:16.082649750
109.92,28,15:20:16.082649750
109.92,2,15:20:20.687464124
109.92,1,15:20:20.687464124
109.92,7,15:20:20.687707103
109.92,2,15:20:20.687813039
109.92,1,15:20:20.687831810
109.93,2,15:20:28.045215677
109.93,42,15:20:28.045772563
109.93,1,15:20:28.050330239
109.93,1,15:20:29.361891347
109.93,2,15:20:29.361921162
109.93,4,15:20:29.361921162
109.92,2,15:20:29.361921162
109.93,1,15:20:29.361921162
109.94,1,15:20:55.580312870
109.94,1,15:20:55.580341657
109.94,1,15:20:55.580556584
109.94,1,15:20:55.581220095
109.94,2,15:20:55.581220095
109.94,1,15:20:55.601232261
109.94,2,15:21:09.067499180
109.94,1,15:21:09.067499180
109.94,9,15:21:09.067665503
109.94,1,15:21:09.067680054
109.94,1,15:21:09.067695324
109.94,1,15:21:09.067724076
109.94,1,15:21:10.710091680
109.94,2,15:21:10.715969647
109.94,1,15:21:10.716314178
109.94,1,15:21:10.716877799
109.94,8,15:21:12.978046001
109.94,1,15:21:22.176830933
109.94,1,15:21:22.176926680
109.95,1,15:21:38.658460334
109.95,2,15:21:42.805414623
109.95,1,15:21:42.820822189
109.95,1,15:21:42.820943833
109.95,2,15:21:42.821301273
109.95,1,15:21:42.821824350
109.95,1,15:21:45.516147779
109.95,1,15:21:49.746836609
109.95,1,15:21:49.746859732
109.95,1,15:22:33.241142352
109.95,1,15:22:33.241202429
109.96,4,15:23:34.845430238
109.96,14,15:23:34.845847834
109.96,2,15:23:39.141952597
109.96,1,15:23:44.794419014
109.97,31,15:23:49.594281329
109.97,9,15:23:49.594281329
109.97,10,15:23:49.594478308
109.97,1,15:23:49.594493108
109.97,1,15:23:49.594508496
109.97,2,15:23:49.594521396
109.97,1,15:23:49.594535428
109.97,2,15:23:49.594549050
109.97,18,15:23:49.594562945
109.97,1,15:23:49.594562945
109.97,5,15:23:49.594576458
109.97,4,15:23:49.594590727
109.97,1,15:23:49.594605444
109.97,2,15:23:49.595242580
109.96,1,15:24:00.592398336
109.97,1,15:24:28.223500287
109.97,1,15:24:28.223675788
109.97,1,15:24:28.223694360
109.97,1,15:24:28.248405021
109.97,2,15:24:28.248838205
109.97,2,15:24:28.285026628
109.97,1,15:24:43.505024195
109.97,5,15:24:45.405635056
109.97,1,15:24:45.405765713
109.97,14,15:24:45.406126034
109.97,2,15:24:45.426780390
109.97,1,15:24:45.426780390
109.97,3,15:24:45.426780390
109.97,1,15:24:45.427074378
109.97,1,15:24:48.872640101
109.97,3,15:24:48.872764562
109.97,1,15:24:48.873162579
109.97,1,15:24:48.873285745
109.97,1,15:24:48.873314686
109.97,2,15:24:48.873314686
109.97,1,15:24:48.873331604
109.97,1,15:24:56.508250844
109.97,1,15:24:56.508275327
109.97,1,15:24:56.508506379
109.97,1,15:25:05.922799465
109.98,40,15:25:22.440380073
109.98,10,15:25:22.440394434
109.97,1,15:25:25.907059340
109.97,4,15:25:25.907059340
109.97,1,15:25:31.909299956
109.97,1,15:25:31.909382375
109.97,8,15:25:31.909397808
109.97,1,15:26:22.207413878
109.97,3,15:26:22.207413878
109.97,1,15:26:37.095633837
109.97,1,15:26:37.096209437
109.98,1,15:27:45.967257424
109.98,2,15:27:45.967324013
109.97,1,15:27:46.195041395
109.97,1,15:27:46.195055394
109.97,1,15:28:02.428549638
109.97,1,15:28:02.428657414
109.97,1,15:28:02.428675162
109.97,2,15:28:02.428675162
109.97,53,15:28:02.428691100
109.97,2,15:28:02.429529458
109.97,1,15:28:02.429529458
109.97,3,15:28:02.429529458
109.97,4,15:28:02.542873614
109.97,2,15:28:03.033951624
109.96,1,15:28:31.725875827
109.96,3,15:28:31.725875827
109.96,2,15:28:31.725875827
109.96,1,15:28:31.725890633
109.96,1,15:28:31.725905077
109.96,2,15:28:31.725905077
109.96,9,15:28:31.725905077
109.96,2,15:28:31.725918386
109.96,1,15:28:31.727763362
109.96,1,15:28:31.728456308
109.96,1,15:28:31.729368278
109.96,1,15:28:31.729725475
109.96,1,15:28:31.729843400
109.96,1,15:28:31.730179154
109.95,1,15:28:36.095614250
109.95,2,15:28:36.095614250
109.95,1,15:28:36.095717105
109.95,3,15:28:36.095735826
109.96,2,15:28:41.165059655
109.96,1,15:28:41.165190385
109.96,1,15:28:41.165215362
109.96,2,15:28:41.165215362
109.96,9,15:28:41.165215362
109.96,11,15:28:41.165232459
109.95,1,15:28:46.195488812
109.95,1,15:28:46.195584991
109.95,1,15:29:04.102196848
109.95,1,15:29:05.991940750
109.95,1,15:29:05.991957357
109.95,3,15:29:09.591163997
109.94,1,15:29:12.689786170
109.94,1,15:29:12.689864675
109.95,2,15:29:14.901165708
109.95,1,15:29:14.901358172
109.95,1,15:29:14.901739896
109.95,1,15:29:14.901848222
109.95,1,15:29:14.901978747
109.95,11,15:29:14.902018030
109.95,3,15:29:14.902018030
109.96,1,15:29:21.009828149
109.96,2,15:29:21.010287913
109.96,32,15:29:21.011145531
109.96,2,15:29:59.020885011
109.96,1,15:29:59.020899293
109.96,5,15:29:59.020899293
109.96,1,15:29:59.020913066
109.96,1,15:29:59.020927174
109.96,1,15:29:59.020941834
109.96,1,15:29:59.020960502
