price,volume,timestamp
5350.75,1,09:31:35.467215483
5350.75,1,09:31:35.486001234
5350.75,1,09:31:35.542443721
5350.75,2,09:31:35.583126320
5350.75,1,09:31:35.583299706
5350.75,4,09:31:35.583385150
5350.75,1,09:31:35.583553794
5350.75,1,09:31:35.583596790
5350.75,1,09:31:35.583673694
5350.75,1,09:31:35.583821252
5350.75,1,09:31:35.583870261
5351.0,7,09:31:35.588273230
5350.75,3,09:31:35.588273230
5350.75,3,09:31:35.588655195
5350.75,4,09:31:35.588943870
5350.75,1,09:31:35.588987449
5350.75,3,09:31:35.589153338
5350.75,2,09:31:35.589223611
5350.75,1,09:31:35.589253557
5350.75,1,09:31:35.589358842
5350.75,1,09:31:35.589481021
5350.5,3,09:31:35.590150205
5350.75,1,09:31:35.597084259
5350.75,1,09:31:35.600479710
5350.75,1,09:31:35.601875693
5350.75,5,09:31:35.610218213
5350.75,3,09:31:35.610463922
5350.75,3,09:31:35.610682871
5350.75,1,09:31:35.611189781
5350.75,1,09:31:35.615230106
5350.75,3,09:31:35.615357548
5350.75,1,09:31:35.764570599
5350.75,2,09:31:35.765598863
5350.75,1,09:31:35.855699837
5350.75,2,09:31:35.872870010
5350.75,2,09:31:35.872937320
5350.75,1,09:31:35.872937320
5350.75,1,09:31:35.873042375
5350.75,2,09:31:35.873087102
5350.75,3,09:31:35.873121265
5350.75,1,09:31:35.873224894
5350.75,2,09:31:35.873265067
5350.75,2,09:31:35.873439279
5350.75,1,09:31:35.873518915
5350.75,1,09:31:35.873542977
5350.75,1,09:31:35.873742888
5350.75,1,09:31:35.873778159
5350.5,1,09:31:35.889388973
5350.75,1,09:31:35.905057183
5350.75,1,09:31:35.911908870
5350.75,1,09:31:36.010519640
5350.75,1,09:31:36.010560035
5350.75,2,09:31:36.010627398
5350.75,1,09:31:36.010712569
5350.75,2,09:31:36.010712569
5350.75,3,09:31:36.010783911
5350.75,1,09:31:36.010783911
5350.75,2,09:31:36.011019093
5350.75,1,09:31:36.011060096
5350.75,1,09:31:36.011187823
5350.75,1,09:31:36.011254970
5350.75,1,09:31:36.012569006
5350.75,1,09:31:36.012731499
5350.75,1,09:31:36.012790255
5350.75,2,09:31:36.012841274
5351.0,1,09:31:36.018819759
5350.75,2,09:31:36.102469774
5350.75,1,09:31:36.137776056
5351.0,1,09:31:36.146597404
5350.75,2,09:31:36.163839439
5350.75,1,09:31:36.164940050
5350.75,2,09:31:36.167898416
5350.75,2,09:31:36.168094258
5350.75,3,09:31:36.168317747
5350.75,6,09:31:36.168362938
5350.75,2,09:31:36.168525652
5350.75,1,09:31:36.168565394
5350.75,1,09:31:36.168614217
5350.75,1,09:31:36.171903435
5350.75,19,09:31:36.172101781
5350.75,6,09:31:36.172433743
5350.75,3,09:31:36.172672637
5350.75,1,09:31:36.172882194
5350.75,3,09:31:36.179093154
5350.75,1,09:31:36.179443046
5350.75,1,09:31:36.209087598
5350.75,2,09:31:36.214747213
5350.75,2,09:31:36.221138299
5350.75,1,09:31:36.221300743
5350.75,1,09:31:36.221351022
5350.75,1,09:31:36.232228954
5350.75,15,09:31:36.253288982
5350.75,10,09:31:36.253408920
5350.75,1,09:31:36.253553067
5350.75,1,09:31:36.253642153
5350.75,2,09:31:36.253823984
5351.0,1,09:31:36.397239507
5350.75,2,09:31:36.710146877
5350.75,1,09:31:36.721757905
5350.75,1,09:31:36.736049858
5350.75,1,09:31:36.749295501
5350.75,1,09:31:36.761343437
5350.75,5,09:31:36.761419307
5350.75,3,09:31:36.761677324
5350.75,1,09:31:36.761720135
5350.75,3,09:31:36.761953635
5350.75,1,09:31:36.762038728
5350.75,2,09:31:36.762038728
5350.75,2,09:31:36.762110588
5350.75,1,09:31:36.762110588
5350.75,7,09:31:36.769532431
5350.75,7,09:31:36.769829314
5350.75,6,09:31:36.769905515
5350.75,1,09:31:36.770037452
5350.75,1,09:31:36.770141733
5350.75,2,09:31:36.770141733
5350.75,6,09:31:36.770355695
5350.75,1,09:31:36.770543223
5351.0,5,09:31:36.821117711
5350.75,1,09:31:36.945373693
5351.0,5,09:31:36.948924302
5351.0,1,09:31:37.102084378
5351.0,1,09:31:37.135247181
5351.0,1,09:31:37.187679074
5351.0,1,09:31:37.253908888
5351.0,1,09:31:37.268545711
5351.0,1,09:31:37.271169642
5350.75,2,09:31:37.311933835
5351.0,1,09:31:37.365875537
5350.75,1,09:31:37.389706981
5350.75,3,09:31:37.533123185
5351.0,10,09:31:37.550983916
5351.0,3,09:31:37.551278664
5351.0,1,09:31:37.551446047
5351.0,39,09:31:37.551732719
5351.0,1,09:31:37.552234524
5351.0,1,09:31:37.552410739
5351.0,1,09:31:37.565639771
5351.0,13,09:31:37.588764771
5351.0,1,09:31:37.589006898
5351.0,2,09:31:37.589062067
5351.0,2,09:31:37.589113968
5351.0,5,09:31:37.589224115
5351.0,3,09:31:37.589362355
5351.0,1,09:31:37.589429114
5351.0,3,09:31:37.589465867
5351.0,3,09:31:37.589517212
5351.0,4,09:31:37.589561690
5351.0,22,09:31:37.689876352
5351.0,3,09:31:37.689992588
5351.0,1,09:31:37.690397693
5351.0,3,09:31:37.690510906
5351.0,1,09:31:37.701292634
5351.0,1,09:31:37.874266131
5351.0,2,09:31:37.904579235
5351.0,1,09:31:37.941333458
5351.0,1,09:31:37.992006118
5351.0,1,09:31:38.000490344
5350.75,1,09:31:38.001412468
5350.75,1,09:31:38.011285790
5350.75,1,09:31:38.154055478
5350.75,1,09:31:38.345811499
5351.0,3,09:31:38.413746398
5351.0,7,09:31:38.414009933
5351.0,1,09:31:38.496302886
5351.0,3,09:31:38.520781593
5351.0,5,09:31:38.521005233
5351.0,1,09:31:38.521187861
5351.0,3,09:31:38.521245570
5351.0,1,09:31:38.521403123
5351.0,1,09:31:38.521720460
5350.75,1,09:31:38.630805786
5351.0,1,09:31:38.636685584
5351.0,1,09:31:38.644258528
5351.0,1,09:31:38.644422656
5351.0,2,09:31:38.644473879
5351.0,1,09:31:38.644628593
5351.0,1,09:31:38.644795582
5351.0,1,09:31:38.644836511
5351.0,6,09:31:38.644949201
5351.0,4,09:31:38.644968247
5351.0,1,09:31:38.645089136
5351.0,2,09:31:38.645239235
5351.0,2,09:31:38.645321314
5351.0,3,09:31:38.645321314
5351.0,2,09:31:38.645444645
5351.0,1,09:31:38.645444645
5351.0,4,09:31:38.645444645
5351.0,1,09:31:38.645510188
5351.0,1,09:31:38.645605584
5351.0,4,09:31:38.656517447
5351.0,3,09:31:38.656808264
5351.0,3,09:31:38.657077782
5351.0,1,09:31:38.659009664
5351.0,1,09:31:38.659168003
5351.0,2,09:31:38.662580651
5351.0,4,09:31:38.681631063
5351.0,1,09:31:38.697106808
5351.0,1,09:31:38.725901847
5351.0,4,09:31:38.811671026
5351.0,1,09:31:38.811812571
5351.0,1,09:31:38.811885207
5351.0,2,09:31:38.811957515
5351.0,3,09:31:38.812143947
5351.0,3,09:31:38.812189151
5351.0,1,09:31:38.812244057
5351.0,1,09:31:38.812357907
5351.0,1,09:31:38.812570087
5351.0,3,09:31:38.812656956
5351.0,1,09:31:38.819856036
5351.0,1,09:31:38.851686931
5351.0,1,09:31:38.852885937
5351.0,5,09:31:38.853024256
5351.0,3,09:31:38.853143273
5351.0,6,09:31:38.877092278
5351.0,1,09:31:38.919302274
5351.0,2,09:31:38.937433005
5351.0,4,09:31:38.937536318
5351.0,4,09:31:38.937597396
5351.0,1,09:31:38.945046762
5351.0,16,09:31:38.968059398
5351.0,1,09:31:38.968436312
5351.0,4,09:31:38.968554358
5351.0,1,09:31:38.970225464
5351.0,1,09:31:38.970710773
5351.0,4,09:31:38.975220937
5351.25,7,09:31:39.004308580
5351.25,1,09:31:39.004320203
5351.0,1,09:31:39.022955804
5351.25,1,09:31:39.029797968
5351.0,1,09:31:39.065044074
5351.0,1,09:31:39.065250513
5351.0,1,09:31:39.178771842
5351.0,5,09:31:39.412598825
5351.25,1,09:31:39.440536623
5351.25,1,09:31:39.693699203
5351.0,17,09:31:39.697480828
5351.25,2,09:31:39.760263588
5351.25,2,09:31:39.902461707
5351.0,1,09:31:40.113400874
5351.25,1,09:31:40.145391619
5351.0,10,09:31:40.146332905
5351.0,3,09:31:40.146595261
5351.0,1,09:31:40.146729847
5351.0,3,09:31:40.146729847
5351.0,2,09:31:40.146729847
5351.0,1,09:31:40.146851239
5351.0,2,09:31:40.146851239
5351.0,24,09:31:40.147000083
5351.0,3,09:31:40.147427068
5351.0,2,09:31:40.147660295
5351.0,3,09:31:40.147734837
5351.0,1,09:31:40.149446292
5351.0,6,09:31:40.149524905
5351.0,2,09:31:40.149618817
5351.0,3,09:31:40.149855453
5351.0,1,09:31:40.149949880
5351.0,2,09:31:40.150043158
5351.0,2,09:31:40.150082440
5351.0,1,09:31:40.150141176
5351.0,2,09:31:40.212205398
5351.0,5,09:31:40.212408636
5351.0,1,09:31:40.212491330
5351.0,2,09:31:40.212715564
5351.0,1,09:31:40.212868806
5351.0,3,09:31:40.212975100
5351.0,1,09:31:40.213076459
5351.0,3,09:31:40.213187821
5351.0,2,09:31:40.213423269
5351.0,1,09:31:40.213486550
5351.0,3,09:31:40.213802875
5351.0,3,09:31:40.214032423
5351.0,2,09:31:40.214094242
5351.0,2,09:31:40.214201108
5351.0,1,09:31:40.214263983
5351.0,2,09:31:40.214490353
5351.25,1,09:31:40.346110117
5351.25,1,09:31:40.394498219
5351.25,1,09:31:40.396670944
5351.0,1,09:31:40.435380736
5351.0,1,09:31:40.487087954
5351.25,1,09:31:40.589975571
5351.0,1,09:31:40.641422368
5351.0,5,09:31:40.641680767
5351.0,5,09:31:40.642199807
5351.0,1,09:31:40.642242522
5351.0,10,09:31:40.642450370
5351.0,2,09:31:40.642671219
5351.0,1,09:31:40.642764958
5351.0,1,09:31:40.642851802
5351.0,3,09:31:40.642891015
5351.0,3,09:31:40.643136533
5351.0,1,09:31:40.643403109
5351.0,1,09:31:40.643513546
5351.0,1,09:31:40.643709630
5351.0,5,09:31:40.665781512
5351.0,1,09:31:40.698629280
5350.75,2,09:31:40.703719133
5351.0,3,09:31:40.704066228
5351.0,2,09:31:40.800424632
5350.75,26,09:31:40.915635862
5350.75,4,09:31:40.915842768
5350.75,1,09:31:40.915925833
5350.75,4,09:31:40.915925833
5350.75,5,09:31:40.916239275
5350.75,1,09:31:40.916283846
5350.75,2,09:31:40.916428112
5350.75,1,09:31:40.916499361
5350.75,41,09:31:40.921721488
5350.75,1,09:31:40.934219756
5350.75,3,09:31:40.937120819
5350.75,1,09:31:40.946534820
5350.75,4,09:31:41.224143814
5350.5,1,09:31:41.241611463
5350.75,1,09:31:41.294890413
5350.75,2,09:31:41.307705859
5350.75,2,09:31:41.366722598
5350.5,1,09:31:41.420168781
5350.5,2,09:31:41.502559532
5350.5,3,09:31:41.516976385
5350.5,1,09:31:41.579908880
5350.5,1,09:31:41.609510619
5350.75,2,09:31:41.662988864
5350.75,6,09:31:41.777874373
5350.75,3,09:31:41.783770268
5350.75,1,09:31:41.783960365
5350.75,1,09:31:41.784003281
5350.75,1,09:31:41.792083447
5350.5,1,09:31:41.801513931
5350.5,1,09:31:41.845930004
5350.5,9,09:31:42.186645133
5350.5,1,09:31:42.186848292
5350.5,6,09:31:42.186964240
5350.5,2,09:31:42.187151675
5350.5,1,09:31:42.187151675
5350.5,3,09:31:42.187151675
5350.5,3,09:31:42.187492949
5350.5,9,09:31:42.187492949
5350.5,1,09:31:42.187492949
5350.5,5,09:31:42.187556614
5350.5,2,09:31:42.187556614
5350.5,4,09:31:42.187556614
5350.5,2,09:31:42.187780970
5350.5,1,09:31:42.187780970
5350.5,3,09:31:42.187780970
5350.5,2,09:31:42.187917857
5350.5,1,09:31:42.187917857
5350.5,1,09:31:42.188188266
5350.5,1,09:31:42.188397710
5350.5,2,09:31:42.237906273
5350.5,4,09:31:42.238274305
5350.5,1,09:31:42.706291028
5350.5,4,09:31:42.757240422
5350.25,1,09:31:42.763418518
5350.5,1,09:31:42.884276903
5350.25,1,09:31:42.930949552
5350.5,21,09:31:42.936954473
5350.5,21,09:31:42.937094316
5350.5,1,09:31:42.937166509
5350.5,5,09:31:42.937246431
5350.5,1,09:31:42.937304953
5350.5,3,09:31:42.937304953
5350.5,8,09:31:42.937356129
5350.5,3,09:31:42.937392210
5350.5,3,09:31:42.937425385
5350.5,5,09:31:42.937461875
5350.5,2,09:31:42.937497508
5350.5,3,09:31:42.937546745
5350.5,2,09:31:42.937584569
5350.5,3,09:31:42.937621213
5350.5,1,09:31:42.937656298
5350.5,1,09:31:42.937747206
5350.5,1,09:31:42.937799133
5350.5,1,09:31:42.937959098
5350.5,2,09:31:42.938111879
5350.5,3,09:31:42.938155835
5350.5,4,09:31:42.938284334
5350.5,1,09:31:42.938502892
5350.5,1,09:31:42.938583415
5350.5,2,09:31:42.938643237
5350.5,1,09:31:42.938802021
5350.5,1,09:31:42.950673176
5350.5,1,09:31:42.950837486
5350.5,3,09:31:42.950911832
5350.5,1,09:31:42.950967191
5350.75,1,09:31:43.106308379
5350.5,26,09:31:43.145150189
5350.5,1,09:31:43.291374679
5350.5,1,09:31:43.520322156
5350.75,1,09:31:43.713776828
5350.75,8,09:31:43.778777648
5350.75,1,09:31:43.867441876
5350.75,2,09:31:43.897233699
5350.75,5,09:31:43.897625796
5350.75,3,09:31:43.897764691
5350.75,2,09:31:43.897801748
5350.75,2,09:31:43.897872556
5350.75,2,09:31:43.897931217
5350.75,1,09:31:43.897931217
5350.75,9,09:31:43.898051632
5350.75,19,09:31:43.898178777
5350.75,3,09:31:43.898596094
5350.75,3,09:31:43.898767317
5350.75,4,09:31:43.898874179
5350.75,4,09:31:43.898975945
5350.75,4,09:31:43.899012358
5350.75,10,09:31:43.899310012
5350.75,3,09:31:43.899492272
5350.75,1,09:31:43.899587846
5350.75,2,09:31:43.899587846
5350.75,2,09:31:43.899638361
5350.75,2,09:31:43.949319382
5350.75,1,09:31:43.949384314
5350.75,1,09:31:44.023099509
5350.5,1,09:31:44.259397348
5350.75,1,09:31:44.269417611
5350.75,2,09:31:44.269690752
5350.75,2,09:31:44.269740426
5350.75,16,09:31:44.270122722
5350.75,1,09:31:44.270355824
5350.75,7,09:31:44.270438521
5350.75,1,09:31:44.270661085
5350.75,1,09:31:44.270879602
5350.75,1,09:31:44.270911701
5350.75,4,09:31:44.271121104
5350.75,1,09:31:44.271306599
5350.75,2,09:31:44.271347572
5350.75,1,09:31:44.271449273
5350.75,1,09:31:44.271538123
5350.75,12,09:31:44.271663124
5350.75,2,09:31:44.271881568
5350.75,1,09:31:44.271922676
5350.75,1,09:31:44.283902533
5350.75,1,09:31:44.284716677
5350.75,1,09:31:44.302459739
5351.0,2,09:31:44.306496259
5351.0,1,09:31:44.313892935
5351.0,1,09:31:44.403024229
5350.75,1,09:31:44.435221857
5351.0,1,09:31:44.458229699
5351.0,1,09:31:44.565452865
5351.0,20,09:31:44.706190100
5351.0,1,09:31:44.736768285
5351.0,1,09:31:44.824337022
5351.0,1,09:31:45.210304544
5350.75,3,09:31:45.268214162
5350.75,1,09:31:45.346331305
5350.75,1,09:31:45.348956770
5350.75,1,09:31:45.403375242
5351.0,2,09:31:45.720069083
5350.75,1,09:31:45.818615616
5350.75,1,09:31:45.992746689
5351.0,1,09:31:46.210637739
5351.0,1,09:31:46.221061719
5350.75,3,09:31:46.239032135
5351.0,1,09:31:46.341253277
5351.0,5,09:31:46.370425740
5350.75,1,09:31:46.371401734
5350.75,5,09:31:46.550534006
5350.75,1,09:31:46.550713178
5350.75,34,09:31:46.550975925
5350.75,1,09:31:46.551448895
5350.75,1,09:31:46.551532523
5350.75,1,09:31:46.551609659
5350.75,3,09:31:46.552038830
5350.75,1,09:31:46.552070402
5350.75,1,09:31:46.552110717
5350.75,4,09:31:46.552161568
5350.75,1,09:31:46.552207624
5350.75,4,09:31:46.552289993
5350.75,1,09:31:46.552330260
5350.75,10,09:31:46.552502094
5350.75,6,09:31:46.552709810
5350.75,5,09:31:46.552800068
5350.75,4,09:31:46.552903142
5350.75,1,09:31:46.553002756
5350.75,3,09:31:46.553147674
5350.75,2,09:31:46.553227053
5350.75,4,09:31:46.553227053
5350.75,1,09:31:46.553263098
5351.0,1,09:31:46.560438177
5350.75,1,09:31:46.986355154
5350.75,1,09:31:47.144736557
5350.75,1,09:31:47.324365690
5350.75,2,09:31:47.324536525
5350.75,1,09:31:47.324704065
5350.75,3,09:31:47.324751515
5350.75,2,09:31:47.324810650
5350.75,1,09:31:47.324962499
5350.75,1,09:31:47.468289039
5350.75,4,09:31:47.468711527
5350.75,3,09:31:47.468804247
5350.75,2,09:31:47.468853948
5350.75,1,09:31:47.468886049
5350.75,1,09:31:47.469156583
5350.75,11,09:31:47.475760392
5350.75,1,09:31:47.475941529
5350.75,1,09:31:47.475989911
5350.75,6,09:31:47.476074267
5350.75,1,09:31:47.476253538
5350.75,4,09:31:47.476429416
5350.75,1,09:31:47.476462368
5350.75,4,09:31:47.476614655
5350.75,1,09:31:47.476644368
5350.75,1,09:31:47.477002110
5351.0,93,09:31:47.487810152
5351.0,5,09:31:47.488710624
5351.0,1,09:31:47.488789506
5351.0,1,09:31:47.488892382
5351.0,1,09:31:47.488953497
5351.0,10,09:31:47.489164259
5351.0,1,09:31:47.506121318
5351.0,1,09:31:47.514336204
5351.0,1,09:31:47.526214693
5351.25,1,09:31:47.711321832
5351.25,1,09:31:47.711331998
5351.0,2,09:31:47.741799649
5351.0,2,09:31:47.792670448
5351.25,20,09:31:47.832485560
5351.0,1,09:31:47.937577951
5351.0,3,09:31:48.012592324
5351.0,1,09:31:48.014875564
5351.0,2,09:31:48.097281567
5351.0,31,09:31:48.174603542
5351.0,7,09:31:48.174782378
5351.0,1,09:31:48.175308366
5351.0,2,09:31:48.175486546
5351.0,1,09:31:48.175486546
5351.0,2,09:31:48.175511541
5351.0,12,09:31:48.175697305
5351.0,2,09:31:48.175697305
5351.0,1,09:31:48.175697305
5351.0,28,09:31:48.175697305
5351.0,4,09:31:48.175761764
5351.0,2,09:31:48.175761764
5351.0,2,09:31:48.175795880
5351.0,2,09:31:48.175831854
5351.0,1,09:31:48.175925354
5351.0,1,09:31:48.176370407
5351.25,5,09:31:48.200788323
5351.25,5,09:31:48.201161895
5351.0,1,09:31:48.570543040
5351.25,1,09:31:48.755790024
5351.25,1,09:31:48.929210408
5351.0,1,09:31:48.995585099
5351.25,1,09:31:49.004018706
5351.0,39,09:31:49.038793108
5351.0,30,09:31:49.038901866
5351.0,2,09:31:49.038935894
5351.0,2,09:31:49.038970312
5351.0,1,09:31:49.039008149
5351.0,16,09:31:49.039031509
5351.0,1,09:31:49.039088273
5351.0,33,09:31:49.039132200
5351.0,1,09:31:49.039150575
5351.0,1,09:31:49.039203395
5351.0,2,09:31:49.039267694
5351.0,1,09:31:49.039297506
5351.0,4,09:31:49.039350531
5351.0,1,09:31:49.039402260
5351.0,5,09:31:49.039453182
5351.0,2,09:31:49.039453182
5351.0,1,09:31:49.039470751
5351.0,1,09:31:49.039506714
5351.0,4,09:31:49.039549319
5351.0,1,09:31:49.039585646
5351.0,1,09:31:49.039630565
5351.0,1,09:31:49.039688890
5351.0,5,09:31:49.039741937
5351.0,1,09:31:49.039802019
5351.0,1,09:31:49.040071476
5351.0,1,09:31:49.040147276
5351.0,2,09:31:49.040204996
5351.0,1,09:31:49.040249557
5351.0,1,09:31:49.040358353
5351.0,2,09:31:49.040399874
5351.0,2,09:31:49.040443020
5351.0,2,09:31:49.040511850
5351.0,5,09:31:49.040564865
5351.0,5,09:31:49.040658148
5351.0,1,09:31:49.040691921
5351.0,1,09:31:49.040793628
5351.0,2,09:31:49.040887368
5351.0,1,09:31:49.040887368
5351.0,1,09:31:49.040917640
5351.0,1,09:31:49.041063211
5351.0,1,09:31:49.041135492
5351.0,1,09:31:49.041402752
5350.75,2,09:31:49.050941165
5350.75,10,09:31:49.062158277
5350.75,7,09:31:49.062381919
5350.75,1,09:31:49.062459038
5350.75,1,09:31:49.062548784
5350.75,2,09:31:49.062655094
5350.75,1,09:31:49.062655094
5350.75,2,09:31:49.062812027
5350.75,4,09:31:49.062812027
5350.75,1,09:31:49.062812027
5350.75,1,09:31:49.062829099
5350.75,1,09:31:49.063033050
5350.75,1,09:31:49.063106645
5350.75,1,09:31:49.063192870
5350.75,3,09:31:49.063274993
5350.75,1,09:31:49.063397172
5350.75,1,09:31:49.063484496
5350.75,1,09:31:49.063538340
5350.75,1,09:31:49.063716324
5350.75,1,09:31:49.064093138
5350.75,16,09:31:49.193357299
5350.75,3,09:31:49.193679526
5350.75,6,09:31:49.193863221
5350.75,3,09:31:49.194069869
5350.75,1,09:31:49.194133720
5350.75,1,09:31:49.194285499
5350.75,1,09:31:49.194367136
5350.75,21,09:31:49.199562402
5350.75,2,09:31:49.200273127
5350.75,1,09:31:49.232122722
5350.75,16,09:31:49.232661642
5350.75,1,09:31:49.232909116
5350.75,1,09:31:49.232938499
5350.75,1,09:31:49.233085401
5350.75,1,09:31:49.233190770
5350.75,1,09:31:49.233242841
5350.75,4,09:31:49.233309520
5350.75,1,09:31:49.233508142
5350.75,3,09:31:49.233625063
5350.75,2,09:31:49.233862435
5350.75,2,09:31:49.233910048
5350.75,1,09:31:49.234107844
5350.75,1,09:31:49.234140155
5350.75,2,09:31:49.238341827
5350.75,2,09:31:49.238526113
5350.75,1,09:31:49.238562801
5350.75,4,09:31:49.238801673
5350.75,2,09:31:49.238897191
5351.0,1,09:31:49.272146575
5350.75,1,09:31:49.326745039
5350.75,4,09:31:49.326963628
5350.75,1,09:31:49.327427597
5350.75,33,09:31:49.345510393
5351.0,2,09:31:49.369548340
5351.0,1,09:31:49.402846777
5351.0,1,09:31:49.414016743
5351.0,2,09:31:49.561022090
5351.0,5,09:31:49.592404542
5351.0,1,09:31:49.603693666
5350.75,1,09:31:49.626343713
5351.0,1,09:31:49.635327517
5351.0,1,09:31:49.729861531
5351.0,1,09:31:49.941306505
5350.75,10,09:31:49.970435361
5350.75,13,09:31:49.970765458
5350.75,3,09:31:49.970901422
5350.75,1,09:31:49.970973534
5350.75,3,09:31:49.971020477
5350.75,1,09:31:49.971074449
5350.75,2,09:31:49.971232586
5350.75,1,09:31:49.971232586
5350.75,2,09:31:49.971264933
5350.75,3,09:31:49.981494019
5350.75,1,09:31:49.981581141
5350.75,5,09:31:49.981581141
5350.75,10,09:31:50.042551893
5350.75,2,09:31:50.042869633
5350.75,1,09:31:50.043040133
5350.75,4,09:31:50.043164932
5350.75,5,09:31:50.043225324
5350.75,2,09:31:50.043248483
5350.75,1,09:31:50.043380553
5350.75,1,09:31:50.043569917
5350.75,1,09:31:50.043742295
5350.75,4,09:31:50.043904970
5350.75,1,09:31:50.045095848
5350.75,1,09:31:50.082705697
5350.75,1,09:31:50.082873972
5350.75,1,09:31:50.082905877
5350.75,3,09:31:50.083534370
5350.75,1,09:31:50.083710988
5350.75,1,09:31:50.083753408
5350.75,1,09:31:50.083827111
5350.75,1,09:31:50.083999976
5350.75,2,09:31:50.084049391
5350.75,4,09:31:50.084127195
5350.75,1,09:31:50.084268305
5350.75,3,09:31:50.084366850
5350.75,1,09:31:50.086257017
5350.75,4,09:31:50.086447689
5350.75,2,09:31:50.086868252
5350.75,1,09:31:50.087110176
5350.75,3,09:31:50.102219602
5350.75,1,09:31:50.157670823
5350.75,1,09:31:50.157820849
5350.75,3,09:31:50.157883291
5350.75,1,09:31:50.158232944
5350.75,1,09:31:50.158278209
5350.75,1,09:31:50.158311089
5350.75,2,09:31:50.158520063
5350.75,1,09:31:50.165465643
5350.75,3,09:31:50.239210856
5350.75,1,09:31:50.253946258
5350.75,1,09:31:50.312452461
5350.75,2,09:31:50.312625338
5350.75,2,09:31:50.312684471
5350.75,1,09:31:50.312684471
5350.75,2,09:31:50.313002846
5350.75,4,09:31:50.313176831
5350.75,1,09:31:50.313208505
5350.75,2,09:31:50.313257033
5350.75,1,09:31:50.315893765
5350.75,4,09:31:50.316006917
5350.75,3,09:31:50.316073961
5350.75,1,09:31:50.316394476
5350.75,2,09:31:50.316453427
5350.75,3,09:31:50.316500206
5350.75,5,09:31:50.316645620
5350.75,4,09:31:50.319075577
5350.75,5,09:31:50.319972996
5350.75,1,09:31:50.320145691
5350.75,1,09:31:50.320180460
5350.75,1,09:31:50.320393680
5351.0,1,09:31:50.326068927
5351.0,1,09:31:50.334195484
5350.75,10,09:31:50.456676515
5350.75,1,09:31:50.456943116
5350.75,1,09:31:50.503777964
5350.75,1,09:31:50.524818148
5350.5,1,09:31:50.550508461
5350.5,1,09:31:50.550518179
5350.75,6,09:31:50.561081611
5350.75,2,09:31:50.561113755
5350.75,4,09:31:50.561305002
5350.75,1,09:31:50.568994113
5350.75,5,09:31:50.588047636
5350.75,2,09:31:50.588200148
5350.75,1,09:31:50.588425929
5350.75,2,09:31:50.588461362
5350.75,2,09:31:50.588554514
5350.75,1,09:31:50.588859873
5350.75,1,09:31:50.597226311
5350.75,1,09:31:50.625639101
5350.75,1,09:31:50.625689652
5350.75,3,09:31:50.625757384
5350.75,1,09:31:50.625896303
5350.75,1,09:31:50.625939741
5350.75,2,09:31:50.626049221
5350.75,1,09:31:50.626111097
5351.0,1,09:31:50.706362157
5350.75,2,09:31:50.725431802
5350.75,1,09:31:50.726711232
5350.75,3,09:31:50.726787138
5350.75,2,09:31:50.726851773
5350.75,1,09:31:50.726851773
5350.75,3,09:31:50.727058440
5350.75,1,09:31:50.727138170
5350.75,1,09:31:50.727289571
5350.75,4,09:31:50.727426345
5350.75,1,09:31:50.727750224
5350.75,1,09:31:50.728006434
5350.75,1,09:31:50.728173932
5351.0,2,09:31:50.806526709
5350.75,1,09:31:50.916568463
5350.75,1,09:31:50.916601101
5350.75,1,09:31:50.916713849
5350.75,1,09:31:50.916850590
5350.75,8,09:31:50.939286386
5350.75,1,09:31:50.939357217
5350.75,4,09:31:50.939470112
5350.75,2,09:31:50.939470112
5350.75,1,09:31:50.939470112
5350.75,3,09:31:50.939519399
5350.75,1,09:31:50.939674228
5350.75,1,09:31:50.939768492
5350.75,4,09:31:50.939768492
5350.75,1,09:31:51.060077643
5350.75,1,09:31:51.348076425
5350.75,2,09:31:51.385579062
5350.5,1,09:31:51.426038920
5350.5,6,09:31:51.613493483
5350.5,1,09:31:51.613662471
5350.5,1,09:31:51.613705886
5350.5,1,09:31:51.613729963
5350.5,8,09:31:51.613856023
5350.5,4,09:31:51.613956553
5350.5,1,09:31:51.613956553
5350.5,1,09:31:51.614059567
5350.5,3,09:31:51.614059567
5350.5,1,09:31:51.614167025
5350.5,2,09:31:51.614167025
5350.5,1,09:31:51.614179537
5350.5,38,09:31:51.614513521
5350.5,15,09:31:51.615000936
5350.5,26,09:31:51.615320024
5350.5,1,09:31:51.615909230
5350.5,1,09:31:51.650353770
5350.5,4,09:31:51.688312090
5350.5,1,09:31:51.688331156
5350.5,15,09:31:51.744418091
5350.5,1,09:31:51.744555224
5350.5,1,09:31:51.744625622
5350.5,2,09:31:51.744625622
5350.5,4,09:31:51.744672138
5350.5,1,09:31:51.744695441
5350.5,1,09:31:51.744956940
5350.75,1,09:31:51.890337531
5350.75,1,09:31:51.987835809
5350.75,25,09:31:52.052259686
5350.5,1,09:31:52.078131379
5350.5,1,09:31:52.205079819
5350.75,1,09:31:52.590688844
5350.75,1,09:31:52.755391069
5350.5,1,09:31:52.794412964
5350.75,2,09:31:52.819512775
5350.75,1,09:31:52.945434318
5350.5,28,09:31:53.047617978
5350.5,1,09:31:53.048056969
5350.5,5,09:31:53.308493313
5350.25,1,09:31:53.322332005
5350.5,1,09:31:53.356732993
5350.5,1,09:31:53.372027951
5350.5,1,09:31:53.402319412
5350.25,1,09:31:53.421156500
5350.25,39,09:31:53.603639579
5350.25,5,09:31:53.604285265
5350.25,2,09:31:53.604500511
5350.25,1,09:31:53.640663491
5350.0,1,09:31:53.850402848
5350.0,1,09:31:53.850413779
5350.0,1,09:31:54.160820052
5350.0,1,09:31:54.407911975
5350.25,1,09:31:54.489879376
5350.25,1,09:31:54.649983045
5350.25,4,09:31:54.745032785
5350.0,1,09:31:54.817392551
5350.25,1,09:31:55.029061714
5350.25,1,09:31:55.030060925
5350.0,1,09:31:55.449748797
5350.0,6,09:31:55.457599598
5350.0,2,09:31:55.457824326
5350.0,1,09:31:55.457868708
5350.0,3,09:31:55.492101525
5350.0,2,09:31:55.492281855
5350.0,1,09:31:55.492357965
5350.0,10,09:31:55.504105456
5350.0,1,09:31:55.540064846
5350.0,11,09:31:55.540115429
5350.0,2,09:31:55.540152703
5350.0,10,09:31:55.540322457
5350.0,2,09:31:55.540380379
5350.0,1,09:31:55.540380379
5350.0,1,09:31:55.540484720
5350.0,5,09:31:55.540656724
5350.0,2,09:31:55.540656724
5350.0,3,09:31:55.540656724
5350.0,1,09:31:55.540684225
5350.0,5,09:31:55.542036271
5350.0,1,09:31:55.671309092
5349.75,1,09:31:55.873471461
5349.75,1,09:31:55.873484962
5349.75,2,09:31:55.873484962
5350.0,1,09:31:55.915240728
5349.75,1,09:31:55.994233103
5350.0,2,09:31:56.012019621
5350.0,7,09:31:56.201181609
5350.0,2,09:31:56.201282056
5350.0,2,09:31:56.201370765
5350.0,33,09:31:56.201634307
5350.0,19,09:31:56.201784816
5350.0,5,09:31:56.202361530
5350.0,16,09:31:56.353241222
5349.75,6,09:31:56.494573803
5349.75,1,09:31:56.827097197
5350.0,1,09:31:56.960007508
5349.75,1,09:31:57.017428436
5350.0,1,09:31:57.184781788
5349.75,1,09:31:57.332901628
5350.0,1,09:31:57.335273577
5349.75,2,09:31:57.541953922
5350.0,20,09:31:57.566123830
5349.75,1,09:31:57.583203550
5350.0,2,09:31:57.596656586
5350.0,5,09:31:57.596700190
5350.0,3,09:31:57.596769049
5350.0,3,09:31:57.596821651
5350.0,25,09:31:57.598193132
5350.0,6,09:31:57.598384233
5350.0,1,09:31:57.598384233
5350.0,1,09:31:57.601052297
5350.0,3,09:31:57.601228390
5350.0,1,09:31:57.615718490
5350.0,10,09:31:57.728551306
5350.0,1,09:31:57.728654061
5350.0,1,09:31:57.728702001
5350.0,1,09:31:57.728752821
5350.0,1,09:31:57.728817073
5350.0,1,09:31:57.729054687
5350.0,1,09:31:57.729257721
5350.0,2,09:31:57.729315328
5350.0,1,09:31:57.729524312
5350.0,1,09:31:57.731240520
5350.0,2,09:31:57.731421577
5349.75,1,09:31:57.828875220
5349.75,1,09:31:58.073360897
5350.0,1,09:31:58.082512205
5350.0,18,09:31:58.169495713
5350.0,4,09:31:58.169596314
5350.0,1,09:31:58.169684601
5350.0,4,09:31:58.169704496
5350.0,1,09:31:58.169936561
5350.0,6,09:31:58.170124132
5350.0,2,09:31:58.170174473
5350.0,1,09:31:58.170269880
5350.0,1,09:31:58.170400093
5350.0,1,09:31:58.170488035
5350.0,1,09:31:58.170603083
5350.0,2,09:31:58.170773503
5350.0,2,09:31:58.170807747
5350.0,3,09:31:58.186777629
5350.0,2,09:31:58.188857213
5350.25,20,09:31:58.448210822
5350.25,1,09:31:58.448233085
5350.25,1,09:31:58.582535408
5350.0,1,09:31:58.601471940
5350.0,1,09:31:58.696580042
5350.25,50,09:31:58.793906948
5350.0,1,09:31:58.850407682
5350.0,1,09:31:59.046031582
5350.25,11,09:31:59.447396160
5350.25,1,09:31:59.447559664
5350.25,2,09:31:59.447559664
5350.25,4,09:31:59.447559664
5350.25,1,09:31:59.447559981
5350.25,10,09:31:59.447769399
5350.25,5,09:31:59.447769399
5350.25,2,09:31:59.447769399
5350.25,1,09:31:59.447769399
5350.25,1,09:31:59.447785073
5350.25,2,09:31:59.447827593
5350.25,30,09:31:59.448035571
5350.25,5,09:31:59.448035571
5350.5,1,09:31:59.498639814
5350.5,10,09:31:59.498971965
5350.5,2,09:31:59.500470780
5350.25,1,09:31:59.569409953
5350.25,10,09:31:59.924165986
5347.25,1,09:33:46.699636231
5347.25,1,09:33:46.699643477
5347.25,2,09:33:46.699652122
5347.25,1,09:33:46.699652122
5347.25,1,09:33:46.699660722
5347.25,2,09:33:46.699660722
5347.25,1,09:33:46.699669384
5347.25,50,09:33:46.699669384
5347.25,16,09:33:46.700342732
5347.25,1,09:33:46.700462472
5347.25,2,09:33:46.700627503
5347.25,1,09:33:46.701155878
5347.25,1,09:33:46.701441909
5347.25,2,09:33:46.701441909
5347.25,11,09:33:46.729399845
5347.25,1,09:33:46.730558326
5347.0,1,09:33:46.805376582
5347.0,1,09:33:46.805403455
5347.0,2,09:33:46.805410489
5347.0,2,09:33:46.805418153
5347.0,1,09:33:46.805426328
5347.0,2,09:33:46.805426328
5347.0,1,09:33:46.805433747
5347.0,1,09:33:46.805443833
5347.0,5,09:33:46.805443833
5347.0,1,09:33:46.805454235
5347.0,1,09:33:46.805459774
5347.25,1,09:33:46.806129592
5347.0,1,09:33:46.836144389
5347.0,3,09:33:47.056090124
5347.0,1,09:33:47.080584431
5347.25,7,09:33:47.114986116
5347.25,1,09:33:47.116734718
5347.25,1,09:33:47.117104994
5347.25,28,09:33:47.117472943
5347.25,1,09:33:47.117823405
5347.25,5,09:33:47.117982055
5347.25,5,09:33:47.118130787
5347.25,3,09:33:47.120482786
5347.25,3,09:33:47.120677815
5347.25,3,09:33:47.120720187
5347.25,1,09:33:47.120779317
5347.25,1,09:33:47.120848992
5347.25,2,09:33:47.120848992
5347.25,1,09:33:47.120913016
5347.25,4,09:33:47.120977850
5347.25,1,09:33:47.121015041
5347.25,4,09:33:47.121406892
5347.25,1,09:33:47.125140061
5347.25,1,09:33:47.149562083
5347.25,2,09:33:47.152577613
5347.25,1,09:33:47.167599870
5347.25,1,09:33:47.198406410
5347.25,17,09:33:47.200599689
5347.25,1,09:33:47.200898454
5347.25,1,09:33:47.200932746
5347.25,1,09:33:47.201034943
5347.25,4,09:33:47.201184793
5347.25,1,09:33:47.201216796
5347.25,1,09:33:47.201284446
5347.25,2,09:33:47.201351328
5347.25,2,09:33:47.201411921
5347.25,1,09:33:47.201437140
5347.25,2,09:33:47.201488194
5347.25,1,09:33:47.201556025
5347.25,1,09:33:47.201583411
5347.25,1,09:33:47.205254321
5347.0,20,09:33:47.255515660
5347.0,1,09:33:47.294003990
5347.25,73,09:33:47.306029496
5347.25,6,09:33:47.306868895
5347.25,3,09:33:47.306935684
5347.25,1,09:33:47.306935684
5347.25,1,09:33:47.307066567
5347.25,10,09:33:47.307294581
5347.25,1,09:33:47.331401252
5347.25,1,09:33:47.331567454
5347.25,1,09:33:47.356077705
5347.25,6,09:33:47.356328208
5347.25,10,09:33:47.356490829
5347.25,7,09:33:47.356551944
5347.25,3,09:33:47.356551944
5347.25,15,09:33:47.356658372
5347.25,4,09:33:47.356658372
5347.25,1,09:33:47.356877529
5347.25,2,09:33:47.356880255
5347.25,1,09:33:47.357012071
5347.25,5,09:33:47.357090486
5347.25,1,09:33:47.357209231
5347.25,3,09:33:47.361692101
5347.25,1,09:33:47.361866394
5347.25,1,09:33:47.379072007
5347.25,1,09:33:47.379493469
5347.5,1,09:33:47.385315640
5347.25,1,09:33:47.435313899
5347.25,1,09:33:47.448840533
5347.25,10,09:33:47.586987878
5347.25,1,09:33:47.587158585
5347.25,1,09:33:47.606693807
5347.25,1,09:33:47.621133800
5347.25,17,09:33:47.699053267
5347.25,1,09:33:47.699198726
5347.25,1,09:33:47.699271210
5347.25,1,09:33:47.699310654
5347.25,1,09:33:47.764065815
5347.25,1,09:33:47.811774795
5347.25,6,09:33:47.830138730
5347.25,5,09:33:47.845119561
5347.25,1,09:33:47.845308830
5347.25,8,09:33:47.845460948
5347.25,1,09:33:47.845611057
5347.25,2,09:33:47.845611057
5347.25,3,09:33:47.845611057
5347.25,1,09:33:47.845885834
5347.25,1,09:33:47.845955822
5347.25,1,09:33:47.846178892
5347.25,1,09:33:47.846270219
5347.25,2,09:33:47.846270219
5347.0,2,09:33:47.852226464
5347.0,1,09:33:47.852233949
5347.25,1,09:33:47.863029324
5347.0,1,09:33:47.873159467
5347.0,1,09:33:47.886579636
5347.25,1,09:33:47.904514902
5347.25,10,09:33:47.914782222
5347.25,1,09:33:47.914857165
5347.25,1,09:33:47.915100136
5347.25,1,09:33:47.915167481
5347.25,2,09:33:47.915238920
5347.25,3,09:33:47.915356980
5347.25,1,09:33:47.915356980
5347.25,1,09:33:47.915502145
5347.25,1,09:33:47.915650669
5347.25,13,09:33:47.947031227
5347.25,6,09:33:47.947119959
5347.25,5,09:33:47.947221219
5347.25,2,09:33:47.947255373
5347.25,2,09:33:47.947342526
5347.25,1,09:33:47.947455261
5347.25,1,09:33:47.947512049
5347.25,1,09:33:47.947552809
5347.25,1,09:33:47.960701160
5347.25,2,09:33:47.972901700
5347.25,1,09:33:47.976110120
5347.25,5,09:33:47.976270885
5347.25,2,09:33:47.976596210
5347.25,3,09:33:47.976835737
5347.25,1,09:33:47.976883620
5347.25,5,09:33:48.041412078
5347.25,1,09:33:48.095073799
5347.0,15,09:33:48.124936825
5347.0,1,09:33:48.160746299
5347.0,1,09:33:48.445334151
5347.0,1,09:33:48.498933557
5347.25,1,09:33:48.565200834
5347.0,60,09:33:48.685724703
5347.0,7,09:33:48.799631961
5347.0,1,09:33:48.820153356
5347.25,1,09:33:48.832287329
5347.0,227,09:33:48.912164582
5346.75,103,09:33:48.912164582
5346.25,84,09:33:48.912164582
5346.5,106,09:33:48.912164582
5346.0,177,09:33:48.912164582
5345.75,2,09:33:48.913869055
5345.75,2,09:33:48.913878257
5345.75,1,09:33:48.913878257
5345.75,1,09:33:48.913886066
5345.75,1,09:33:48.913898517
5345.75,2,09:33:48.913906274
5345.75,1,09:33:48.913906274
5345.75,1,09:33:48.913910818
5345.75,1,09:33:48.913916898
5345.75,1,09:33:48.913922886
5345.75,1,09:33:48.913930524
5345.75,1,09:33:48.913938914
5345.75,1,09:33:48.913946064
5345.75,1,09:33:48.913952448
5345.75,1,09:33:48.913962307
5345.75,1,09:33:48.913968656
5345.75,2,09:33:48.913981290
5345.75,3,09:33:48.913981290
5345.75,1,09:33:48.913981290
5345.75,1,09:33:48.913987719
5345.75,1,09:33:48.913996010
5345.75,4,09:33:48.914003403
5345.75,1,09:33:48.914003403
5345.75,1,09:33:48.914012270
5345.75,20,09:33:48.914012270
5345.75,8,09:33:48.914012270
5345.75,1,09:33:48.914019079
5345.75,2,09:33:48.914019079
5345.75,1,09:33:48.914532341
5345.75,1,09:33:48.914538501
5345.75,3,09:33:48.914545650
5345.75,6,09:33:48.914545650
5345.75,1,09:33:48.914553001
5345.75,1,09:33:48.914560265
5345.75,1,09:33:48.914567305
5346.0,53,09:33:48.915808191
5346.0,2,09:33:48.916221527
5346.0,2,09:33:48.916368029
5346.0,1,09:33:48.916423457
5346.0,1,09:33:48.916835145
5346.0,5,09:33:48.917008999
5346.0,1,09:33:48.917213643
5346.0,3,09:33:48.917535265
5346.0,4,09:33:48.917535265
5346.0,5,09:33:48.917535265
5346.0,1,09:33:48.917584998
5346.0,13,09:33:48.917701285
5346.0,1,09:33:48.917701285
5346.0,4,09:33:48.917701285
5346.0,4,09:33:48.917729381
5346.0,3,09:33:48.917902825
5346.0,2,09:33:48.917902825
5346.0,3,09:33:48.917958071
5346.0,16,09:33:48.917958071
5346.0,1,09:33:48.918082991
5346.0,8,09:33:48.918275255
5346.0,2,09:33:48.918500341
5346.0,1,09:33:48.918500341
5346.0,1,09:33:48.918575744
5346.0,2,09:33:48.918725997
5346.0,1,09:33:48.918828862
5346.25,1,09:33:48.918935636
5346.0,1,09:33:48.919099895
5346.0,6,09:33:48.919166198
5345.75,9,09:33:48.919424196
5345.75,9,09:33:48.919470169
5345.75,3,09:33:48.919567792
5345.75,2,09:33:48.919567792
5345.75,2,09:33:48.919650838
5345.75,9,09:33:48.919650838
5345.75,3,09:33:48.919783701
5345.75,5,09:33:48.919783701
5345.75,2,09:33:48.919783701
5345.75,1,09:33:48.919783701
5345.75,2,09:33:48.919816685
5345.75,1,09:33:48.919816685
5346.0,16,09:33:48.919939388
5346.0,2,09:33:48.920069755
5346.0,3,09:33:48.920069755
5346.0,3,09:33:48.920192695
5346.0,1,09:33:48.920257330
5346.0,1,09:33:48.920399131
5346.0,2,09:33:48.920399131
5346.0,1,09:33:48.920418034
5346.0,2,09:33:48.920527432
5346.0,1,09:33:48.920645612
5346.0,4,09:33:48.920730955
5346.0,1,09:33:48.920881317
5345.75,5,09:33:48.920881317
5346.0,9,09:33:48.920881317
5345.75,17,09:33:48.920956512
5346.0,1,09:33:48.921205918
5346.0,1,09:33:48.921979393
5346.0,6,09:33:48.921979393
5346.0,2,09:33:48.921979393
5346.0,1,09:33:48.922028210
5346.0,1,09:33:48.922215501
5346.0,1,09:33:48.922223907
5346.0,1,09:33:48.923155657
5346.0,1,09:33:48.923428786
5346.0,2,09:33:48.923428786
5346.0,1,09:33:48.923739557
5346.0,1,09:33:48.924782061
5346.0,12,09:33:48.924965329
5346.0,3,09:33:48.925115975
5346.0,1,09:33:48.925224066
5346.0,2,09:33:48.926012380
5346.0,1,09:33:48.926226430
5346.0,1,09:33:48.927230254
5346.0,3,09:33:48.927230254
5346.0,1,09:33:48.927263599
5346.0,1,09:33:48.927579022
5346.0,1,09:33:48.928044975
5346.0,1,09:33:48.928074898
5346.0,1,09:33:48.928305492
5346.0,1,09:33:48.928578207
5346.0,1,09:33:48.928585152
5346.0,1,09:33:48.928716901
5346.0,5,09:33:48.928716901
5346.0,1,09:33:48.928795357
5346.0,1,09:33:48.928907318
5346.0,1,09:33:48.928948830
5346.0,1,09:33:48.929109464
5346.0,1,09:33:48.929151131
5346.0,1,09:33:48.929269121
5346.0,1,09:33:48.929375389
5346.0,2,09:33:48.929532093
5346.0,1,09:33:48.929672809
5346.0,1,09:33:48.929674240
5346.0,1,09:33:48.929761108
5346.0,1,09:33:48.930025844
5346.0,2,09:33:48.930064570
5346.0,7,09:33:48.930671901
5346.0,1,09:33:48.930905285
5346.0,1,09:33:48.930962776
5346.0,1,09:33:48.931092016
5346.0,6,09:33:48.932743466
5346.0,1,09:33:48.932913780
5346.0,1,09:33:48.933122802
5346.0,1,09:33:48.933262020
5346.0,5,09:33:48.933603710
5346.0,1,09:33:48.933741102
5346.0,5,09:33:48.933838793
5346.0,1,09:33:48.933867454
5346.0,1,09:33:48.934025595
5346.25,1,09:33:48.934153405
5346.0,1,09:33:48.934418594
5346.0,2,09:33:48.939909351
5346.25,5,09:33:48.943144261
5346.0,1,09:33:48.947536647
5346.0,1,09:33:48.955146557
5346.0,6,09:33:48.956241690
5346.0,2,09:33:48.956469522
5346.0,2,09:33:48.956691366
5346.0,1,09:33:48.957017235
5346.0,1,09:33:48.957232481
5346.25,1,09:33:48.959398393
5346.25,2,09:33:48.959610950
5346.0,3,09:33:48.963591547
5346.0,10,09:33:48.963899825
5346.0,1,09:33:48.964266629
5346.0,5,09:33:48.964446476
5346.0,1,09:33:48.970207856
5346.25,15,09:33:48.981059536
5346.0,65,09:33:48.981059536
5346.0,3,09:33:48.982022273
5346.0,3,09:33:48.982118745
5346.0,8,09:33:48.982118745
5346.0,8,09:33:48.982533380
5346.0,1,09:33:48.986036366
5346.0,1,09:33:48.989675336
5346.0,1,09:33:48.989928826
5346.0,1,09:33:49.000573571
5346.0,2,09:33:49.023165729
5346.0,2,09:33:49.023413123
5346.0,1,09:33:49.023982282
5346.0,3,09:33:49.024592096
5346.0,1,09:33:49.025130811
5346.25,1,09:33:49.028822738
5346.25,6,09:33:49.029058759
5346.0,1,09:33:49.052525942
5346.25,1,09:33:49.071090153
5346.25,2,09:33:49.071284755
5346.25,1,09:33:49.082014357
5346.0,1,09:33:49.097529987
5346.0,1,09:33:49.099152478
5346.0,1,09:33:49.099924496
5346.25,4,09:33:49.104633990
5346.25,4,09:33:49.108216020
5346.25,1,09:33:49.163125740
5346.0,3,09:33:49.186212362
5346.25,1,09:33:49.201071307
5346.0,2,09:33:49.204125052
5346.0,2,09:33:49.209886778
5346.0,2,09:33:49.210668451
5346.0,2,09:33:49.216342210
5346.0,2,09:33:49.221810845
5346.0,2,09:33:49.226571856
5346.0,1,09:33:49.249231710
5346.0,1,09:33:49.304973284
5346.0,2,09:33:49.305912599
5346.0,1,09:33:49.306094494
5346.0,2,09:33:49.306430235
5346.0,1,09:33:49.306623858
5346.0,1,09:33:49.306660280
5346.0,7,09:33:49.306777010
5346.0,1,09:33:49.306826271
5346.0,2,09:33:49.306905150
5346.0,5,09:33:49.307018215
5346.0,1,09:33:49.307072801
5346.0,5,09:33:49.307431772
5346.0,1,09:33:49.307469353
5346.0,22,09:33:49.307792952
5346.0,1,09:33:49.307868078
5346.0,1,09:33:49.308118301
5346.0,1,09:33:49.309057584
5346.0,1,09:33:49.324641385
5346.0,1,09:33:49.325041992
5346.0,1,09:33:49.339708089
5346.0,2,09:33:49.364768801
5346.0,12,09:33:49.378536525
5346.0,1,09:33:49.405471778
5345.75,1,09:33:49.427927330
5346.0,5,09:33:49.502440807
5346.0,5,09:33:49.547013687
5346.0,66,09:33:49.548221744
5346.25,14,09:33:49.548221744
5346.0,3,09:33:49.548589644
5346.0,1,09:33:49.549270757
5346.25,1,09:33:49.557660229
5346.0,1,09:33:49.601720252
5346.25,14,09:33:49.614340471
5346.25,1,09:33:49.614464582
5346.25,5,09:33:49.614537717
5346.25,52,09:33:49.614738770
5346.25,1,09:33:49.615042463
5346.25,1,09:33:49.615548147
5346.25,1,09:33:49.615667298
5346.25,5,09:33:49.615753396
5346.25,1,09:33:49.615922103
5346.25,14,09:33:49.616269223
5346.25,1,09:33:49.623077242
5346.25,5,09:33:49.634322925
5346.0,1,09:33:49.705929383
5346.25,1,09:33:49.766298675
5346.25,31,09:33:49.788317460
5346.25,2,09:33:49.800519265
5346.25,22,09:33:49.800883943
5346.25,4,09:33:49.800971831
5346.25,1,09:33:49.800971831
5346.0,1,09:33:49.803611900
5346.0,1,09:33:49.837775320
5346.0,1,09:33:49.843796066
5346.0,2,09:33:49.863311351
5346.0,1,09:33:49.867585617
5346.0,1,09:33:49.902130952
5346.25,2,09:33:49.923971059
5346.25,1,09:33:49.961001305
5346.25,4,09:33:49.975207287
5346.25,1,09:33:49.989081611
5346.25,1,09:33:49.989263026
5346.25,1,09:33:49.989302723
5346.25,1,09:33:49.989368816
5346.25,1,09:33:49.989429304
5346.25,2,09:33:49.989463660
5346.25,3,09:33:49.989704557
5346.25,3,09:33:49.989752456
5346.25,2,09:33:49.990083554
5346.25,20,09:33:49.998470408
5346.25,3,09:33:49.998641118
5346.25,1,09:33:50.008094796
5346.25,3,09:33:50.008441610
5346.25,2,09:33:50.008775073
5346.25,1,09:33:50.008891520
5346.25,1,09:33:50.008934702
5346.25,2,09:33:50.008999260
5346.25,1,09:33:50.009032688
5346.25,2,09:33:50.009268263
5346.25,2,09:33:50.009444827
5346.25,2,09:33:50.009500723
5346.25,1,09:33:50.009580500
5346.25,1,09:33:50.009769775
5346.25,2,09:33:50.009940319
5346.25,1,09:33:50.010480490
5346.25,1,09:33:50.010661373
5346.25,1,09:33:50.013212717
5346.25,1,09:33:50.013388407
5346.25,4,09:33:50.013550788
5346.25,2,09:33:50.013593178
5346.25,1,09:33:50.013699233
5346.25,2,09:33:50.031319226
5346.25,1,09:33:50.031362677
5346.25,1,09:33:50.032458020
5346.25,1,09:33:50.032491448
5346.25,2,09:33:50.033636930
5346.25,1,09:33:50.035703886
5346.25,3,09:33:50.035884204
5346.25,1,09:33:50.035925549
5346.25,1,09:33:50.036106983
5346.25,1,09:33:50.036156424
5346.25,1,09:33:50.036242227
5346.25,3,09:33:50.036299102
5346.25,1,09:33:50.036299102
5346.25,3,09:33:50.036507615
5346.25,1,09:33:50.057081719
5346.25,8,09:33:50.057143960
5346.0,2,09:33:50.115456347
5346.25,1,09:33:50.116865918
5346.25,1,09:33:50.127135164
5346.0,1,09:33:50.139949547
5346.25,1,09:33:50.240694343
5346.25,20,09:33:50.279219019
5346.0,2,09:33:50.291349015
5346.25,8,09:33:50.325504365
5346.25,5,09:33:50.327584298
5346.0,3,09:33:50.350944217
5346.0,2,09:33:50.451169315
5346.0,2,09:33:50.486021483
5346.0,1,09:33:50.602786243
5346.0,2,09:33:50.634079308
5346.0,3,09:33:50.717678141
5346.0,1,09:33:50.881509865
5346.25,5,09:33:50.994823871
5346.0,2,09:33:51.003838374
5346.0,1,09:33:51.255389311
5346.25,4,09:33:51.463627412
5346.0,1,09:33:51.517598489
5346.25,14,09:33:51.548413528
5346.25,1,09:33:51.548652065
5346.25,26,09:33:51.549787430
5346.25,1,09:33:51.549883967
5346.25,1,09:33:51.549950554
5346.25,1,09:33:51.550112676
5346.25,4,09:33:51.550112676
5346.25,1,09:33:51.550295886
5346.25,6,09:33:51.550295886
5346.25,3,09:33:51.550295886
5346.25,3,09:33:51.550411111
5346.25,5,09:33:51.550411111
5346.25,2,09:33:51.550455729
5346.25,11,09:33:51.550663497
5346.25,1,09:33:51.550728512
5346.25,1,09:33:51.550838988
5346.25,2,09:33:51.551040973
5346.25,1,09:33:51.552561903
5346.25,1,09:33:51.552744345
5346.25,3,09:33:51.552797661
5346.25,1,09:33:51.558045690
5346.25,1,09:33:51.558370766
5346.25,1,09:33:51.635675324
5346.25,2,09:33:51.701878273
5346.25,2,09:33:51.701943913
5346.25,8,09:33:51.702064801
5346.25,1,09:33:51.702372056
5346.25,2,09:33:51.702653894
5346.5,1,09:33:51.766926651
5346.25,2,09:33:51.807575716
5346.25,4,09:33:51.835869179
5346.25,1,09:33:51.868730243
5346.25,25,09:33:51.910015795
5346.25,1,09:33:51.910129224
5346.25,4,09:33:51.910195882
5346.25,1,09:33:51.910195882
5346.25,1,09:33:51.910289698
5346.0,1,09:33:51.922088761
5346.0,1,09:33:51.957532336
5346.25,1,09:33:52.070794890
5346.25,1,09:33:52.288611303
5346.25,8,09:33:52.389903873
5346.25,7,09:33:52.390154099
5346.25,1,09:33:52.398704179
5346.25,10,09:33:52.399271268
5346.25,9,09:33:52.399571518
5346.25,1,09:33:52.399942974
5346.25,4,09:33:52.400003100
5346.25,20,09:33:52.513872924
5346.25,14,09:33:52.571870658
5346.25,1,09:33:52.571952734
5346.25,3,09:33:52.572032421
5346.25,1,09:33:52.572032421
5346.25,1,09:33:52.572361247
5346.25,2,09:33:52.602969441
5346.25,1,09:33:52.603135057
5346.25,1,09:33:52.627049660
5346.25,1,09:33:52.631113442
5346.25,2,09:33:52.646929130
5346.25,1,09:33:52.686941305
5346.0,15,09:33:52.755934700
5346.25,1,09:33:52.786648717
5346.25,3,09:33:52.816340256
5346.25,2,09:33:52.825907488
5346.25,5,09:33:52.849710559
5346.25,2,09:33:52.849915425
5346.25,1,09:33:52.850579387
5346.25,2,09:33:52.850655589
5346.25,4,09:33:52.850763147
5346.25,5,09:33:52.850763147
5346.25,1,09:33:52.850886026
5346.25,5,09:33:52.850886026
5346.25,3,09:33:52.850970206
5346.25,1,09:33:52.850970206
5346.25,3,09:33:52.851278623
5346.25,2,09:33:52.851340192
5346.25,1,09:33:52.851340192
5346.25,2,09:33:52.851457977
5346.25,8,09:33:52.851514343
5346.25,1,09:33:52.851614367
5346.25,1,09:33:52.860661305
5346.25,1,09:33:52.966037698
5346.25,20,09:33:52.983125712
5346.25,2,09:33:52.983282058
5346.25,3,09:33:52.983360178
5346.25,1,09:33:52.983453351
5346.25,3,09:33:52.983547759
5346.25,1,09:33:52.983575562
5346.25,1,09:33:52.983615339
5346.25,1,09:33:52.983672724
5346.25,4,09:33:52.983714219
5346.25,2,09:33:52.983755487
5346.25,3,09:33:52.983820699
5346.25,1,09:33:52.983889593
5346.25,1,09:33:52.983920420
5346.25,1,09:33:52.984206944
5346.25,1,09:33:53.110963995
5346.25,1,09:33:53.111235348
5346.25,2,09:33:53.153797059
5346.0,1,09:33:53.177880075
5346.25,1,09:33:53.199391561
5346.25,1,09:33:53.281251040
5346.25,1,09:33:53.304026913
5346.25,1,09:33:53.305510895
5346.25,7,09:33:53.307235393
5346.25,2,09:33:53.307463370
5346.25,4,09:33:53.307668397
5346.25,3,09:33:53.307668397
5346.25,2,09:33:53.307837796
5346.25,1,09:33:53.307837796
5346.25,3,09:33:53.307837796
5346.25,1,09:33:53.307910441
5346.25,4,09:33:53.307910441
5346.25,1,09:33:53.308118087
5346.25,3,09:33:53.314298067
5346.25,1,09:33:53.348733042
5346.25,2,09:33:53.357187446
5346.25,1,09:33:53.357821982
5346.25,1,09:33:53.408929149
5346.0,1,09:33:53.434174477
5346.25,3,09:33:53.497928090
5346.25,1,09:33:53.498070461
5346.25,2,09:33:53.500302097
5346.25,1,09:33:53.500439728
5346.25,3,09:33:53.500493159
5346.25,2,09:33:53.500603629
5346.25,1,09:33:53.500603629
5346.25,3,09:33:53.500712809
5346.25,5,09:33:53.500768797
5346.25,1,09:33:53.500768797
5346.25,1,09:33:53.500790010
5346.25,2,09:33:53.501106200
5346.25,1,09:33:53.503782333
5346.25,1,09:33:53.504541128
5346.25,1,09:33:53.507182427
5346.25,1,09:33:53.508972569
5346.5,3,09:33:53.511576525
5346.5,1,09:33:53.511586180
5346.25,4,09:33:53.517626343
5346.25,1,09:33:53.517784046
5346.25,2,09:33:53.517804887
5346.25,3,09:33:53.521623896
5346.25,2,09:33:53.530934032
5346.25,3,09:33:53.531820804
5346.25,1,09:33:53.579267949
5346.25,1,09:33:53.603180623
5346.25,4,09:33:53.640032020
5346.25,6,09:33:53.650125123
5346.25,1,09:33:53.650185632
5346.25,1,09:33:53.650600125
5346.25,2,09:33:53.650787738
5346.25,1,09:33:53.684915939
5346.5,1,09:33:53.703086554
5346.25,1,09:33:53.773313274
5346.5,1,09:33:53.837283048
5346.25,1,09:33:53.847367424
5346.5,1,09:33:53.875267407
5346.5,25,09:33:54.026922578
5346.5,1,09:33:54.213548317
5346.5,50,09:33:54.219930176
5346.25,1,09:33:54.407980463
5346.25,4,09:33:54.424418963
5346.25,1,09:33:54.424500792
5346.25,3,09:33:54.424500792
5346.25,4,09:33:54.424588240
5346.25,1,09:33:54.424698812
5346.25,5,09:33:54.424698812
5346.25,1,09:33:54.424965326
5346.25,1,09:33:54.425163311
5346.25,1,09:33:54.437821860
5346.25,2,09:33:54.449903896
5346.25,1,09:33:54.451786910
5346.25,3,09:33:54.452119783
5346.25,1,09:33:54.452552077
5346.25,2,09:33:54.455255488
5346.25,2,09:33:54.455417127
5346.25,2,09:33:54.455471786
5346.25,1,09:33:54.455812984
5346.25,1,09:33:54.455841657
5346.25,1,09:33:54.456722129
5346.25,7,09:33:54.460361623
5346.25,1,09:33:54.461097305
5346.25,6,09:33:54.461298307
5346.25,2,09:33:54.461339873
5346.25,1,09:33:54.461537064
5346.0,1,09:33:54.491379216
5346.25,5,09:33:54.521785706
5346.25,7,09:33:54.538930329
5346.5,1,09:33:54.745965516
5346.25,1,09:33:54.758697448
5346.25,2,09:33:54.906035076
5346.25,14,09:33:54.978562381
5346.25,1,09:33:54.978692109
5346.25,1,09:33:54.978747271
5346.25,3,09:33:54.978747271
5346.25,1,09:33:54.978831920
5346.25,2,09:33:54.978855938
5346.25,1,09:33:54.982234727
5346.25,1,09:33:55.362737905
5346.25,5,09:33:55.430433113
5346.5,8,09:33:55.566335055
5346.5,5,09:33:55.566493866
5346.5,1,09:33:55.566546798
5346.5,1,09:33:55.566577025
5346.5,3,09:33:55.566638352
5346.5,5,09:33:55.566713002
5346.5,13,09:33:55.566811331
5346.5,1,09:33:55.566907810
5346.5,1,09:33:55.583474812
5346.5,43,09:33:55.583904891
5346.5,1,09:33:55.584125228
5346.5,1,09:33:55.584249724
5346.5,35,09:33:55.584249724
5346.5,1,09:33:55.584394399
5346.5,1,09:33:55.585869113
5346.5,1,09:33:55.585995045
5346.5,9,09:33:55.586110993
5346.5,1,09:33:55.586110993
5346.5,2,09:33:55.587329297
5346.5,3,09:33:55.588516734
5346.5,2,09:33:55.590213434
5346.5,1,09:33:55.590502813
5346.5,1,09:33:55.590622223
5346.5,1,09:33:55.590779471
5346.5,2,09:33:55.590779471
5346.5,1,09:33:55.590808864
5346.5,1,09:33:55.590971299
5346.5,1,09:33:55.591184004
5346.5,1,09:33:55.591285050
5346.75,10,09:33:55.596099499
5346.75,1,09:33:55.596117985
5346.75,4,09:33:55.596117985
5346.75,1,09:33:55.793967296
5346.75,1,09:33:55.861393508
5346.75,1,09:33:55.870618795
5346.5,4,09:33:55.880765219
5346.5,1,09:33:55.917601994
5346.75,1,09:33:56.187176624
5346.75,9,09:33:56.197445730
5346.75,3,09:33:56.197596725
5346.75,8,09:33:56.197735793
5346.75,3,09:33:56.197950908
5346.75,1,09:33:56.197950908
5346.75,8,09:33:56.197950908
5346.75,1,09:33:56.198123232
5346.75,3,09:33:56.198123232
5346.75,2,09:33:56.198136076
5346.75,7,09:33:56.198313306
5346.75,1,09:33:56.198313306
5346.75,3,09:33:56.198313306
5346.75,2,09:33:56.198372280
5346.75,6,09:33:56.198434965
5346.75,1,09:33:56.198604061
5346.75,1,09:33:56.198657534
5346.75,1,09:33:56.198684568
5346.75,1,09:33:56.198866677
5346.75,1,09:33:56.206290903
5346.75,1,09:33:56.212215503
5346.75,4,09:33:56.212417826
5346.75,1,09:33:56.212550968
5346.75,3,09:33:56.212643866
5346.75,5,09:33:56.212834590
5346.75,22,09:33:56.213701923
5346.75,6,09:33:56.213847186
5346.75,1,09:33:56.213847186
5346.75,1,09:33:56.213900438
5346.75,2,09:33:56.213900438
5346.75,2,09:33:56.214070587
5346.75,1,09:33:56.214070587
5346.75,1,09:33:56.214233610
5346.75,1,09:33:56.214304700
5346.75,1,09:33:56.220972108
5346.75,4,09:33:56.238343577
5346.75,2,09:33:56.278524028
5346.75,2,09:33:56.299234103
5346.75,1,09:33:56.300085746
5346.75,32,09:33:56.401367656
5346.75,1,09:33:56.401570298
5346.75,2,09:33:56.401647710
5346.75,4,09:33:56.401703593
5346.75,4,09:33:56.401766925
5346.75,2,09:33:56.401850981
5346.75,1,09:33:56.402076259
5346.75,3,09:33:56.402224071
5346.75,7,09:33:56.402415697
5346.75,1,09:33:56.402534612
5346.75,2,09:33:56.402606200
5346.75,4,09:33:56.402908552
5346.75,1,09:33:56.402943187
5346.75,1,09:33:56.423040445
5346.75,1,09:33:56.423273743
5346.75,1,09:33:56.423321862
5346.75,1,09:33:56.423505353
5346.75,1,09:33:56.423552935
5347.0,1,09:33:56.429398816
5347.0,1,09:33:56.429408938
5346.75,1,09:33:56.430069572
5346.75,5,09:33:56.514544209
5346.75,4,09:33:56.598665213
5346.75,1,09:33:56.598705310
5346.75,1,09:33:56.916628012
5346.5,15,09:33:56.979515030
5346.75,5,09:33:57.078886143
5346.75,1,09:33:57.166873484
5346.75,1,09:33:57.195297766
5346.75,2,09:33:57.205079541
5346.75,1,09:33:57.241632310
5346.75,1,09:33:57.250411727
5346.75,1,09:33:57.265075867
5346.75,1,09:33:57.265270738
5346.75,3,09:33:57.265400602
5346.75,1,09:33:57.265548506
5346.75,3,09:33:57.265548506
5346.75,3,09:33:57.265583054
5346.75,1,09:33:57.265783881
5346.75,2,09:33:57.265822531
5346.75,7,09:33:57.265894325
5346.75,1,09:33:57.370189214
5346.75,2,09:33:57.644849412
5346.5,4,09:33:57.698959627
5346.5,1,09:33:57.699139394
5346.5,1,09:33:57.699242583
5346.5,2,09:33:57.699242583
5346.5,5,09:33:57.699242583
5346.5,7,09:33:57.699441313
5346.5,3,09:33:57.699441313
5346.5,1,09:33:57.699620368
5346.5,2,09:33:57.699620368
5346.5,8,09:33:57.699620368
5346.5,5,09:33:57.699620368
5346.5,3,09:33:57.699697693
5346.5,5,09:33:57.699697693
5346.5,6,09:33:57.699811002
5346.75,1,09:33:57.765697572
5346.75,1,09:33:57.919796495
5346.5,1,09:33:57.968637958
5346.75,1,09:33:57.996760073
5346.5,1,09:33:58.021678872
5346.75,2,09:33:58.452320986
5346.75,1,09:33:58.452584489
5346.75,2,09:33:58.453234070
5346.75,6,09:33:58.489515507
5346.75,3,09:33:58.489839002
5346.75,1,09:33:58.490021076
5346.75,8,09:33:58.490021076
5346.75,3,09:33:58.490099088
5346.75,4,09:33:58.490556899
5346.75,1,09:33:58.491457371
5346.75,1,09:33:58.500876466
5346.75,6,09:33:58.501091456
5346.75,12,09:33:58.501230156
5346.75,2,09:33:58.501377881
5346.75,2,09:33:58.501579287
5346.75,2,09:33:58.501692229
5346.75,1,09:33:58.501692229
5346.75,3,09:33:58.501749638
5346.75,2,09:33:58.501749638
5346.75,1,09:33:58.501816606
5346.75,5,09:33:58.526617067
5346.75,3,09:33:58.526787736
5346.75,1,09:33:58.527062379
5346.75,1,09:33:58.527101736
5346.75,3,09:33:58.527264037
5346.75,1,09:33:58.530158163
5346.75,9,09:33:58.675424093
5346.75,2,09:33:58.675479701
5346.75,1,09:33:58.675479701
5346.75,1,09:33:58.675815122
5346.75,2,09:33:58.676000860
5346.75,3,09:33:58.676091019
5346.75,3,09:33:58.676156917
5347.0,1,09:33:58.842323403
5346.75,5,09:33:58.842855439
5346.75,3,09:33:58.843091959
5346.75,2,09:33:58.843135691
5346.75,8,09:33:58.843409987
5346.5,7,09:33:58.843409987
5346.75,5,09:33:58.843601764
5346.75,1,09:33:58.843845337
5346.75,4,09:33:58.844091592
5346.75,4,09:33:58.844189626
5346.75,5,09:33:58.844451557
5346.75,1,09:33:58.844546778
5346.75,4,09:33:58.844546778
5346.75,1,09:33:58.844579950
5346.75,1,09:33:58.844595176
5346.75,1,09:33:58.844764005
5346.75,1,09:33:58.844791008
5346.75,11,09:33:58.854049322
5346.75,4,09:33:58.872972513
5346.75,1,09:33:58.889276553
5346.75,2,09:33:58.890587543
5346.75,1,09:33:58.890626362
5346.5,2,09:33:59.234695220
5346.75,1,09:33:59.263917773
5346.75,1,09:33:59.264878406
5346.75,2,09:33:59.265357530
5346.75,1,09:33:59.319007679
5346.75,7,09:33:59.352484100
5346.75,1,09:33:59.352608672
5346.75,1,09:33:59.352687640
5346.75,1,09:33:59.352896463
5346.75,2,09:33:59.352896463
5346.75,3,09:33:59.352896463
5346.75,5,09:33:59.353005873
5346.75,1,09:33:59.353005873
5346.75,1,09:33:59.353078823
5346.75,1,09:33:59.353252687
5346.75,2,09:33:59.353340732
5346.75,4,09:33:59.631374191
5346.75,1,09:33:59.631512949
5346.75,1,09:33:59.631601853
5346.75,1,09:33:59.631883395
5346.75,1,09:33:59.632059991
5346.5,1,09:33:59.638679017
5346.75,1,09:33:59.653702449
5346.75,8,09:33:59.653851190
5346.75,10,09:33:59.680421667
5346.75,1,09:33:59.680554471
5346.75,1,09:33:59.740123638
5346.5,5,09:33:59.902886981
5345.75,1,09:35:35.758837561
5345.75,6,09:35:35.758886464
5345.75,3,09:35:35.758928379
5345.75,6,09:35:35.759021929
5345.75,6,09:35:35.759150952
5345.75,1,09:35:35.759183284
5345.75,5,09:35:35.759248866
5345.75,6,09:35:35.759527646
5345.5,2,09:35:35.777077541
5345.75,1,09:35:35.971552724
5345.75,3,09:35:35.971733345
5345.75,1,09:35:35.971917486
5345.75,20,09:35:35.972058445
5345.75,1,09:35:35.972224030
5345.75,2,09:35:35.972303205
5345.75,1,09:35:35.972303205
5345.75,4,09:35:35.972377047
5345.75,1,09:35:35.972745532
5345.75,8,09:35:35.975433614
5345.75,5,09:35:35.975614201
5345.75,4,09:35:35.975732602
5345.75,1,09:35:35.975860967
5345.75,1,09:35:35.975906142
5345.75,7,09:35:35.976051255
5345.75,1,09:35:35.976171216
5345.75,2,09:35:35.976209069
5345.75,1,09:35:35.976308397
5346.0,1,09:35:36.080843114
5346.0,1,09:35:36.389976680
5346.0,1,09:35:36.393296056
5346.0,1,09:35:36.399968731
5346.0,1,09:35:36.403714173
5346.0,3,09:35:36.409379772
5346.0,12,09:35:36.409736202
5346.0,3,09:35:36.409852031
5346.0,2,09:35:36.409852031
5346.0,3,09:35:36.409884019
5346.0,1,09:35:36.410932869
5346.0,4,09:35:36.410963763
5346.0,2,09:35:36.412237200
5346.0,2,09:35:36.412329777
5346.0,1,09:35:36.412329777
5346.0,4,09:35:36.412459350
5346.0,1,09:35:36.412464764
5346.0,5,09:35:36.412889094
5346.0,1,09:35:36.413057664
5346.0,1,09:35:36.413148324
5346.0,1,09:35:36.413345548
5346.0,4,09:35:36.413496292
5346.0,1,09:35:36.413496292
5346.0,1,09:35:36.413551679
5346.0,1,09:35:36.413801153
5346.0,1,09:35:36.446670825
5346.0,17,09:35:36.502113934
5345.75,1,09:35:36.548218359
5346.0,1,09:35:36.701203466
5346.0,2,09:35:36.887008588
5346.0,1,09:35:36.887124773
5346.0,5,09:35:36.887146364
5346.0,2,09:35:36.888118219
5346.0,1,09:35:36.888148223
5346.0,12,09:35:36.888148223
5346.0,2,09:35:36.888158134
5346.0,2,09:35:36.888424646
5346.0,14,09:35:36.888711413
5346.0,2,09:35:36.888823070
5346.0,1,09:35:36.888969953
5346.0,1,09:35:36.895441180
5346.0,1,09:35:37.020653737
5346.0,4,09:35:37.465606664
5345.75,1,09:35:37.469737125
5346.0,1,09:35:37.520898831
5345.75,1,09:35:37.584318378
5345.75,2,09:35:37.585076318
5345.75,2,09:35:37.585291564
5345.75,15,09:35:37.585398660
5345.75,1,09:35:37.585501948
5345.75,1,09:35:37.585608708
5345.75,3,09:35:37.585719003
5345.75,1,09:35:37.585719003
5345.75,6,09:35:37.585823622
5345.75,2,09:35:37.585947017
5345.75,1,09:35:37.585947017
5345.75,1,09:35:37.586060564
5345.75,2,09:35:37.586211399
5345.75,1,09:35:37.586342180
5345.75,5,09:35:37.586342180
5345.75,1,09:35:37.586447696
5345.75,1,09:35:37.586775651
5345.75,1,09:35:37.586963872
5345.75,2,09:35:37.587070473
5345.75,2,09:35:37.594662098
5346.0,1,09:35:37.598068586
5345.75,6,09:35:37.614844825
5345.75,1,09:35:37.615030109
5345.75,1,09:35:37.615141349
5345.75,1,09:35:37.615443618
5345.75,2,09:35:37.615635494
5345.75,2,09:35:37.615740378
5345.75,1,09:35:37.627213228
5345.75,3,09:35:37.627410617
5345.75,1,09:35:37.627524214
5345.75,1,09:35:37.627620222
5345.75,1,09:35:37.669724309
5345.75,5,09:35:37.669894335
5345.75,1,09:35:37.670001450
5345.75,2,09:35:37.670103130
5345.75,2,09:35:37.670226025
5345.75,1,09:35:37.670333373
5345.75,1,09:35:37.670430355
5345.75,1,09:35:37.680851868
5345.75,1,09:35:37.838410872
5345.75,5,09:35:37.982252707
5345.75,3,09:35:37.982471930
5345.5,1,09:35:38.458929520
5345.75,6,09:35:38.744355695
5345.75,5,09:35:38.744750033
5345.75,1,09:35:38.744814126
5346.0,1,09:35:38.777797566
5346.0,1,09:35:38.942276112
5345.75,2,09:35:39.028010235
5346.0,1,09:35:39.072486175
5346.0,1,09:35:39.098306529
5346.0,1,09:35:39.195167554
5346.0,1,09:35:39.197340098
5346.0,1,09:35:39.222543966
5345.75,1,09:35:39.352832923
5345.75,2,09:35:39.660045160
5346.0,1,09:35:39.818386138
5346.0,1,09:35:39.910649393
5345.75,1,09:35:40.283929590
5346.0,1,09:35:40.287616477
5346.0,1,09:35:40.536303737
5345.75,1,09:35:40.598486239
5346.0,1,09:35:40.878804225
5345.75,2,09:35:41.262129117
5346.0,1,09:35:41.333895287
5346.0,1,09:35:41.551013615
5346.0,1,09:35:41.647967348
5346.0,1,09:35:41.668844866
5346.0,82,09:35:41.672781563
5346.0,1,09:35:41.685028917
5346.0,1,09:35:41.876672056
5346.0,8,09:35:41.963197543
5346.0,2,09:35:41.997343963
5346.25,2,09:35:42.079594021
5346.0,3,09:35:42.139799838
5346.0,1,09:35:42.139819759
5346.0,6,09:35:42.140055990
5346.0,14,09:35:42.140333472
5346.0,12,09:35:42.140341007
5346.0,2,09:35:42.140433461
5346.0,35,09:35:42.144072513
5346.0,2,09:35:42.144142932
5346.0,1,09:35:42.144244206
5346.0,16,09:35:42.144347370
5346.0,1,09:35:42.144411342
5346.0,1,09:35:42.144477468
5346.0,1,09:35:42.144510058
5346.0,1,09:35:42.144648317
5346.0,2,09:35:42.144787795
5346.0,6,09:35:42.144787795
5346.0,1,09:35:42.144787795
5346.0,4,09:35:42.144787795
5346.0,2,09:35:42.144812308
5346.0,6,09:35:42.145370628
5346.0,1,09:35:42.145447751
5346.0,9,09:35:42.145569938
5346.0,1,09:35:42.145694325
5346.0,5,09:35:42.145694325
5346.0,42,09:35:42.146102334
5346.0,6,09:35:42.146422461
5346.0,1,09:35:42.146491173
5346.0,1,09:35:42.146653727
5346.0,2,09:35:42.146695830
5346.0,1,09:35:42.146753153
5346.0,1,09:35:42.168225093
5346.0,1,09:35:42.180657868
5345.75,1,09:35:42.351892756
5346.0,2,09:35:43.035640823
5346.0,1,09:35:43.035688625
5346.0,2,09:35:43.035735093
5346.0,5,09:35:43.035831859
5346.0,20,09:35:43.035942073
5346.0,3,09:35:43.035942073
5346.0,1,09:35:43.035942073
5346.0,6,09:35:43.036066440
5346.0,2,09:35:43.036066440
5346.0,1,09:35:43.036066440
5346.0,4,09:35:43.036066440
5346.0,1,09:35:43.036442598
5346.0,1,09:35:43.036599920
5346.0,6,09:35:43.036768170
5346.0,6,09:35:43.036912675
5346.0,1,09:35:43.036912675
5346.0,15,09:35:43.037148075
5346.0,1,09:35:43.037274138
5346.0,1,09:35:43.037567967
5346.0,3,09:35:43.112928421
5346.0,1,09:35:43.267829571
5346.0,1,09:35:43.476920152
5346.0,2,09:35:43.476946869
5346.0,19,09:35:43.477257957
5346.0,8,09:35:43.477948726
5346.0,10,09:35:43.478261014
5346.0,1,09:35:43.479578685
5346.0,5,09:35:43.479741645
5346.0,2,09:35:43.479796776
5346.0,1,09:35:43.492944564
5346.0,2,09:35:43.516346520
5346.0,1,09:35:43.516484236
5346.0,5,09:35:43.516650386
5346.0,1,09:35:43.564734638
5346.25,1,09:35:43.947291206
5346.25,1,09:35:44.099653723
5346.25,1,09:35:44.193330868
5346.25,45,09:35:44.194957611
5346.25,1,09:35:44.195026906
5346.25,6,09:35:44.195026906
5346.25,2,09:35:44.195450354
5346.25,3,09:35:44.195551496
5346.25,11,09:35:44.195551496
5346.25,2,09:35:44.196224661
5346.25,14,09:35:44.206495844
5346.25,1,09:35:44.206668785
5346.25,3,09:35:44.206750608
5346.25,1,09:35:44.206999288
5346.25,6,09:35:44.207145992
5346.25,1,09:35:44.207145992
5346.25,12,09:35:44.207479797
5346.25,1,09:35:44.207633762
5346.25,1,09:35:44.207720678
5346.25,2,09:35:44.208953536
5346.25,7,09:35:44.209117267
5346.25,3,09:35:44.209161833
5346.25,1,09:35:44.209303069
5346.25,3,09:35:44.209383966
5346.25,2,09:35:44.209383966
5346.25,2,09:35:44.209498244
5346.25,3,09:35:44.209498244
5346.25,1,09:35:44.209525685
5346.25,1,09:35:44.209763993
5346.25,1,09:35:44.209897845
5346.25,1,09:35:44.209924444
5346.25,2,09:35:44.210026508
5346.25,6,09:35:44.210409769
5346.25,1,09:35:44.210571891
5346.25,1,09:35:44.210656696
5346.25,7,09:35:44.210886381
5346.25,3,09:35:44.211031484
5346.25,1,09:35:44.256235237
5346.25,1,09:35:44.275156655
5346.25,12,09:35:44.275544397
5346.25,1,09:35:44.275869361
5346.25,24,09:35:44.359217754
5346.25,6,09:35:44.359298482
5346.25,1,09:35:44.359487333
5346.25,1,09:35:44.371965755
5346.25,1,09:35:44.380590674
5346.25,2,09:35:44.380752505
5346.25,15,09:35:44.380901151
5346.5,1,09:35:44.387229157
5346.5,2,09:35:44.387241234
5346.5,1,09:35:44.403903192
5346.5,1,09:35:44.506060989
5346.5,1,09:35:44.546059232
5346.5,2,09:35:44.546098358
5346.5,4,09:35:44.551829959
5346.5,1,09:35:44.551858888
5346.5,1,09:35:44.551894185
5346.5,2,09:35:44.551946899
5346.5,3,09:35:44.551988566
5346.5,6,09:35:44.553114631
5346.5,2,09:35:44.553157861
5346.5,5,09:35:44.553243642
5346.5,4,09:35:44.553306747
5346.5,3,09:35:44.553306747
5346.5,1,09:35:44.553367932
5346.5,3,09:35:44.553429792
5346.5,1,09:35:44.553429792
5346.5,1,09:35:44.553458555
5346.5,1,09:35:44.553540169
5346.5,1,09:35:44.553561248
5346.5,5,09:35:44.553619508
5346.5,1,09:35:44.553655771
5346.5,9,09:35:44.553704842
5346.5,3,09:35:44.553765284
5346.5,1,09:35:44.553946402
5346.5,1,09:35:44.553993385
5346.5,3,09:35:44.554483049
5346.5,1,09:35:44.561463846
5346.5,1,09:35:44.562515115
5346.5,1,09:35:44.562542399
5346.5,1,09:35:44.563448868
5346.5,1,09:35:44.566798248
5346.5,1,09:35:44.567038064
5346.5,1,09:35:44.570346780
5346.5,1,09:35:44.572598166
5346.5,4,09:35:44.572882879
5346.5,4,09:35:44.573099914
5346.5,1,09:35:44.573401072
5346.5,1,09:35:44.573608091
5346.5,1,09:35:44.573643794
5346.5,2,09:35:44.573690070
5346.5,3,09:35:44.573725136
5346.5,2,09:35:44.573766810
5346.5,1,09:35:44.573795697
5346.5,1,09:35:44.574009708
5346.5,1,09:35:44.574094462
5346.5,1,09:35:44.574220644
5346.5,7,09:35:44.574346601
5346.5,2,09:35:44.574500259
5346.5,1,09:35:44.574723169
5346.5,3,09:35:44.574829370
5346.5,3,09:35:44.574862909
5346.5,3,09:35:44.575038282
5346.5,1,09:35:44.575114117
5346.5,1,09:35:44.575141655
5346.5,3,09:35:44.636633389
5346.5,1,09:35:44.636869228
5346.5,1,09:35:44.637029337
5346.5,1,09:35:44.637078599
5346.5,8,09:35:44.637183186
5346.5,1,09:35:44.637258951
5346.5,1,09:35:44.637435556
5346.5,5,09:35:44.641475186
5346.5,6,09:35:44.642273535
5346.5,4,09:35:44.642631078
5346.5,1,09:35:44.642672772
5346.5,1,09:35:44.642753584
5346.5,11,09:35:44.643055366
5346.5,3,09:35:44.643291018
5346.75,10,09:35:44.959154811
5346.75,1,09:35:44.959167983
5346.75,11,09:35:44.959497743
5346.75,4,09:35:44.959811199
5346.75,4,09:35:44.959941621
5346.75,5,09:35:44.960114475
5346.75,3,09:35:44.960114475
5346.75,2,09:35:44.960114475
5346.75,6,09:35:44.960144520
5346.75,1,09:35:44.960323804
5346.75,1,09:35:44.967673873
5346.5,1,09:35:45.007465576
5346.75,1,09:35:45.079668104
5346.75,1,09:35:45.227053651
5346.75,1,09:35:45.330663096
5346.75,1,09:35:45.361044934
5346.75,1,09:35:45.372086714
5346.75,3,09:35:45.399061092
5346.5,28,09:35:45.488461765
5346.5,1,09:35:45.488694421
5346.5,1,09:35:45.488785318
5346.5,1,09:35:45.489009332
5346.5,1,09:35:45.489097091
5346.5,6,09:35:45.489097091
5346.5,30,09:35:45.489202846
5346.5,1,09:35:45.489372661
5346.5,2,09:35:45.489460948
5346.5,3,09:35:45.489460948
5346.75,1,09:35:45.490713193
5346.75,1,09:35:45.614061924
5346.5,16,09:35:45.753511467
5346.5,4,09:35:45.753695096
5346.5,1,09:35:45.753817406
5346.5,2,09:35:45.753817406
5346.5,4,09:35:45.753817406
5346.5,10,09:35:45.753869436
5346.5,4,09:35:45.801273994
5346.5,2,09:35:45.801315777
5346.5,2,09:35:45.801414675
5346.5,3,09:35:45.801414675
5346.5,1,09:35:45.801441696
5346.5,2,09:35:45.801475303
5346.75,1,09:35:45.854615093
5346.75,1,09:35:46.250195512
5346.75,1,09:35:46.327723802
5346.75,1,09:35:46.361714490
5346.5,10,09:35:46.470977460
5346.75,1,09:35:46.534437751
5346.75,2,09:35:46.593309686
5346.5,4,09:35:46.646064588
5346.75,1,09:35:46.670873519
5346.75,1,09:35:46.679449394
5346.75,2,09:35:46.769705706
5346.75,1,09:35:46.894978316
5346.75,1,09:35:46.900480465
5346.75,35,09:35:46.900984798
5346.75,9,09:35:46.901118974
5346.75,2,09:35:46.901118974
5346.75,3,09:35:46.901655948
5346.75,2,09:35:46.901655948
5346.75,1,09:35:46.901655948
5346.75,4,09:35:46.901818398
5346.75,3,09:35:46.901818398
5346.75,1,09:35:46.901818398
5346.75,5,09:35:46.901818398
5346.75,6,09:35:46.902186784
5346.75,1,09:35:46.902504240
5346.75,1,09:35:46.902842132
5346.75,10,09:35:46.902842132
5346.75,4,09:35:46.902842132
5346.75,1,09:35:46.903109094
5346.75,1,09:35:46.903384977
5346.75,5,09:35:46.903384977
5346.75,1,09:35:46.903430796
5346.75,2,09:35:46.903636097
5346.75,1,09:35:46.903703781
5346.75,1,09:35:46.903798131
5346.75,20,09:35:46.903886994
5346.75,15,09:35:46.903946721
5346.75,5,09:35:46.904091008
5347.0,1,09:35:46.920976576
5347.0,2,09:35:46.920986848
5347.0,1,09:35:47.020749205
5346.75,3,09:35:47.335768043
5347.0,2,09:35:47.364893797
5347.0,1,09:35:47.384455057
5346.75,3,09:35:47.385037105
5347.0,1,09:35:47.415281634
5347.0,1,09:35:47.422201415
5347.0,1,09:35:47.521222620
5347.0,1,09:35:47.737292022
5347.0,1,09:35:47.772714552
5347.0,2,09:35:47.967309397
5346.75,1,09:35:47.983973854
5347.0,50,09:35:48.007340848
5347.0,6,09:35:48.007711506
5347.0,2,09:35:48.007841834
5347.0,3,09:35:48.007841834
5347.0,7,09:35:48.007902098
5347.0,5,09:35:48.007956422
5347.0,1,09:35:48.008067759
5347.0,35,09:35:48.008192043
5347.0,1,09:35:48.008346047
5347.0,1,09:35:48.008406569
5347.0,1,09:35:48.008591893
5347.0,1,09:35:48.008706284
5347.0,1,09:35:48.016494950
5347.0,1,09:35:48.032761588
5347.0,13,09:35:48.032790398
5347.0,4,09:35:48.032852953
5347.0,2,09:35:48.032902582
5347.0,3,09:35:48.032949933
5347.0,1,09:35:48.033420186
5347.0,6,09:35:48.269818221
5347.0,1,09:35:48.321383448
5347.0,1,09:35:48.334825702
5347.0,2,09:35:48.334897191
5347.0,1,09:35:48.335023635
5347.0,9,09:35:48.335023635
5347.0,5,09:35:48.335082695
5347.0,1,09:35:48.335137936
5347.0,1,09:35:48.335411221
5347.0,1,09:35:48.370373272
5346.75,1,09:35:48.371428807
5347.0,2,09:35:48.792341643
5347.0,1,09:35:48.952282730
5347.0,1,09:35:49.333410790
5347.0,4,09:35:49.333584695
5347.0,11,09:35:49.333715416
5347.0,1,09:35:49.333843310
5347.0,1,09:35:49.340323957
5347.0,2,09:35:49.480233725
5347.0,1,09:35:49.481242500
5347.0,1,09:35:49.481318006
5347.0,3,09:35:49.481756667
5347.0,12,09:35:49.481957842
5347.0,5,09:35:49.481982940
5347.0,1,09:35:49.482217828
5347.0,2,09:35:49.482434070
5347.0,1,09:35:49.482434070
5347.0,3,09:35:49.482434070
5347.0,4,09:35:49.482702724
5347.0,2,09:35:49.482746351
5347.0,4,09:35:49.482875374
5347.0,1,09:35:49.483149303
5347.0,1,09:35:49.483275430
5347.0,1,09:35:49.483409792
5347.0,3,09:35:49.486373160
5347.0,12,09:35:49.486775766
5347.0,6,09:35:49.487054910
5347.0,1,09:35:49.488515626
5347.0,6,09:35:49.541170436
5347.0,1,09:35:49.774728897
5347.25,2,09:35:49.775559163
5347.25,1,09:35:49.866509423
5347.0,1,09:35:50.265547379
5347.25,1,09:35:50.265774606
5347.25,1,09:35:50.317249978
5347.25,1,09:35:50.329647572
5347.25,1,09:35:50.418139568
5347.25,10,09:35:50.434820378
5347.25,1,09:35:50.599232866
5347.0,12,09:35:50.617606285
5347.0,5,09:35:50.617802254
5347.0,6,09:35:50.617904822
5347.0,4,09:35:50.618126462
5347.0,1,09:35:50.618190521
5347.0,1,09:35:50.618286651
5347.0,1,09:35:50.618565354
5347.25,1,09:35:50.736219782
5347.25,1,09:35:50.877655057
5347.0,8,09:35:50.880622064
5347.0,5,09:35:50.880816371
5347.0,2,09:35:50.880876770
5347.0,1,09:35:50.880876770
5347.0,1,09:35:50.880911398
5347.0,2,09:35:50.892115159
5347.0,1,09:35:50.892216163
5347.0,3,09:35:50.892318162
5347.0,4,09:35:50.892581981
5347.0,1,09:35:50.892761742
5347.0,4,09:35:50.892823778
5347.0,1,09:35:50.923399353
5347.0,4,09:35:50.923607814
5347.0,1,09:35:50.923652990
5347.0,3,09:35:50.923839109
5347.0,1,09:35:50.923899356
5347.0,1,09:35:50.924075600
5347.0,1,09:35:50.931738442
5347.0,3,09:35:50.939572010
5347.0,1,09:35:50.939605883
5347.25,2,09:35:51.017219505
5347.25,3,09:35:51.314263293
5347.25,1,09:35:51.327009829
5347.25,1,09:35:51.332363360
5347.25,1,09:35:51.334762759
5347.25,1,09:35:51.335063687
5347.25,1,09:35:51.339410337
5347.25,1,09:35:51.427269121
5347.25,20,09:35:51.479603072
5347.5,10,09:35:52.014585526
5347.5,5,09:35:52.014602409
5347.5,1,09:35:52.014602409
5347.5,4,09:35:52.014823879
5347.5,4,09:35:52.014916927
5347.5,4,09:35:52.015139463
5347.5,2,09:35:52.015139463
5347.5,11,09:35:52.015296563
5347.5,3,09:35:52.015296563
5347.5,2,09:35:52.015296563
5347.5,5,09:35:52.015360911
5347.5,2,09:35:52.015360911
5347.5,1,09:35:52.015619844
5347.5,34,09:35:52.015619844
5347.5,27,09:35:52.015722083
5347.5,2,09:35:52.015862249
5347.5,1,09:35:52.015914586
5347.5,1,09:35:52.016010901
5347.5,1,09:35:52.016062221
5347.5,1,09:35:52.016155186
5347.5,3,09:35:52.016207324
5347.5,3,09:35:52.016365011
5347.5,1,09:35:52.016547258
5347.5,3,09:35:52.016547258
5347.5,3,09:35:52.016576858
5347.5,1,09:35:52.016739917
5347.5,3,09:35:52.016948933
5347.5,4,09:35:52.016948933
5347.5,1,09:35:52.017098629
5347.5,1,09:35:52.017233163
5347.5,1,09:35:52.017238930
5347.5,1,09:35:52.023068890
5347.5,7,09:35:52.030606415
5347.5,1,09:35:52.030862883
5347.5,1,09:35:52.030913965
5347.75,2,09:35:52.090400022
5347.75,1,09:35:52.090415650
5347.75,4,09:35:52.090415650
5347.5,2,09:35:52.116071297
5347.5,3,09:35:52.116963209
5347.5,2,09:35:52.117128388
5347.5,6,09:35:52.117524923
5347.5,1,09:35:52.117557595
5347.5,1,09:35:52.117747756
5347.5,1,09:35:52.117948272
5347.5,1,09:35:52.119653526
5347.5,7,09:35:52.119880295
5347.5,1,09:35:52.119958504
5347.5,1,09:35:52.120057768
5347.5,1,09:35:52.120105609
5347.5,2,09:35:52.133108952
5347.5,12,09:35:52.135523974
5347.5,1,09:35:52.135569171
5347.5,4,09:35:52.135653205
5347.5,1,09:35:52.135754247
5347.5,1,09:35:52.148606195
5347.5,1,09:35:52.149475951
5347.5,1,09:35:52.149651759
5347.5,1,09:35:52.149770897
5347.5,1,09:35:52.149923003
5347.5,20,09:35:52.149999548
5347.5,6,09:35:52.150158396
5347.5,4,09:35:52.150331561
5347.5,7,09:35:52.164854174
5347.5,1,09:35:52.451782588
5347.5,1,09:35:52.763208147
5347.5,25,09:35:52.788416501
5347.5,13,09:35:52.788639171
5347.5,2,09:35:52.789111207
5347.5,1,09:35:52.803448340
5347.5,1,09:35:52.954576731
5347.5,6,09:35:52.966643403
5347.75,2,09:35:52.990574153
5347.5,48,09:35:52.990574153
5347.5,1,09:35:52.991043152
5347.5,1,09:35:52.991126209
5347.5,11,09:35:52.991415328
5347.5,5,09:35:52.991566667
5347.5,2,09:35:52.991566667
5347.5,1,09:35:53.008274167
5347.5,1,09:35:53.035824863
5347.5,7,09:35:53.081238701
5347.75,66,09:35:53.099240150
5347.75,6,09:35:53.099811000
5347.75,9,09:35:53.099895562
5347.75,1,09:35:53.099895562
5347.75,19,09:35:53.114101134
5347.75,10,09:35:53.117728187
5347.75,5,09:35:53.117861639
5347.75,1,09:35:53.117993549
5347.75,1,09:35:53.118499271
5348.0,10,09:35:53.165787666
5348.0,2,09:35:53.165804080
5348.0,1,09:35:53.165804080
5348.0,9,09:35:53.165804080
5348.0,4,09:35:53.165804080
5348.0,2,09:35:53.165809785
5348.0,1,09:35:53.165809785
5348.0,4,09:35:53.165809785
5348.0,1,09:35:53.166365573
5348.0,1,09:35:53.179816986
5347.75,23,09:35:53.181284785
5348.0,1,09:35:53.184784488
5348.0,3,09:35:53.191503803
5348.0,1,09:35:53.191812226
5348.0,1,09:35:53.197330830
5348.0,4,09:35:53.197741670
5348.0,4,09:35:53.198051741
5348.0,1,09:35:53.202342163
5348.0,1,09:35:53.259397101
5347.75,1,09:35:53.270730206
5348.0,2,09:35:53.287784639
5347.75,6,09:35:53.438311162
5347.75,1,09:35:53.505140832
5347.75,2,09:35:53.584119410
5348.0,1,09:35:53.651616309
5348.0,1,09:35:53.651930655
5347.75,1,09:35:53.664692633
5348.0,1,09:35:53.764363218
5348.0,5,09:35:53.798152885
5348.0,1,09:35:53.809122283
5347.75,2,09:35:53.823356298
5348.0,1,09:35:53.832724256
5348.0,5,09:35:53.879620423
5348.0,1,09:35:53.953325467
5348.0,20,09:35:53.953817723
5348.0,12,09:35:53.953817723
5348.0,1,09:35:53.953817723
5348.0,20,09:35:53.954554679
5348.0,21,09:35:53.955089359
5348.25,1,09:35:53.958340516
5348.25,4,09:35:53.958368231
5348.25,1,09:35:53.958368231
5348.25,8,09:35:53.958368231
5348.25,1,09:35:53.964729857
5348.25,1,09:35:53.991723608
5348.25,1,09:35:54.039367454
5348.25,1,09:35:54.134073551
5348.25,1,09:35:54.154750237
5348.25,1,09:35:54.247538574
5348.25,1,09:35:54.251839720
5348.25,1,09:35:54.261911024
5348.0,1,09:35:54.383434097
5348.0,4,09:35:54.383604241
5348.0,40,09:35:54.383823714
5348.0,5,09:35:54.384059500
5348.0,9,09:35:54.384059500
5348.0,1,09:35:54.384375053
5348.0,2,09:35:54.384455848
5348.0,6,09:35:54.384455848
5348.0,5,09:35:54.384592168
5348.0,1,09:35:54.384844525
5348.0,1,09:35:54.384917307
5348.0,1,09:35:54.385168119
5348.0,6,09:35:54.420147301
5348.25,1,09:35:54.455253774
5348.25,1,09:35:54.556262548
5348.25,2,09:35:54.557095474
5348.0,1,09:35:54.685217491
5348.0,2,09:35:54.685463807
5348.0,2,09:35:54.685544508
5348.0,1,09:35:54.685544508
5348.0,4,09:35:54.685706406
5348.0,5,09:35:54.685833384
5348.0,2,09:35:54.685833384
5348.0,7,09:35:54.685833384
5348.25,1,09:35:54.690822465
5348.25,1,09:35:54.745361275
5348.0,28,09:35:54.762916803
5348.0,3,09:35:54.804798821
5348.0,2,09:35:54.804905496
5348.0,1,09:35:54.805091167
5348.0,1,09:35:54.805181641
5348.0,1,09:35:54.805237394
5348.0,1,09:35:54.812899314
5348.0,8,09:35:54.820409859
5348.0,1,09:35:54.863342724
5348.0,1,09:35:54.910642291
5348.0,2,09:35:54.939139838
5348.0,1,09:35:55.173328827
5348.0,1,09:35:55.245672005
5347.75,6,09:35:55.250646323
5347.75,1,09:35:55.250877189
5347.75,2,09:35:55.250918460
5347.75,2,09:35:55.251022702
5347.75,1,09:35:55.251065368
5347.75,4,09:35:55.251177902
5347.75,3,09:35:55.251268716
5347.75,6,09:35:55.251268716
5347.75,12,09:35:55.251268716
5347.75,4,09:35:55.251318067
5347.75,2,09:35:55.251318067
5347.75,5,09:35:55.251370168
5347.75,3,09:35:55.251370168
5347.75,2,09:35:55.251438656
5347.75,4,09:35:55.251438656
5347.75,3,09:35:55.251490023
5347.75,2,09:35:55.251490023
5347.75,5,09:35:55.251583167
5347.75,5,09:35:55.251655847
5347.75,1,09:35:55.251734636
5347.75,18,09:35:55.256880093
5347.75,5,09:35:55.257089633
5347.75,9,09:35:55.257375108
5347.75,1,09:35:55.257746972
5347.75,1,09:35:55.257828531
5347.75,1,09:35:55.258339588
5347.75,3,09:35:55.258339588
5347.75,6,09:35:55.258339588
5347.75,1,09:35:55.264017812
5347.75,8,09:35:55.282379614
5347.75,1,09:35:55.282655141
5347.75,1,09:35:55.282799946
5347.75,9,09:35:55.283631669
5347.75,16,09:35:55.327711996
5347.75,1,09:35:55.327955077
5347.75,1,09:35:55.327996181
5347.75,1,09:35:55.330143060
5347.75,5,09:35:55.330445565
5347.75,1,09:35:55.331592072
5347.75,1,09:35:55.331873027
5347.75,2,09:35:55.331873027
5347.75,2,09:35:55.332496144
5347.75,1,09:35:55.332496144
5347.75,5,09:35:55.332496144
5347.75,4,09:35:55.332496144
5347.75,6,09:35:55.333278275
5347.75,1,09:35:55.333308063
5347.75,1,09:35:55.333616106
5348.0,2,09:35:55.338721139
5348.0,1,09:35:55.355212938
5347.75,8,09:35:55.376911589
5347.75,1,09:35:55.377081388
5347.75,1,09:35:55.390251138
5347.75,1,09:35:55.395872723
5347.5,1,09:35:55.499107879
5347.5,1,09:35:55.499118090
5347.75,4,09:35:55.682997830
5347.75,1,09:35:55.767323304
5347.75,1,09:35:55.784980741
5347.75,1,09:35:55.797807505
5347.75,1,09:35:55.923220582
5347.5,1,09:35:55.947917153
5347.75,3,09:35:56.128908873
5347.75,1,09:35:56.233839561
5347.75,2,09:35:56.257065120
5347.75,3,09:35:56.257246240
5347.75,5,09:35:56.257324277
5347.75,5,09:35:56.257654302
5347.75,1,09:35:56.257830822
5347.75,7,09:35:56.258116427
5347.75,1,09:35:56.258342458
5347.75,1,09:35:56.258436216
5347.75,1,09:35:56.258539923
5347.75,3,09:35:56.258633673
5347.75,31,09:35:56.271183548
5347.75,1,09:35:56.278031241
5347.75,1,09:35:56.338418248
5347.75,1,09:35:56.344185465
5347.75,1,09:35:56.344260664
5347.75,2,09:35:56.344314504
5347.75,2,09:35:56.344555636
5348.0,1,09:35:56.352845966
5348.0,5,09:35:56.430551015
5348.0,1,09:35:56.430721802
5348.0,3,09:35:56.430860084
5348.0,5,09:35:56.430860084
5348.0,4,09:35:56.430860084
5348.0,6,09:35:56.431115109
5348.0,1,09:35:56.431300956
5348.0,11,09:35:56.431468563
5348.0,3,09:35:56.431527076
5348.0,3,09:35:56.432069012
5348.0,4,09:35:56.432191982
5348.0,11,09:35:56.432191982
5348.0,4,09:35:56.432317552
5348.0,3,09:35:56.432523349
5348.0,2,09:35:56.538707513
5348.0,1,09:35:56.538727312
5348.0,5,09:35:56.538931738
5348.0,1,09:35:56.538976923
5348.0,1,09:35:56.539244096
5348.0,1,09:35:56.539281466
5348.0,2,09:35:56.539437630
5348.0,5,09:35:56.539541747
5348.0,1,09:35:56.539583086
5348.0,7,09:35:56.539769230
5348.0,2,09:35:56.539959826
5348.0,1,09:35:56.553116513
5348.0,3,09:35:56.553322558
5348.0,1,09:35:56.553599352
5348.0,1,09:35:56.553799810
5348.0,1,09:35:56.554186090
5348.0,1,09:35:56.554348218
5348.0,2,09:35:56.554407595
5348.0,15,09:35:56.892878089
5348.0,2,09:35:56.998589458
5348.0,1,09:35:57.044192296
5347.75,2,09:35:57.071684655
5347.75,1,09:35:57.071696594
5347.75,2,09:35:57.071850396
5347.75,2,09:35:57.071900221
5347.75,1,09:35:57.071937520
5347.75,5,09:35:57.072075635
5347.75,23,09:35:57.072191125
5347.75,1,09:35:57.263619339
5347.75,1,09:35:57.372008807
5347.75,1,09:35:57.409121839
5347.75,1,09:35:57.628548913
5347.75,2,09:35:57.682207303
5347.75,2,09:35:57.682947562
5347.75,1,09:35:57.683124778
5347.75,2,09:35:57.683417945
5347.75,1,09:35:57.683745705
5347.75,1,09:35:57.692360452
5347.75,11,09:35:57.745291576
5347.75,1,09:35:57.745635784
5348.0,1,09:35:57.781802958
5348.0,3,09:35:57.975862399
5347.75,1,09:35:58.051485321
5347.75,1,09:35:58.122957110
5347.75,6,09:35:58.123047380
5347.75,1,09:35:58.123236770
5347.75,8,09:35:58.123346869
5347.75,5,09:35:58.123561711
5347.75,2,09:35:58.123693720
5347.75,4,09:35:58.123763844
5347.75,4,09:35:58.170277702
5347.75,2,09:35:58.170382683
5347.75,2,09:35:58.170624106
5347.75,1,09:35:58.170730866
5347.75,5,09:35:58.170730866
5347.75,1,09:35:58.170950743
5347.75,3,09:35:58.170950743
5347.75,6,09:35:58.171334699
5347.75,2,09:35:58.171604155
5347.75,5,09:35:58.171719984
5347.75,2,09:35:58.171719984
5347.75,1,09:35:58.171719984
5347.75,4,09:35:58.171851161
5347.75,1,09:35:58.171851161
5347.75,3,09:35:58.172136127
5347.75,1,09:35:58.172182348
5347.75,1,09:35:58.172325203
5347.75,2,09:35:58.174916894
5347.75,11,09:35:58.249162482
5347.75,1,09:35:58.367256270
5347.75,20,09:35:58.388661166
5347.75,1,09:35:58.388690804
5347.75,3,09:35:58.388807549
5347.75,2,09:35:58.388863996
5347.75,2,09:35:58.389094730
5347.75,1,09:35:58.389188322
5347.75,2,09:35:58.389188322
5347.75,4,09:35:58.389276049
5347.75,1,09:35:58.389348523
5347.75,1,09:35:58.389475950
5347.75,1,09:35:58.437301736
5347.75,5,09:35:58.463298821
5347.75,2,09:35:58.463757160
5347.75,3,09:35:58.463843795
5347.75,1,09:35:58.463843795
5347.75,1,09:35:58.463992671
5347.75,1,09:35:58.551843621
5347.75,5,09:35:58.589715690
5347.75,1,09:35:58.646450459
5347.75,1,09:35:58.662260903
5347.75,4,09:35:58.759789900
5347.75,13,09:35:58.838499810
5347.75,1,09:35:58.839659030
5347.75,3,09:35:58.839789236
5347.75,1,09:35:58.839789236
5347.75,2,09:35:58.839789236
5347.75,2,09:35:58.882389674
5347.75,6,09:35:58.882752695
5347.75,5,09:35:58.883010570
5347.75,2,09:35:58.883077778
5347.75,1,09:35:58.896735016
5347.75,1,09:35:58.962294239
5347.5,1,09:35:59.092633021
5347.75,1,09:35:59.159481632
5347.75,7,09:35:59.159567343
5347.75,1,09:35:59.159849349
5347.75,20,09:35:59.160111734
5347.75,2,09:35:59.160159034
5347.75,1,09:35:59.160243587
5347.75,1,09:35:59.160502306
5347.75,2,09:35:59.288769939
5347.75,1,09:35:59.386807285
5347.75,1,09:35:59.429706806
5347.75,1,09:35:59.639550043
5347.75,1,09:35:59.643246505
5347.75,50,09:35:59.658731041
5347.75,1,09:35:59.659106876
5347.75,4,09:35:59.659195632
5347.75,5,09:35:59.659195632
5347.75,1,09:35:59.659414351
5347.75,4,09:35:59.659544574
5347.5,2,09:35:59.929747894
5347.75,1,09:35:59.976852884
5344.0,1,09:37:30.946546270
5344.0,2,09:37:30.946546270
5344.0,1,09:37:30.946556751
5344.0,20,09:37:30.946556751
5344.0,1,09:37:30.946563280
5344.0,3,09:37:30.946570268
5344.0,1,09:37:30.946578544
5344.0,16,09:37:30.946583667
5344.0,1,09:37:30.946588473
5344.0,1,09:37:30.946595654
5344.0,1,09:37:30.946601990
5344.0,1,09:37:30.946609643
5344.0,1,09:37:30.956881997
5344.0,1,09:37:30.976321410
5344.0,1,09:37:30.978653107
5344.0,5,09:37:30.989162421
5344.25,1,09:37:31.009915950
5344.25,1,09:37:31.054278333
5344.0,2,09:37:31.056656535
5344.25,1,09:37:31.128687921
5344.0,1,09:37:31.156541596
5344.0,1,09:37:31.245191279
5344.25,1,09:37:31.262444686
5344.0,1,09:37:31.326832521
5344.25,25,09:37:31.328736004
5344.25,8,09:37:31.329034643
5344.25,4,09:37:31.329197143
5344.25,6,09:37:31.329197143
5344.25,1,09:37:31.329369786
5344.0,2,09:37:31.342266060
5344.0,2,09:37:31.366645200
5344.25,1,09:37:31.410940142
5344.0,7,09:37:31.494723355
5344.0,5,09:37:31.494767073
5344.0,1,09:37:31.494804236
5344.0,49,09:37:31.495080837
5344.0,1,09:37:31.496388560
5344.0,6,09:37:31.496573514
5344.0,4,09:37:31.496749433
5344.0,1,09:37:31.496749433
5344.0,5,09:37:31.496749433
5344.0,5,09:37:31.496845101
5344.0,6,09:37:31.496845101
5344.0,5,09:37:31.496968658
5344.0,1,09:37:31.497266271
5344.0,4,09:37:31.497266271
5344.0,3,09:37:31.497266271
5344.0,1,09:37:31.497293045
5344.0,1,09:37:31.497615077
5344.0,2,09:37:31.497615077
5344.0,4,09:37:31.497758716
5344.0,7,09:37:31.497758716
5344.0,1,09:37:31.497758716
5344.0,3,09:37:31.497815229
5344.0,3,09:37:31.497928328
5344.0,1,09:37:31.497928328
5344.0,2,09:37:31.497956201
5344.0,1,09:37:31.498107891
5344.0,7,09:37:31.498107891
5344.0,1,09:37:31.498169255
5344.0,2,09:37:31.498205048
5344.0,1,09:37:31.498273331
5344.0,1,09:37:31.498342762
5344.0,2,09:37:31.498706760
5344.0,4,09:37:31.500757374
5344.0,9,09:37:31.520090184
5344.0,7,09:37:31.520303541
5344.0,3,09:37:31.520544267
5344.0,2,09:37:31.520544267
5344.0,2,09:37:31.520574945
5344.0,1,09:37:31.605718522
5344.25,1,09:37:31.861479639
5344.0,2,09:37:31.883361921
5344.0,1,09:37:31.910050884
5344.0,1,09:37:31.949109541
5344.0,2,09:37:31.949152533
5344.0,6,09:37:31.949229710
5344.0,1,09:37:31.949405137
5344.0,1,09:37:31.949438614
5344.0,1,09:37:31.949487632
5344.0,1,09:37:31.949540830
5344.0,7,09:37:31.949956889
5344.0,1,09:37:31.957351262
5344.0,1,09:37:31.960136551
5343.75,22,09:37:31.998548986
5343.75,1,09:37:31.998569630
5343.75,3,09:37:31.998580222
5343.75,1,09:37:31.998580222
5343.75,1,09:37:31.998588830
5343.75,1,09:37:31.998596702
5343.75,1,09:37:31.998602661
5343.75,1,09:37:32.034558081
5343.75,1,09:37:32.036437866
5343.75,1,09:37:32.058871688
5343.75,1,09:37:32.086894048
5344.0,2,09:37:32.087427832
5344.0,1,09:37:32.103664054
5343.75,1,09:37:32.161920931
5343.75,1,09:37:32.205442007
5343.75,1,09:37:32.220252473
5343.75,6,09:37:32.235939899
5343.75,1,09:37:32.269192372
5343.75,2,09:37:32.269357143
5343.75,7,09:37:32.269462844
5343.75,1,09:37:32.269479375
5343.75,7,09:37:32.270803902
5343.75,1,09:37:32.271461310
5343.75,1,09:37:32.271587098
5343.75,1,09:37:32.271645419
5343.75,2,09:37:32.271725309
5343.75,1,09:37:32.271817931
5343.75,5,09:37:32.271817931
5343.75,1,09:37:32.271893971
5343.75,1,09:37:32.272132937
5343.75,1,09:37:32.272188480
5344.0,1,09:37:32.314680755
5343.75,1,09:37:32.379201586
5344.0,5,09:37:32.388146483
5343.75,2,09:37:32.404362682
5343.75,1,09:37:32.417134344
5343.75,1,09:37:32.519022550
5343.75,5,09:37:32.521578224
5343.75,2,09:37:32.586904032
5344.0,96,09:37:32.612753526
5344.25,8,09:37:32.614264075
5344.25,43,09:37:32.614600466
5344.25,4,09:37:32.614671943
5344.25,4,09:37:32.614711735
5344.25,20,09:37:32.614867051
5344.25,1,09:37:32.615410408
5344.25,6,09:37:32.615762898
5344.25,3,09:37:32.616682590
5344.25,2,09:37:32.616768560
5344.25,1,09:37:32.617022947
5344.25,2,09:37:32.617186863
5344.25,1,09:37:32.617186863
5344.25,8,09:37:32.617281704
5344.25,3,09:37:32.617281704
5344.25,1,09:37:32.617392032
5344.25,2,09:37:32.617455064
5344.25,3,09:37:32.617578123
5344.25,1,09:37:32.617658668
5344.25,1,09:37:32.617767173
5344.25,1,09:37:32.617891857
5344.25,3,09:37:32.631185002
5344.25,2,09:37:32.663558647
5344.0,6,09:37:32.675986345
5344.25,2,09:37:32.684100688
5344.25,1,09:37:32.687459600
5344.25,9,09:37:32.699814301
5344.25,6,09:37:32.699872845
5344.25,1,09:37:32.699994083
5344.25,8,09:37:32.700030843
5344.25,6,09:37:32.700136681
5344.25,6,09:37:32.835338190
5344.25,9,09:37:32.839934938
5344.25,1,09:37:32.840028140
5344.25,9,09:37:32.840170700
5344.25,1,09:37:32.840542798
5344.25,2,09:37:32.840728155
5344.25,2,09:37:32.840843591
5344.25,5,09:37:32.840843591
5344.25,5,09:37:32.841075659
5344.25,4,09:37:32.841264329
5344.25,7,09:37:32.841430217
5344.0,1,09:37:32.887233772
5344.25,2,09:37:32.887729308
5344.0,1,09:37:32.887750467
5344.25,4,09:37:32.925047126
5344.25,1,09:37:33.092852602
5344.25,1,09:37:33.136353921
5344.25,1,09:37:33.204772786
5344.25,5,09:37:33.387873886
5344.25,2,09:37:33.400394171
5344.5,1,09:37:33.437309943
5344.25,11,09:37:33.444788538
5344.25,8,09:37:33.444859643
5344.25,1,09:37:33.446001974
5344.25,4,09:37:33.446089224
5344.25,4,09:37:33.446346227
5344.25,2,09:37:33.653238448
5344.25,3,09:37:33.664090683
5344.25,6,09:37:33.664341913
5344.25,4,09:37:33.664818275
5344.25,1,09:37:33.664967657
5344.25,1,09:37:33.665020945
5344.25,4,09:37:33.665076370
5344.25,2,09:37:33.665115068
5344.25,10,09:37:33.665244545
5344.25,1,09:37:33.665362197
5344.25,19,09:37:33.665723493
5344.25,2,09:37:33.666018686
5344.25,2,09:37:33.666096758
5344.25,1,09:37:33.667480716
5344.25,3,09:37:33.667655355
5344.25,2,09:37:33.668018803
5344.25,3,09:37:33.668241578
5344.25,1,09:37:33.668480278
5344.25,1,09:37:33.668515476
5344.25,1,09:37:33.668727138
5344.25,3,09:37:33.668851002
5344.25,1,09:37:33.668954710
5344.25,3,09:37:33.669169645
5344.25,2,09:37:33.669415804
5344.25,2,09:37:33.669857189
5344.25,1,09:37:33.670189404
5344.25,3,09:37:33.675250079
5344.25,14,09:37:33.729584058
5344.0,2,09:37:33.737063914
5344.25,1,09:37:33.833119477
5344.25,7,09:37:33.833564791
5344.25,2,09:37:33.833596596
5344.25,1,09:37:33.833746721
5344.25,1,09:37:33.869237053
5344.25,5,09:37:33.910932809
5344.25,4,09:37:33.911183947
5344.25,1,09:37:33.911398012
5344.25,1,09:37:33.911542872
5344.25,3,09:37:33.911542872
5344.25,1,09:37:33.911620093
5344.25,3,09:37:33.911700301
5344.25,4,09:37:33.911811323
5344.25,2,09:37:33.911869017
5344.25,1,09:37:33.911963976
5344.25,10,09:37:33.913520746
5344.25,1,09:37:33.913702001
5344.25,1,09:37:33.913744037
5344.25,1,09:37:33.913907179
5344.25,9,09:37:33.914042837
5344.25,1,09:37:33.914100582
5344.25,1,09:37:33.914398505
5344.25,1,09:37:33.937869154
5344.25,2,09:37:33.938221539
5344.25,6,09:37:33.938583042
5344.25,6,09:37:33.938906886
5344.25,2,09:37:33.939237675
5344.25,1,09:37:33.939280744
5344.25,1,09:37:33.955372032
5344.25,1,09:37:33.955655586
5344.25,3,09:37:33.955900356
5344.5,10,09:37:33.997420434
5344.5,1,09:37:34.133495192
5344.25,1,09:37:34.216672857
5344.25,1,09:37:34.245036927
5344.5,2,09:37:34.303024941
5344.5,6,09:37:34.554521130
5344.5,3,09:37:34.554707348
5344.5,2,09:37:34.554774982
5344.5,1,09:37:34.554857658
5344.5,3,09:37:34.554907969
5344.5,1,09:37:34.554941964
5344.5,1,09:37:34.554991750
5344.5,79,09:37:34.555145357
5344.5,1,09:37:34.555497665
5344.5,5,09:37:34.555873359
5344.5,15,09:37:34.555980573
5344.5,13,09:37:34.556057878
5344.5,1,09:37:34.556097682
5344.5,21,09:37:34.556418211
5344.5,10,09:37:34.556805445
5344.5,2,09:37:34.556900480
5344.5,1,09:37:34.557034051
5344.5,1,09:37:34.557229265
5344.5,1,09:37:34.557270151
5344.5,1,09:37:34.557360522
5344.5,10,09:37:34.634798301
5344.5,12,09:37:34.706249328
5344.5,3,09:37:34.882219754
5344.5,1,09:37:34.911907038
5344.5,6,09:37:34.960658642
5344.5,1,09:37:35.007484959
5344.5,1,09:37:35.017177634
5344.5,1,09:37:35.238533970
5344.5,1,09:37:35.248302305
5344.75,1,09:37:35.562665985
5344.5,19,09:37:35.619599852
5344.5,3,09:37:35.619856856
5344.5,1,09:37:35.619887695
5344.5,1,09:37:35.619942323
5344.5,1,09:37:35.620359442
5344.5,1,09:37:35.620499298
5344.5,2,09:37:35.620575529
5344.5,4,09:37:35.620644334
5344.5,1,09:37:35.620770100
5344.5,3,09:37:35.620817662
5344.5,1,09:37:35.620881379
5344.5,1,09:37:35.621037600
5344.5,1,09:37:35.621075573
5344.5,19,09:37:35.627496281
5344.5,1,09:37:35.627950030
5344.5,3,09:37:35.627989567
5344.75,3,09:37:35.730512620
5344.75,3,09:37:36.122519323
5344.75,3,09:37:36.122669566
5344.75,1,09:37:36.122713390
5344.75,20,09:37:36.122850179
5344.75,3,09:37:36.122913397
5344.75,67,09:37:36.123043762
5344.75,1,09:37:36.124449272
5344.75,1,09:37:36.124720355
5344.75,1,09:37:36.454854392
5344.75,1,09:37:36.456092729
5344.75,1,09:37:36.456278505
5344.75,2,09:37:36.456337214
5344.75,3,09:37:36.456337214
5344.75,1,09:37:36.456399976
5344.75,3,09:37:36.456478637
5344.75,1,09:37:36.456478637
5344.75,17,09:37:36.456674116
5344.75,3,09:37:36.457844453
5344.75,3,09:37:36.457951297
5344.75,2,09:37:36.457951297
5344.75,1,09:37:36.458006015
5344.75,1,09:37:36.459083931
5344.75,1,09:37:36.459133189
5344.75,2,09:37:36.459223780
5344.75,4,09:37:36.460291990
5344.75,1,09:37:36.633318205
5344.5,1,09:37:36.642204663
5344.5,1,09:37:36.721557256
5344.5,3,09:37:36.722672001
5344.5,1,09:37:36.722704408
5344.5,4,09:37:36.722920473
5344.5,1,09:37:36.722958343
5344.5,7,09:37:36.723156447
5344.5,2,09:37:36.723198242
5344.5,1,09:37:36.723382675
5344.5,3,09:37:36.723471067
5344.5,4,09:37:36.723546543
5344.5,2,09:37:36.723719046
5344.5,1,09:37:36.724007340
5344.5,1,09:37:36.724108200
5344.5,2,09:37:36.724108200
5344.5,1,09:37:36.724164950
5344.5,3,09:37:36.733588992
5344.5,4,09:37:36.733654830
5344.5,2,09:37:36.733710080
5344.5,18,09:37:36.733959602
5344.5,1,09:37:36.734230606
5344.5,1,09:37:36.734416110
5344.5,5,09:37:36.734666522
5344.5,3,09:37:36.734879294
5344.75,2,09:37:36.953327356
5344.75,2,09:37:37.178663880
5344.75,8,09:37:37.268310737
5344.75,5,09:37:37.268443950
5344.75,1,09:37:37.268443950
5344.75,1,09:37:37.268796706
5344.75,1,09:37:37.268922827
5344.75,1,09:37:37.290636113
5344.75,11,09:37:37.553278106
5344.75,4,09:37:37.553424330
5344.75,1,09:37:37.553564957
5344.75,2,09:37:37.553564957
5344.75,3,09:37:37.554028522
5344.75,2,09:37:37.554231672
5344.75,2,09:37:37.554291929
5344.75,4,09:37:37.554381345
5344.75,1,09:37:37.554420145
5344.75,3,09:37:37.613038586
5345.0,1,09:37:37.617945965
5345.0,1,09:37:37.617956710
5344.75,1,09:37:37.706675694
5344.75,1,09:37:37.723643518
5344.75,24,09:37:37.729291056
5344.75,5,09:37:37.729460899
5344.75,1,09:37:37.732728649
5344.75,2,09:37:37.732779961
5344.75,4,09:37:37.732936198
5344.75,8,09:37:37.742958701
5344.75,4,09:37:37.743180012
5344.75,2,09:37:37.743230457
5344.75,1,09:37:37.743296746
5344.75,1,09:37:37.770742728
5345.0,1,09:37:38.117236767
5344.75,2,09:37:38.437965074
5345.0,40,09:37:38.724810450
5345.0,2,09:37:38.724952632
5345.0,24,09:37:38.725105157
5345.0,7,09:37:38.725301436
5345.0,6,09:37:38.725301436
5345.0,1,09:37:38.725301436
5345.0,4,09:37:38.725399070
5345.0,2,09:37:38.725399070
5345.0,6,09:37:38.725958582
5345.0,7,09:37:38.726159454
5345.0,1,09:37:38.726159454
5345.0,1,09:37:38.726228204
5345.0,1,09:37:38.726311226
5345.0,4,09:37:38.726481137
5345.0,1,09:37:38.726617539
5345.0,12,09:37:38.726779133
5345.0,1,09:37:38.726779133
5345.0,16,09:37:38.784698551
5345.0,7,09:37:38.784931434
5345.0,4,09:37:38.784991879
5345.0,1,09:37:38.785153485
5345.0,1,09:37:38.785193722
5345.0,1,09:37:38.785293331
5345.0,1,09:37:38.786426867
5345.0,2,09:37:38.805291245
5345.0,4,09:37:38.805542789
5345.0,1,09:37:38.932135668
5345.0,6,09:37:38.932612676
5345.0,1,09:37:38.932813205
5345.0,2,09:37:38.932888448
5345.0,5,09:37:38.933167829
5345.0,7,09:37:38.933362825
5345.0,3,09:37:38.933427738
5345.0,1,09:37:38.933954102
5345.0,5,09:37:38.934237058
5345.0,1,09:37:38.934279970
5345.0,16,09:37:38.939030627
5345.0,7,09:37:38.939314062
5345.0,5,09:37:38.939395830
5345.0,2,09:37:38.939510581
5345.0,1,09:37:38.939510581
5345.0,7,09:37:38.939510581
5345.0,9,09:37:38.939830278
5345.0,6,09:37:38.945129354
5345.0,8,09:37:38.945349044
5345.0,20,09:37:38.945655781
5345.0,12,09:37:38.945889389
5345.0,10,09:37:38.946277489
5345.0,1,09:37:38.946857472
5345.0,1,09:37:38.947038663
5345.0,1,09:37:38.947152541
5345.0,2,09:37:38.947152541
5345.0,1,09:37:38.947180330
5345.0,1,09:37:38.947306608
5345.25,1,09:37:39.290047159
5345.25,1,09:37:39.290063181
5345.0,1,09:37:39.290479324
5345.0,1,09:37:39.429561870
5345.0,6,09:37:39.429740513
5345.0,1,09:37:39.429900753
5345.0,1,09:37:39.429971353
5345.0,1,09:37:39.430112114
5345.0,1,09:37:39.430133628
5345.0,2,09:37:39.430344983
5345.0,1,09:37:39.430428012
5345.0,1,09:37:39.430526350
5345.0,1,09:37:39.430636768
5345.0,4,09:37:39.430831524
5345.0,1,09:37:39.431017866
5345.0,4,09:37:39.431125754
5345.0,3,09:37:39.431354168
5345.0,1,09:37:39.431556351
5345.0,1,09:37:39.497353213
5345.0,5,09:37:39.497615263
5345.0,1,09:37:39.497916108
5345.0,4,09:37:39.498113359
5345.0,2,09:37:39.498235717
5345.0,1,09:37:39.498235717
5345.0,1,09:37:39.498408076
5345.0,1,09:37:39.498457945
5345.0,1,09:37:39.498597385
5345.0,4,09:37:39.559667970
5345.0,2,09:37:39.647857430
5345.0,1,09:37:39.660720803
5345.25,10,09:37:39.693898406
5345.25,10,09:37:39.736812291
5345.25,1,09:37:40.142526224
5345.25,10,09:37:40.252814174
5345.25,1,09:37:40.261924125
5345.25,1,09:37:40.616740942
5345.25,1,09:37:40.620611897
5345.25,1,09:37:40.620770720
5345.25,1,09:37:40.621034085
5345.25,1,09:37:40.621110922
5345.25,1,09:37:40.621267568
5345.25,3,09:37:40.621487345
5345.25,2,09:37:40.621782224
5345.25,1,09:37:40.624944698
5345.25,4,09:37:40.625091142
5345.25,1,09:37:40.625386726
5345.25,3,09:37:40.625450218
5345.0,20,09:37:40.660763672
5345.25,2,09:37:40.785158343
5345.25,1,09:37:40.804492791
5345.25,1,09:37:41.189762677
5345.25,1,09:37:41.190015774
5345.25,2,09:37:41.190015774
5345.25,4,09:37:41.190197233
5345.25,5,09:37:41.190197233
5345.25,6,09:37:41.190197233
5345.25,1,09:37:41.190197233
5345.25,3,09:37:41.190200270
5345.25,9,09:37:41.190287472
5345.25,2,09:37:41.190287472
5345.25,1,09:37:41.190533025
5345.25,1,09:37:41.223559291
5345.25,6,09:37:41.223815565
5345.25,5,09:37:41.223936921
5345.25,4,09:37:41.223936921
5345.25,1,09:37:41.226048478
5345.25,15,09:37:41.226332435
5345.25,2,09:37:41.230277213
5345.25,1,09:37:41.230308557
5345.25,6,09:37:41.230517800
5345.25,16,09:37:41.249767247
5345.5,1,09:37:41.590445470
5345.25,1,09:37:41.598851595
5345.5,1,09:37:41.673810153
5345.5,1,09:37:41.772548240
5345.5,1,09:37:41.939721372
5345.5,1,09:37:42.113322968
5345.5,1,09:37:42.346171712
5345.25,4,09:37:42.347384655
5345.25,12,09:37:42.347465118
5345.25,1,09:37:42.347514744
5345.25,2,09:37:42.347668430
5345.25,7,09:37:42.347798509
5345.25,5,09:37:42.347915503
5345.25,1,09:37:42.347915503
5345.25,6,09:37:42.348159003
5345.25,7,09:37:42.348281668
5345.25,2,09:37:42.348433793
5345.25,2,09:37:42.348512629
5345.5,1,09:37:42.370255654
5345.25,2,09:37:42.503225702
5345.5,10,09:37:42.700917381
5345.5,1,09:37:42.757638218
5345.5,2,09:37:42.795392649
5345.5,7,09:37:42.795490254
5345.5,7,09:37:42.795584256
5345.5,3,09:37:42.795738972
5345.5,1,09:37:42.795738972
5345.5,2,09:37:42.795738972
5345.5,4,09:37:42.795887923
5345.5,6,09:37:42.795887923
5345.5,5,09:37:42.795887923
5345.5,4,09:37:42.795933963
5345.5,10,09:37:42.795981317
5345.5,3,09:37:42.796162005
5345.5,2,09:37:42.796162005
5345.5,1,09:37:42.796162005
5345.5,1,09:37:42.796259009
5345.5,3,09:37:42.796259009
5345.5,2,09:37:42.796294712
5345.5,1,09:37:42.796605646
5345.5,2,09:37:42.796750308
5345.5,7,09:37:42.796832333
5345.5,2,09:37:42.796991249
5345.5,1,09:37:42.796991249
5345.5,1,09:37:42.797116284
5345.5,7,09:37:42.797336925
5345.5,5,09:37:42.797540282
5345.5,1,09:37:42.797669235
5345.5,1,09:37:42.797728309
5345.5,3,09:37:42.797902402
5345.5,1,09:37:42.798086163
5345.5,1,09:37:42.798239093
5345.5,1,09:37:42.799603483
5345.5,5,09:37:42.805025755
5345.5,1,09:37:42.805143566
5345.5,1,09:37:42.805512028
5345.5,1,09:37:42.805547232
5345.5,3,09:37:42.805736486
5345.5,6,09:37:42.808335249
5345.75,1,09:37:42.832419450
5345.5,1,09:37:42.832914539
5345.75,1,09:37:42.905333007
5345.5,1,09:37:42.976533742
5345.5,2,09:37:42.979449705
5345.5,1,09:37:43.011482111
5345.5,1,09:37:43.017610356
5345.5,2,09:37:43.017646258
5345.5,2,09:37:43.017694498
5345.5,3,09:37:43.017845080
5345.5,3,09:37:43.018108468
5345.5,1,09:37:43.018323132
5345.5,1,09:37:43.018491276
5345.5,3,09:37:43.018548012
5345.5,1,09:37:43.022622450
5345.5,1,09:37:43.022771640
5345.5,1,09:37:43.023108646
5345.5,1,09:37:43.023251004
5345.5,1,09:37:43.138460498
5345.25,1,09:37:43.400572229
5345.5,1,09:37:43.462423287
5345.5,10,09:37:43.576414233
5345.5,1,09:37:43.680200711
5345.25,3,09:37:43.713084628
5345.25,2,09:37:43.713286188
5345.25,7,09:37:43.713374039
5345.25,18,09:37:43.713669427
5345.25,1,09:37:43.713753782
5345.25,2,09:37:43.713753782
5345.25,6,09:37:43.713879783
5345.25,10,09:37:43.736047543
5345.25,4,09:37:43.737270236
5345.25,3,09:37:43.738437802
5345.25,3,09:37:43.739570909
5345.25,3,09:37:43.739643955
5345.25,1,09:37:43.739643955
5345.25,7,09:37:43.740828337
5345.25,2,09:37:43.741976290
5345.25,6,09:37:43.742055376
5345.25,4,09:37:43.743229576
5345.25,6,09:37:43.743284648
5345.25,1,09:37:43.743449881
5345.25,1,09:37:43.743659831
5345.25,3,09:37:43.743659831
5345.25,3,09:37:43.743835459
5345.25,1,09:37:43.744225346
5345.25,1,09:37:43.744434125
5345.25,1,09:37:43.744599818
5345.25,1,09:37:43.794739869
5345.25,5,09:37:43.794839967
5345.25,1,09:37:43.795007705
5345.25,1,09:37:43.795554590
5345.25,1,09:37:43.795728267
5345.25,2,09:37:43.795773397
5345.5,3,09:37:43.887484019
5345.5,1,09:37:44.133719577
5345.5,2,09:37:44.259251754
5345.5,1,09:37:44.492704693
5345.5,6,09:37:44.535482548
5345.75,22,09:37:44.551073861
5345.5,38,09:37:44.551073861
5345.75,2,09:37:44.551215851
5345.5,11,09:37:44.552154501
5345.75,1,09:37:44.577082008
5345.75,1,09:37:44.636071499
5345.5,3,09:37:44.694093002
5345.5,5,09:37:44.729245990
5345.5,1,09:37:44.785693221
5345.5,2,09:37:45.268896347
5345.75,3,09:37:45.275652320
5345.75,5,09:37:45.319145513
5345.75,1,09:37:45.390995053
5345.75,10,09:37:45.443186631
5345.75,1,09:37:45.550213171
5345.75,1,09:37:45.766803039
5345.5,3,09:37:45.920458380
5345.75,1,09:37:45.990817518
5345.75,1,09:37:46.530608833
5345.75,1,09:37:46.958148820
5345.5,1,09:37:47.130092904
5345.5,7,09:37:47.130348108
5345.5,1,09:37:47.130581048
5345.5,5,09:37:47.130712874
5345.5,5,09:37:47.131077058
5345.5,4,09:37:47.131198945
5345.5,1,09:37:47.187801566
5345.75,2,09:37:47.270028418
5345.75,1,09:37:47.617182977
5345.5,8,09:37:47.682647711
5345.5,1,09:37:47.682736291
5345.5,2,09:37:47.682809873
5345.5,1,09:37:47.682878451
5345.5,4,09:37:47.682953133
5345.5,1,09:37:47.682989547
5345.5,1,09:37:47.683212560
5345.5,1,09:37:47.683396833
5345.75,1,09:37:48.117613708
5345.75,10,09:37:48.219446309
5345.75,1,09:37:48.477399400
5345.75,1,09:37:48.539533905
5345.75,2,09:37:48.586976556
5345.75,5,09:37:48.756650541
5345.5,6,09:37:48.886249141
5345.5,3,09:37:48.886468192
5345.5,3,09:37:48.886522673
5345.5,3,09:37:48.886604517
5345.5,6,09:37:48.886715250
5345.5,4,09:37:48.886984618
5345.5,1,09:37:48.887070261
5345.5,6,09:37:48.887324075
5345.5,1,09:37:48.887356197
5345.75,1,09:37:48.948101510
5345.5,1,09:37:48.972552932
5345.5,1,09:37:48.972705856
5345.5,1,09:37:49.144963004
5345.5,1,09:37:49.183319097
5345.5,6,09:37:49.183533130
5345.5,5,09:37:49.183573982
5345.5,1,09:37:49.184136403
5345.5,6,09:37:49.184403765
5345.5,1,09:37:49.184583864
5345.5,1,09:37:49.184662241
5345.5,2,09:37:49.184703252
5345.5,1,09:37:49.184757689
5345.5,5,09:37:49.184958918
5345.5,1,09:37:49.185118909
5345.75,1,09:37:49.191717189
5345.75,1,09:37:49.439331041
5345.5,1,09:37:49.616476490
5345.5,50,09:37:50.408219689
5345.5,1,09:37:50.408556329
5345.5,1,09:37:50.408640110
5345.5,1,09:37:50.408776141
5345.5,17,09:37:50.408848194
5345.5,7,09:37:50.409040303
5345.75,1,09:37:50.551106657
5345.5,4,09:37:50.655737808
5345.5,7,09:37:50.656014405
5345.5,1,09:37:50.656141205
5345.5,3,09:37:50.656217913
5345.5,6,09:37:50.656217913
5345.5,1,09:37:50.656383936
5345.5,10,09:37:50.656522028
5345.5,4,09:37:50.656743450
5345.5,1,09:37:50.657089339
