bidVolume,bidPrice,askVolume,askPrice,timestamp
29,117.27,154,117.28,13:20:00.010615642
30,117.27,154,117.28,13:20:00.283970560
28,117.27,154,117.28,13:20:00.819049236
27,117.27,154,117.28,13:20:00.819258079
26,117.27,154,117.28,13:20:00.819342396
26,117.27,157,117.28,13:20:00.819342396
19,117.27,157,117.28,13:20:00.819475960
9,117.27,157,117.28,13:20:00.819692082
2,117.27,157,117.28,13:20:00.819924147
1,117.27,157,117.28,13:20:00.819924147
112,117.26,157,117.28,13:20:00.820024414
112,117.26,3,117.27,13:20:00.823757701
94,117.26,3,117.27,13:20:00.824105451
94,117.26,147,117.28,13:20:00.830565940
37,117.27,147,117.28,13:20:00.830565940
38,117.27,147,117.28,13:20:00.831042613
18,117.27,147,117.28,13:20:00.933524843
18,117.27,154,117.28,13:20:00.933808907
17,117.27,154,117.28,13:20:00.933808907
17,117.27,157,117.28,13:20:00.933876955
16,117.27,157,117.28,13:20:00.999843669
16,117.27,158,117.28,13:20:01.015111026
16,117.27,159,117.28,13:20:03.143177622
16,117.27,161,117.28,13:20:07.747940057
12,117.27,161,117.28,13:20:07.748261413
9,117.27,161,117.28,13:20:07.748433710
8,117.27,161,117.28,13:20:07.775458201
2,117.27,161,117.28,13:20:07.775666120
112,117.26,161,117.28,13:20:07.780011608
112,117.26,162,117.28,13:20:07.828816569
112,117.26,142,117.28,13:20:07.893392431
122,117.26,142,117.28,13:20:07.893560159
133,117.26,142,117.28,13:20:08.108362011
133,117.26,127,117.28,13:20:10.673717559
134,117.26,127,117.28,13:20:11.357810243
1,117.27,127,117.28,13:20:13.130481567
1,117.27,120,117.28,13:20:13.130565212
5,117.27,120,117.28,13:20:13.130719351
6,117.27,120,117.28,13:20:13.130736909
7,117.27,120,117.28,13:20:13.130882246
7,117.27,102,117.28,13:20:13.130882246
7,117.27,99,117.28,13:20:13.130882246
13,117.27,99,117.28,13:20:13.130882246
12,117.27,99,117.28,13:20:13.131110884
13,117.27,99,117.28,13:20:13.131110884
34,117.27,99,117.28,13:20:13.131129325
34,117.27,96,117.28,13:20:13.131210364
35,117.27,96,117.28,13:20:13.141689284
36,117.27,96,117.28,13:20:13.152332103
47,117.27,96,117.28,13:20:13.152441664
47,117.27,94,117.28,13:20:13.152595824
46,117.27,94,117.28,13:20:13.152595824
45,117.27,94,117.28,13:20:13.156280213
46,117.27,94,117.28,13:20:13.156383602
46,117.27,101,117.28,13:20:13.156620785
46,117.27,94,117.28,13:20:13.156752919
47,117.27,94,117.28,13:20:13.163620104
48,117.27,94,117.28,13:20:13.163620104
58,117.27,94,117.28,13:20:13.163698012
64,117.27,94,117.28,13:20:13.164019892
54,117.27,94,117.28,13:20:13.164019892
53,117.27,94,117.28,13:20:13.164188936
54,117.27,94,117.28,13:20:13.186420894
72,117.27,94,117.28,13:20:13.186587224
90,117.27,94,117.28,13:20:13.186587224
90,117.27,76,117.28,13:20:13.186601112
90,117.27,74,117.28,13:20:13.186868078
72,117.27,74,117.28,13:20:13.186941026
54,117.27,74,117.28,13:20:13.187438161
53,117.27,74,117.28,13:20:13.187572843
53,117.27,67,117.28,13:20:13.187650296
54,117.27,67,117.28,13:20:13.197308507
72,117.27,67,117.28,13:20:13.197394517
82,117.27,67,117.28,13:20:13.197394517
72,117.27,67,117.28,13:20:13.197690511
54,117.27,67,117.28,13:20:13.197804024
53,117.27,67,117.28,13:20:13.197956044
54,117.27,67,117.28,13:20:13.208302440
64,117.27,67,117.28,13:20:13.208370556
54,117.27,67,117.28,13:20:13.210597579
53,117.27,67,117.28,13:20:13.210837241
53,117.27,87,117.28,13:20:13.245278222
53,117.27,91,117.28,13:20:13.245465172
53,117.27,71,117.28,13:20:13.432210249
53,117.27,90,117.28,13:20:13.432412338
53,117.27,100,117.28,13:20:13.432412338
53,117.27,109,117.28,13:20:14.376359548
54,117.27,109,117.28,13:20:14.926080047
64,117.27,109,117.28,13:20:14.930462277
65,117.27,109,117.28,13:20:14.930700890
64,117.27,109,117.28,13:20:14.946295496
54,117.27,109,117.28,13:20:15.367835368
53,117.27,109,117.28,13:20:15.497571384
63,117.27,109,117.28,13:20:15.945942369
53,117.27,109,117.28,13:20:16.019356543
54,117.27,109,117.28,13:20:16.358061544
54,117.27,120,117.28,13:20:16.956949156
54,117.27,121,117.28,13:20:17.206819397
54,117.27,130,117.28,13:20:17.846730591
50,117.27,130,117.28,13:20:18.709206356
49,117.27,130,117.28,13:20:18.709206356
47,117.27,130,117.28,13:20:18.709206356
47,117.27,140,117.28,13:20:18.709622554
26,117.27,140,117.28,13:20:18.709622554
22,117.27,140,117.28,13:20:18.709722925
16,117.27,140,117.28,13:20:18.709740931
15,117.27,140,117.28,13:20:18.709740931
15,117.27,141,117.28,13:20:18.709740931
15,117.27,149,117.28,13:20:18.709740931
15,117.27,150,117.28,13:20:18.710046784
15,117.27,141,117.28,13:20:18.710046784
14,117.27,141,117.28,13:20:18.710061901
13,117.27,141,117.28,13:20:18.710061901
6,117.27,141,117.28,13:20:18.710182351
2,117.27,141,117.28,13:20:18.710200217
1,117.27,141,117.28,13:20:18.710200217
113,117.26,141,117.28,13:20:18.710220817
113,117.26,3,117.27,13:20:18.710220817
112,117.26,3,117.27,13:20:18.710220817
112,117.26,136,117.28,13:20:18.710489574
112,117.26,126,117.28,13:20:18.710489574
6,117.27,126,117.28,13:20:18.710893417
7,117.27,126,117.28,13:20:18.711145350
1,117.27,126,117.28,13:20:18.718737705
2,117.27,126,117.28,13:20:18.720756145
1,117.27,126,117.28,13:20:18.735573416
113,117.26,126,117.28,13:20:18.735872573
113,117.26,4,117.27,13:20:18.735872573
95,117.26,4,117.27,13:20:18.736039184
102,117.26,4,117.27,13:20:18.736146087
102,117.26,5,117.27,13:20:18.736146087
102,117.26,1,117.27,13:20:18.736162292
105,117.26,1,117.27,13:20:18.736162292
105,117.26,125,117.28,13:20:18.745179862
123,117.26,125,117.28,13:20:18.745432991
6,117.27,125,117.28,13:20:18.765599189
7,117.27,125,117.28,13:20:18.765949397
7,117.27,131,117.28,13:20:18.765949397
7,117.27,135,117.28,13:20:18.765963368
8,117.27,135,117.28,13:20:18.766030491
7,117.27,135,117.28,13:20:18.805998256
2,117.27,135,117.28,13:20:18.806151603
1,117.27,135,117.28,13:20:18.817784063
113,117.26,135,117.28,13:20:18.817862677
113,117.26,155,117.28,13:20:18.818105379
120,117.26,155,117.28,13:20:18.886355651
123,117.26,155,117.28,13:20:18.886426950
123,117.26,135,117.28,13:20:19.010702245
125,117.26,135,117.28,13:20:19.146246795
124,117.26,135,117.28,13:20:21.336164675
124,117.26,134,117.28,13:20:22.022810829
123,117.26,134,117.28,13:20:22.022810829
120,117.26,134,117.28,13:20:22.023036774
113,117.26,134,117.28,13:20:22.023036774
113,117.26,136,117.28,13:20:22.060395554
113,117.26,125,117.28,13:20:22.329934904
113,117.26,9,117.27,13:20:22.497836263
123,117.26,9,117.27,13:20:22.498140359
105,117.26,9,117.27,13:20:22.498140359
105,117.26,12,117.27,13:20:22.498317530
105,117.26,13,117.27,13:20:22.498510874
105,117.26,14,117.27,13:20:22.498643257
105,117.26,15,117.27,13:20:22.498867591
105,117.26,16,117.27,13:20:22.498976080
105,117.26,24,117.27,13:20:22.513819907
105,117.26,30,117.27,13:20:22.518608006
105,117.26,32,117.27,13:20:22.529048339
105,117.26,33,117.27,13:20:22.682960420
104,117.26,33,117.27,13:20:23.039863620
94,117.26,33,117.27,13:20:23.049542029
94,117.26,39,117.27,13:20:23.049621987
94,117.26,53,117.27,13:20:23.049814867
94,117.26,60,117.27,13:20:23.049913945
94,117.26,61,117.27,13:20:23.049913945
94,117.26,60,117.27,13:20:23.050746527
90,117.26,60,117.27,13:20:23.051131997
86,117.26,60,117.27,13:20:23.051389119
86,117.26,61,117.27,13:20:23.051540386
86,117.26,63,117.27,13:20:23.051655211
86,117.26,62,117.27,13:20:23.051785323
86,117.26,67,117.27,13:20:23.051853949
86,117.26,68,117.27,13:20:23.053910985
86,117.26,67,117.27,13:20:23.054125267
86,117.26,68,117.27,13:20:23.054575313
86,117.26,67,117.27,13:20:23.054718246
86,117.26,62,117.27,13:20:23.054980885
86,117.26,63,117.27,13:20:23.055090309
86,117.26,62,117.27,13:20:23.055236312
86,117.26,48,117.27,13:20:23.061612067
86,117.26,41,117.27,13:20:23.061679990
86,117.26,42,117.27,13:20:23.063040551
86,117.26,46,117.27,13:20:23.063209749
88,117.26,46,117.27,13:20:23.092374731
88,117.26,42,117.27,13:20:23.099960483
88,117.26,41,117.27,13:20:23.154577807
88,117.26,43,117.27,13:20:23.202358474
88,117.26,44,117.27,13:20:23.202552553
88,117.26,43,117.27,13:20:23.322559849
88,117.26,45,117.27,13:20:24.170224532
88,117.26,47,117.27,13:20:24.170389239
88,117.26,49,117.27,13:20:24.769711364
88,117.26,47,117.27,13:20:24.959014783
88,117.26,48,117.27,13:20:25.013594313
88,117.26,49,117.27,13:20:25.013720463
88,117.26,48,117.27,13:20:27.361416648
88,117.26,51,117.27,13:20:28.468959134
88,117.26,70,117.27,13:20:30.526740779
86,117.26,70,117.27,13:20:30.526920670
86,117.26,71,117.27,13:20:30.526987598
86,117.26,70,117.27,13:20:33.361049465
86,117.26,69,117.27,13:20:37.862831246
85,117.26,69,117.27,13:20:37.877103448
85,117.26,79,117.27,13:20:37.877303369
85,117.26,80,117.27,13:20:37.877395468
85,117.26,79,117.27,13:20:40.670194218
84,117.26,79,117.27,13:20:43.886143906
83,117.26,79,117.27,13:20:43.886162655
81,117.26,79,117.27,13:20:43.886162655
77,117.26,79,117.27,13:20:43.886162655
77,117.26,80,117.27,13:20:43.886300960
73,117.26,80,117.27,13:20:43.886398823
72,117.26,80,117.27,13:20:43.886398823
67,117.26,80,117.27,13:20:43.886500858
65,117.26,80,117.27,13:20:43.886516585
64,117.26,80,117.27,13:20:43.886516585
64,117.26,83,117.27,13:20:43.886516585
64,117.26,98,117.27,13:20:43.886584842
64,117.26,104,117.27,13:20:43.886655014
49,117.26,104,117.27,13:20:43.886734336
50,117.26,104,117.27,13:20:43.886795629
54,117.26,104,117.27,13:20:43.886795629
55,117.26,104,117.27,13:20:44.406048482
54,117.26,104,117.27,13:20:44.474980517
54,117.26,101,117.27,13:20:44.626057324
66,117.26,101,117.27,13:20:44.626207414
72,117.26,101,117.27,13:20:44.626305312
74,117.26,101,117.27,13:20:44.626374534
72,117.26,101,117.27,13:20:46.153412617
73,117.26,101,117.27,13:20:46.335429616
74,117.26,101,117.27,13:20:47.670608561
75,117.26,101,117.27,13:20:47.670794091
76,117.26,101,117.27,13:20:47.671208503
75,117.26,101,117.27,13:20:47.683417232
74,117.26,101,117.27,13:20:47.683552691
77,117.26,101,117.27,13:20:49.360572381
77,117.26,86,117.27,13:20:49.361521081
77,117.26,80,117.27,13:20:49.361591186
77,117.26,79,117.27,13:20:49.363124968
74,117.26,79,117.27,13:20:49.415729065
75,117.26,79,117.27,13:20:49.511825428
78,117.26,79,117.27,13:20:49.512045201
79,117.26,79,117.27,13:20:49.573735022
80,117.26,79,117.27,13:20:49.577454453
79,117.26,79,117.27,13:20:49.681295366
80,117.26,79,117.27,13:20:49.754539081
80,117.26,77,117.27,13:20:49.755011283
79,117.26,77,117.27,13:20:49.806975947
80,117.26,77,117.27,13:20:49.815869784
80,117.26,71,117.27,13:20:49.820569579
80,117.26,61,117.27,13:20:49.820719745
80,117.26,67,117.27,13:20:49.908868207
79,117.26,67,117.27,13:20:49.919101763
79,117.26,61,117.27,13:20:49.960825552
80,117.26,61,117.27,13:20:49.960892595
79,117.26,61,117.27,13:20:50.014056646
80,117.26,61,117.27,13:20:50.017586425
80,117.26,63,117.27,13:20:50.076620073
80,117.26,69,117.27,13:20:50.076694594
79,117.26,69,117.27,13:20:50.076694594
78,117.26,69,117.27,13:20:50.076803657
79,117.26,69,117.27,13:20:50.077112958
80,117.26,69,117.27,13:20:50.077364053
79,117.26,69,117.27,13:20:50.077431531
78,117.26,69,117.27,13:20:50.077647038
75,117.26,69,117.27,13:20:50.077715905
74,117.26,69,117.27,13:20:50.077782664
74,117.26,89,117.27,13:20:50.077999590
73,117.26,89,117.27,13:20:50.078171591
73,117.26,90,117.27,13:20:50.078250852
73,117.26,91,117.27,13:20:52.361413962
73,117.26,90,117.27,13:20:52.964661468
73,117.26,91,117.27,13:20:55.602889520
73,117.26,101,117.27,13:20:55.602956366
73,117.26,104,117.27,13:20:55.603054574
73,117.26,103,117.27,13:20:55.604146233
61,117.26,103,117.27,13:20:55.607186391
55,117.26,103,117.27,13:20:55.607250180
55,117.26,100,117.27,13:20:55.607352592
55,117.26,90,117.27,13:20:55.613473109
71,117.26,90,117.27,13:20:55.808838154
71,117.26,89,117.27,13:20:56.193360621
70,117.26,89,117.27,13:20:56.210270933
70,117.26,98,117.27,13:20:56.210456933
70,117.26,99,117.27,13:20:56.210529151
70,117.26,98,117.27,13:21:00.240307009
72,117.26,98,117.27,13:21:00.243843899
70,117.26,98,117.27,13:21:00.244020256
75,117.26,98,117.27,13:21:00.244098600
76,117.26,98,117.27,13:21:00.261511958
76,117.26,78,117.27,13:21:00.261643397
78,117.26,78,117.27,13:21:00.261824998
78,117.26,77,117.27,13:21:00.303630005
78,117.26,68,117.27,13:21:00.303913970
88,117.26,68,117.27,13:21:00.303913970
86,117.26,68,117.27,13:21:00.310667050
76,117.26,68,117.27,13:21:00.310845461
77,117.26,68,117.27,13:21:02.144880367
78,117.26,68,117.27,13:21:02.220016971
79,117.26,68,117.27,13:21:02.292795111
79,117.26,62,117.27,13:21:02.408490758
80,117.26,62,117.27,13:21:02.408570390
86,117.26,62,117.27,13:21:02.408632105
90,117.26,62,117.27,13:21:02.408698029
90,117.26,56,117.27,13:21:02.408993663
90,117.26,48,117.27,13:21:02.409703675
90,117.26,45,117.27,13:21:02.409731643
90,117.26,44,117.27,13:21:02.409731643
90,117.26,43,117.27,13:21:02.409731643
90,117.26,42,117.27,13:21:02.409731643
90,117.26,41,117.27,13:21:02.409731643
90,117.26,33,117.27,13:21:02.409731643
90,117.26,31,117.27,13:21:02.409731643
90,117.26,30,117.27,13:21:02.409731643
93,117.26,30,117.27,13:21:02.410072827
93,117.26,28,117.27,13:21:02.410072827
93,117.26,26,117.27,13:21:02.410088792
93,117.26,24,117.27,13:21:02.410088792
93,117.26,23,117.27,13:21:02.410088792
93,117.26,22,117.27,13:21:02.410088792
93,117.26,20,117.27,13:21:02.410229137
93,117.26,1,117.27,13:21:02.410229137
93,117.26,172,117.28,13:21:02.410250174
1,117.27,172,117.28,13:21:02.410250174
1,117.27,171,117.28,13:21:02.410329620
90,117.26,171,117.28,13:21:02.410614308
108,117.26,171,117.28,13:21:02.410696097
114,117.26,171,117.28,13:21:02.410782273
114,117.26,2,117.27,13:21:02.434184935
114,117.26,3,117.27,13:21:02.434361501
114,117.26,4,117.27,13:21:02.434442836
114,117.26,5,117.27,13:21:02.434442836
114,117.26,6,117.27,13:21:02.434514957
114,117.26,9,117.27,13:21:02.435427891
114,117.26,10,117.27,13:21:02.467265397
114,117.26,12,117.27,13:21:02.467430309
114,117.26,13,117.27,13:21:02.467751124
114,117.26,14,117.27,13:21:02.468381607
114,117.26,15,117.27,13:21:02.468446836
114,117.26,13,117.27,13:21:02.470813579
114,117.26,12,117.27,13:21:02.471119594
114,117.26,11,117.27,13:21:02.471119594
114,117.26,10,117.27,13:21:02.471239038
114,117.26,9,117.27,13:21:02.471258152
114,117.26,6,117.27,13:21:02.471258152
114,117.26,5,117.27,13:21:02.471258152
114,117.26,4,117.27,13:21:02.471258152
109,117.26,4,117.27,13:21:02.471258152
109,117.26,3,117.27,13:21:02.471356692
109,117.26,2,117.27,13:21:02.471356692
109,117.26,1,117.27,13:21:02.471437291
109,117.26,171,117.28,13:21:02.471437291
116,117.26,171,117.28,13:21:02.471515592
122,117.26,171,117.28,13:21:02.471593300
126,117.26,171,117.28,13:21:02.471711140
126,117.26,1,117.27,13:21:02.491588150
126,117.26,2,117.27,13:21:02.491761443
126,117.26,3,117.27,13:21:02.491833037
126,117.26,4,117.27,13:21:02.491963746
126,117.26,7,117.27,13:21:02.493173352
119,117.26,7,117.27,13:21:02.758539925
119,117.26,8,117.27,13:21:02.963503667
119,117.26,11,117.27,13:21:02.963670427
119,117.26,8,117.27,13:21:03.483921229
119,117.26,7,117.27,13:21:03.484392249
119,117.26,8,117.27,13:21:04.085297979
119,117.26,7,117.27,13:21:04.267374267
119,117.26,6,117.27,13:21:04.267374267
119,117.26,5,117.27,13:21:04.267470731
119,117.26,2,117.27,13:21:04.267496302
119,117.26,1,117.27,13:21:04.267496302
119,117.26,171,117.28,13:21:04.267496302
92,117.27,171,117.28,13:21:04.267496302
98,117.27,171,117.28,13:21:04.267769428
98,117.27,153,117.28,13:21:04.267875808
99,117.27,153,117.28,13:21:04.268108282
99,117.27,143,117.28,13:21:04.268188455
99,117.27,135,117.28,13:21:04.268188455
100,117.27,135,117.28,13:21:04.268410416
99,117.27,135,117.28,13:21:04.285108681
100,117.27,135,117.28,13:21:04.288914335
101,117.27,135,117.28,13:21:04.289184527
99,117.27,135,117.28,13:21:04.290546250
101,117.27,135,117.28,13:21:04.296850632
102,117.27,135,117.28,13:21:04.297154729
103,117.27,135,117.28,13:21:04.442990318
102,117.27,135,117.28,13:21:04.443142532
108,117.27,135,117.28,13:21:04.945227164
111,117.27,135,117.28,13:21:06.336398003
107,117.27,135,117.28,13:21:07.365855063
107,117.27,123,117.28,13:21:07.577365840
107,117.27,107,117.28,13:21:07.578287625
107,117.27,105,117.28,13:21:07.578542037
108,117.27,105,117.28,13:21:07.578617525
108,117.27,103,117.28,13:21:07.579230616
109,117.27,103,117.28,13:21:07.579373086
109,117.27,101,117.28,13:21:07.580162039
108,117.27,101,117.28,13:21:07.589454243
107,117.27,101,117.28,13:21:07.589603439
107,117.27,107,117.28,13:21:12.662337296
108,117.27,107,117.28,13:21:15.144296997
110,117.27,107,117.28,13:21:17.569899699
110,117.27,105,117.28,13:21:17.570045980
108,117.27,105,117.28,13:21:17.570153938
108,117.27,104,117.28,13:21:17.570497103
110,117.27,104,117.28,13:21:17.573693618
111,117.27,104,117.28,13:21:17.573843465
112,117.27,104,117.28,13:21:17.574183407
112,117.27,103,117.28,13:21:17.577750943
112,117.27,101,117.28,13:21:17.577934169
111,117.27,101,117.28,13:21:17.578091992
112,117.27,101,117.28,13:21:17.588774735
112,117.27,82,117.28,13:21:17.588928566
113,117.27,82,117.28,13:21:17.588994409
113,117.27,80,117.28,13:21:17.589102678
115,117.27,80,117.28,13:21:17.589319746
115,117.27,76,117.28,13:21:17.589461241
115,117.27,70,117.28,13:21:17.589560357
117,117.27,70,117.28,13:21:17.589710738
117,117.27,68,117.28,13:21:17.590396190
116,117.27,68,117.28,13:21:18.085114822
115,117.27,68,117.28,13:21:18.437456575
116,117.27,68,117.28,13:21:20.535094789
118,117.27,68,117.28,13:21:20.535318533
117,117.27,68,117.28,13:21:21.034841326
115,117.27,68,117.28,13:21:21.141964865
115,117.27,69,117.28,13:21:23.781352339
115,117.27,70,117.28,13:21:25.146512032
114,117.27,70,117.28,13:21:25.146581900
114,117.27,69,117.28,13:21:25.146743433
115,117.27,69,117.28,13:21:25.146904748
118,117.27,69,117.28,13:21:25.147072713
115,117.27,69,117.28,13:21:25.157509958
116,117.27,69,117.28,13:21:27.550491816
115,117.27,69,117.28,13:21:28.403091593
116,117.27,69,117.28,13:21:28.721279863
115,117.27,69,117.28,13:21:29.956717692
116,117.27,69,117.28,13:21:31.667716144
115,117.27,69,117.28,13:21:31.671544890
116,117.27,69,117.28,13:21:32.413599253
118,117.27,69,117.28,13:21:32.413810961
116,117.27,69,117.28,13:21:33.313096277
115,117.27,69,117.28,13:21:33.834989367
108,117.27,69,117.28,13:21:34.241670555
107,117.27,69,117.28,13:21:34.241923133
107,117.27,81,117.28,13:21:34.241923133
107,117.27,89,117.28,13:21:34.242000907
107,117.27,92,117.28,13:21:34.242000907
105,117.27,92,117.28,13:21:34.242000907
105,117.27,95,117.28,13:21:34.242081000
103,117.27,95,117.28,13:21:34.242231592
103,117.27,92,117.28,13:21:34.264615205
105,117.27,92,117.28,13:21:34.264774033
107,117.27,92,117.28,13:21:34.264937822
108,117.27,92,117.28,13:21:34.890756358
109,117.27,92,117.28,13:21:34.890935177
109,117.27,89,117.28,13:21:34.891794200
111,117.27,89,117.28,13:21:34.891944110
112,117.27,89,117.28,13:21:34.895138998
111,117.27,89,117.28,13:21:34.924790541
110,117.27,89,117.28,13:21:34.928203585
109,117.27,89,117.28,13:21:34.929255123
107,117.27,89,117.28,13:21:34.929318540
107,117.27,91,117.28,13:21:34.956444752
107,117.27,98,117.28,13:21:34.956619472
105,117.27,98,117.28,13:21:34.956762252
103,117.27,98,117.28,13:21:34.956910092
103,117.27,99,117.28,13:21:34.969831345
103,117.27,102,117.28,13:21:34.969997598
103,117.27,101,117.28,13:21:35.753049446
103,117.27,102,117.28,13:21:35.753231286
103,117.27,99,117.28,13:21:35.814420301
103,117.27,92,117.28,13:21:37.210744347
104,117.27,92,117.28,13:21:37.343871217
104,117.27,91,117.28,13:21:37.344147697
105,117.27,91,117.28,13:21:37.344480573
105,117.27,79,117.28,13:21:37.344656375
105,117.27,71,117.28,13:21:37.344722653
107,117.27,71,117.28,13:21:37.344834685
107,117.27,69,117.28,13:21:37.344905654
109,117.27,69,117.28,13:21:37.344905654
109,117.27,70,117.28,13:21:37.535429162
109,117.27,74,117.28,13:21:37.535646250
108,117.27,74,117.28,13:21:37.535795907
108,117.27,73,117.28,13:21:37.538229332
106,117.27,73,117.28,13:21:37.544499657
106,117.27,76,117.28,13:21:37.544564300
106,117.27,79,117.28,13:21:37.544714546
108,117.27,79,117.28,13:21:37.619877824
108,117.27,76,117.28,13:21:37.619948176
108,117.27,77,117.28,13:21:37.964457718
108,117.27,78,117.28,13:21:37.964702022
106,117.27,78,117.28,13:21:37.964962360
106,117.27,79,117.28,13:21:37.965193244
106,117.27,80,117.28,13:21:37.971570378
104,117.27,80,117.28,13:21:37.971718854
103,117.27,80,117.28,13:21:37.971787638
103,117.27,79,117.28,13:21:38.265097132
104,117.27,79,117.28,13:21:38.265165225
104,117.27,80,117.28,13:21:38.273554351
103,117.27,80,117.28,13:21:38.293946430
104,117.27,80,117.28,13:21:38.767268265
104,117.27,79,117.28,13:21:38.767341769
104,117.27,78,117.28,13:21:38.767419651
105,117.27,78,117.28,13:21:38.767574390
105,117.27,77,117.28,13:21:38.767574390
106,117.27,77,117.28,13:21:38.767574390
107,117.27,77,117.28,13:21:38.767645570
109,117.27,77,117.28,13:21:38.767755148
109,117.27,76,117.28,13:21:38.987899323
109,117.27,73,117.28,13:21:38.987963098
109,117.27,69,117.28,13:21:38.987963098
108,117.27,69,117.28,13:21:39.198845528
108,117.27,70,117.28,13:21:39.199006558
108,117.27,74,117.28,13:21:39.199180049
107,117.27,74,117.28,13:21:39.203444887
107,117.27,75,117.28,13:21:39.346313059
107,117.27,76,117.28,13:21:39.346488185
107,117.27,80,117.28,13:21:39.346549708
106,117.27,80,117.28,13:21:39.346682825
106,117.27,81,117.28,13:21:39.346750879
104,117.27,81,117.28,13:21:39.346860214
103,117.27,81,117.28,13:21:39.346924905
104,117.27,81,117.28,13:21:39.778844718
104,117.27,80,117.28,13:21:39.806463758
104,117.27,76,117.28,13:21:39.807492170
105,117.27,76,117.28,13:21:39.807645536
105,117.27,77,117.28,13:21:39.810475745
104,117.27,77,117.28,13:21:39.810688820
103,117.27,77,117.28,13:21:39.810821904
104,117.27,77,117.28,13:21:39.810957264
105,117.27,77,117.28,13:21:39.811063911
104,117.27,77,117.28,13:21:39.918453313
103,117.27,77,117.28,13:21:39.918516600
104,117.27,77,117.28,13:21:39.922585371
104,117.27,76,117.28,13:21:39.923103396
105,117.27,76,117.28,13:21:39.923237258
106,117.27,76,117.28,13:21:39.923384644
106,117.27,75,117.28,13:21:39.923490986
106,117.27,74,117.28,13:21:39.923666905
107,117.27,74,117.28,13:21:39.923666905
109,117.27,74,117.28,13:21:39.923784861
109,117.27,70,117.28,13:21:39.933016891
109,117.27,64,117.28,13:21:41.642583691
109,117.27,63,117.28,13:21:41.650719933
115,117.27,63,117.28,13:21:41.652183792
116,117.27,63,117.28,13:21:41.652389186
115,117.27,63,117.28,13:21:42.303231945
114,117.27,63,117.28,13:21:42.436486303
124,117.27,63,117.28,13:21:43.140747808
132,117.27,63,117.28,13:21:43.140815622
132,117.27,61,117.28,13:21:43.144963363
132,117.27,73,117.28,13:21:45.308251171
132,117.27,75,117.28,13:21:45.747452280
132,117.27,73,117.28,13:21:45.751325598
132,117.27,75,117.28,13:21:46.561741012
131,117.27,75,117.28,13:21:46.561917194
131,117.27,73,117.28,13:21:46.562023511
131,117.27,74,117.28,13:21:48.482737580
131,117.27,75,117.28,13:21:48.482948351
131,117.27,77,117.28,13:21:49.065824949
131,117.27,78,117.28,13:21:49.065902840
130,117.27,78,117.28,13:21:49.065902840
124,117.27,78,117.28,13:21:49.065972290
123,117.27,78,117.28,13:21:49.065972290
123,117.27,79,117.28,13:21:49.066054072
123,117.27,78,117.28,13:21:49.066846430
124,117.27,78,117.28,13:21:49.066917326
124,117.27,76,117.28,13:21:49.069263823
125,117.27,76,117.28,13:21:49.069412386
125,117.27,75,117.28,13:21:49.070053415
125,117.27,77,117.28,13:21:49.073108313
124,117.27,77,117.28,13:21:49.073174815
124,117.27,75,117.28,13:21:49.076294914
124,117.27,77,117.28,13:21:49.085615534
124,117.27,75,117.28,13:21:49.086409297
125,117.27,75,117.28,13:21:49.097096663
125,117.27,74,117.28,13:21:49.156601319
125,117.27,75,117.28,13:21:49.452024722
125,117.27,78,117.28,13:21:49.452212245
124,117.27,78,117.28,13:21:49.452374350
124,117.27,79,117.28,13:21:49.452438014
123,117.27,79,117.28,13:21:49.452543768
123,117.27,80,117.28,13:21:49.452662001
123,117.27,79,117.28,13:21:49.975880039
123,117.27,76,117.28,13:21:50.194963920
123,117.27,75,117.28,13:21:50.195133033
124,117.27,75,117.28,13:21:50.195199053
124,117.27,74,117.28,13:21:50.195270505
125,117.27,74,117.28,13:21:50.195444867
125,117.27,73,117.28,13:21:50.195515779
125,117.27,75,117.28,13:21:50.586553546
125,117.27,79,117.28,13:21:50.586779801
124,117.27,79,117.28,13:21:50.587020848
124,117.27,82,117.28,13:21:50.587020848
123,117.27,82,117.28,13:21:50.587230979
123,117.27,84,117.28,13:21:50.675328774
123,117.27,80,117.28,13:21:50.743805967
124,117.27,80,117.28,13:21:50.747271904
125,117.27,80,117.28,13:21:50.747493583
125,117.27,77,117.28,13:21:50.747615561
126,117.27,77,117.28,13:21:50.747790230
127,117.27,77,117.28,13:21:50.747867602
126,117.27,77,117.28,13:21:50.759366908
126,117.27,78,117.28,13:21:50.847318805
126,117.27,77,117.28,13:21:50.847565314
125,117.27,77,117.28,13:21:50.848357034
125,117.27,78,117.28,13:21:50.848497497
125,117.27,81,117.28,13:21:50.848671124
124,117.27,81,117.28,13:21:50.848830564
124,117.27,82,117.28,13:21:50.848963885
123,117.27,82,117.28,13:21:50.851541749
123,117.27,83,117.28,13:21:50.851605076
124,117.27,83,117.28,13:21:51.442085061
124,117.27,82,117.28,13:21:51.443435668
125,117.27,82,117.28,13:21:51.443609303
125,117.27,81,117.28,13:21:51.443682964
125,117.27,83,117.28,13:21:51.568791900
125,117.27,82,117.28,13:21:51.568923800
126,117.27,82,117.28,13:21:51.568993388
126,117.27,80,117.28,13:21:51.569064655
126,117.27,82,117.28,13:21:51.870593035
126,117.27,84,117.28,13:21:52.250429885
125,117.27,84,117.28,13:21:52.250589651
125,117.27,86,117.28,13:21:52.250656375
124,117.27,86,117.28,13:21:52.375896138
124,117.27,87,117.28,13:21:52.375959360
124,117.27,86,117.28,13:21:52.404697080
124,117.27,88,117.28,13:21:52.490432398
124,117.27,89,117.28,13:21:52.490500497
123,117.27,89,117.28,13:21:52.490609941
123,117.27,90,117.28,13:21:52.490683995
115,117.27,90,117.28,13:21:52.490874484
105,117.27,90,117.28,13:21:52.490874484
103,117.27,90,117.28,13:21:52.490939668
104,117.27,90,117.28,13:21:54.079897083
104,117.27,89,117.28,13:21:54.080180043
103,117.27,89,117.28,13:21:54.334032773
104,117.27,89,117.28,13:21:55.173885403
103,117.27,89,117.28,13:21:55.213678814
104,117.27,89,117.28,13:21:55.633997873
103,117.27,89,117.28,13:21:55.915044152
105,117.27,89,117.28,13:21:56.262245516
106,117.27,89,117.28,13:21:56.262402898
106,117.27,88,117.28,13:21:56.342335941
106,117.27,89,117.28,13:21:56.511769706
104,117.27,89,117.28,13:21:56.511837588
103,117.27,89,117.28,13:21:56.511907229
104,117.27,89,117.28,13:21:56.581849869
105,117.27,89,117.28,13:21:56.581921332
106,117.27,89,117.28,13:21:56.581921332
105,117.27,89,117.28,13:21:56.595870101
104,117.27,89,117.28,13:21:56.626463893
103,117.27,89,117.28,13:21:56.626528408
104,117.27,89,117.28,13:21:56.628695690
105,117.27,89,117.28,13:21:56.628849437
106,117.27,89,117.28,13:21:56.629005501
106,117.27,88,117.28,13:21:56.629143898
107,117.27,88,117.28,13:21:56.629292560
107,117.27,86,117.28,13:21:56.630285721
107,117.27,88,117.28,13:21:56.672115014
107,117.27,92,117.28,13:21:56.672308172
107,117.27,93,117.28,13:21:56.672483688
106,117.27,93,117.28,13:21:56.672553650
105,117.27,93,117.28,13:21:56.672622262
104,117.27,93,117.28,13:21:56.672687596
103,117.27,93,117.28,13:21:56.673575938
104,117.27,93,117.28,13:21:57.332925010
104,117.27,89,117.28,13:21:57.333943627
105,117.27,89,117.28,13:21:57.334329860
106,117.27,89,117.28,13:21:57.335378352
106,117.27,88,117.28,13:21:57.337098258
106,117.27,89,117.28,13:21:57.347982569
105,117.27,89,117.28,13:21:57.348172563
105,117.27,90,117.28,13:21:57.348172563
104,117.27,90,117.28,13:21:57.548370021
105,117.27,90,117.28,13:21:57.692123442
104,117.27,90,117.28,13:21:57.943483921
105,117.27,90,117.28,13:21:57.959443617
105,117.27,89,117.28,13:21:57.978488011
106,117.27,89,117.28,13:21:57.978652276
105,117.27,89,117.28,13:21:58.148898924
104,117.27,89,117.28,13:21:58.148898924
103,117.27,89,117.28,13:21:58.148898924
105,117.27,89,117.28,13:21:58.242908165
106,117.27,89,117.28,13:21:58.242973295
106,117.27,88,117.28,13:21:58.243126734
107,117.27,88,117.28,13:21:58.243194427
107,117.27,86,117.28,13:21:58.243432542
107,117.27,87,117.28,13:21:58.261990617
107,117.27,88,117.28,13:21:58.262174120
107,117.27,89,117.28,13:21:58.262238652
106,117.27,89,117.28,13:21:58.262380718
106,117.27,90,117.28,13:21:58.262455297
105,117.27,90,117.28,13:21:58.262455297
103,117.27,90,117.28,13:21:58.328518297
104,117.27,90,117.28,13:21:58.330420324
105,117.27,90,117.28,13:21:58.330575076
106,117.27,90,117.28,13:21:58.332737336
106,117.27,89,117.28,13:21:58.632370965
105,117.27,89,117.28,13:21:58.632581013
105,117.27,90,117.28,13:21:58.871848469
105,117.27,92,117.28,13:21:58.872055826
104,117.27,92,117.28,13:21:58.872212658
103,117.27,92,117.28,13:21:58.872357700
104,117.27,92,117.28,13:21:58.979720745
105,117.27,92,117.28,13:21:58.979872678
105,117.27,90,117.28,13:21:58.980754994
106,117.27,90,117.28,13:21:58.980898638
98,117.27,90,117.28,13:21:59.418301311
97,117.27,90,117.28,13:21:59.418474549
96,117.27,90,117.28,13:21:59.418543589
95,117.27,90,117.28,13:21:59.418618965
95,117.27,91,117.28,13:21:59.418618965
95,117.27,103,117.28,13:21:59.418723746
95,117.27,111,117.28,13:21:59.418794430
96,117.27,111,117.28,13:22:00.204348356
95,117.27,111,117.28,13:22:00.223692168
97,117.27,111,117.28,13:22:00.660241791
97,117.27,110,117.28,13:22:00.661291073
97,117.27,111,117.28,13:22:01.023114877
97,117.27,113,117.28,13:22:01.023302036
98,117.27,113,117.28,13:22:01.042182800
99,117.27,113,117.28,13:22:01.205497299
99,117.27,111,117.28,13:22:01.388496544
99,117.27,116,117.28,13:22:02.217206653
99,117.27,119,117.28,13:22:02.217419854
99,117.27,116,117.28,13:22:02.552613434
97,117.27,116,117.28,13:22:04.756532175
97,117.27,117,117.28,13:22:05.617727621
97,117.27,121,117.28,13:22:05.617948066
91,117.27,121,117.28,13:22:05.736824309
91,117.27,117,117.28,13:22:06.207656921
20,117.27,117,117.28,13:22:06.339338574
14,117.27,117,117.28,13:22:06.339709793
14,117.27,123,117.28,13:22:06.339709793
14,117.27,133,117.28,13:22:06.339709793
13,117.27,133,117.28,13:22:06.339866014
13,117.27,131,117.28,13:22:06.339886954
12,117.27,131,117.28,13:22:06.339886954
11,117.27,131,117.28,13:22:06.339886954
11,117.27,129,117.28,13:22:06.340043172
10,117.27,129,117.28,13:22:06.340043172
9,117.27,129,117.28,13:22:06.340043172
9,117.27,127,117.28,13:22:06.340043172
7,117.27,127,117.28,13:22:06.340043172
7,117.27,125,117.28,13:22:06.340043172
6,117.27,125,117.28,13:22:06.340043172
5,117.27,125,117.28,13:22:06.340043172
5,117.27,140,117.28,13:22:06.340116167
5,117.27,141,117.28,13:22:06.340221041
5,117.27,143,117.28,13:22:06.340364058
4,117.27,143,117.28,13:22:06.340381892
3,117.27,143,117.28,13:22:06.340381892
5,117.27,143,117.28,13:22:06.340381892
5,117.27,144,117.28,13:22:06.340464759
5,117.27,143,117.28,13:22:06.340555623
5,117.27,145,117.28,13:22:06.340654637
3,117.27,145,117.28,13:22:06.340654637
4,117.27,145,117.28,13:22:06.340734103
6,117.27,145,117.28,13:22:06.340849268
5,117.27,145,117.28,13:22:06.363136807
4,117.27,145,117.28,13:22:06.363223793
3,117.27,145,117.28,13:22:06.363246705
2,117.27,145,117.28,13:22:06.363246705
2,117.27,142,117.28,13:22:06.363246705
2,117.27,144,117.28,13:22:06.363435716
2,117.27,151,117.28,13:22:06.363435716
103,117.26,151,117.28,13:22:06.363509908
103,117.26,157,117.28,13:22:06.363755229
103,117.26,150,117.28,13:22:06.363755229
123,117.26,150,117.28,13:22:06.364288381
130,117.26,150,117.28,13:22:06.364451952
4,117.27,150,117.28,13:22:06.366497678
5,117.27,150,117.28,13:22:06.366745784
4,117.27,150,117.28,13:22:06.368557193
4,117.27,156,117.28,13:22:06.368721629
4,117.27,154,117.28,13:22:06.375460266
5,117.27,154,117.28,13:22:06.375616244
6,117.27,154,117.28,13:22:06.375792752
7,117.27,154,117.28,13:22:06.380855817
7,117.27,152,117.28,13:22:06.381073983
9,117.27,152,117.28,13:22:06.381149881
10,117.27,152,117.28,13:22:06.381263740
31,117.27,152,117.28,13:22:06.381338303
31,117.27,150,117.28,13:22:06.381481839
31,117.27,144,117.28,13:22:06.381551407
31,117.27,143,117.28,13:22:06.390122894
31,117.27,144,117.28,13:22:06.403986697
31,117.27,148,117.28,13:22:06.404281593
10,117.27,148,117.28,13:22:06.404441650
9,117.27,148,117.28,13:22:06.404604504
8,117.27,148,117.28,13:22:06.416068271
7,117.27,148,117.28,13:22:06.416224338
5,117.27,148,117.28,13:22:06.416312699
5,117.27,150,117.28,13:22:06.416437531
3,117.27,150,117.28,13:22:06.448781117
2,117.27,150,117.28,13:22:06.448869392
1,117.27,150,117.28,13:22:06.448978989
1,117.27,152,117.28,13:22:06.449152979
1,117.27,172,117.28,13:22:06.451619908
1,117.27,171,117.28,13:22:06.582944579
130,117.26,171,117.28,13:22:06.604254920
138,117.26,171,117.28,13:22:06.604546341
131,117.26,171,117.28,13:22:06.604621073
133,117.26,171,117.28,13:22:06.604621073
137,117.26,171,117.28,13:22:06.604804785
137,117.26,172,117.28,13:22:06.604804785
137,117.26,171,117.28,13:22:06.604936643
137,117.26,1,117.27,13:22:06.625713046
137,117.26,171,117.28,13:22:06.625940664
137,117.26,161,117.28,13:22:06.626008736
137,117.26,162,117.28,13:22:06.626092909
138,117.26,162,117.28,13:22:06.626167488
138,117.26,142,117.28,13:22:06.638696898
138,117.26,162,117.28,13:22:06.694169919
137,117.26,162,117.28,13:22:06.803262819
133,117.26,162,117.28,13:22:06.803457922
134,117.26,162,117.28,13:22:06.836589435
137,117.26,162,117.28,13:22:06.836811770
137,117.26,142,117.28,13:22:06.881399174
134,117.26,142,117.28,13:22:06.881552675
135,117.26,142,117.28,13:22:07.373298165
137,117.26,142,117.28,13:22:07.373554252
143,117.26,142,117.28,13:22:08.108212975
141,117.26,142,117.28,13:22:08.108564159
6,117.27,142,117.28,13:22:08.196277058
12,117.27,142,117.28,13:22:08.196336533
13,117.27,142,117.28,13:22:08.196551119
14,117.27,142,117.28,13:22:08.196632747
13,117.27,142,117.28,13:22:08.196790401
24,117.27,142,117.28,13:22:08.196864512
24,117.27,140,117.28,13:22:08.196948026
34,117.27,140,117.28,13:22:08.197056900
24,117.27,140,117.28,13:22:08.223434473
13,117.27,140,117.28,13:22:08.223499846
14,117.27,140,117.28,13:22:08.273580919
24,117.27,140,117.28,13:22:08.353591716
35,117.27,140,117.28,13:22:08.353657047
25,117.27,140,117.28,13:22:09.060137544
14,117.27,140,117.28,13:22:09.060199297
14,117.27,136,117.28,13:22:09.060314708
26,117.27,136,117.28,13:22:09.225916489
35,117.27,136,117.28,13:22:09.226023039
41,117.27,136,117.28,13:22:09.281413010
41,117.27,134,117.28,13:22:09.281618059
43,117.27,134,117.28,13:22:09.281700353
43,117.27,133,117.28,13:22:09.281700353
43,117.27,132,117.28,13:22:09.496801198
37,117.27,132,117.28,13:22:09.708015859
37,117.27,133,117.28,13:22:09.708176659
43,117.27,133,117.28,13:22:10.608298764
45,117.27,133,117.28,13:22:10.608358210
45,117.27,118,117.28,13:22:10.608459643
47,117.27,118,117.28,13:22:10.629986544
48,117.27,118,117.28,13:22:10.630169488
59,117.27,118,117.28,13:22:10.776610234
60,117.27,118,117.28,13:22:10.776830746
60,117.27,117,117.28,13:22:10.776865053
70,117.27,117,117.28,13:22:10.776932470
77,117.27,117,117.28,13:22:10.776949555
77,117.27,115,117.28,13:22:10.776949555
83,117.27,115,117.28,13:22:10.777198723
83,117.27,107,117.28,13:22:10.777369811
83,117.27,95,117.28,13:22:10.777369811
87,117.27,95,117.28,13:22:10.777369811
87,117.27,89,117.28,13:22:10.777624665
88,117.27,89,117.28,13:22:10.778303128
90,117.27,89,117.28,13:22:10.778454988
91,117.27,89,117.28,13:22:11.036891129
91,117.27,86,117.28,13:22:11.037833448
92,117.27,86,117.28,13:22:11.527703681
93,117.27,86,117.28,13:22:11.588323385
93,117.27,85,117.28,13:22:11.632270805
94,117.27,85,117.28,13:22:11.857382629
96,117.27,85,117.28,13:22:11.857560149
96,117.27,84,117.28,13:22:11.857709304
96,117.27,85,117.28,13:22:12.160765570
96,117.27,84,117.28,13:22:12.161937456
96,117.27,85,117.28,13:22:12.303862940
96,117.27,86,117.28,13:22:12.304013291
96,117.27,85,117.28,13:22:12.364664570
94,117.27,85,117.28,13:22:12.365706643
94,117.27,87,117.28,13:22:12.375613553
93,117.27,87,117.28,13:22:12.375770948
94,117.27,87,117.28,13:22:12.419210023
95,117.27,87,117.28,13:22:12.419391684
95,117.27,85,117.28,13:22:12.419540519
95,117.27,86,117.28,13:22:12.470748384
95,117.27,87,117.28,13:22:12.471583366
94,117.27,87,117.28,13:22:12.540723517
93,117.27,87,117.28,13:22:12.628508428
94,117.27,87,117.28,13:22:13.059927778
99,117.27,87,117.28,13:22:13.108153070
99,117.27,86,117.28,13:22:13.108300561
100,117.27,86,117.28,13:22:13.108397652
100,117.27,85,117.28,13:22:13.108498718
100,117.27,86,117.28,13:22:13.119972065
100,117.27,87,117.28,13:22:13.120241305
100,117.27,86,117.28,13:22:13.131310277
100,117.27,87,117.28,13:22:13.187079213
99,117.27,87,117.28,13:22:13.187220173
98,117.27,87,117.28,13:22:13.279445602
99,117.27,87,117.28,13:22:13.477028170
99,117.27,86,117.28,13:22:13.477323693
100,117.27,86,117.28,13:22:13.477323693
100,117.27,85,117.28,13:22:13.477435264
100,117.27,87,117.28,13:22:14.622576659
100,117.27,85,117.28,13:22:14.622643395
100,117.27,83,117.28,13:22:14.622797251
100,117.27,82,117.28,13:22:14.686079362
100,117.27,83,117.28,13:22:14.702714676
100,117.27,82,117.28,13:22:14.728022195
100,117.27,76,117.28,13:22:14.728022195
99,117.27,76,117.28,13:22:14.728235555
99,117.27,78,117.28,13:22:15.219102122
99,117.27,79,117.28,13:22:15.245404405
99,117.27,78,117.28,13:22:15.287835861
99,117.27,79,117.28,13:22:15.324272667
99,117.27,78,117.28,13:22:15.407736387
99,117.27,79,117.28,13:22:15.636601027
99,117.27,78,117.28,13:22:15.639280958
99,117.27,80,117.28,13:22:15.640793622
99,117.27,78,117.28,13:22:15.824882923
99,117.27,79,117.28,13:22:15.864848583
99,117.27,80,117.28,13:22:16.179183609
99,117.27,81,117.28,13:22:16.183336508
98,117.27,81,117.28,13:22:16.232674221
98,117.27,80,117.28,13:22:16.232777178
99,117.27,80,117.28,13:22:16.232931455
102,117.27,80,117.28,13:22:16.233123280
102,117.27,79,117.28,13:22:16.233300217
102,117.27,78,117.28,13:22:16.233362764
102,117.27,79,117.28,13:22:17.242512014
102,117.27,78,117.28,13:22:17.242666949
99,117.27,78,117.28,13:22:17.243534807
99,117.27,80,117.28,13:22:17.243711233
99,117.27,81,117.28,13:22:17.325556622
98,117.27,81,117.28,13:22:17.325708494
97,117.27,81,117.28,13:22:17.325806747
97,117.27,82,117.28,13:22:17.325877323
98,117.27,82,117.28,13:22:17.350569418
98,117.27,81,117.28,13:22:17.350750477
101,117.27,81,117.28,13:22:17.350811517
101,117.27,80,117.28,13:22:17.350919849
101,117.27,81,117.28,13:22:17.541176326
98,117.27,81,117.28,13:22:17.646380904
97,117.27,81,117.28,13:22:17.838845361
97,117.27,82,117.28,13:22:17.839683178
98,117.27,82,117.28,13:22:17.951455302
98,117.27,81,117.28,13:22:17.951526739
98,117.27,80,117.28,13:22:17.951632230
98,117.27,78,117.28,13:22:17.951700336
98,117.27,80,117.28,13:22:17.951827238
98,117.27,81,117.28,13:22:17.952065890
97,117.27,81,117.28,13:22:18.048544107
97,117.27,83,117.28,13:22:18.048617240
97,117.27,84,117.28,13:22:18.048617240
97,117.27,83,117.28,13:22:18.048755249
98,117.27,83,117.28,13:22:18.110087776
98,117.27,82,117.28,13:22:18.110153629
99,117.27,82,117.28,13:22:18.110289411
99,117.27,83,117.28,13:22:18.114444288
99,117.27,82,117.28,13:22:18.114832281
99,117.27,83,117.28,13:22:18.121883479
99,117.27,103,117.28,13:22:18.127557605
95,117.27,103,117.28,13:22:18.127557605
95,117.27,104,117.28,13:22:18.127636639
89,117.27,104,117.28,13:22:18.127636639
88,117.27,104,117.28,13:22:18.127782664
87,117.27,104,117.28,13:22:18.127853375
86,117.27,104,117.28,13:22:18.127939349
85,117.27,104,117.28,13:22:18.127939349
75,117.27,104,117.28,13:22:18.151237022
74,117.27,104,117.28,13:22:18.151564274
84,117.27,104,117.28,13:22:18.243700682
84,117.27,103,117.28,13:22:18.243881525
74,117.27,103,117.28,13:22:18.296998154
84,117.27,103,117.28,13:22:18.595296054
85,117.27,103,117.28,13:22:18.595452441
84,117.27,103,117.28,13:22:18.644857019
77,117.27,103,117.28,13:22:18.854588670
66,117.27,103,117.28,13:22:18.854658830
66,117.27,104,117.28,13:22:18.854760135
66,117.27,106,117.28,13:22:18.854930428
66,117.27,104,117.28,13:22:18.969968276
67,117.27,104,117.28,13:22:19.028288958
71,117.27,104,117.28,13:22:19.028532340
71,117.27,103,117.28,13:22:19.028738782
72,117.27,103,117.28,13:22:19.028960561
72,117.27,104,117.28,13:22:19.285168913
68,117.27,104,117.28,13:22:19.302432250
67,117.27,104,117.28,13:22:19.302571293
66,117.27,104,117.28,13:22:19.450799835
67,117.27,104,117.28,13:22:19.452984899
71,117.27,104,117.28,13:22:19.453121046
72,117.27,104,117.28,13:22:19.453275062
73,117.27,104,117.28,13:22:19.557221855
91,117.27,104,117.28,13:22:19.557318034
91,117.27,103,117.28,13:22:19.557472757
91,117.27,104,117.28,13:22:19.660490341
91,117.27,103,117.28,13:22:19.709103274
91,117.27,104,117.28,13:22:19.729634144
91,117.27,103,117.28,13:22:19.756714079
91,117.27,104,117.28,13:22:19.760924090
91,117.27,103,117.28,13:22:19.761165480
91,117.27,104,117.28,13:22:19.776119428
91,117.27,105,117.28,13:22:19.827945523
91,117.27,104,117.28,13:22:19.875848228
90,117.27,104,117.28,13:22:19.875848228
72,117.27,104,117.28,13:22:19.876011919
62,117.27,104,117.28,13:22:19.876100767
61,117.27,104,117.28,13:22:19.876215308
71,117.27,104,117.28,13:22:20.036872995
72,117.27,104,117.28,13:22:20.037145680
73,117.27,104,117.28,13:22:20.037288445
72,117.27,104,117.28,13:22:20.256783162
71,117.27,104,117.28,13:22:20.256860540
72,117.27,104,117.28,13:22:20.257075104
73,117.27,104,117.28,13:22:20.257379978
91,117.27,104,117.28,13:22:20.362098850
91,117.27,103,117.28,13:22:20.362242568
91,117.27,104,117.28,13:22:20.507605058
91,117.27,103,117.28,13:22:20.562762860
91,117.27,104,117.28,13:22:20.564049482
91,117.27,103,117.28,13:22:20.570406930
91,117.27,102,117.28,13:22:20.570574847
91,117.27,103,117.28,13:22:20.601884095
91,117.27,104,117.28,13:22:20.602043404
91,117.27,103,117.28,13:22:20.602255583
91,117.27,102,117.28,13:22:20.682893885
91,117.27,103,117.28,13:22:20.683186602
91,117.27,102,117.28,13:22:21.026448885
91,117.27,103,117.28,13:22:21.031959911
91,117.27,102,117.28,13:22:21.032341463
91,117.27,100,117.28,13:22:21.079556593
101,117.27,100,117.28,13:22:21.079717792
102,117.27,100,117.28,13:22:21.083792602
106,117.27,100,117.28,13:22:21.083996493
106,117.27,80,117.28,13:22:21.101481580
102,117.27,80,117.28,13:22:21.101722251
102,117.27,73,117.28,13:22:21.101782274
102,117.27,74,117.28,13:22:21.101878685
102,117.27,73,117.28,13:22:21.102038459
102,117.27,74,117.28,13:22:21.305162918
102,117.27,78,117.28,13:22:22.216023495
102,117.27,79,117.28,13:22:22.863929347
102,117.27,80,117.28,13:22:22.864111775
97,117.27,80,117.28,13:22:25.225926532
95,117.27,80,117.28,13:22:25.225994129
85,117.27,80,117.28,13:22:25.226202952
84,117.27,80,117.28,13:22:25.226276184
84,117.27,92,117.28,13:22:25.226362209
83,117.27,92,117.28,13:22:25.226362209
82,117.27,92,117.28,13:22:25.226449444
72,117.27,92,117.28,13:22:25.226449444
72,117.27,100,117.28,13:22:25.226449444
72,117.27,103,117.28,13:22:25.226449444
71,117.27,103,117.28,13:22:25.226464784
71,117.27,104,117.28,13:22:25.226464784
73,117.27,104,117.28,13:22:25.226525470
83,117.27,104,117.28,13:22:25.226525470
65,117.27,104,117.28,13:22:25.226729763
68,117.27,104,117.28,13:22:25.226798355
71,117.27,104,117.28,13:22:25.227013575
82,117.27,104,117.28,13:22:25.332024027
89,117.27,104,117.28,13:22:25.332139508
89,117.27,101,117.28,13:22:25.332291482
86,117.27,101,117.28,13:22:25.332356471
86,117.27,103,117.28,13:22:25.332470599
86,117.27,110,117.28,13:22:25.332652135
86,117.27,108,117.28,13:22:26.802330926
86,117.27,107,117.28,13:22:26.802486190
86,117.27,100,117.28,13:22:26.805310629
86,117.27,99,117.28,13:22:26.805482859
96,117.27,99,117.28,13:22:26.805542926
97,117.27,99,117.28,13:22:26.807205171
96,117.27,99,117.28,13:22:26.807603107
96,117.27,100,117.28,13:22:27.864814945
86,117.27,100,117.28,13:22:27.865016388
86,117.27,103,117.28,13:22:27.865094733
86,117.27,105,117.28,13:22:27.865250538
93,117.27,105,117.28,13:22:29.992733330
96,117.27,105,117.28,13:22:29.992798069
96,117.27,102,117.28,13:22:30.013313445
93,117.27,102,117.28,13:22:30.506845030
86,117.27,102,117.28,13:22:30.506911866
86,117.27,103,117.28,13:22:30.507014394
76,117.27,103,117.28,13:22:30.660707351
65,117.27,103,117.28,13:22:30.702188969
58,117.27,103,117.28,13:22:30.702256863
57,117.27,103,117.28,13:22:30.702472028
53,117.27,103,117.28,13:22:30.702632964
50,117.27,103,117.28,13:22:31.019325893
48,117.27,103,117.28,13:22:31.019476140
49,117.27,103,117.28,13:22:31.038112211
51,117.27,103,117.28,13:22:31.038255129
52,117.27,103,117.28,13:22:31.038323967
52,117.27,105,117.28,13:22:31.165823077
52,117.27,111,117.28,13:22:31.165987867
50,117.27,111,117.28,13:22:31.166248058
49,117.27,111,117.28,13:22:31.166344516
49,117.27,117,117.28,13:22:31.362798451
48,117.27,117,117.28,13:22:31.363323362
47,117.27,117,117.28,13:22:31.363387224
41,117.27,117,117.28,13:22:31.371363100
29,117.27,117,117.28,13:22:31.371542287
20,117.27,117,117.28,13:22:31.371608120
18,117.27,117,117.28,13:22:31.371756181
18,117.27,115,117.28,13:22:31.371855924
16,117.27,115,117.28,13:22:31.371855924
16,117.27,106,117.28,13:22:31.372016362
14,117.27,106,117.28,13:22:31.372016362
13,117.27,106,117.28,13:22:31.372029274
12,117.27,106,117.28,13:22:31.372140973
10,117.27,106,117.28,13:22:31.372165351
8,117.27,106,117.28,13:22:31.372165351
7,117.27,106,117.28,13:22:31.372165351
8,117.27,106,117.28,13:22:31.372165351
9,117.27,106,117.28,13:22:31.372165351
9,117.27,108,117.28,13:22:31.372444398
9,117.27,126,117.28,13:22:31.372462228
9,117.27,136,117.28,13:22:31.372553275
10,117.27,136,117.28,13:22:31.372572615
11,117.27,136,117.28,13:22:31.372572615
12,117.27,136,117.28,13:22:31.372572615
11,117.27,136,117.28,13:22:31.372814349
11,117.27,138,117.28,13:22:31.372814349
10,117.27,138,117.28,13:22:31.372939194
9,117.27,138,117.28,13:22:31.373006929
8,117.27,138,117.28,13:22:31.389565965
8,117.27,134,117.28,13:22:31.413544211
8,117.27,133,117.28,13:22:31.413648115
18,117.27,133,117.28,13:22:31.413819078
17,117.27,133,117.28,13:22:31.464085971
16,117.27,133,117.28,13:22:31.464177382
13,117.27,133,117.28,13:22:31.464177382
3,117.27,133,117.28,13:22:31.464243632
3,117.27,140,117.28,13:22:31.464346080
3,117.27,142,117.28,13:22:31.464524019
1,117.27,142,117.28,13:22:31.483057377
123,117.26,142,117.28,13:22:31.483254861
123,117.26,162,117.28,13:22:31.483452029
123,117.26,168,117.28,13:22:31.483471098
123,117.26,170,117.28,13:22:31.483620000
123,117.26,160,117.28,13:22:31.483620000
131,117.26,160,117.28,13:22:31.483654387
133,117.26,160,117.28,13:22:31.483750474
133,117.26,6,117.27,13:22:31.483750474
139,117.26,6,117.27,13:22:31.483860986
140,117.26,6,117.27,13:22:31.490624411
147,117.26,6,117.27,13:22:31.490807939
147,117.26,5,117.27,13:22:31.490894458
147,117.26,160,117.28,13:22:31.491054087
140,117.26,160,117.28,13:22:31.491208996
140,117.26,159,117.28,13:22:31.521274779
140,117.26,160,117.28,13:22:31.571211491
140,117.26,140,117.28,13:22:31.669972099
140,117.26,2,117.27,13:22:32.105321476
140,117.26,8,117.27,13:22:32.121036692
140,117.26,6,117.27,13:22:32.121308136
140,117.26,134,117.28,13:22:32.121546920
144,117.26,134,117.28,13:22:32.121700094
138,117.26,134,117.28,13:22:32.121787944
134,117.26,134,117.28,13:22:32.121860017
134,117.26,133,117.28,13:22:32.143513615
134,117.26,134,117.28,13:22:32.193837066
134,117.26,133,117.28,13:22:32.282971166
134,117.26,1,117.27,13:22:32.283817031
134,117.26,133,117.28,13:22:32.284200871
136,117.26,133,117.28,13:22:32.284480714
1,117.27,133,117.28,13:22:32.285020429
2,117.27,133,117.28,13:22:32.285186063
1,117.27,133,117.28,13:22:32.286534844
7,117.27,133,117.28,13:22:32.341119682
7,117.27,141,117.28,13:22:32.699082431
6,117.27,141,117.28,13:22:32.699197369
2,117.27,141,117.28,13:22:32.699232649
2,117.27,143,117.28,13:22:32.699339061
1,117.27,143,117.28,13:22:32.699339061
126,117.26,143,117.28,13:22:32.699444908
126,117.26,6,117.27,13:22:32.699733137
124,117.26,6,117.27,13:22:32.700016997
124,117.26,12,117.27,13:22:32.700120837
124,117.26,6,117.27,13:22:32.700217713
124,117.26,7,117.27,13:22:32.700217713
124,117.26,1,117.27,13:22:32.700298012
131,117.26,1,117.27,13:22:32.700454815
131,117.26,133,117.28,13:22:32.700563979
139,117.26,133,117.28,13:22:32.700764350
141,117.26,133,117.28,13:22:32.700847342
141,117.26,132,117.28,13:22:32.742596326
141,117.26,133,117.28,13:22:32.792965738
141,117.26,153,117.28,13:22:32.810321463
134,117.26,153,117.28,13:22:32.814619749
134,117.26,1,117.27,13:22:32.866159025
134,117.26,151,117.28,13:22:32.929834528
139,117.26,151,117.28,13:22:32.930009293
139,117.26,152,117.28,13:22:32.970274509
139,117.26,132,117.28,13:22:32.997644368
134,117.26,132,117.28,13:22:33.040840979
134,117.26,120,117.28,13:22:33.799017161
6,117.27,120,117.28,13:22:34.404117733
12,117.27,120,117.28,13:22:34.404177595
13,117.27,120,117.28,13:22:34.404388673
14,117.27,120,117.28,13:22:34.404483922
17,117.27,120,117.28,13:22:34.404574270
17,117.27,118,117.28,13:22:34.404770283
17,117.27,116,117.28,13:22:34.404887850
14,117.27,116,117.28,13:22:34.406583296
13,117.27,116,117.28,13:22:34.407952341
14,117.27,116,117.28,13:22:34.408464200
15,117.27,116,117.28,13:22:34.408697416
17,117.27,116,117.28,13:22:34.408697416
19,117.27,116,117.28,13:22:34.408840206
36,117.27,116,117.28,13:22:34.409019137
19,117.27,116,117.28,13:22:34.500788528
18,117.27,116,117.28,13:22:34.501093295
16,117.27,116,117.28,13:22:34.501172159
16,117.27,109,117.28,13:22:34.501172159
15,117.27,109,117.28,13:22:34.501324799
13,117.27,109,117.28,13:22:34.501438540
7,117.27,109,117.28,13:22:35.347414201
1,117.27,109,117.28,13:22:35.347632127
1,117.27,111,117.28,13:22:35.347705420
1,117.27,119,117.28,13:22:35.347781897
1,117.27,121,117.28,13:22:35.347781897
1,117.27,128,117.28,13:22:35.347931836
134,117.26,128,117.28,13:22:35.431088725
134,117.26,130,117.28,13:22:35.431333342
134,117.26,150,117.28,13:22:35.463434334
134,117.26,130,117.28,13:22:35.650327662
134,117.26,122,117.28,13:22:36.656666378
134,117.26,120,117.28,13:22:36.656732608
1,117.27,120,117.28,13:22:37.202808111
1,117.27,113,117.28,13:22:37.202999932
2,117.27,113,117.28,13:22:37.203075525
3,117.27,113,117.28,13:22:37.203166520
3,117.27,123,117.28,13:22:37.203166520
4,117.27,123,117.28,13:22:37.203366641
5,117.27,123,117.28,13:22:37.203399034
5,117.27,121,117.28,13:22:37.203500864
11,117.27,121,117.28,13:22:37.203500864
11,117.27,125,117.28,13:22:37.203581361
11,117.27,123,117.28,13:22:37.203724037
13,117.27,123,117.28,13:22:37.203812363
33,117.27,123,117.28,13:22:37.203915182
33,117.27,119,117.28,13:22:37.203992663
39,117.27,119,117.28,13:22:37.204667885
40,117.27,119,117.28,13:22:37.205415507
40,117.27,117,117.28,13:22:37.205737126
40,117.27,99,117.28,13:22:37.205888780
42,117.27,99,117.28,13:22:37.206105045
42,117.27,89,117.28,13:22:37.206415455
43,117.27,89,117.28,13:22:37.206512706
43,117.27,87,117.28,13:22:37.207851171
41,117.27,87,117.28,13:22:37.208261418
40,117.27,87,117.28,13:22:37.208333060
43,117.27,87,117.28,13:22:37.208644615
53,117.27,87,117.28,13:22:37.208818723
54,117.27,87,117.28,13:22:37.208818723
69,117.27,87,117.28,13:22:37.208832712
75,117.27,87,117.28,13:22:37.208947955
75,117.27,81,117.28,13:22:37.208947955
77,117.27,81,117.28,13:22:37.209092973
74,117.27,81,117.28,13:22:37.209685749
74,117.27,75,117.28,13:22:37.209846764
74,117.27,63,117.28,13:22:37.212714241
74,117.27,55,117.28,13:22:37.212833520
74,117.27,49,117.28,13:22:37.213413823
74,117.27,45,117.28,13:22:37.213427918
74,117.27,44,117.28,13:22:37.213603046
74,117.27,34,117.28,13:22:37.213617577
74,117.27,33,117.28,13:22:37.213617577
74,117.27,32,117.28,13:22:37.213632537
74,117.27,30,117.28,13:22:37.213632537
74,117.27,29,117.28,13:22:37.213648588
74,117.27,18,117.28,13:22:37.213648588
74,117.27,17,117.28,13:22:37.213662556
74,117.27,15,117.28,13:22:37.213678127
74,117.27,13,117.28,13:22:37.213678127
74,117.27,12,117.28,13:22:37.213678127
74,117.27,11,117.28,13:22:37.213692213
74,117.27,9,117.28,13:22:37.213706652
74,117.27,8,117.28,13:22:37.213721606
74,117.27,2,117.28,13:22:37.213721606
74,117.27,1,117.28,13:22:37.213742313
74,117.27,219,117.29,13:22:37.213758252
3,117.28,219,117.29,13:22:37.213758252
3,117.28,197,117.29,13:22:37.214393803
107,117.27,197,117.29,13:22:37.214680024
107,117.27,3,117.28,13:22:37.214680024
107,117.27,6,117.28,13:22:37.214680024
97,117.27,6,117.28,13:22:37.214680625
97,117.27,3,117.28,13:22:37.214818977
97,117.27,196,117.29,13:22:37.214818977
1,117.28,196,117.29,13:22:37.214951755
7,117.28,196,117.29,13:22:37.214966823
13,117.28,196,117.29,13:22:37.215064503
12,117.28,196,117.29,13:22:37.215080093
10,117.28,196,117.29,13:22:37.215080093
10,117.28,194,117.29,13:22:37.215080093
16,117.28,194,117.29,13:22:37.215169156
19,117.28,194,117.29,13:22:37.215375525
18,117.28,194,117.29,13:22:37.215526046
15,117.28,194,117.29,13:22:37.215526046
13,117.28,194,117.29,13:22:37.215620173
16,117.28,194,117.29,13:22:37.215640510
16,117.28,176,117.29,13:22:37.215765197
12,117.28,176,117.29,13:22:37.215890746
10,117.28,176,117.29,13:22:37.215905965
6,117.28,176,117.29,13:22:37.215925057
3,117.28,176,117.29,13:22:37.215925057
1,117.28,176,117.29,13:22:37.215925057
114,117.27,176,117.29,13:22:37.215940244
114,117.27,183,117.29,13:22:37.216200528
114,117.27,187,117.29,13:22:37.216200528
114,117.27,185,117.29,13:22:37.216453831
114,117.27,6,117.28,13:22:37.216453831
114,117.27,12,117.28,13:22:37.216542288
114,117.27,18,117.28,13:22:37.216558496
114,117.27,28,117.28,13:22:37.216610313
114,117.27,29,117.28,13:22:37.217095296
114,117.27,30,117.28,13:22:37.217114147
114,117.27,20,117.28,13:22:37.217114147
116,117.27,20,117.28,13:22:37.217114147
116,117.27,19,117.28,13:22:37.217424726
116,117.27,20,117.28,13:22:37.217472745
116,117.27,19,117.28,13:22:37.217869739
116,117.27,25,117.28,13:22:37.217869739
116,117.27,27,117.28,13:22:37.217869739
116,117.27,47,117.28,13:22:37.217945964
116,117.27,48,117.28,13:22:37.218154825
116,117.27,49,117.28,13:22:37.218238281
116,117.27,48,117.28,13:22:37.220249425
116,117.27,49,117.28,13:22:37.220528342
116,117.27,48,117.28,13:22:37.223177239
116,117.27,49,117.28,13:22:37.224383431
116,117.27,48,117.28,13:22:37.226090558
116,117.27,49,117.28,13:22:37.226686533
116,117.27,48,117.28,13:22:37.227092769
116,117.27,53,117.28,13:22:37.227121227
117,117.27,53,117.28,13:22:37.227244110
117,117.27,54,117.28,13:22:37.227635972
99,117.27,54,117.28,13:22:37.227635972
106,117.27,54,117.28,13:22:37.227819414
106,117.27,53,117.28,13:22:37.228171418
106,117.27,54,117.28,13:22:37.229163213
106,117.27,53,117.28,13:22:37.229537387
106,117.27,54,117.28,13:22:37.232747904
106,117.27,55,117.28,13:22:37.232938960
106,117.27,61,117.28,13:22:37.233174930
106,117.27,60,117.28,13:22:37.233268437
106,117.27,59,117.28,13:22:37.233341888
106,117.27,60,117.28,13:22:37.235073136
106,117.27,61,117.28,13:22:37.235980025
106,117.27,60,117.28,13:22:37.236311068
106,117.27,59,117.28,13:22:37.236399415
106,117.27,60,117.28,13:22:37.236600960
106,117.27,61,117.28,13:22:37.236681949
106,117.27,62,117.28,13:22:37.236962189
106,117.27,61,117.28,13:22:37.237358812
106,117.27,60,117.28,13:22:37.237822825
106,117.27,61,117.28,13:22:37.238291301
106,117.27,65,117.28,13:22:37.238528106
106,117.27,64,117.28,13:22:37.238576654
106,117.27,65,117.28,13:22:37.239730059
106,117.27,66,117.28,13:22:37.239812119
106,117.27,65,117.28,13:22:37.241102077
106,117.27,64,117.28,13:22:37.241479843
106,117.27,65,117.28,13:22:37.241802515
106,117.27,66,117.28,13:22:37.244179754
106,117.27,70,117.28,13:22:37.244442925
106,117.27,69,117.28,13:22:37.244511197
106,117.27,70,117.28,13:22:37.245735717
106,117.27,69,117.28,13:22:37.248045901
106,117.27,70,117.28,13:22:37.248450207
106,117.27,69,117.28,13:22:37.249044233
105,117.27,69,117.28,13:22:37.253350105
105,117.27,70,117.28,13:22:37.253792463
103,117.27,70,117.28,13:22:37.257286715
103,117.27,69,117.28,13:22:37.271498362
103,117.27,68,117.28,13:22:37.276021709
103,117.27,67,117.28,13:22:37.279731764
107,117.27,67,117.28,13:22:37.279974237
107,117.27,68,117.28,13:22:37.280125535
107,117.27,67,117.28,13:22:37.280865593
107,117.27,87,117.28,13:22:37.313784568
107,117.27,88,117.28,13:22:37.314146500
103,117.27,88,117.28,13:22:37.329342891
96,117.27,88,117.28,13:22:37.330872186
94,117.27,88,117.28,13:22:37.347992547
94,117.27,89,117.28,13:22:37.369266693
94,117.27,88,117.28,13:22:37.381380414
87,117.27,88,117.28,13:22:37.438510707
77,117.27,88,117.28,13:22:37.438674470
77,117.27,89,117.28,13:22:37.438749305
77,117.27,69,117.28,13:22:37.499694648
77,117.27,68,117.28,13:22:37.499856561
86,117.27,68,117.28,13:22:37.901352967
87,117.27,68,117.28,13:22:37.901551066
87,117.27,70,117.28,13:22:39.187314375
86,117.27,70,117.28,13:22:39.340243438
86,117.27,66,117.28,13:22:39.340306468
86,117.27,65,117.28,13:22:39.560528386
86,117.27,61,117.28,13:22:39.561202648
86,117.27,62,117.28,13:22:39.561418788
86,117.27,66,117.28,13:22:39.561603752
86,117.27,62,117.28,13:22:39.663937772
86,117.27,57,117.28,13:22:40.234681703
86,117.27,51,117.28,13:22:40.234681703
86,117.27,45,117.28,13:22:40.234816373
86,117.27,44,117.28,13:22:40.234837823
86,117.27,38,117.28,13:22:40.234837823
86,117.27,36,117.28,13:22:40.234837823
86,117.27,16,117.28,13:22:40.234837823
86,117.27,15,117.28,13:22:40.234837823
86,117.27,10,117.28,13:22:40.234837823
86,117.27,4,117.28,13:22:40.234837823
86,117.27,3,117.28,13:22:40.234860380
86,117.27,1,117.28,13:22:40.234860380
86,117.27,226,117.29,13:22:40.234860380
38,117.28,226,117.29,13:22:40.234860380
38,117.28,225,117.29,13:22:40.235196764
38,117.28,207,117.29,13:22:40.235196764
38,117.28,205,117.29,13:22:40.235196764
44,117.28,205,117.29,13:22:41.311039404
45,117.28,205,117.29,13:22:41.311381714
39,117.28,205,117.29,13:22:41.311381714
40,117.28,205,117.29,13:22:41.311539009
41,117.28,205,117.29,13:22:41.311814737
43,117.28,205,117.29,13:22:41.312053419
41,117.28,205,117.29,13:22:41.313912646
40,117.28,205,117.29,13:22:41.314053456
41,117.28,205,117.29,13:22:41.315513192
40,117.28,205,117.29,13:22:41.315755761
41,117.28,205,117.29,13:22:41.322223670
42,117.28,205,117.29,13:22:41.322435663
43,117.28,205,117.29,13:22:41.322613612
42,117.28,205,117.29,13:22:41.324774516
41,117.28,205,117.29,13:22:41.324915367
40,117.28,205,117.29,13:22:41.388893408
32,117.28,205,117.29,13:22:41.389112928
31,117.28,205,117.29,13:22:41.389296525
30,117.28,205,117.29,13:22:41.389379686
30,117.28,193,117.29,13:22:41.467042996
30,117.28,191,117.29,13:22:41.467953236
30,117.28,189,117.29,13:22:41.468837478
31,117.28,189,117.29,13:22:41.468996665
31,117.28,176,117.29,13:22:41.469669285
32,117.28,176,117.29,13:22:41.469869781
33,117.28,176,117.29,13:22:41.840989033
35,117.28,176,117.29,13:22:41.841168911
34,117.28,176,117.29,13:22:41.841235359
32,117.28,176,117.29,13:22:41.841338007
33,117.28,176,117.29,13:22:41.841478485
34,117.28,176,117.29,13:22:41.841640376
40,117.28,176,117.29,13:22:41.847661731
39,117.28,176,117.29,13:22:41.937322282
40,117.28,176,117.29,13:22:41.952718976
41,117.28,176,117.29,13:22:41.952896164
40,117.28,176,117.29,13:22:41.956864328
39,117.28,176,117.29,13:22:42.151227440
38,117.28,176,117.29,13:22:43.925342429
32,117.28,176,117.29,13:22:46.616618588
32,117.28,177,117.29,13:22:46.863675869
31,117.28,177,117.29,13:22:46.863834093
31,117.28,184,117.29,13:22:47.752849251
30,117.28,184,117.29,13:22:47.753067804
36,117.28,184,117.29,13:22:47.931791343
37,117.28,184,117.29,13:22:47.931873480
40,117.28,184,117.29,13:22:47.931873480
46,117.28,184,117.29,13:22:47.931890977
40,117.28,184,117.29,13:22:47.931996171
40,117.28,165,117.29,13:22:47.932076171
37,117.28,165,117.29,13:22:47.932163749
38,117.28,165,117.29,13:22:47.932163749
39,117.28,165,117.29,13:22:47.932313576
41,117.28,165,117.29,13:22:47.932433550
42,117.28,165,117.29,13:22:47.932507360
42,117.28,161,117.29,13:22:47.932659819
40,117.28,161,117.29,13:22:47.933308521
39,117.28,161,117.29,13:22:47.933517220
40,117.28,161,117.29,13:22:48.176624084
41,117.28,161,117.29,13:22:48.178731059
42,117.28,161,117.29,13:22:48.178937817
43,117.28,161,117.29,13:22:48.179080572
42,117.28,161,117.29,13:22:48.184709387
41,117.28,161,117.29,13:22:48.184854024
42,117.28,161,117.29,13:22:48.711551803
41,117.28,161,117.29,13:22:49.001397477
40,117.28,161,117.29,13:22:49.001495525
42,117.28,161,117.29,13:22:49.001678847
40,117.28,161,117.29,13:22:49.002066997
39,117.28,161,117.29,13:22:49.002992577
40,117.28,161,117.29,13:22:49.006716007
42,117.28,161,117.29,13:22:49.006881534
40,117.28,161,117.29,13:22:49.010628952
39,117.28,161,117.29,13:22:49.010816727
40,117.28,161,117.29,13:22:49.214344188
41,117.28,161,117.29,13:22:49.214494063
40,117.28,161,117.29,13:22:49.223364215
39,117.28,161,117.29,13:22:49.228430134
40,117.28,161,117.29,13:22:49.372109855
39,117.28,161,117.29,13:22:49.500265281
40,117.28,161,117.29,13:22:50.006760963
41,117.28,161,117.29,13:22:50.023174511
40,117.28,161,117.29,13:22:50.041370368
39,117.28,161,117.29,13:22:50.041540013
40,117.28,161,117.29,13:22:50.050573292
41,117.28,161,117.29,13:22:50.050707935
42,117.28,161,117.29,13:22:50.066804162
41,117.28,161,117.29,13:22:50.085912806
40,117.28,161,117.29,13:22:50.086070351
39,117.28,161,117.29,13:22:50.086218780
41,117.28,161,117.29,13:22:50.094135087
39,117.28,161,117.29,13:22:50.190853812
40,117.28,161,117.29,13:22:50.194987092
41,117.28,161,117.29,13:22:50.195873389
40,117.28,161,117.29,13:22:50.215473712
39,117.28,161,117.29,13:22:50.215625235
41,117.28,161,117.29,13:22:50.223701647
42,117.28,161,117.29,13:22:50.841318201
41,117.28,161,117.29,13:22:51.146804074
41,117.28,154,117.29,13:22:51.165534455
41,117.28,161,117.29,13:22:51.218408265
39,117.28,161,117.29,13:22:51.218570534
33,117.28,161,117.29,13:22:56.499524979
32,117.28,161,117.29,13:22:56.499882841
34,117.28,161,117.29,13:22:57.102780761
35,117.28,161,117.29,13:22:57.106911177
41,117.28,161,117.29,13:22:57.115943666
41,117.28,154,117.29,13:23:00.264907646
41,117.28,155,117.29,13:23:00.306235195
41,117.28,162,117.29,13:23:00.510085013
40,117.28,162,117.29,13:23:00.519105916
40,117.28,155,117.29,13:23:00.911594840
50,117.28,155,117.29,13:23:00.936201298
51,117.28,155,117.29,13:23:00.936348824
52,117.28,155,117.29,13:23:00.936417416
52,117.28,145,117.29,13:23:00.963954664
51,117.28,145,117.29,13:23:00.964205627
52,117.28,145,117.29,13:23:00.964205627
52,117.28,144,117.29,13:23:00.964278305
53,117.28,144,117.29,13:23:00.964394254
53,117.28,145,117.29,13:23:00.974095999
53,117.28,146,117.29,13:23:02.891243044
52,117.28,146,117.29,13:23:03.360028606
51,117.28,146,117.29,13:23:05.385969550
52,117.28,146,117.29,13:23:05.388274758
54,117.28,146,117.29,13:23:05.388489529
55,117.28,146,117.29,13:23:05.641430757
56,117.28,146,117.29,13:23:05.641624447
62,117.28,146,117.29,13:23:05.642302343
56,117.28,146,117.29,13:23:05.750089935
55,117.28,146,117.29,13:23:06.475637117
53,117.28,146,117.29,13:23:07.014660349
53,117.28,130,117.29,13:23:07.348993720
53,117.28,129,117.29,13:23:07.348993720
53,117.28,127,117.29,13:23:07.349198824
53,117.28,121,117.29,13:23:07.349214423
53,117.28,117,117.29,13:23:07.349214423
53,117.28,115,117.29,13:23:07.349214423
53,117.28,109,117.29,13:23:07.349228420
53,117.28,103,117.29,13:23:07.349243582
53,117.28,102,117.29,13:23:07.349243582
53,117.28,101,117.29,13:23:07.349259114
53,117.28,100,117.29,13:23:07.349259114
53,117.28,93,117.29,13:23:07.349259114
53,117.28,92,117.29,13:23:07.349272734
53,117.28,90,117.29,13:23:07.349287716
53,117.28,73,117.29,13:23:07.349300737
53,117.28,71,117.29,13:23:07.349315127
53,117.28,70,117.29,13:23:07.349330670
53,117.28,69,117.29,13:23:07.349344651
53,117.28,53,117.29,13:23:07.349358475
53,117.28,51,117.29,13:23:07.349653998
53,117.28,38,117.29,13:23:07.349669434
53,117.28,29,117.29,13:23:07.349691889
53,117.28,18,117.29,13:23:07.349706071
53,117.28,11,117.29,13:23:07.349719946
53,117.28,10,117.29,13:23:07.349734410
53,117.28,3,117.29,13:23:07.349747502
53,117.28,2,117.29,13:23:07.349762215
53,117.28,1,117.29,13:23:07.349777367
53,117.28,173,117.3,13:23:07.349777367
37,117.29,173,117.3,13:23:07.349880794
41,117.29,173,117.3,13:23:07.350646570
41,117.29,172,117.3,13:23:07.350685331
42,117.29,172,117.3,13:23:07.350685331
43,117.29,172,117.3,13:23:07.350760723
43,117.29,154,117.3,13:23:07.350760723
44,117.29,154,117.3,13:23:07.350781485
44,117.29,134,117.3,13:23:07.350781485
46,117.29,134,117.3,13:23:07.350914227
46,117.29,131,117.3,13:23:07.350914227
45,117.29,131,117.3,13:23:07.350933862
59,117.29,131,117.3,13:23:07.351172221
66,117.29,131,117.3,13:23:07.351190272
67,117.29,131,117.3,13:23:07.351207101
67,117.29,124,117.3,13:23:07.364175267
66,117.29,124,117.3,13:23:07.364354431
67,117.29,124,117.3,13:23:07.364434492
74,117.29,124,117.3,13:23:07.364572210
75,117.29,124,117.3,13:23:07.364965698
74,117.29,124,117.3,13:23:07.381041384
60,117.29,124,117.3,13:23:07.412140144
53,117.29,124,117.3,13:23:07.412209081
59,117.29,124,117.3,13:23:07.412277478
62,117.29,124,117.3,13:23:07.412448886
68,117.29,124,117.3,13:23:07.597683389
69,117.29,124,117.3,13:23:07.597852422
69,117.29,132,117.3,13:23:07.712915347
68,117.29,132,117.3,13:23:07.779857049
67,117.29,132,117.3,13:23:08.609316292
67,117.29,119,117.3,13:23:09.179091445
68,117.29,119,117.3,13:23:09.179255383
68,117.29,117,117.3,13:23:09.180174337
68,117.29,115,117.3,13:23:09.180885148
68,117.29,102,117.3,13:23:09.181572291
68,117.29,112,117.3,13:23:09.443082176
62,117.29,112,117.3,13:23:09.443165900
61,117.29,112,117.3,13:23:09.443641811
60,117.29,112,117.3,13:23:09.443641811
59,117.29,112,117.3,13:23:09.443641811
55,117.29,112,117.3,13:23:09.443935285
56,117.29,112,117.3,13:23:09.552759509
56,117.29,111,117.3,13:23:09.634057925
53,117.29,111,117.3,13:23:09.836804031
46,117.29,111,117.3,13:23:09.836862911
46,117.29,104,117.3,13:23:09.836942365
46,117.29,111,117.3,13:23:10.279789875
46,117.29,112,117.3,13:23:10.863695034
45,117.29,112,117.3,13:23:10.881154975
46,117.29,112,117.3,13:23:13.273270558
45,117.29,112,117.3,13:23:13.412144385
46,117.29,112,117.3,13:23:13.587262810
47,117.29,112,117.3,13:23:13.987658778
64,117.29,112,117.3,13:23:13.987741792
70,117.29,112,117.3,13:23:13.987741792
74,117.29,112,117.3,13:23:13.987741792
75,117.29,112,117.3,13:23:13.987816765
74,117.29,112,117.3,13:23:13.987977373
68,117.29,112,117.3,13:23:13.988607994
68,117.29,105,117.3,13:23:13.988671513
67,117.29,105,117.3,13:23:13.990783691
68,117.29,105,117.3,13:23:13.990975440
69,117.29,105,117.3,13:23:13.991158014
69,117.29,103,117.3,13:23:13.991616503
65,117.29,103,117.3,13:23:13.993726428
48,117.29,103,117.3,13:23:13.993863749
48,117.29,105,117.3,13:23:13.994059858
47,117.29,105,117.3,13:23:13.994140795
46,117.29,105,117.3,13:23:13.994215339
45,117.29,105,117.3,13:23:13.994370059
46,117.29,105,117.3,13:23:13.997768556
47,117.29,105,117.3,13:23:13.997877791
46,117.29,105,117.3,13:23:14.002517659
46,117.29,109,117.3,13:23:14.018540670
46,117.29,116,117.3,13:23:14.018723501
45,117.29,116,117.3,13:23:14.088394919
46,117.29,116,117.3,13:23:14.114618657
46,117.29,109,117.3,13:23:14.284060685
47,117.29,109,117.3,13:23:15.143907490
46,117.29,109,117.3,13:23:15.924420403
47,117.29,109,117.3,13:23:15.932658313
46,117.29,109,117.3,13:23:17.049256167
47,117.29,109,117.3,13:23:17.279290806
48,117.29,109,117.3,13:23:18.547289582
68,117.29,109,117.3,13:23:18.620044496
68,117.29,110,117.3,13:23:18.681587813
68,117.29,114,117.3,13:23:18.681776290
68,117.29,110,117.3,13:23:18.837605592
68,117.29,108,117.3,13:23:20.712804018
74,117.29,108,117.3,13:23:20.715049085
93,117.29,108,117.3,13:23:20.718005597
95,117.29,108,117.3,13:23:20.718116561
98,117.29,108,117.3,13:23:20.718220171
98,117.29,107,117.3,13:23:20.718441275
98,117.29,105,117.3,13:23:20.718931392
98,117.29,99,117.3,13:23:20.719008282
98,117.29,89,117.3,13:23:20.719008282
98,117.29,74,117.3,13:23:20.719008282
98,117.29,68,117.3,13:23:20.719088727
104,117.29,68,117.3,13:23:20.719088727
104,117.29,62,117.3,13:23:20.719088727
106,117.29,62,117.3,13:23:20.719197361
106,117.29,61,117.3,13:23:20.719336871
106,117.29,60,117.3,13:23:20.721321390
106,117.29,59,117.3,13:23:20.721556823
106,117.29,57,117.3,13:23:20.721556823
108,117.29,57,117.3,13:23:20.722025921
119,117.29,57,117.3,13:23:20.722428458
119,117.29,53,117.3,13:23:20.727726431
129,117.29,53,117.3,13:23:20.727844547
136,117.29,53,117.3,13:23:20.728148771
136,117.29,55,117.3,13:23:20.729896949
125,117.29,55,117.3,13:23:20.729974024
115,117.29,55,117.3,13:23:20.730054050
96,117.29,55,117.3,13:23:20.731077822
96,117.29,61,117.3,13:23:20.731561159
90,117.29,61,117.3,13:23:20.731630800
83,117.29,61,117.3,13:23:20.732432323
83,117.29,55,117.3,13:23:20.733044427
89,117.29,55,117.3,13:23:20.733117308
95,117.29,55,117.3,13:23:20.733263922
95,117.29,54,117.3,13:23:20.733741406
95,117.29,53,117.3,13:23:20.733741406
105,117.29,53,117.3,13:23:20.733883487
99,117.29,53,117.3,13:23:20.734903153
89,117.29,53,117.3,13:23:20.735906170
69,117.29,53,117.3,13:23:20.740982115
63,117.29,53,117.3,13:23:20.741353333
63,117.29,59,117.3,13:23:20.741899172
61,117.29,59,117.3,13:23:20.742069842
61,117.29,62,117.3,13:23:20.742136424
58,117.29,62,117.3,13:23:20.742430933
56,117.29,62,117.3,13:23:20.743713056
56,117.29,65,117.3,13:23:20.743894506
56,117.29,58,117.3,13:23:20.755660782
56,117.29,51,117.3,13:23:20.801070806
56,117.29,71,117.3,13:23:20.822288934
56,117.29,81,117.3,13:23:20.822528771
56,117.29,88,117.3,13:23:20.829346262
56,117.29,95,117.3,13:23:20.853357741
55,117.29,95,117.3,13:23:20.853481489
54,117.29,95,117.3,13:23:20.853557358
54,117.29,97,117.3,13:23:20.853632164
54,117.29,99,117.3,13:23:20.853699421
48,117.29,99,117.3,13:23:20.936044483
46,117.29,99,117.3,13:23:21.019626805
47,117.29,99,117.3,13:23:21.020976132
49,117.29,99,117.3,13:23:21.021127581
47,117.29,99,117.3,13:23:21.028576270
46,117.29,99,117.3,13:23:21.029019572
47,117.29,99,117.3,13:23:21.057653197
48,117.29,99,117.3,13:23:21.057802154
49,117.29,99,117.3,13:23:21.057958970
48,117.29,99,117.3,13:23:21.178635655
49,117.29,99,117.3,13:23:21.200951472
48,117.29,99,117.3,13:23:21.219308541
47,117.29,99,117.3,13:23:21.219451812
46,117.29,99,117.3,13:23:21.219517105
46,117.29,105,117.3,13:23:21.228504257
46,117.29,109,117.3,13:23:21.228720903
46,117.29,111,117.3,13:23:21.228876154
37,117.29,111,117.3,13:23:21.263720920
37,117.29,112,117.3,13:23:21.263901349
10,117.29,112,117.3,13:23:21.264090360
9,117.29,112,117.3,13:23:21.264104494
3,117.29,112,117.3,13:23:21.264206702
2,117.29,112,117.3,13:23:21.264233726
108,117.28,112,117.3,13:23:21.264233726
108,117.28,113,117.3,13:23:21.264233726
108,117.28,119,117.3,13:23:21.264407859
108,117.28,137,117.3,13:23:21.264407859
108,117.28,7,117.29,13:23:21.264598094
108,117.28,17,117.29,13:23:21.264707741
108,117.28,18,117.29,13:23:21.264933015
108,117.28,24,117.29,13:23:21.265107270
108,117.28,14,117.29,13:23:21.265107270
108,117.28,13,117.29,13:23:21.265305606
108,117.28,14,117.29,13:23:21.265475658
108,117.28,11,117.29,13:23:21.289755098
115,117.28,11,117.29,13:23:21.290016383
115,117.28,21,117.29,13:23:21.298146852
115,117.28,22,117.29,13:23:21.298209412
115,117.28,25,117.29,13:23:21.298482403
115,117.28,26,117.29,13:23:21.307962569
125,117.28,26,117.29,13:23:21.367945165
132,117.28,26,117.29,13:23:21.368144822
132,117.28,36,117.29,13:23:21.619963192
125,117.28,36,117.29,13:23:21.620169172
125,117.28,38,117.29,13:23:21.667733013
125,117.28,59,117.29,13:23:21.699221013
107,117.28,59,117.29,13:23:21.699371528
107,117.28,56,117.29,13:23:21.763455460
97,117.28,56,117.29,13:23:21.763455460
97,117.28,57,117.29,13:23:21.864653341
97,117.28,63,117.29,13:23:22.150225108
79,117.28,63,117.29,13:23:22.150567191
59,117.28,63,117.29,13:23:22.150633827
59,117.28,67,117.29,13:23:23.729084624
52,117.28,67,117.29,13:23:25.031473625
52,117.28,68,117.29,13:23:25.031657243
52,117.28,67,117.29,13:23:25.031806345
52,117.28,74,117.29,13:23:25.294779375
45,117.28,74,117.29,13:23:26.049257722
63,117.28,74,117.29,13:23:28.630733208
70,117.28,74,117.29,13:23:28.630944748
70,117.28,68,117.29,13:23:29.312905709
86,117.28,68,117.29,13:23:29.313936637
92,117.28,68,117.29,13:23:29.314144954
92,117.28,47,117.29,13:23:29.316094981
92,117.28,53,117.29,13:23:29.317025287
92,117.28,49,117.29,13:23:29.318002559
76,117.28,49,117.29,13:23:29.328169855
76,117.28,43,117.29,13:23:29.338513876
85,117.28,43,117.29,13:23:29.340329222
89,117.28,43,117.29,13:23:29.340514633
89,117.28,37,117.29,13:23:29.341081397
89,117.28,41,117.29,13:23:29.341364430
89,117.28,31,117.29,13:23:29.341657284
89,117.28,30,117.29,13:23:29.341791313
89,117.28,36,117.29,13:23:29.345479605
89,117.28,30,117.29,13:23:29.364533635
89,117.28,26,117.29,13:23:29.370062618
89,117.28,32,117.29,13:23:29.375602170
89,117.28,36,117.29,13:23:29.387175651
90,117.28,36,117.29,13:23:29.392955516
90,117.28,32,117.29,13:23:29.406416862
106,117.28,32,117.29,13:23:29.429387430
106,117.28,26,117.29,13:23:29.430558437
106,117.28,32,117.29,13:23:29.430857038
106,117.28,42,117.29,13:23:29.431528395
106,117.28,32,117.29,13:23:29.431852199
106,117.28,42,117.29,13:23:29.515435237
106,117.28,32,117.29,13:23:29.515763259
106,117.28,42,117.29,13:23:29.516129278
106,117.28,32,117.29,13:23:29.516832938
106,117.28,42,117.29,13:23:29.602825721
106,117.28,32,117.29,13:23:29.603282500
106,117.28,42,117.29,13:23:29.603757995
106,117.28,62,117.29,13:23:29.686996796
106,117.28,66,117.29,13:23:30.289494948
97,117.28,66,117.29,13:23:31.403163681
97,117.28,70,117.29,13:23:31.406722747
97,117.28,66,117.29,13:23:31.420271059
97,117.28,72,117.29,13:23:31.791051404
81,117.28,72,117.29,13:23:31.792125864
63,117.28,72,117.29,13:23:31.792188401
63,117.28,73,117.29,13:23:31.792338965
59,117.28,73,117.29,13:23:31.793312721
59,117.28,77,117.29,13:23:31.794497486
59,117.28,73,117.29,13:23:31.806604533
59,117.28,72,117.29,13:23:31.868062751
58,117.28,72,117.29,13:23:31.868062751
59,117.28,72,117.29,13:23:32.431820613
65,117.28,72,117.29,13:23:32.432003822
83,117.28,72,117.29,13:23:32.472905288
82,117.28,72,117.29,13:23:32.806824194
80,117.28,72,117.29,13:23:32.806909253
75,117.28,72,117.29,13:23:32.806909253
75,117.28,73,117.29,13:23:32.807320876
75,117.28,75,117.29,13:23:32.807320876
57,117.28,75,117.29,13:23:32.807338753
57,117.28,86,117.29,13:23:32.807338753
57,117.28,87,117.29,13:23:32.807338753
62,117.28,87,117.29,13:23:32.807338753
64,117.28,87,117.29,13:23:32.807338753
64,117.28,86,117.29,13:23:32.807549306
58,117.28,86,117.29,13:23:32.807625346
57,117.28,86,117.29,13:23:32.807699589
64,117.28,86,117.29,13:23:32.807875557
64,117.28,85,117.29,13:23:32.807875557
65,117.28,85,117.29,13:23:32.807950526
66,117.28,85,117.29,13:23:34.035018725
59,117.28,85,117.29,13:23:34.168475926
58,117.28,85,117.29,13:23:34.168625823
58,117.28,86,117.29,13:23:34.863850660
69,117.28,86,117.29,13:23:37.185486307
78,117.28,86,117.29,13:23:37.185551699
83,117.28,86,117.29,13:23:37.185699944
74,117.28,86,117.29,13:23:41.400022679
63,117.28,86,117.29,13:23:41.400093357
63,117.28,87,117.29,13:23:41.400248182
58,117.28,87,117.29,13:23:41.400464121
52,117.28,87,117.29,13:23:41.400649241
52,117.28,100,117.29,13:23:41.401477903
52,117.28,106,117.29,13:23:41.401544898
46,117.28,106,117.29,13:23:41.402814673
40,117.28,106,117.29,13:23:41.403350816
38,117.28,106,117.29,13:23:41.408547149
38,117.28,112,117.29,13:23:41.408764614
38,117.28,116,117.29,13:23:41.412923090
36,117.28,116,117.29,13:23:41.566989820
37,117.28,116,117.29,13:23:41.838292777
38,117.28,116,117.29,13:23:41.838471308
42,117.28,116,117.29,13:23:41.838534524
41,117.28,116,117.29,13:23:41.891470006
37,117.28,116,117.29,13:23:41.932599699
36,117.28,116,117.29,13:23:41.932740800
37,117.28,116,117.29,13:23:42.264504502
39,117.28,116,117.29,13:23:42.264697921
40,117.28,116,117.29,13:23:42.264852268
39,117.28,116,117.29,13:23:42.363622809
38,117.28,116,117.29,13:23:42.405349042
36,117.28,116,117.29,13:23:42.449472790
36,117.28,117,117.29,13:23:42.452113751
37,117.28,117,117.29,13:23:42.830148533
38,117.28,117,117.29,13:23:42.830213996
41,117.28,117,117.29,13:23:42.830348046
40,117.28,117,117.29,13:23:42.840658471
41,117.28,117,117.29,13:23:42.865520744
40,117.28,117,117.29,13:23:43.835111323
39,117.28,117,117.29,13:23:43.954782536
36,117.28,117,117.29,13:23:44.290382397
36,117.28,119,117.29,13:23:47.053886350
36,117.28,117,117.29,13:23:47.711951203
36,117.28,116,117.29,13:23:47.711951203
36,117.28,114,117.29,13:23:48.162002633
35,117.28,114,117.29,13:23:48.162020731
34,117.28,114,117.29,13:23:48.162083461
30,117.28,114,117.29,13:23:48.162501453
29,117.28,114,117.29,13:23:48.162615850
24,117.28,114,117.29,13:23:48.162692014
22,117.28,114,117.29,13:23:48.162774094
22,117.28,113,117.29,13:23:48.236697962
23,117.28,113,117.29,13:23:48.236866583
30,117.28,113,117.29,13:23:48.237061709
28,117.28,113,117.29,13:23:48.247541157
28,117.28,114,117.29,13:23:48.247698779
27,117.28,114,117.29,13:23:48.247765272
27,117.28,134,117.29,13:23:48.275023314
20,117.28,134,117.29,13:23:48.310149581
18,117.28,134,117.29,13:23:48.310417999
17,117.28,134,117.29,13:23:48.310417999
16,117.28,134,117.29,13:23:48.366654682
10,117.28,134,117.29,13:23:48.366820656
3,117.28,134,117.29,13:23:48.366883271
3,117.28,136,117.29,13:23:48.367051098
3,117.28,137,117.29,13:23:48.367183712
3,117.28,151,117.29,13:23:49.002376434
2,117.28,151,117.29,13:23:49.002598283
2,117.28,158,117.29,13:23:49.053059986
2,117.28,160,117.29,13:23:49.789362437
2,117.28,161,117.29,13:23:49.789565368
1,117.28,161,117.29,13:23:53.409424305
1,117.28,164,117.29,13:23:53.409737474
1,117.28,163,117.29,13:23:53.409973063
103,117.27,163,117.29,13:23:53.415004202
103,117.27,5,117.28,13:23:53.415004202
103,117.27,4,117.28,13:23:53.415369734
85,117.27,4,117.28,13:23:53.415462531
86,117.27,4,117.28,13:23:53.415479260
86,117.27,5,117.28,13:23:53.415540924
93,117.27,5,117.28,13:23:53.415701712
93,117.27,8,117.28,13:23:53.415797581
93,117.27,15,117.28,13:23:53.474664829
99,117.27,15,117.28,13:23:53.513080162
103,117.27,15,117.28,13:23:53.513186351
110,117.27,15,117.28,13:23:53.513331042
110,117.27,16,117.28,13:23:53.645344521
110,117.27,17,117.28,13:23:53.676701359
110,117.27,14,117.28,13:23:53.681001996
110,117.27,15,117.28,13:23:53.865862653
110,117.27,16,117.28,13:23:54.312120981
103,117.27,16,117.28,13:23:54.887618671
103,117.27,26,117.28,13:23:55.674596459
103,117.27,25,117.28,13:23:55.866288334
102,117.27,25,117.28,13:23:55.866288334
102,117.27,31,117.28,13:23:55.866634268
102,117.27,32,117.28,13:23:55.866706840
102,117.27,31,117.28,13:23:55.866919400
102,117.27,45,117.28,13:23:55.978700774
102,117.27,39,117.28,13:23:56.418882010
102,117.27,29,117.28,13:23:56.418899972
101,117.27,29,117.28,13:23:58.552962900
100,117.27,29,117.28,13:23:58.552962900
99,117.27,29,117.28,13:23:58.553056331
98,117.27,29,117.28,13:23:58.553074095
94,117.27,29,117.28,13:23:58.553074095
94,117.27,32,117.28,13:23:58.553253643
94,117.27,33,117.28,13:23:58.553350699
94,117.27,39,117.28,13:23:58.553350699
94,117.27,41,117.28,13:23:58.553350699
94,117.27,42,117.28,13:23:58.553363589
94,117.27,48,117.28,13:23:58.553445771
90,117.27,48,117.28,13:23:58.553445771
84,117.27,48,117.28,13:23:58.553462835
84,117.27,68,117.28,13:23:58.553462835
84,117.27,78,117.28,13:23:58.553462835
84,117.27,79,117.28,13:23:58.553462835
85,117.27,79,117.28,13:23:58.553542341
85,117.27,76,117.28,13:23:58.553542341
85,117.27,66,117.28,13:23:58.553710510
92,117.27,66,117.28,13:23:58.553774888
92,117.27,46,117.28,13:23:58.554625342
92,117.27,47,117.28,13:23:58.863299740
92,117.27,46,117.28,13:23:58.863459750
85,117.27,46,117.28,13:23:59.068085934
85,117.27,50,117.28,13:24:00.024803997
78,117.27,50,117.28,13:24:00.036887419
82,117.27,50,117.28,13:24:00.094197278
89,117.27,50,117.28,13:24:00.094373476
89,117.27,54,117.28,13:24:00.295580108
82,117.27,54,117.28,13:24:00.590640378
82,117.27,65,117.28,13:24:00.591919513
82,117.27,74,117.28,13:24:00.592056099
82,117.27,76,117.28,13:24:00.630722164
82,117.27,77,117.28,13:24:00.997541070
83,117.27,77,117.28,13:24:02.125271150
90,117.27,77,117.28,13:24:02.125461364
90,117.27,66,117.28,13:24:02.371460967
90,117.27,57,117.28,13:24:02.371524554
88,117.27,57,117.28,13:24:02.385359250
81,117.27,57,117.28,13:24:02.385599327
81,117.27,59,117.28,13:24:02.386282149
81,117.27,63,117.28,13:24:03.040941081
81,117.27,59,117.28,13:24:03.053967480
81,117.27,60,117.28,13:24:03.143410507
81,117.27,64,117.28,13:24:03.259324590
83,117.27,64,117.28,13:24:05.989692383
90,117.27,64,117.28,13:24:05.989888424
91,117.27,64,117.28,13:24:06.089406051
95,117.27,64,117.28,13:24:06.089580953
95,117.27,63,117.28,13:24:06.090422616
95,117.27,73,117.28,13:24:08.944913360
94,117.27,73,117.28,13:24:08.949084777
90,117.27,73,117.28,13:24:08.950154770
83,117.27,73,117.28,13:24:08.950424242
73,117.27,73,117.28,13:24:08.994760370
73,117.27,88,117.28,13:24:08.994912264
73,117.27,93,117.28,13:24:08.995083838
69,117.27,93,117.28,13:24:08.995236942
67,117.27,93,117.28,13:24:08.995236942
52,117.27,93,117.28,13:24:08.995480910
62,117.27,93,117.28,13:24:13.736455761
67,117.27,93,117.28,13:24:13.736738448
67,117.27,83,117.28,13:24:13.736899118
67,117.27,93,117.28,13:24:15.094541411
62,117.27,93,117.28,13:24:15.199515018
62,117.27,83,117.28,13:24:15.297956892
63,117.27,83,117.28,13:24:18.063978808
70,117.27,83,117.28,13:24:18.064216846
70,117.27,78,117.28,13:24:18.064374081
70,117.27,63,117.28,13:24:18.064450577
70,117.27,62,117.28,13:24:19.868274850
69,117.27,62,117.28,13:24:19.868274850
69,117.27,72,117.28,13:24:19.868463056
62,117.27,72,117.28,13:24:19.868532280
63,117.27,72,117.28,13:24:20.170622459
70,117.27,72,117.28,13:24:20.170808866
70,117.27,73,117.28,13:24:20.709668280
69,117.27,73,117.28,13:24:21.089191340
62,117.27,73,117.28,13:24:21.403360717
62,117.27,74,117.28,13:24:21.834441947
62,117.27,84,117.28,13:24:21.836770224
52,117.27,84,117.28,13:24:21.836872154
52,117.27,104,117.28,13:24:21.841693049
49,117.27,104,117.28,13:24:21.842307298
49,117.27,106,117.28,13:24:21.842561209
43,117.27,106,117.28,13:24:21.842933452
41,117.27,106,117.28,13:24:21.843211400
21,117.27,106,117.28,13:24:21.843329170
21,117.27,124,117.28,13:24:21.843402773
21,117.27,125,117.28,13:24:21.843402773
15,117.27,125,117.28,13:24:21.843483848
14,117.27,125,117.28,13:24:21.843658006
13,117.27,125,117.28,13:24:21.843658006
13,117.27,124,117.28,13:24:21.843730408
12,117.27,124,117.28,13:24:21.843833712
11,117.27,124,117.28,13:24:21.843849905
11,117.27,125,117.28,13:24:21.843916212
5,117.27,125,117.28,13:24:21.844029790
3,117.27,125,117.28,13:24:21.844339070
2,117.27,125,117.28,13:24:21.844936183
1,117.27,125,117.28,13:24:21.845031625
105,117.26,125,117.28,13:24:21.845048908
105,117.26,126,117.28,13:24:21.845048908
105,117.26,128,117.28,13:24:21.845430050
105,117.26,130,117.28,13:24:21.845453254
105,117.26,132,117.28,13:24:21.845453254
105,117.26,130,117.28,13:24:21.848586173
1,117.27,130,117.28,13:24:21.851750980
15,117.27,130,117.28,13:24:21.852123899
15,117.27,129,117.28,13:24:21.852123899
22,117.27,129,117.28,13:24:21.852195303
23,117.27,129,117.28,13:24:21.852393530
29,117.27,129,117.28,13:24:21.852678826
30,117.27,129,117.28,13:24:21.852678826
36,117.27,129,117.28,13:24:21.852678826
37,117.27,129,117.28,13:24:21.852678826
37,117.27,127,117.28,13:24:21.853143085
37,117.27,125,117.28,13:24:21.853162553
37,117.27,124,117.28,13:24:21.853295408
37,117.27,122,117.28,13:24:21.853521126
37,117.27,123,117.28,13:24:21.853656658
37,117.27,124,117.28,13:24:21.853987539
37,117.27,123,117.28,13:24:21.854781861
37,117.27,124,117.28,13:24:21.861860364
37,117.27,123,117.28,13:24:21.891647569
36,117.27,123,117.28,13:24:21.892074314
34,117.27,123,117.28,13:24:21.892088790
28,117.27,123,117.28,13:24:21.892366576
28,117.27,124,117.28,13:24:21.892366576
22,117.27,124,117.28,13:24:21.892366576
28,117.27,124,117.28,13:24:21.892571776
27,117.27,124,117.28,13:24:21.892571776
20,117.27,124,117.28,13:24:21.892633876
8,117.27,124,117.28,13:24:21.892735904
15,117.27,124,117.28,13:24:21.892878359
15,117.27,125,117.28,13:24:21.892878359
15,117.27,126,117.28,13:24:21.893190864
21,117.27,126,117.28,13:24:21.915376952
23,117.27,126,117.28,13:24:21.935192808
23,117.27,125,117.28,13:24:21.935288526
25,117.27,125,117.28,13:24:21.935432379
25,117.27,124,117.28,13:24:21.935504977
26,117.27,124,117.28,13:24:21.935825050
26,117.27,123,117.28,13:24:21.936011063
27,117.27,123,117.28,13:24:21.936011063
28,117.27,123,117.28,13:24:21.936209690
38,117.27,123,117.28,13:24:21.936209690
40,117.27,123,117.28,13:24:21.936279120
41,117.27,123,117.28,13:24:21.936279120
42,117.27,123,117.28,13:24:21.936361927
42,117.27,105,117.28,13:24:21.936361927
42,117.27,104,117.28,13:24:21.936442038
42,117.27,84,117.28,13:24:21.936507418
42,117.27,74,117.28,13:24:21.936573997
43,117.27,74,117.28,13:24:21.936688554
43,117.27,75,117.28,13:24:21.936764192
42,117.27,75,117.28,13:24:21.936764192
42,117.27,80,117.28,13:24:21.936870707
42,117.27,75,117.28,13:24:21.940681767
42,117.27,76,117.28,13:24:21.946709634
42,117.27,96,117.28,13:24:21.965135183
41,117.27,96,117.28,13:24:21.966545338
55,117.27,96,117.28,13:24:22.014472904
62,117.27,96,117.28,13:24:22.014585617
67,117.27,96,117.28,13:24:22.014904868
67,117.27,95,117.28,13:24:22.014904868
68,117.27,95,117.28,13:24:22.015048413
67,117.27,95,117.28,13:24:22.053339778
69,117.27,95,117.28,13:24:22.136588787
70,117.27,95,117.28,13:24:22.145129529
72,117.27,95,117.28,13:24:22.145298207
72,117.27,75,117.28,13:24:22.153415586
72,117.27,74,117.28,13:24:22.153621896
72,117.27,73,117.28,13:24:22.153695201
84,117.27,73,117.28,13:24:22.153695201
90,117.27,73,117.28,13:24:22.153784033
92,117.27,73,117.28,13:24:22.153891362
92,117.27,74,117.28,13:24:22.863952251
90,117.27,74,117.28,13:24:23.124771437
90,117.27,70,117.28,13:24:23.971508194
90,117.27,71,117.28,13:24:23.971660363
90,117.27,70,117.28,13:24:23.984923758
90,117.27,74,117.28,13:24:25.060515292
90,117.27,70,117.28,13:24:25.075997530
89,117.27,70,117.28,13:24:27.486908232
88,117.27,70,117.28,13:24:27.486990894
82,117.27,70,117.28,13:24:27.486990894
82,117.27,72,117.28,13:24:27.487149406
80,117.27,72,117.28,13:24:27.487235127
68,117.27,72,117.28,13:24:27.487235127
68,117.27,73,117.28,13:24:27.487235127
62,117.27,73,117.28,13:24:27.487235127
52,117.27,73,117.28,13:24:27.487325242
52,117.27,76,117.28,13:24:27.487341341
51,117.27,76,117.28,13:24:27.487341341
45,117.27,76,117.28,13:24:27.487341341
47,117.27,76,117.28,13:24:27.487438206
47,117.27,73,117.28,13:24:27.487504871
45,117.27,73,117.28,13:24:27.487595364
51,117.27,73,117.28,13:24:27.487673623
52,117.27,73,117.28,13:24:27.487673623
52,117.27,74,117.28,13:24:28.797638205
62,117.27,74,117.28,13:24:29.001592460
62,117.27,73,117.28,13:24:29.001772718
77,117.27,73,117.28,13:24:29.001838453
80,117.27,73,117.28,13:24:29.001902818
80,117.27,71,117.28,13:24:29.001977791
81,117.27,71,117.28,13:24:29.002051839
82,117.27,71,117.28,13:24:29.002127714
81,117.27,71,117.28,13:24:29.002200680
83,117.27,71,117.28,13:24:29.002284210
84,117.27,71,117.28,13:24:29.002399624
83,117.27,71,117.28,13:24:29.089682677
80,117.27,71,117.28,13:24:30.014976240
70,117.27,71,117.28,13:24:30.298497184
70,117.27,72,117.28,13:24:30.298746720
70,117.27,70,117.28,13:24:31.492660416
70,117.27,69,117.28,13:24:31.492818791
68,117.27,69,117.28,13:24:31.511738427
68,117.27,70,117.28,13:24:31.511904085
53,117.27,70,117.28,13:24:31.512022098
53,117.27,69,117.28,13:24:31.512100795
63,117.27,69,117.28,13:24:33.007366307
79,117.27,69,117.28,13:24:33.007535001
83,117.27,69,117.28,13:24:33.007659893
83,117.27,59,117.28,13:24:34.080362048
79,117.27,59,117.28,13:24:34.080546268
79,117.27,69,117.28,13:24:34.161911948
81,117.27,69,117.28,13:24:35.231780210
85,117.27,69,117.28,13:24:35.231992528
83,117.27,69,117.28,13:24:35.232959626
83,117.27,71,117.28,13:24:36.676537371
79,117.27,71,117.28,13:24:41.012545017
79,117.27,70,117.28,13:24:43.868547325
78,117.27,70,117.28,13:24:43.868547325
62,117.27,70,117.28,13:24:43.868704735
62,117.27,71,117.28,13:24:46.863698696
52,117.27,71,117.28,13:24:46.953887839
52,117.27,72,117.28,13:24:46.954068362
52,117.27,71,117.28,13:24:47.007996840
62,117.27,71,117.28,13:24:47.008158145
69,117.27,71,117.28,13:24:47.008357237
62,117.27,71,117.28,13:24:47.008527198
80,117.27,71,117.28,13:24:49.704882688
82,117.27,71,117.28,13:24:49.705124947
82,117.27,70,117.28,13:24:50.335510092
82,117.27,60,117.28,13:24:50.335675542
80,117.27,60,117.28,13:24:50.335845161
79,117.27,60,117.28,13:24:50.352406466
85,117.27,60,117.28,13:24:50.360233061
86,117.27,60,117.28,13:24:50.360478318
85,117.27,60,117.28,13:24:50.360588222
85,117.27,70,117.28,13:24:50.381236561
85,117.27,74,117.28,13:24:51.400359236
79,117.27,74,117.28,13:24:53.013179768
61,117.27,74,117.28,13:24:53.013414973
61,117.27,75,117.28,13:24:53.013529236
51,117.27,75,117.28,13:24:53.431637574
50,117.27,75,117.28,13:24:53.830011679
50,117.27,76,117.28,13:24:53.830085908
51,117.27,76,117.28,13:24:53.830195602
49,117.27,76,117.28,13:24:53.830308872
49,117.27,78,117.28,13:24:53.830384847
53,117.27,78,117.28,13:24:53.830458591
52,117.27,78,117.28,13:24:53.830532495
52,117.27,76,117.28,13:24:53.831039652
54,117.27,76,117.28,13:24:53.831113736
50,117.27,76,117.28,13:24:53.831444999
51,117.27,76,117.28,13:24:53.831783441
50,117.27,76,117.28,13:24:53.832210708
51,117.27,76,117.28,13:24:53.832545274
51,117.27,75,117.28,13:24:53.832694742
51,117.27,76,117.28,13:24:53.832982134
50,117.27,76,117.28,13:24:53.833137052
45,117.27,76,117.28,13:24:53.833211737
43,117.27,76,117.28,13:24:53.833386198
43,117.27,78,117.28,13:24:53.834010825
37,117.27,78,117.28,13:24:53.834089733
35,117.27,78,117.28,13:24:53.834176002
35,117.27,80,117.28,13:24:53.834176002
21,117.27,80,117.28,13:24:53.834324411
21,117.27,92,117.28,13:24:53.834399416
27,117.27,92,117.28,13:24:53.834399416
20,117.27,92,117.28,13:24:53.834491381
20,117.27,100,117.28,13:24:53.834506459
22,117.27,100,117.28,13:24:53.834506459
23,117.27,100,117.28,13:24:53.834568391
21,117.27,100,117.28,13:24:53.834647867
21,117.27,98,117.28,13:24:53.834647867
27,117.27,98,117.28,13:24:53.835984759
31,117.27,98,117.28,13:24:53.836167437
37,117.27,98,117.28,13:24:53.836789280
36,117.27,98,117.28,13:24:53.836863494
37,117.27,98,117.28,13:24:53.836984758
37,117.27,97,117.28,13:24:53.837325849
37,117.27,89,117.28,13:24:53.838085903
37,117.27,77,117.28,13:24:53.838154151
37,117.27,76,117.28,13:24:53.838256095
37,117.27,77,117.28,13:24:53.838577992
37,117.27,76,117.28,13:24:53.838967448
47,117.27,76,117.28,13:24:53.847270747
49,117.27,76,117.28,13:24:53.847426222
51,117.27,76,117.28,13:24:53.847626948
52,117.27,76,117.28,13:24:53.847696513
62,117.27,76,117.28,13:24:53.847796813
70,117.27,76,117.28,13:24:53.847904948
70,117.27,74,117.28,13:24:53.847979327
82,117.27,74,117.28,13:24:53.942940559
91,117.27,74,117.28,13:24:53.943010911
92,117.27,74,117.28,13:24:53.943196847
92,117.27,94,117.28,13:24:53.948234539
92,117.27,74,117.28,13:24:54.135660552
91,117.27,74,117.28,13:24:55.214021420
90,117.27,74,117.28,13:24:55.433491283
90,117.27,70,117.28,13:24:55.446734500
87,117.27,70,117.28,13:24:56.612935859
85,117.27,70,117.28,13:24:56.613015609
84,117.27,70,117.28,13:24:56.613015609
84,117.27,72,117.28,13:24:56.613260994
84,117.27,73,117.28,13:24:56.613346188
74,117.27,73,117.28,13:24:56.613346188
74,117.27,74,117.28,13:24:56.613447801
73,117.27,74,117.28,13:24:56.613447801
73,117.27,77,117.28,13:24:56.613462494
63,117.27,77,117.28,13:24:56.613553314
61,117.27,77,117.28,13:24:56.613553314
61,117.27,79,117.28,13:24:56.613553314
53,117.27,79,117.28,13:24:56.613553314
53,117.27,78,117.28,13:24:56.613623964
51,117.27,78,117.28,13:24:56.613709695
54,117.27,78,117.28,13:24:56.613800584
54,117.27,75,117.28,13:24:56.613800584
64,117.27,75,117.28,13:24:56.613978146
65,117.27,75,117.28,13:24:56.614127035
64,117.27,75,117.28,13:24:56.894593776
64,117.27,74,117.28,13:24:56.898669111
64,117.27,72,117.28,13:24:56.903629538
64,117.27,70,117.28,13:24:58.643234148
64,117.27,70,117.28,13:24:58.643234148
65,117.27,70,117.28,13:25:01.050552057
67,117.27,70,117.28,13:25:01.050848684
79,117.27,70,117.28,13:25:01.051005652
85,117.27,70,117.28,13:25:01.051131707
87,117.27,70,117.28,13:25:01.051211685
87,117.27,71,117.28,13:25:01.070423395
87,117.27,76,117.28,13:25:01.070601259
87,117.27,77,117.28,13:25:01.078255910
85,117.27,77,117.28,13:25:01.275228725
85,117.27,72,117.28,13:25:01.275460792
85,117.27,73,117.28,13:25:02.900645573
85,117.27,77,117.28,13:25:02.900856469
75,117.27,77,117.28,13:25:03.670688801
69,117.27,77,117.28,13:25:03.670962922
57,117.27,77,117.28,13:25:03.670962922
57,117.27,73,117.28,13:25:03.671238368
57,117.27,74,117.28,13:25:04.210784693
57,117.27,76,117.28,13:25:04.211017092
57,117.27,75,117.28,13:25:04.306123473
57,117.27,79,117.28,13:25:04.311618463
57,117.27,75,117.28,13:25:04.325673457
57,117.27,79,117.28,13:25:04.516078469
57,117.27,80,117.28,13:25:04.516245856
57,117.27,81,117.28,13:25:04.516862217
55,117.27,81,117.28,13:25:04.517041814
52,117.27,81,117.28,13:25:04.517189740
53,117.27,81,117.28,13:25:06.479925382
55,117.27,81,117.28,13:25:06.480143952
55,117.27,80,117.28,13:25:06.480219155
57,117.27,80,117.28,13:25:06.480219155
57,117.27,79,117.28,13:25:06.480286873
57,117.27,77,117.28,13:25:06.767505588
55,117.27,77,117.28,13:25:06.767957988
55,117.27,78,117.28,13:25:06.977819094
55,117.27,77,117.28,13:25:07.868113616
54,117.27,77,117.28,13:25:07.868113616
54,117.27,78,117.28,13:25:07.868383245
54,117.27,74,117.28,13:25:10.746828156
54,117.27,75,117.28,13:25:10.864060902
54,117.27,76,117.28,13:25:10.864267135
54,117.27,75,117.28,13:25:11.984863368
54,117.27,74,117.28,13:25:12.453601811
54,117.27,73,117.28,13:25:12.454822012
64,117.27,73,117.28,13:25:12.454994668
67,117.27,73,117.28,13:25:12.455185445
67,117.27,77,117.28,13:25:12.464121866
64,117.27,77,117.28,13:25:12.759479923
54,117.27,77,117.28,13:25:13.370723197
54,117.27,78,117.28,13:25:13.765835698
54,117.27,79,117.28,13:25:13.766041036
54,117.27,80,117.28,13:25:13.766136194
52,117.27,80,117.28,13:25:13.766271531
51,117.27,80,117.28,13:25:13.770198056
51,117.27,81,117.28,13:25:13.770268594
53,117.27,81,117.28,13:25:13.780674854
53,117.27,80,117.28,13:25:13.780884448
53,117.27,79,117.28,13:25:13.780954566
54,117.27,79,117.28,13:25:13.780954566
55,117.27,79,117.28,13:25:13.781024271
55,117.27,78,117.28,13:25:13.781130703
55,117.27,77,117.28,13:25:14.561647764
55,117.27,73,117.28,13:25:14.761048609
55,117.27,77,117.28,13:25:15.009752560
55,117.27,78,117.28,13:25:15.010038423
54,117.27,78,117.28,13:25:15.011399951
55,117.27,78,117.28,13:25:15.339170753
58,117.27,78,117.28,13:25:15.339370516
68,117.27,78,117.28,13:25:15.875834165
65,117.27,78,117.28,13:25:15.876057781
65,117.27,77,117.28,13:25:15.876120274
63,117.27,77,117.28,13:25:18.457000378
62,117.27,77,117.28,13:25:18.457000378
61,117.27,77,117.28,13:25:18.457097364
60,117.27,77,117.28,13:25:18.457118324
59,117.27,77,117.28,13:25:18.457118324
59,117.27,81,117.28,13:25:18.457317236
54,117.27,81,117.28,13:25:18.457317236
54,117.27,82,117.28,13:25:18.457317236
53,117.27,82,117.28,13:25:18.457408704
53,117.27,85,117.28,13:25:18.457408704
43,117.27,85,117.28,13:25:18.457424004
41,117.27,85,117.28,13:25:18.457424004
41,117.27,86,117.28,13:25:18.457516922
41,117.27,85,117.28,13:25:18.457639745
42,117.27,85,117.28,13:25:18.457714381
43,117.27,85,117.28,13:25:18.457802499
34,117.27,85,117.28,13:25:18.457906374
22,117.27,85,117.28,13:25:18.457922851
27,117.27,85,117.28,13:25:18.458000368
29,117.27,85,117.28,13:25:18.458016518
29,117.27,82,117.28,13:25:18.458016518
33,117.27,82,117.28,13:25:18.458077619
27,117.27,82,117.28,13:25:18.458198077
28,117.27,82,117.28,13:25:18.458198077
30,117.27,82,117.28,13:25:18.458295404
31,117.27,82,117.28,13:25:18.458310274
37,117.27,82,117.28,13:25:18.458542261
49,117.27,82,117.28,13:25:18.607128596
58,117.27,82,117.28,13:25:18.607198167
58,117.27,78,117.28,13:25:18.790412137
58,117.27,74,117.28,13:25:18.799138283
58,117.27,73,117.28,13:25:18.878560788
58,117.27,74,117.28,13:25:20.135923295
58,117.27,75,117.28,13:25:20.136138433
58,117.27,74,117.28,13:25:20.144097631
61,117.27,74,117.28,13:25:20.339356562
61,117.27,78,117.28,13:25:20.750534283
61,117.27,80,117.28,13:25:20.905321626
61,117.27,78,117.28,13:25:20.905517945
52,117.27,78,117.28,13:25:21.058091641
46,117.27,78,117.28,13:25:21.058105555
42,117.27,78,117.28,13:25:21.058264340
40,117.27,78,117.28,13:25:21.058278762
39,117.27,78,117.28,13:25:21.058278762
38,117.27,78,117.28,13:25:21.058278762
37,117.27,78,117.28,13:25:21.058433307
36,117.27,78,117.28,13:25:21.058474802
31,117.27,78,117.28,13:25:21.058474802
29,117.27,78,117.28,13:25:21.058474802
25,117.27,78,117.28,13:25:21.058474802
24,117.27,78,117.28,13:25:21.058474802
22,117.27,78,117.28,13:25:21.058474802
21,117.27,78,117.28,13:25:21.058474802
15,117.27,78,117.28,13:25:21.058474802
12,117.27,78,117.28,13:25:21.058474802
129,117.26,78,117.28,13:25:21.058796780
129,117.26,91,117.28,13:25:21.058827916
129,117.26,95,117.28,13:25:21.058873599
129,117.26,102,117.28,13:25:21.058962510
129,117.26,103,117.28,13:25:21.059158612
129,117.26,106,117.28,13:25:21.059177978
129,117.26,12,117.27,13:25:21.059177978
129,117.26,16,117.27,13:25:21.059177978
128,117.26,16,117.27,13:25:21.059190769
128,117.26,27,117.27,13:25:21.059563355
128,117.26,15,117.27,13:25:21.059563355
128,117.26,14,117.27,13:25:21.059578919
128,117.26,6,117.27,13:25:21.059969441
128,117.26,4,117.27,13:25:21.059986122
128,117.26,1,117.27,13:25:21.060076510
128,117.26,117,117.28,13:25:21.060092352
11,117.27,117,117.28,13:25:21.060315105
12,117.27,117,117.28,13:25:21.060445319
10,117.27,117,117.28,13:25:21.097613663
10,117.27,124,117.28,13:25:21.097822811
10,117.27,131,117.28,13:25:21.097896507
10,117.27,134,117.28,13:25:21.097984728
9,117.27,134,117.28,13:25:21.101700958
7,117.27,134,117.28,13:25:21.120489315
106,117.26,134,117.28,13:25:21.120685452
106,117.26,141,117.28,13:25:21.120685452
113,117.26,141,117.28,13:25:21.207595682
116,117.26,141,117.28,13:25:21.207666834
123,117.26,141,117.28,13:25:21.207832490
123,117.26,161,117.28,13:25:21.209734448
123,117.26,141,117.28,13:25:21.393517532
123,117.26,140,117.28,13:25:21.463842399
122,117.26,140,117.28,13:25:21.484111573
119,117.26,140,117.28,13:25:21.484432600
112,117.26,140,117.28,13:25:21.484521368
