price,volume,timestamp
117.27,2,13:20:00.819049236
117.27,1,13:20:00.819258079
117.27,7,13:20:00.819475960
117.27,10,13:20:00.819692082
117.27,7,13:20:00.819924147
117.27,1,13:20:00.819924147
117.27,1,13:20:00.820024414
117.27,3,13:20:00.830565940
117.27,20,13:20:00.933524843
117.27,1,13:20:00.999843669
117.27,4,13:20:07.748261413
117.27,3,13:20:07.748433710
117.27,1,13:20:07.775458201
117.27,6,13:20:07.775666120
117.27,2,13:20:07.780011608
117.27,1,13:20:13.156280213
117.27,4,13:20:18.709206356
117.27,2,13:20:18.709206356
117.27,1,13:20:18.709206356
117.27,1,13:20:18.710061901
117.27,7,13:20:18.710182351
117.27,1,13:20:18.710200217
117.27,4,13:20:18.710200217
117.27,1,13:20:18.710220817
117.27,3,13:20:18.710489574
117.27,1,13:20:18.735872573
117.27,4,13:20:18.736162292
117.27,1,13:20:18.745179862
117.27,1,13:20:18.805998256
117.27,1,13:20:18.817784063
117.27,1,13:20:18.817862677
117.26,1,13:20:22.022810829
117.26,1,13:20:37.877103448
117.26,1,13:20:43.886143906
117.26,1,13:20:43.886162655
117.26,4,13:20:43.886162655
117.26,2,13:20:43.886162655
117.26,1,13:20:56.210270933
117.27,1,13:21:00.303630005
117.27,8,13:21:02.409703675
117.27,8,13:21:02.409731643
117.27,1,13:21:02.409731643
117.27,2,13:21:02.409731643
117.27,3,13:21:02.409731643
117.27,1,13:21:02.410088792
117.27,2,13:21:02.410088792
117.27,2,13:21:02.410229137
117.27,19,13:21:02.410229137
117.27,1,13:21:02.410250174
117.27,1,13:21:02.410614308
117.27,2,13:21:02.470813579
117.27,1,13:21:02.471119594
117.27,1,13:21:02.471239038
117.27,1,13:21:02.471258152
117.27,3,13:21:02.471258152
117.27,1,13:21:02.471356692
117.27,1,13:21:04.267374267
117.27,1,13:21:04.267470731
117.27,1,13:21:04.267496302
117.27,3,13:21:04.267496302
117.27,2,13:21:04.290546250
117.27,4,13:21:07.365855063
117.27,7,13:21:34.241670555
117.27,8,13:21:59.418301311
117.27,1,13:22:06.339886954
117.27,1,13:22:06.340043172
117.27,2,13:22:06.340043172
117.27,1,13:22:06.340381892
117.27,1,13:22:06.363136807
117.27,1,13:22:06.363223793
117.27,1,13:22:06.363246705
117.27,1,13:22:06.368557193
117.27,1,13:22:06.416068271
117.27,2,13:22:06.448781117
117.27,1,13:22:06.448869392
117.27,1,13:22:06.604254920
117.27,1,13:22:06.625940664
117.27,1,13:22:19.875848228
117.27,5,13:22:25.225926532
117.27,2,13:22:25.225994129
117.27,2,13:22:31.371855924
117.27,2,13:22:31.372016362
117.27,1,13:22:31.372029274
117.27,1,13:22:31.372140973
117.27,1,13:22:31.372165351
117.27,2,13:22:31.372165351
117.27,1,13:22:31.464085971
117.27,3,13:22:31.464177382
117.27,1,13:22:31.464177382
117.27,2,13:22:31.483057377
117.27,1,13:22:31.483254861
117.27,1,13:22:31.490894458
117.27,2,13:22:32.121308136
117.27,6,13:22:32.121546920
117.27,1,13:22:32.284200871
117.27,1,13:22:32.699197369
117.27,4,13:22:32.699232649
117.27,1,13:22:32.699339061
117.27,1,13:22:32.699444908
117.27,6,13:22:32.700217713
117.27,1,13:22:32.700563979
117.27,1,13:22:32.929834528
117.27,1,13:22:35.431088725
117.28,6,13:22:37.213413823
117.28,4,13:22:37.213427918
117.28,1,13:22:37.213603046
117.28,1,13:22:37.213617577
117.28,10,13:22:37.213617577
117.28,1,13:22:37.213632537
117.28,2,13:22:37.213632537
117.28,11,13:22:37.213648588
117.28,1,13:22:37.213648588
117.28,1,13:22:37.213662556
117.28,1,13:22:37.213678127
117.28,2,13:22:37.213678127
117.28,1,13:22:37.213692213
117.28,2,13:22:37.213706652
117.28,1,13:22:37.213721606
117.28,6,13:22:37.213721606
117.28,1,13:22:37.213742313
117.28,3,13:22:37.214680024
117.28,3,13:22:37.214818977
117.28,1,13:22:37.215080093
117.28,2,13:22:37.215080093
117.28,1,13:22:37.215526046
117.28,3,13:22:37.215526046
117.28,2,13:22:37.215620173
117.28,4,13:22:37.215890746
117.28,2,13:22:37.215905965
117.28,4,13:22:37.215925057
117.28,2,13:22:37.215925057
117.28,3,13:22:37.215925057
117.28,1,13:22:37.215940244
117.28,1,13:22:37.279731764
117.28,6,13:22:40.234681703
117.28,5,13:22:40.234681703
117.28,6,13:22:40.234816373
117.28,1,13:22:40.234837823
117.28,6,13:22:40.234837823
117.28,20,13:22:40.234837823
117.28,2,13:22:40.234837823
117.28,5,13:22:40.234837823
117.28,1,13:22:40.234860380
117.28,2,13:22:40.234860380
117.28,8,13:22:41.389112928
117.29,1,13:23:07.348993720
117.29,16,13:23:07.348993720
117.29,2,13:23:07.349198824
117.29,2,13:23:07.349214423
117.29,6,13:23:07.349214423
117.29,4,13:23:07.349214423
117.29,6,13:23:07.349228420
117.29,6,13:23:07.349243582
117.29,1,13:23:07.349243582
117.29,7,13:23:07.349259114
117.29,1,13:23:07.349259114
117.29,1,13:23:07.349272734
117.29,2,13:23:07.349287716
117.29,17,13:23:07.349300737
117.29,2,13:23:07.349315127
117.29,1,13:23:07.349330670
117.29,1,13:23:07.349344651
117.29,16,13:23:07.349358475
117.29,2,13:23:07.349653998
117.29,13,13:23:07.349669434
117.29,9,13:23:07.349691889
117.29,11,13:23:07.349706071
117.29,7,13:23:07.349719946
117.29,1,13:23:07.349734410
117.29,7,13:23:07.349747502
117.29,1,13:23:07.349762215
117.29,1,13:23:07.349777367
117.29,1,13:23:07.381041384
117.29,9,13:23:21.263720920
117.29,27,13:23:21.264090360
117.29,1,13:23:21.264104494
117.29,6,13:23:21.264206702
117.29,1,13:23:21.264233726
117.29,2,13:23:21.264233726
117.29,3,13:23:21.289755098
117.28,1,13:23:31.868062751
117.28,1,13:23:32.806824194
117.28,5,13:23:32.806909253
117.28,2,13:23:32.806909253
117.28,1,13:23:48.162020731
117.28,1,13:23:48.162083461
117.28,2,13:23:48.247541157
117.28,1,13:23:48.366654682
117.28,1,13:23:53.409424305
117.28,1,13:23:53.415004202
117.28,1,13:23:53.415369734
117.27,1,13:23:55.866288334
117.27,1,13:23:58.552962900
117.27,1,13:23:58.553056331
117.27,1,13:23:58.553074095
117.27,4,13:23:58.553074095
117.27,2,13:24:02.385359250
117.27,1,13:24:19.868274850
117.27,1,13:24:21.844936183
117.27,1,13:24:21.845031625
117.27,1,13:24:21.845048908
117.27,1,13:24:21.892074314
117.27,2,13:24:21.892088790
117.27,1,13:24:27.486908232
117.27,6,13:24:27.486990894
117.27,1,13:24:27.486990894
117.27,2,13:24:31.511738427
117.27,1,13:24:43.868547325
117.27,1,13:24:50.352406466
117.27,3,13:24:56.612935859
117.27,1,13:24:56.613015609
117.27,2,13:24:56.613015609
117.27,1,13:25:07.868113616
117.27,2,13:25:18.457000378
117.27,1,13:25:18.457000378
117.27,1,13:25:18.457097364
117.27,1,13:25:18.457118324
117.27,6,13:25:21.058105555
117.27,4,13:25:21.058264340
117.27,2,13:25:21.058278762
117.27,1,13:25:21.058278762
117.27,1,13:25:21.058433307
117.27,3,13:25:21.058474802
117.27,5,13:25:21.058474802
117.27,4,13:25:21.058474802
117.27,1,13:25:21.058474802
117.27,2,13:25:21.058474802
117.27,6,13:25:21.058474802
117.27,12,13:25:21.059563355
117.27,1,13:25:21.059578919
117.27,8,13:25:21.059969441
117.27,2,13:25:21.059986122
117.27,3,13:25:21.060076510
117.27,1,13:25:21.060092352
117.27,2,13:25:21.097613663
117.27,2,13:25:21.120489315
117.26,1,13:25:21.484111573
117.26,1,13:25:28.692607930
117.26,1,13:25:31.868265433
117.26,1,13:25:33.335604833
117.26,2,13:25:33.335725048
117.26,6,13:25:33.336169322
117.26,1,13:25:33.364749356
117.26,1,13:25:33.365104856
117.26,2,13:25:33.365104856
117.26,7,13:25:33.365209993
117.25,1,13:25:37.772722544
117.26,1,13:25:38.494555667
117.26,1,13:25:38.495307676
117.26,2,13:25:38.495505311
117.26,10,13:25:38.495526731
117.26,6,13:25:38.495526731
117.26,1,13:25:38.495526731
117.26,2,13:25:38.595982172
117.25,1,13:25:40.300912557
117.25,6,13:25:40.300927859
117.25,1,13:25:40.300988404
117.25,1,13:25:42.853369674
117.25,1,13:25:50.093480175
117.25,1,13:25:54.018006232
117.26,3,13:26:00.293462591
117.25,1,13:26:07.955423683
117.26,7,13:26:08.276805620
117.26,1,13:26:08.277004452
117.26,1,13:26:08.277019325
117.26,16,13:26:08.277034688
117.26,2,13:26:08.277034688
117.26,1,13:26:08.277048173
117.26,1,13:26:08.277063642
117.26,2,13:26:08.277063642
117.26,1,13:26:08.277077665
117.26,21,13:26:08.277077665
117.26,1,13:26:08.277093082
117.26,3,13:26:08.277093082
117.26,1,13:26:08.277107671
117.27,1,13:26:08.277120778
117.27,1,13:26:08.277135319
117.27,6,13:26:08.277411525
117.27,10,13:26:08.277425065
117.27,2,13:26:08.277442495
117.27,1,13:26:08.277467273
117.27,1,13:26:08.277481097
117.27,1,13:26:08.277501404
117.27,2,13:26:08.277522812
117.27,20,13:26:08.277543648
117.27,6,13:26:08.277560774
117.27,5,13:26:08.277576182
117.27,6,13:26:08.277593849
117.27,1,13:26:08.277614131
117.27,1,13:26:08.277628249
117.27,1,13:26:08.277642489
117.27,2,13:26:08.277656877
117.27,7,13:26:08.277675718
117.27,4,13:26:08.277689619
117.27,2,13:26:08.277710960
117.27,8,13:26:08.277710960
117.27,15,13:26:08.679378911
117.27,1,13:26:08.679378911
117.27,1,13:26:08.679876491
117.27,2,13:26:08.680015074
117.27,6,13:26:08.680052072
117.27,10,13:26:08.680052072
117.28,6,13:26:08.779338718
117.28,1,13:26:08.779338718
117.28,1,13:26:08.779442369
117.28,2,13:26:08.779464702
117.28,1,13:26:08.779464702
117.28,1,13:26:08.779810194
117.28,6,13:26:08.779810194
117.28,3,13:26:08.780430155
117.28,2,13:26:08.782776258
117.28,1,13:26:08.782856967
117.28,1,13:26:09.557253602
117.28,1,13:26:09.633149196
117.28,1,13:26:12.396302872
117.28,1,13:26:12.401137633
117.28,1,13:26:12.401218356
117.28,2,13:26:15.665261675
117.28,1,13:26:15.665599252
117.28,1,13:26:15.676305141
117.28,2,13:26:15.689933922
117.27,10,13:26:35.148797912
117.27,6,13:26:35.148797912
117.27,1,13:26:35.148797912
117.27,1,13:26:35.148892938
117.27,1,13:26:35.148908283
117.27,1,13:26:52.190189236
117.27,5,13:26:52.190189236
117.27,1,13:26:52.190255303
117.28,1,13:26:56.704340890
117.28,1,13:26:56.704460026
117.28,1,13:26:56.704484679
117.28,7,13:26:56.704484679
117.28,2,13:26:56.704484679
117.28,10,13:26:56.704506294
117.28,5,13:26:56.704506294
117.28,5,13:26:56.704735885
117.28,2,13:26:56.704841686
117.28,1,13:26:56.704841686
117.28,1,13:26:56.704979190
117.28,9,13:26:56.705097424
117.28,18,13:26:57.526000731
117.28,20,13:26:57.644492529
117.28,2,13:26:57.689810752
117.28,1,13:26:57.760903698
117.28,9,13:26:57.760903698
117.28,1,13:26:57.808312130
117.28,1,13:26:57.930859506
117.28,1,13:27:42.406500819
117.28,2,13:27:42.406597459
117.28,1,13:27:42.406614649
117.28,1,13:27:42.406879119
117.28,2,13:27:42.407093423
117.28,1,13:27:42.407093423
117.28,1,13:27:42.407200268
117.27,1,13:27:49.577222211
117.27,1,13:28:02.038194411
117.27,2,13:28:02.038269333
117.27,1,13:28:02.429774573
117.27,1,13:28:02.429879471
117.27,4,13:28:18.451489720
117.27,3,13:28:18.451582030
117.27,1,13:28:18.451582030
117.27,1,13:28:39.043025755
117.27,6,13:28:40.337383700
117.27,1,13:28:40.337457580
117.27,1,13:28:55.272420797
117.27,3,13:29:02.223452604
117.27,1,13:29:02.878496322
117.27,1,13:29:11.800950076
117.28,1,13:29:16.062679173
117.28,2,13:29:16.062745134
117.27,1,13:29:18.637109694
117.27,2,13:29:18.637191345
117.27,2,13:29:26.128810597
117.27,2,13:29:26.128933932
117.27,1,13:29:26.163755475
117.27,2,13:29:26.163851897
117.27,1,13:29:26.163870147
117.27,3,13:29:26.163870147
117.27,2,13:29:26.196886635
117.27,1,13:29:26.196886635
117.27,1,13:29:26.197104522
117.27,5,13:29:26.197104522
117.27,2,13:29:26.197104522
117.27,1,13:29:26.198651850
117.27,1,13:29:26.199552172
117.27,2,13:29:26.199823804
117.27,1,13:29:26.203088877
117.27,6,13:29:26.574476765
117.27,1,13:29:26.574476765
117.27,1,13:29:26.587369673
117.27,7,13:29:26.587369673
117.27,1,13:29:26.588431406
117.27,2,13:29:26.588959070
117.27,1,13:29:28.691174619
117.26,1,13:29:31.814528019
117.26,7,13:29:35.050985665
117.26,1,13:29:35.138098359
117.26,1,13:29:54.200222312
117.26,4,13:29:54.200296015
117.26,1,13:29:54.200296015
117.26,6,13:30:13.886952174
117.26,1,13:30:13.886952174
117.27,3,13:30:16.061469222
117.27,2,13:30:16.471816903
117.26,1,13:30:25.715588812
117.26,8,13:30:33.808827540
117.26,1,13:30:38.225536966
117.27,1,13:30:49.294386870
117.27,1,13:30:49.294493442
117.27,1,13:30:49.294523203
117.27,3,13:30:49.294523203
117.27,1,13:30:49.295083513
117.27,1,13:30:49.295330779
117.27,1,13:30:49.295654933
117.27,1,13:30:49.295669695
117.27,4,13:30:49.295692777
117.27,1,13:30:49.295711023
117.27,2,13:30:49.295711023
117.27,1,13:30:49.319613011
117.27,1,13:30:49.351320208
117.27,1,13:30:49.351836671
117.27,1,13:30:49.359812175
117.27,1,13:30:49.362016852
117.27,1,13:30:49.441899628
117.27,1,13:30:54.378011086
117.27,1,13:30:54.378264520
117.27,4,13:30:54.378295710
117.27,1,13:30:54.378295710
117.27,2,13:30:54.378295710
117.27,2,13:30:54.389300768
117.27,1,13:30:54.404388192
117.27,1,13:31:05.249309134
117.27,6,13:31:05.249309134
117.27,1,13:31:05.249322647
117.27,3,13:31:05.249337156
117.27,6,13:31:05.249351140
117.27,2,13:31:05.249365217
117.27,1,13:31:05.249365217
117.27,17,13:31:05.249379630
117.27,13,13:31:05.249379630
117.27,1,13:31:05.249870605
117.27,1,13:31:05.249899274
117.27,3,13:31:05.249899274
117.27,11,13:31:05.249899274
117.27,5,13:31:05.383484218
117.28,1,13:31:26.060406079
117.28,1,13:31:26.060469096
117.27,1,13:31:33.571994167
117.27,2,13:31:33.571994167
117.27,1,13:31:33.572087072
117.27,2,13:31:33.572101693
117.27,1,13:31:51.617392182
117.27,1,13:31:56.339309708
117.27,2,13:31:56.339309708
117.27,1,13:31:56.339388070
117.27,1,13:31:58.045178083
117.27,1,13:31:58.046554149
117.27,1,13:31:58.071172408
117.27,1,13:32:13.586797774
117.27,1,13:32:13.586812065
117.27,4,13:32:13.587267585
117.27,1,13:32:13.587415229
117.27,1,13:32:13.587429907
117.27,7,13:32:13.587444339
117.27,1,13:32:13.587459469
117.27,1,13:32:13.587730176
117.27,7,13:32:13.587730176
117.27,2,13:32:13.587730176
117.27,4,13:32:13.587801962
117.27,4,13:32:13.588136688
117.27,4,13:32:13.588150780
117.27,4,13:32:13.588187443
117.27,2,13:32:13.588214579
117.27,1,13:32:13.588228563
117.27,1,13:32:13.588242387
117.27,1,13:32:13.588256537
117.27,1,13:32:13.588270460
117.27,1,13:32:13.588405302
117.27,2,13:32:13.588419843
117.27,1,13:32:13.588435203
117.27,2,13:32:13.588739733
117.27,1,13:32:13.588843458
117.27,1,13:32:13.613104469
117.27,1,13:32:13.724153878
117.27,1,13:32:15.662641498
117.27,2,13:32:15.662641498
117.27,2,13:32:15.663034323
117.27,1,13:32:15.663535686
117.27,1,13:32:15.663622717
117.27,1,13:32:15.663783693
117.27,1,13:32:15.684328220
117.27,1,13:32:15.684410236
117.27,1,13:32:34.313097416
117.27,9,13:32:34.313769370
117.27,6,13:32:34.313769370
117.27,3,13:32:34.313879700
117.27,1,13:32:34.313909239
117.27,5,13:32:34.324700644
117.27,9,13:32:34.334567001
117.27,1,13:32:34.360143075
117.27,7,13:32:39.739591441
117.28,2,13:32:43.063434430
117.27,1,13:32:49.396211050
117.27,6,13:32:49.396490877
117.27,1,13:32:49.418174481
117.27,4,13:32:49.599487082
117.27,1,13:32:50.312921541
117.27,1,13:32:52.628339061
117.27,3,13:32:58.300403285
117.27,1,13:32:58.322624959
117.27,7,13:32:58.322624959
117.27,1,13:32:58.322705308
117.27,1,13:32:58.322720690
117.27,1,13:32:58.343589603
117.27,3,13:32:59.330220126
117.26,1,13:33:03.489613541
117.26,1,13:33:03.489702433
117.26,2,13:33:03.489721183
117.26,1,13:33:03.489721183
117.26,1,13:33:06.314263551
117.27,1,13:33:09.458739762
117.27,14,13:33:09.518494855
117.27,1,13:33:09.518643060
117.27,2,13:33:09.518678830
117.27,1,13:33:09.518678830
117.27,7,13:33:09.518678830
117.27,1,13:33:09.593146525
117.27,1,13:33:09.599793668
117.27,1,13:33:20.461866189
117.27,1,13:33:20.486634731
117.27,1,13:33:22.492390029
117.27,5,13:33:22.492506432
117.27,1,13:33:22.492638237
117.27,1,13:33:23.991972875
117.27,1,13:33:24.420581397
117.26,1,13:33:37.017348115
117.27,1,13:33:42.307710889
117.27,4,13:33:42.307710889
117.27,3,13:33:42.308273729
117.27,9,13:33:42.308417791
117.27,6,13:33:42.308432514
117.27,2,13:33:42.308446870
117.27,1,13:33:42.308446870
117.27,1,13:33:42.308462047
117.27,1,13:33:42.308593035
117.27,1,13:33:42.316200479
117.27,1,13:33:42.316482718
117.28,3,13:33:43.067696593
117.27,1,13:34:07.016687412
117.28,1,13:34:11.805842138
117.27,1,13:34:12.588167450
117.27,5,13:34:12.588167450
117.27,1,13:34:12.682628114
117.27,1,13:34:22.017168220
117.28,10,13:34:24.513622315
117.28,1,13:34:24.513636159
117.28,12,13:34:24.513653576
117.28,13,13:34:24.514266059
117.28,7,13:34:24.514296513
117.28,1,13:34:24.514296513
117.28,1,13:34:24.541015672
117.28,2,13:34:24.550429040
117.28,1,13:34:24.550501638
117.28,1,13:34:24.564594929
117.29,1,13:34:27.153396983
117.29,4,13:34:27.153396983
117.29,10,13:34:27.158761794
117.29,4,13:34:27.158776974
117.29,2,13:34:27.158776974
117.29,6,13:34:27.158791220
117.29,2,13:34:27.158791220
117.29,1,13:34:27.158791220
117.29,1,13:34:27.158806379
117.29,2,13:34:27.158806379
117.29,12,13:34:27.158821275
117.29,7,13:34:27.158821275
117.29,1,13:34:27.158837521
117.3,2,13:34:30.073953209
117.29,4,13:34:47.357603043
117.29,4,13:34:47.357670259
117.29,1,13:34:52.016928373
117.3,1,13:34:53.165603867
117.29,1,13:35:07.017736111
117.29,1,13:35:07.040877180
117.29,1,13:35:07.040902966
117.29,4,13:35:07.040902966
117.29,2,13:35:07.040902966
117.29,1,13:35:07.040923324
117.29,1,13:35:07.041639422
117.29,6,13:35:07.085735572
117.29,1,13:35:07.308035880
117.29,3,13:35:07.308282945
117.29,2,13:35:07.308386954
117.29,1,13:35:07.308408234
117.29,2,13:35:07.771493471
117.29,1,13:35:07.771583547
117.29,2,13:35:07.771598859
117.29,1,13:35:10.538024805
117.29,2,13:35:10.538118504
117.29,5,13:35:10.538139275
117.29,5,13:35:10.538317986
117.3,1,13:35:13.053946548
117.3,1,13:35:13.054010890
117.29,1,13:35:14.915813846
117.29,1,13:35:14.918714372
117.29,4,13:35:14.920702006
117.29,2,13:35:14.920918088
117.29,1,13:35:22.016760325
117.29,1,13:35:27.288325113
117.29,1,13:35:28.903906452
117.29,1,13:35:33.718080912
117.29,4,13:35:33.718179834
117.29,1,13:35:33.718179834
117.29,1,13:35:37.016917988
117.29,1,13:35:38.602923590
117.29,1,13:35:42.329023725
117.29,1,13:35:42.329318249
117.29,1,13:35:42.329398447
117.29,1,13:35:42.347372600
117.29,2,13:35:42.347575749
117.29,1,13:35:42.347840579
117.29,1,13:35:43.565098827
117.29,1,13:35:43.565181736
117.29,6,13:35:43.565197711
117.29,1,13:35:43.565197711
117.29,1,13:35:51.101827414
117.28,1,13:35:56.504228677
117.28,1,13:36:07.016672777
117.28,7,13:36:09.486132175
117.29,1,13:36:11.067003495
117.28,1,13:36:22.017184656
117.29,1,13:36:23.615723350
117.29,2,13:36:23.615723350
117.29,6,13:36:23.615825996
117.29,1,13:36:23.615857801
117.29,19,13:36:23.615857801
117.29,6,13:36:24.833769434
117.29,3,13:36:24.833769434
117.29,1,13:36:24.834187238
117.29,1,13:36:24.834210109
117.29,1,13:36:26.227563874
117.29,2,13:36:27.359641628
117.29,1,13:36:29.790620539
117.29,2,13:36:29.790706906
117.29,3,13:36:29.792074713
117.29,1,13:36:29.792074713
117.29,3,13:36:37.641468404
117.29,1,13:36:37.641584208
117.29,2,13:36:37.641607677
117.29,1,13:36:37.641607677
117.29,6,13:36:37.641607677
117.29,15,13:36:37.641607677
117.29,1,13:36:37.641622669
117.29,3,13:36:45.259894420
117.28,7,13:36:51.593051914
117.29,2,13:37:02.106370577
117.29,1,13:37:02.106370577
117.29,6,13:37:02.106442446
117.29,5,13:37:02.106461863
117.29,1,13:37:02.106772613
117.29,2,13:37:02.106909365
117.29,2,13:37:02.144640545
117.29,2,13:37:04.312688225
117.29,1,13:37:04.312792100
117.29,10,13:37:04.312817848
117.29,6,13:37:04.312817848
117.29,1,13:37:04.312817848
117.29,1,13:37:04.313280697
117.29,1,13:37:06.272826223
117.29,1,13:37:06.273137285
117.29,1,13:37:06.273246776
117.29,1,13:37:06.650203258
117.29,6,13:37:06.650441094
117.29,1,13:37:11.136468023
117.29,2,13:37:11.138867386
117.29,1,13:37:11.138867386
117.29,1,13:37:11.168958860
117.3,2,13:37:12.076764271
117.29,1,13:37:17.853493381
117.29,3,13:37:17.854642172
117.29,1,13:37:19.521847390
117.29,3,13:37:19.522145213
117.29,3,13:37:22.659819624
117.29,1,13:37:22.659819624
117.29,2,13:37:22.662449219
117.29,3,13:37:22.662830351
117.29,1,13:37:23.373634811
117.29,2,13:37:24.402529047
117.29,1,13:37:36.262732440
117.29,1,13:37:36.262982462
117.29,1,13:37:36.263073560
117.28,8,13:37:36.938639240
117.29,1,13:37:59.045576034
117.28,2,13:38:03.188537093
117.28,4,13:38:03.188611540
117.29,1,13:38:16.580759463
117.29,2,13:38:24.066519642
117.28,7,13:38:24.928761300
117.28,9,13:38:27.590463820
117.28,6,13:38:27.590560673
117.28,2,13:38:27.590581256
117.28,1,13:38:27.590581256
117.28,16,13:38:27.590581256
117.29,3,13:38:32.379508427
117.29,1,13:38:32.379508427
117.29,7,13:38:32.379683871
117.29,1,13:38:32.379698178
117.29,6,13:38:32.379712219
117.29,4,13:38:32.379726987
117.29,1,13:38:32.379726987
117.29,2,13:38:32.379726987
117.29,1,13:38:32.379741173
117.29,7,13:38:32.379741173
117.29,1,13:38:32.379757126
117.29,1,13:38:32.379770770
117.29,3,13:38:32.379785487
117.29,1,13:38:32.379785487
117.29,6,13:38:32.379804731
117.29,1,13:38:32.403894178
117.3,1,13:38:45.168705440
117.3,4,13:38:45.168705440
117.3,1,13:38:45.168819121
117.3,1,13:38:45.168852682
117.3,7,13:38:45.168852682
117.3,10,13:38:45.168852682
117.3,2,13:38:46.192819041
117.3,6,13:38:46.192819041
117.3,1,13:38:46.192902935
117.3,1,13:38:46.192919095
117.3,5,13:38:47.982109341
117.3,2,13:38:47.982350461
117.3,1,13:38:47.982463933
117.3,5,13:38:47.982463933
117.3,3,13:38:47.982463933
117.3,2,13:38:47.982781648
117.3,5,13:38:47.982905386
117.3,1,13:38:47.982905386
117.3,2,13:38:51.266143013
117.31,1,13:38:58.443064049
117.31,1,13:38:58.453347078
117.31,1,13:38:58.453450322
117.31,3,13:38:58.453450322
117.31,1,13:39:01.528104074
117.31,1,13:39:03.878665603
117.31,1,13:39:03.878933520
117.31,5,13:39:03.878933520
117.31,1,13:39:03.879007465
117.31,1,13:39:03.879022912
117.31,7,13:39:03.879159178
117.31,1,13:39:03.879184009
117.31,2,13:39:03.879184009
117.31,1,13:39:03.883157487
117.31,1,13:39:03.887081273
117.31,2,13:39:03.958869058
117.31,4,13:39:06.327239335
117.31,1,13:39:06.327239335
117.31,2,13:39:06.327326084
117.31,8,13:39:06.327344736
117.31,1,13:39:06.327344736
117.31,1,13:39:06.327670247
117.31,1,13:39:06.327797044
117.31,21,13:39:06.327797044
117.31,2,13:39:06.327797044
117.31,1,13:39:06.338580113
117.31,1,13:39:08.108307806
117.31,5,13:39:08.108307806
117.31,1,13:39:08.108681522
117.31,1,13:39:08.108705173
117.31,1,13:39:08.179461652
117.31,1,13:39:09.524615323
117.31,2,13:39:20.271574194
117.31,1,13:39:20.271675374
117.31,1,13:39:20.271696136
117.31,5,13:39:20.271696136
117.31,1,13:39:20.329322371
117.31,2,13:39:20.329406556
117.31,5,13:39:20.831310698
117.31,1,13:39:20.831310698
117.31,1,13:39:20.831412289
117.31,19,13:39:20.831433909
117.31,2,13:39:20.831433909
117.31,7,13:39:20.844635258
117.31,2,13:39:20.858371356
117.31,15,13:39:20.858371356
117.31,1,13:39:20.858371356
117.31,5,13:39:20.858371356
117.31,5,13:39:20.858918072
117.31,1,13:39:21.003809742
117.32,6,13:39:33.368747287
117.32,1,13:39:33.368747287
117.32,9,13:39:33.368895172
117.32,1,13:39:33.368923032
117.32,5,13:39:33.368923032
117.32,4,13:39:33.368923032
117.32,12,13:39:33.368923032
117.32,2,13:39:33.368923032
117.32,10,13:39:33.368923032
117.32,3,13:39:33.368923032
117.32,7,13:39:33.368936279
117.32,6,13:39:33.368936279
117.32,1,13:39:33.368936279
117.32,1,13:39:33.369132583
117.32,2,13:39:33.369146833
117.32,1,13:39:33.369160980
117.32,11,13:39:33.369175265
117.32,1,13:39:33.369188734
117.33,1,13:39:33.369202529
117.33,9,13:39:33.369216679
117.33,9,13:39:33.369230641
117.33,13,13:39:33.369246046
117.33,3,13:39:33.369260462
117.33,6,13:39:33.369274394
117.33,3,13:39:33.369288471
117.33,5,13:39:33.369302094
117.33,1,13:39:33.369316193
117.33,4,13:39:33.369330663
117.33,2,13:39:33.369345118
117.33,1,13:39:33.369362721
117.32,4,13:39:33.370619241
117.32,2,13:39:33.381510487
117.32,1,13:39:33.381615773
117.32,1,13:39:33.381632791
117.32,3,13:39:33.381632791
117.32,2,13:39:33.381632791
117.32,1,13:39:33.392016540
117.32,1,13:39:33.394653971
117.32,1,13:39:33.419964434
117.32,5,13:39:33.420202363
117.32,1,13:39:33.443629640
117.32,1,13:39:33.444144149
117.32,1,13:39:33.570547253
117.32,1,13:39:33.570915778
117.32,1,13:39:35.208688129
117.32,1,13:39:35.453541392
117.32,6,13:39:40.275318927
117.32,3,13:39:40.275318927
117.32,1,13:39:40.275318927
117.32,2,13:39:40.276701356
117.32,1,13:39:40.277326508
117.32,2,13:39:40.277326508
117.33,1,13:39:44.078608770
117.31,1,13:39:51.295611216
117.31,6,13:39:51.295611216
117.31,5,13:40:02.695022375
117.31,2,13:40:02.695118474
117.31,1,13:40:02.695133441
117.31,12,13:40:02.695668765
117.31,2,13:40:02.695948611
117.31,1,13:40:02.695948611
117.31,3,13:40:02.695948611
117.31,1,13:40:02.696307469
117.31,6,13:40:02.744009415
117.31,1,13:40:02.744091503
117.31,1,13:40:02.744107272
117.3,1,13:40:10.330890767
117.3,1,13:40:10.330976152
117.3,1,13:40:10.330991979
117.3,1,13:40:13.049090959
117.31,3,13:40:14.875399467
117.31,1,13:40:14.875516727
117.31,2,13:40:14.875913271
117.31,5,13:40:14.875935802
117.31,4,13:40:14.875935802
117.31,1,13:40:14.875935802
117.31,2,13:40:14.875935802
117.31,9,13:40:14.875935802
117.31,18,13:40:14.875948944
117.31,1,13:40:14.876054951
117.31,1,13:40:14.876068887
117.31,1,13:40:14.876084624
117.31,1,13:40:14.886614990
117.31,1,13:40:14.886783237
117.32,6,13:40:16.876606363
117.32,1,13:40:16.876820407
117.32,1,13:40:16.876834209
117.32,2,13:40:16.876850388
117.32,14,13:40:16.876850388
117.32,5,13:40:16.876850388
117.32,1,13:40:16.876864267
117.32,6,13:40:16.876864267
117.32,7,13:40:16.876879953
117.32,3,13:40:16.876879953
117.32,10,13:40:16.876879953
117.32,1,13:40:16.876879953
117.32,3,13:40:16.876894132
117.32,1,13:40:16.876894132
117.32,6,13:40:16.876909086
117.32,1,13:40:16.876909086
117.32,6,13:40:16.876922298
117.32,2,13:40:16.876935812
117.33,1,13:40:16.876950241
117.33,2,13:40:16.876966167
117.33,1,13:40:16.876983630
117.33,10,13:40:16.876997069
117.33,6,13:40:16.877328855
117.33,6,13:40:16.877344554
117.33,1,13:40:16.877358551
117.33,1,13:40:16.877378551
117.33,1,13:40:16.877392292
117.33,1,13:40:16.877407856
117.33,1,13:40:16.877421738
117.33,1,13:40:16.877436071
117.33,2,13:40:16.877450743
117.33,15,13:40:16.877463876
117.33,5,13:40:16.877477418
117.33,5,13:40:16.877491934
117.33,11,13:40:16.877491934
117.33,3,13:40:16.877505405
117.33,1,13:40:16.877520976
117.32,1,13:40:21.346127474
117.32,2,13:40:21.346220366
117.32,10,13:40:21.346220366
117.33,1,13:40:25.080621857
117.33,1,13:40:25.080693421
117.32,4,13:40:33.691063235
117.32,6,13:40:33.691156879
117.32,4,13:40:33.691171552
117.32,6,13:40:33.691171552
117.32,4,13:40:33.691733119
117.32,1,13:40:33.691863606
117.32,2,13:40:33.691863606
117.32,1,13:40:33.691883203
117.32,1,13:40:33.716649846
117.32,1,13:40:33.720840821
117.32,1,13:40:33.732668342
117.32,1,13:40:35.986439734
117.32,6,13:40:44.591882436
117.32,4,13:40:44.591896993
117.32,1,13:40:44.592425005
117.32,8,13:40:44.592578564
117.32,5,13:40:44.592598283
117.32,5,13:40:44.803774636
117.33,5,13:41:00.049849695
117.33,1,13:41:00.049961250
117.33,1,13:41:00.049985504
117.33,2,13:41:00.049985504
117.33,4,13:41:00.050406546
117.33,4,13:41:00.050504494
117.33,2,13:41:00.050528014
117.33,8,13:41:00.050528014
117.33,1,13:41:00.050528014
117.33,1,13:41:00.051435437
117.33,1,13:41:00.079910129
117.33,1,13:41:00.110274806
117.33,5,13:41:00.110546787
117.33,9,13:41:00.110546787
117.33,10,13:41:00.827740602
117.33,1,13:41:00.827740602
117.33,1,13:41:00.827821009
117.33,3,13:41:00.827821009
117.33,1,13:41:00.828222090
117.33,2,13:41:00.828222090
117.33,1,13:41:00.867604274
117.32,1,13:41:03.749170057
117.32,5,13:41:03.749189638
117.32,1,13:41:03.749189638
117.32,1,13:41:10.648255033
117.32,1,13:41:10.648332373
117.32,1,13:41:10.648346607
117.32,1,13:41:12.185696359
117.32,1,13:41:12.185749937
117.33,1,13:41:17.069570565
117.33,1,13:41:17.494575459
117.33,4,13:41:17.494575459
117.33,2,13:41:17.494575459
117.33,1,13:41:17.494591091
117.33,1,13:41:17.549345715
117.33,1,13:41:17.568041639
117.33,3,13:41:17.568041639
117.33,1,13:41:21.301649090
117.33,2,13:41:21.301649090
117.33,1,13:41:21.301737164
117.33,10,13:41:21.301758210
117.33,3,13:41:21.301758210
117.33,1,13:41:21.301758210
117.33,1,13:41:21.313052457
117.33,1,13:41:21.967131978
117.33,2,13:41:33.480647294
117.33,1,13:41:33.483473352
117.33,1,13:41:33.483604642
117.33,3,13:41:33.483778638
117.33,1,13:41:33.483883511
117.33,1,13:41:38.751900924
117.33,10,13:41:38.752005103
117.33,2,13:41:38.752021416
117.33,4,13:41:38.752021416
117.33,8,13:41:38.752021416
117.33,5,13:41:53.459572919
117.33,2,13:41:53.460825481
117.33,3,13:41:53.460893813
117.33,2,13:41:53.461893992
117.33,1,13:41:53.461980107
117.33,2,13:41:53.461980107
117.33,5,13:41:53.463052769
117.33,1,13:41:53.464047693
117.33,1,13:41:53.464065026
117.33,2,13:41:53.464065026
117.33,1,13:41:53.464407490
117.33,5,13:41:53.464943794
117.33,2,13:41:53.464943794
117.33,1,13:41:53.464943794
117.33,1,13:41:53.465343621
117.33,4,13:41:53.465343621
117.33,1,13:41:53.466394449
117.32,3,13:41:53.466394449
117.32,2,13:41:53.467564070
117.33,1,13:41:53.467564070
117.33,1,13:41:53.582185864
117.33,1,13:41:53.582609727
117.32,1,13:41:59.300886896
117.33,1,13:42:01.520904129
117.32,7,13:42:13.728514860
117.32,1,13:42:18.291446728
117.32,1,13:42:21.396071481
117.32,1,13:42:21.396145768
117.33,1,13:42:32.453380551
117.32,4,13:42:36.101917393
117.32,1,13:42:37.292594255
117.33,1,13:42:44.276810163
117.32,1,13:42:56.291135944
117.32,2,13:43:01.673210308
117.32,2,13:43:01.673305968
117.32,3,13:43:01.673305968
117.32,1,13:43:07.231486847
117.32,3,13:43:07.231486847
117.32,2,13:43:07.295293348
117.32,3,13:43:07.295524845
117.32,1,13:43:07.295541824
117.32,1,13:43:07.321624636
117.32,1,13:43:07.322014502
117.32,4,13:43:08.107802595
117.32,1,13:43:08.174790828
117.32,8,13:43:08.174886565
117.32,1,13:43:08.174916993
117.33,2,13:43:10.063794257
117.32,1,13:43:10.177691059
117.32,1,13:43:15.292642817
117.32,1,13:43:33.152577600
117.32,8,13:43:33.152577600
117.32,1,13:43:33.152977994
117.32,2,13:43:33.152977994
117.32,1,13:43:33.153340411
117.32,1,13:43:33.210377539
117.32,1,13:43:33.241119523
117.31,1,13:43:34.292178742
117.32,8,13:43:36.486305340
117.32,1,13:43:36.486374277
117.32,1,13:43:36.486628799
117.32,2,13:43:36.486628799
117.32,1,13:43:39.509367684
117.31,1,13:43:45.869349908
117.31,1,13:43:53.292552692
117.31,1,13:44:11.017552698
117.31,6,13:44:15.678304604
117.32,1,13:44:17.055544783
117.32,1,13:44:27.444643717
117.32,3,13:44:27.444708505
117.32,3,13:44:27.445973339
117.31,1,13:44:29.017549591
117.31,6,13:44:35.472764642
117.31,1,13:44:47.018312186
117.31,4,13:44:47.019009555
117.31,2,13:44:47.054789427
117.31,1,13:44:47.060233211
117.31,6,13:44:47.060233211
117.31,3,13:44:47.060322302
117.31,2,13:44:47.157900789
117.31,1,13:44:47.203329856
117.31,1,13:44:47.228737585
117.31,2,13:44:49.372963901
117.31,1,13:44:49.373068211
117.31,3,13:44:49.373068211
117.3,3,13:44:52.686293682
117.3,1,13:44:52.686293682
117.3,4,13:44:52.737168227
117.3,3,13:44:53.337237967
117.29,6,13:44:55.269927797
117.3,1,13:44:55.273069579
117.3,2,13:44:55.273069579
117.3,1,13:44:55.281542613
117.3,1,13:44:55.695054619
117.3,2,13:44:59.213942299
117.3,1,13:45:00.214041117
117.3,1,13:45:00.214055360
117.3,1,13:45:00.214124909
117.3,1,13:45:00.265903196
117.3,1,13:45:00.390108665
117.3,1,13:45:01.260249041
117.3,1,13:45:05.018529596
117.29,8,13:45:09.583058907
117.3,1,13:45:15.017040112
117.3,1,13:45:15.017276880
117.3,1,13:45:15.017496952
117.3,8,13:45:15.032360502
117.3,2,13:45:15.065176801
117.3,4,13:45:15.065538234
117.3,9,13:45:20.000826418
117.3,7,13:45:29.977193419
117.31,1,13:45:30.071094296
117.3,2,13:45:39.971728947
117.3,4,13:45:39.971813481
117.3,1,13:45:39.971813481
117.3,1,13:45:41.018001240
117.3,2,13:45:49.345462475
117.3,2,13:45:49.345476846
117.3,1,13:45:49.345476846
117.3,1,13:45:59.018298938
117.3,6,13:46:01.118649865
117.3,1,13:46:10.209603577
117.3,1,13:46:10.209689260
117.3,2,13:46:10.209704460
117.3,1,13:46:10.209704460
117.3,1,13:46:17.018002587
117.3,6,13:46:18.725693092
117.3,2,13:46:21.017389861
117.3,1,13:46:21.017448033
117.3,1,13:46:22.417870805
117.3,8,13:46:22.418053752
117.3,1,13:46:22.418053752
117.3,6,13:46:22.420068480
117.3,1,13:46:22.420068480
117.3,1,13:46:22.420433971
117.3,2,13:46:22.420814112
117.3,2,13:46:22.421914082
117.3,1,13:46:22.465999727
117.3,1,13:46:22.482584939
117.3,3,13:46:22.531430888
117.31,1,13:46:25.071875655
117.3,6,13:46:28.806741773
117.3,1,13:46:28.806802211
117.3,1,13:46:30.684060456
117.3,2,13:46:31.201483780
117.3,1,13:46:32.182516964
117.3,1,13:46:36.333574365
117.3,2,13:46:36.333681908
117.3,4,13:46:36.333699992
117.3,1,13:46:39.641440438
117.3,7,13:46:39.752840501
117.29,3,13:46:41.548068315
117.3,1,13:46:41.548841346
117.3,1,13:46:41.549153003
117.3,1,13:46:41.549259768
117.3,1,13:46:50.040895021
117.29,2,13:46:52.049713815
117.3,1,13:46:53.785390842
117.3,1,13:46:53.785613165
117.3,2,13:46:53.785613165
117.3,1,13:46:53.786095110
117.3,1,13:46:53.786345587
117.3,8,13:46:53.800693262
117.3,1,13:46:54.037525917
117.3,1,13:46:56.885472162
117.3,1,13:46:56.907781327
117.3,6,13:47:04.826054735
117.3,3,13:47:04.826958165
117.3,1,13:47:09.602351131
117.3,1,13:47:09.602365198
117.3,1,13:47:09.602454676
117.3,1,13:47:11.291086222
117.3,1,13:47:11.302010751
117.3,1,13:47:11.463012851
117.29,1,13:47:12.052583289
117.29,2,13:47:12.052651611
117.3,1,13:47:12.089057830
117.3,1,13:47:15.203388768
117.3,2,13:47:22.455353562
117.3,2,13:47:22.455562118
117.3,2,13:47:22.479206388
117.3,1,13:47:23.630001995
117.3,1,13:47:23.630105089
117.3,1,13:47:23.630124702
117.3,1,13:47:23.642176345
117.3,1,13:47:23.653249513
117.29,1,13:47:23.732591819
117.3,1,13:47:25.301307283
117.3,1,13:47:25.456049929
117.3,1,13:47:25.456287728
117.29,3,13:47:26.715119909
117.29,1,13:47:26.715119909
117.29,2,13:47:26.715200722
117.29,2,13:47:26.715216974
117.29,6,13:47:26.715216974
117.29,1,13:47:26.715216974
117.29,1,13:47:30.760941672
117.29,3,13:47:32.436357368
117.3,1,13:47:51.057968983
117.29,1,13:47:55.282135983
117.3,5,13:48:00.283712634
117.3,1,13:48:00.283802669
117.3,1,13:48:00.283818714
117.3,4,13:48:00.283818714
117.3,8,13:48:00.284404222
117.3,2,13:48:00.284423979
117.3,3,13:48:00.284423979
117.3,4,13:48:00.284423979
117.3,1,13:48:00.284739673
117.3,15,13:48:00.284903388
117.3,1,13:48:00.284903388
117.3,1,13:48:00.284917154
117.3,2,13:48:00.284931183
117.3,8,13:48:00.284931183
117.3,8,13:48:00.284945285
117.3,1,13:48:00.284945285
117.3,1,13:48:00.284959938
117.3,1,13:48:00.310054031
117.3,1,13:48:04.809463881
117.3,1,13:48:04.809484153
117.3,3,13:48:04.809484153
117.3,1,13:48:04.834474483
117.29,4,13:48:15.531587318
117.29,1,13:48:15.531587318
117.29,2,13:48:15.531587318
117.29,1,13:48:15.531601087
117.29,4,13:48:15.531601087
117.29,3,13:48:15.531615657
117.29,6,13:48:15.531615657
117.29,1,13:48:15.531629116
117.29,1,13:48:15.531643961
117.29,2,13:48:15.534316263
117.29,1,13:48:15.534762711
117.29,5,13:48:15.534762711
117.29,2,13:48:15.534762711
117.29,1,13:48:20.798365835
117.29,4,13:48:22.126373720
117.29,2,13:48:22.126373720
117.29,2,13:48:22.126388270
117.29,1,13:48:22.183706027
117.29,1,13:48:26.515094171
117.29,3,13:48:26.515190625
117.29,3,13:48:26.515208002
117.29,3,13:48:26.515921028
117.29,2,13:48:26.515921028
117.29,1,13:48:29.656801134
117.29,7,13:48:29.656801134
117.3,1,13:48:33.072820079
117.29,1,13:48:49.281885459
117.29,1,13:48:49.388745748
117.29,1,13:48:51.664595884
117.29,1,13:48:58.402587625
117.29,1,13:49:01.273592392
117.29,1,13:49:06.444566997
117.29,3,13:49:06.444658747
117.29,3,13:49:06.444676759
117.28,1,13:49:06.444676759
117.28,1,13:49:07.282160337
117.29,1,13:49:08.285747558
117.29,3,13:49:08.285862150
117.29,1,13:49:08.335470181
117.29,4,13:49:13.199696232
117.29,1,13:49:13.199716532
117.29,5,13:49:13.199716532
117.29,2,13:49:13.200184609
117.29,1,13:49:13.200184609
117.29,1,13:49:32.609814201
117.29,1,13:49:32.610110856
117.29,10,13:49:32.610110856
117.29,6,13:49:35.110478729
117.29,2,13:49:35.110699862
117.29,1,13:49:35.163965371
117.29,1,13:49:35.334610881
117.29,1,13:49:43.282294678
117.29,1,13:50:01.282227453
117.3,2,13:50:04.358347694
117.3,1,13:50:04.358347694
117.3,1,13:50:04.358361224
117.3,1,13:50:04.358375074
117.3,2,13:50:04.358389640
117.3,1,13:50:04.358403829
117.3,5,13:50:04.358418293
117.3,8,13:50:04.358431249
117.3,1,13:50:04.358446782
117.3,3,13:50:06.552418013
117.3,1,13:50:06.552515722
117.3,1,13:50:06.552530185
117.3,1,13:50:06.552797337
117.3,1,13:50:06.578344393
117.3,4,13:50:06.960385265
117.3,1,13:50:06.960469031
117.3,1,13:50:07.599557212
117.3,1,13:50:07.858090719
117.3,1,13:50:20.510510813
117.3,2,13:50:20.510510813
117.3,1,13:50:20.510596282
117.3,1,13:50:20.510613786
117.3,1,13:50:20.521192320
117.3,1,13:50:30.074876777
117.3,1,13:50:31.861169061
117.3,1,13:50:31.861261880
117.3,7,13:50:31.861278063
117.3,1,13:50:31.861278063
117.3,1,13:50:38.455686316
117.3,1,13:50:38.455784217
117.3,1,13:50:38.455799888
117.3,1,13:50:39.003706042
117.3,1,13:50:43.039339575
117.3,1,13:50:53.016950661
117.3,2,13:50:57.187645172
117.3,1,13:50:57.187723869
117.3,1,13:50:57.187941233
117.3,1,13:50:57.188045772
117.3,2,13:50:57.188183135
117.3,1,13:50:57.188183135
117.3,3,13:50:57.205798400
117.3,1,13:50:57.206079668
117.31,1,13:50:57.281960284
117.3,4,13:50:59.280922350
117.3,1,13:50:59.281015451
117.3,1,13:50:59.281034405
117.3,2,13:50:59.281034405
117.3,1,13:51:10.017096554
117.3,1,13:51:24.407920633
117.3,1,13:51:24.407938220
117.3,3,13:51:24.407938220
117.3,1,13:51:27.017855725
117.31,1,13:51:27.268121501
117.31,1,13:51:29.813753608
117.31,1,13:51:29.813907422
117.31,8,13:51:29.813924788
117.31,1,13:51:29.813924788
117.31,2,13:51:29.813924788
117.31,5,13:51:29.813924788
117.31,1,13:51:29.813962459
117.31,6,13:51:29.813962459
117.31,10,13:51:29.814322263
117.31,5,13:51:29.814322263
117.31,1,13:51:29.814336469
117.31,6,13:51:29.814355179
117.32,1,13:51:29.818870075
117.32,2,13:51:29.818972422
117.32,1,13:51:29.818972422
117.32,3,13:51:29.818972422
117.32,1,13:51:29.819634032
117.32,1,13:51:29.819790473
117.32,1,13:51:29.819815442
117.32,2,13:51:29.819815442
117.32,1,13:51:29.819838281
117.32,4,13:51:29.819838281
117.32,1,13:51:29.819987731
117.32,1,13:51:29.820504745
117.32,4,13:51:29.820522467
117.32,2,13:51:29.820522467
117.32,3,13:51:29.820716043
117.32,1,13:51:29.821272214
117.32,2,13:51:29.821354050
117.32,6,13:51:29.821354050
117.32,1,13:51:29.822106277
117.32,2,13:51:29.822106277
117.31,1,13:51:29.840314588
117.32,2,13:51:29.888854074
117.32,1,13:51:29.889342140
117.33,2,13:51:29.908894555
117.32,1,13:51:29.917683717
117.33,2,13:51:29.976131770
117.33,2,13:51:29.976290077
117.32,1,13:51:30.006116331
117.32,2,13:51:30.006213247
117.32,2,13:51:30.006226377
117.32,1,13:51:30.006299057
117.32,1,13:51:30.006316372
117.32,1,13:51:30.006638859
117.32,1,13:51:30.006738266
117.33,1,13:51:30.037043668
117.33,1,13:51:30.037058532
117.33,1,13:51:30.037129956
117.33,2,13:51:30.037218452
117.33,2,13:51:30.037667197
117.33,2,13:51:30.059219496
117.33,2,13:51:30.094600151
117.32,1,13:51:30.143344671
117.32,1,13:51:30.144000733
117.32,1,13:51:30.144316504
117.32,3,13:51:30.144316504
117.33,1,13:51:31.445251096
117.33,1,13:51:31.445600321
117.33,4,13:51:31.445680661
117.33,15,13:51:31.446101681
117.33,1,13:51:31.462592176
117.33,24,13:51:31.462883427
117.33,1,13:51:31.463432559
117.33,1,13:51:31.463445827
117.33,6,13:51:31.463565244
117.33,1,13:51:31.463579532
117.33,1,13:51:31.500115575
117.33,2,13:51:31.500763103
117.33,2,13:51:31.503115613
117.33,1,13:51:31.503115613
117.33,2,13:51:31.504962949
117.33,1,13:51:31.505282425
117.33,2,13:51:31.506422855
117.33,2,13:51:31.510537156
117.33,4,13:51:31.544883501
117.32,1,13:51:41.496290700
117.32,10,13:51:41.497152732
117.32,2,13:51:41.497186162
117.32,6,13:51:41.497186162
117.32,1,13:51:41.497186162
117.32,10,13:51:41.497186162
117.32,3,13:51:41.497186162
117.32,3,13:51:41.497601320
117.32,1,13:51:41.497741733
117.32,1,13:51:41.712419009
117.33,1,13:51:44.075498578
117.32,1,13:51:44.614367625
117.32,1,13:51:44.614462338
117.32,3,13:51:44.614486505
117.32,10,13:51:44.614486505
117.32,1,13:51:44.614740690
117.32,1,13:51:44.614869423
117.32,1,13:51:47.631567038
117.32,1,13:51:47.657173878
117.32,1,13:51:50.582513937
117.32,1,13:51:50.582640675
117.32,1,13:51:50.582666426
117.32,5,13:51:50.582666426
117.32,4,13:51:50.582666426
117.32,10,13:51:50.582666426
117.32,2,13:51:50.583062272
117.32,1,13:51:50.583179357
117.32,3,13:52:00.616475459
117.32,1,13:52:00.616475459
117.32,3,13:52:00.616580137
117.32,1,13:52:00.616598202
117.32,2,13:52:00.616598202
117.32,3,13:52:00.616727015
117.32,2,13:52:00.616727015
117.32,1,13:52:00.618785755
117.32,1,13:52:00.621250604
117.32,1,13:52:00.621583718
117.32,1,13:52:00.886554640
117.32,1,13:52:05.992192202
117.32,1,13:52:05.992260135
117.32,1,13:52:05.992276631
117.32,3,13:52:05.992276631
117.32,1,13:52:10.849132261
117.32,1,13:52:10.849504088
117.32,1,13:52:10.849762410
117.32,1,13:52:12.329463799
117.31,1,13:52:22.124707342
117.31,3,13:52:22.125498225
117.31,1,13:52:22.126041770
117.31,2,13:52:22.126041770
117.31,4,13:52:22.126148041
117.31,1,13:52:22.126716083
117.31,1,13:52:22.126893533
117.31,1,13:52:22.127926226
117.31,2,13:52:22.128125487
117.31,1,13:52:22.128364095
117.31,1,13:52:22.153334487
117.31,1,13:52:22.153723482
117.3,6,13:52:27.546877707
117.3,2,13:52:27.546954103
117.3,2,13:52:28.072070226
117.31,1,13:52:38.015218793
117.31,6,13:52:38.015504785
117.31,11,13:52:38.015504785
117.31,1,13:52:38.015612283
117.31,1,13:52:38.015634670
117.31,4,13:52:45.774520649
117.31,2,13:52:45.774520649
117.31,3,13:52:45.775015324
117.31,2,13:52:45.775015324
117.3,1,13:52:52.910273333
117.3,10,13:52:52.910273333
117.3,4,13:52:52.910273333
117.3,6,13:52:52.910273333
117.3,1,13:52:52.911167826
117.3,1,13:52:53.741779931
117.31,1,13:53:12.780649219
117.31,7,13:53:12.780741411
117.31,2,13:53:12.781155235
117.31,1,13:53:12.782645172
117.31,6,13:53:12.782926728
117.31,1,13:53:12.783063754
117.31,9,13:53:12.783090683
117.31,1,13:53:12.783090683
117.31,2,13:53:12.794576843
117.31,3,13:53:12.794576843
117.31,2,13:53:12.794898289
117.31,1,13:53:12.831584299
117.31,1,13:53:12.831657404
117.31,3,13:53:12.963612719
117.31,1,13:53:19.168370238
117.31,1,13:53:22.500359432
117.31,1,13:53:22.500453473
117.31,3,13:53:22.500472827
117.31,1,13:53:22.500472827
117.31,4,13:53:22.501341780
117.31,2,13:53:22.501536119
117.32,1,13:53:33.063472763
117.32,2,13:53:33.151392464
117.32,1,13:53:38.284990174
117.32,1,13:53:38.285404703
117.32,1,13:53:40.042554073
117.32,7,13:53:40.042639439
117.32,6,13:53:40.042655779
117.32,1,13:53:40.042655779
117.32,1,13:53:47.304867976
117.32,1,13:53:47.304964779
117.32,7,13:53:47.304979723
117.32,3,13:53:47.305135055
117.32,2,13:53:47.305135055
117.32,1,13:53:47.305135055
117.32,1,13:53:47.305448295
117.32,1,13:53:47.308744782
117.32,1,13:53:47.310259440
117.32,6,13:53:56.366617603
117.32,1,13:53:56.366617603
117.32,1,13:53:56.366704886
117.32,3,13:53:56.366731607
117.32,1,13:53:56.366731607
117.32,10,13:53:56.366731607
117.32,12,13:53:56.367384221
117.32,1,13:53:56.378263082
117.32,3,13:54:07.589060375
117.32,1,13:54:07.589154330
117.32,1,13:54:07.589171693
117.32,2,13:54:10.133544364
117.32,1,13:54:10.133820561
117.32,1,13:54:15.171982798
117.32,1,13:54:27.696931974
117.32,6,13:54:27.697020041
117.32,1,13:54:27.697020041
117.32,5,13:54:30.672559848
117.32,5,13:54:30.688793979
117.32,5,13:54:30.705478599
117.32,1,13:54:30.727102475
117.32,2,13:54:30.727102475
117.32,2,13:54:30.727178750
117.32,5,13:54:30.746127887
117.32,5,13:54:30.763032020
117.32,3,13:54:30.779474208
117.32,2,13:54:30.779474208
117.32,3,13:54:30.797341394
117.32,1,13:54:30.797341394
117.32,1,13:54:30.797411509
117.32,5,13:54:30.815920195
117.32,5,13:54:30.833250018
117.32,5,13:54:30.849852177
117.32,4,13:54:40.369845610
117.32,1,13:54:40.369918400
117.32,8,13:54:54.504750532
117.33,4,13:55:00.264930241
117.33,5,13:55:00.652065779
117.32,7,13:55:21.312598573
117.33,1,13:55:25.080397333
117.32,2,13:55:31.500717983
117.32,1,13:55:37.207918835
117.32,1,13:55:37.208089130
117.32,3,13:55:37.208613037
117.32,1,13:55:37.208647472
117.32,5,13:55:37.208647472
117.32,1,13:55:37.208666829
117.32,3,13:55:37.209110991
117.32,1,13:55:37.209110991
117.32,3,13:55:37.209268019
117.32,2,13:55:37.209281820
117.32,3,13:55:37.209301427
117.32,1,13:55:37.210027263
117.32,1,13:55:37.245383843
117.32,1,13:55:37.623344900
117.32,2,13:55:37.623411901
117.31,1,13:55:40.796121243
117.31,1,13:55:40.874387861
117.31,1,13:55:40.874415393
117.31,3,13:55:40.874415393
117.31,6,13:55:40.874415393
117.31,6,13:55:40.874821352
117.31,1,13:55:40.875273997
117.31,3,13:55:40.875273997
117.31,7,13:55:40.875273997
117.31,1,13:55:40.875548679
117.31,3,13:55:40.875891411
117.31,1,13:55:40.899555466
117.31,1,13:55:40.912804556
117.3,6,13:55:44.771095541
117.3,1,13:55:44.771095541
117.31,1,13:55:47.299986062
117.31,3,13:55:48.605248581
117.31,7,13:56:02.862677436
117.31,1,13:56:02.862677436
117.31,1,13:56:02.862859439
117.31,1,13:56:02.862884185
117.31,6,13:56:02.862884185
117.31,1,13:56:02.862929061
117.31,8,13:56:02.862929061
117.32,8,13:56:02.864138158
117.32,4,13:56:02.864152954
117.32,6,13:56:02.864166046
117.32,6,13:56:02.864181396
117.32,1,13:56:02.864181396
117.32,12,13:56:02.864195665
117.32,6,13:56:02.864210558
117.32,1,13:56:02.864210558
117.32,8,13:56:02.864227287
117.32,1,13:56:02.865770492
117.32,1,13:56:02.865784163
117.32,1,13:56:02.865797683
117.32,1,13:56:02.865811270
117.32,6,13:56:02.865826585
117.32,1,13:56:02.866539759
117.32,6,13:56:02.867337288
117.32,1,13:56:02.905184166
117.33,1,13:56:14.351768626
117.33,1,13:56:14.351868233
117.33,1,13:56:14.351893584
117.33,10,13:56:14.351893584
117.33,7,13:56:14.351893584
117.33,2,13:56:14.351893584
117.33,5,13:56:14.352682325
117.33,1,13:56:14.353393810
117.33,4,13:56:14.353559675
117.33,2,13:56:14.353575909
117.33,5,13:56:14.353575909
117.33,1,13:56:14.353593739
117.33,3,13:56:14.353725263
117.33,4,13:56:14.353791528
117.33,2,13:56:14.354129784
117.34,1,13:56:14.876318023
117.34,12,13:56:14.876392743
117.34,8,13:56:14.876411405
117.34,4,13:56:14.876411405
117.34,1,13:56:15.364296574
117.34,1,13:56:15.364409419
117.34,1,13:56:15.364435749
117.34,2,13:56:15.364435749
117.34,5,13:56:15.364435749
117.34,6,13:56:15.364435749
117.33,3,13:56:17.145131922
117.33,4,13:56:17.145131922
117.33,5,13:56:17.261659982
117.33,1,13:56:17.261659982
117.33,4,13:56:17.261730929
117.33,4,13:56:17.262247758
117.33,1,13:56:32.515158913
117.33,1,13:56:32.515176433
117.33,3,13:56:34.946698024
117.33,1,13:56:37.558212615
117.33,6,13:56:44.144823838
117.33,1,13:56:44.170108547
117.33,1,13:56:44.182833513
117.32,5,13:56:55.470784461
117.32,1,13:56:55.470784461
117.32,1,13:56:55.470888557
117.32,6,13:56:55.470907841
117.32,3,13:56:55.470907841
117.32,2,13:57:00.145124444
117.31,1,13:57:01.117741851
117.3,5,13:57:11.705181606
117.3,2,13:57:11.705181606
117.3,1,13:57:11.713588272
117.3,1,13:57:11.825597949
117.3,1,13:57:11.984211753
117.29,1,13:57:12.462892949
117.3,5,13:57:14.408819211
117.3,2,13:57:20.264514145
117.3,1,13:57:20.325614458
117.3,4,13:57:20.325708320
117.3,1,13:57:20.325729354
117.31,1,13:57:25.072335073
117.3,1,13:57:34.891036826
117.3,3,13:57:34.891116882
117.3,3,13:57:35.041178763
117.31,1,13:57:36.420333456
117.31,7,13:57:36.420358845
117.31,1,13:57:36.420358845
117.31,1,13:57:40.737354693
117.31,2,13:57:40.737354693
117.32,4,13:57:45.524963269
117.32,1,13:57:45.525064398
117.32,1,13:57:45.525079560
117.32,2,13:57:45.525079560
117.32,5,13:57:45.525279790
117.32,1,13:57:45.525294516
117.31,1,13:57:53.545682911
117.31,1,13:57:53.545704543
117.3,3,13:57:55.253881197
117.3,1,13:57:55.253881197
117.3,1,13:57:58.547742512
117.3,6,13:57:58.547819510
117.31,2,13:58:00.005349665
117.31,4,13:58:00.005349665
117.31,1,13:58:00.005349665
117.31,1,13:58:00.045056207
117.31,1,13:58:00.694561934
117.31,1,13:58:06.902384233
117.31,1,13:58:13.789564854
117.31,1,13:58:13.789719240
117.31,3,13:58:13.789719240
117.31,1,13:58:15.273732366
117.31,4,13:58:27.321545381
117.31,2,13:58:27.321664468
117.31,8,13:58:27.321691182
117.32,6,13:58:27.321691182
117.32,1,13:58:27.321691182
117.32,4,13:58:27.321691182
117.32,5,13:58:27.321691182
117.31,1,13:58:27.321691182
117.31,4,13:58:27.321691182
117.32,1,13:58:27.321707029
117.32,4,13:58:27.321893026
117.32,4,13:58:27.322533632
117.32,3,13:58:27.322551316
117.32,1,13:58:44.759668727
117.32,3,13:58:44.766699868
117.3,1,13:58:47.380667187
117.3,2,13:58:47.380667187
117.32,1,13:58:55.043999288
117.3,1,13:58:58.446454036
117.31,6,13:58:59.409884158
117.3,1,13:58:59.413040715
117.3,10,13:58:59.413040715
117.31,5,13:59:00.501322149
117.31,3,13:59:00.501322149
117.31,1,13:59:00.606489882
117.31,5,13:59:00.709706717
117.31,5,13:59:01.216670370
117.31,5,13:59:01.230778903
117.31,5,13:59:01.335702456
117.31,5,13:59:01.440525889
117.31,1,13:59:02.343675874
117.31,4,13:59:02.343898937
117.3,3,13:59:04.476321457
117.3,7,13:59:04.476321457
117.31,7,13:59:08.082444046
117.3,1,13:59:12.507796811
117.31,3,13:59:15.465289310
117.31,4,13:59:20.622620845
117.3,2,13:59:21.000651856
117.3,2,13:59:21.001116248
117.3,1,13:59:21.001116248
117.3,22,13:59:21.002129735
117.3,6,13:59:22.596897083
117.31,1,13:59:31.630647367
117.31,1,13:59:31.630741619
117.31,1,13:59:31.630757925
117.31,1,13:59:32.593025011
117.29,1,13:59:47.144219888
117.29,2,13:59:47.144219888
117.28,1,13:59:47.163470066
117.28,7,13:59:47.163487477
117.28,6,13:59:47.163487477
117.29,8,13:59:51.254169245
117.29,1,13:59:51.254272567
117.28,1,14:00:01.137567413
117.27,6,14:00:01.138025082
117.27,1,14:00:01.138025082
117.26,1,14:00:01.139420048
117.26,2,14:00:01.139420048
117.26,18,14:00:01.140514812
117.24,1,14:00:01.142784897
117.24,6,14:00:01.142800007
117.22,1,14:00:01.859749537
117.21,1,14:00:01.860876362
117.2,1,14:00:02.150767206
117.19,1,14:00:02.437890975
117.19,2,14:00:02.437890975
117.17,1,14:00:02.457323227
117.16,10,14:00:02.619866708
117.16,1,14:00:02.619866708
117.15,1,14:00:02.619974026
117.16,10,14:00:02.619974026
117.16,2,14:00:02.631297717
117.16,3,14:00:02.636786654
117.16,1,14:00:02.637006244
117.16,1,14:00:02.646080845
117.16,13,14:00:02.654648000
117.14,1,14:00:02.655053433
117.16,7,14:00:02.665366287
117.16,8,14:00:02.724045763
117.16,5,14:00:02.748606298
117.16,4,14:00:02.759365932
117.16,1,14:00:02.759365932
117.16,14,14:00:02.759365932
117.16,14,14:00:02.770461433
117.16,6,14:00:02.770461433
117.16,4,14:00:02.781250420
117.16,1,14:00:02.781250420
117.16,15,14:00:02.781347847
117.16,13,14:00:02.792013590
117.16,1,14:00:02.792106832
117.16,6,14:00:02.804185001
117.16,1,14:00:02.814994187
117.16,17,14:00:02.814994187
117.16,1,14:00:02.825620483
117.16,20,14:00:02.839126201
117.16,1,14:00:02.864905983
117.17,1,14:00:02.889605929
117.17,21,14:00:02.889605929
117.17,1,14:00:02.889688038
117.18,1,14:00:02.895118613
117.18,24,14:00:02.895118613
117.19,4,14:00:02.900094082
117.19,1,14:00:02.900111032
117.19,10,14:00:02.900111032
117.19,7,14:00:02.900111032
117.2,1,14:00:02.907168590
117.2,2,14:00:02.907168590
117.2,30,14:00:02.907260418
117.19,1,14:00:02.939977553
117.16,2,14:00:02.972936110
117.16,19,14:00:02.972936110
117.16,4,14:00:02.976731073
117.16,1,14:00:02.976731073
117.16,1,14:00:02.976826465
117.14,2,14:00:03.029063515
117.14,1,14:00:03.029177729
117.14,3,14:00:03.029177729
117.16,1,14:00:03.407876732
117.16,10,14:00:03.407915560
117.14,3,14:00:03.620473834
117.13,10,14:00:03.860053717
117.14,10,14:00:04.092486029
117.14,1,14:00:04.092486029
117.15,1,14:00:04.111917529
117.15,1,14:00:04.112157295
117.15,4,14:00:04.112186123
117.16,1,14:00:04.120773273
117.18,1,14:00:04.296199176
117.19,1,14:00:04.780174082
117.19,10,14:00:04.780264955
117.19,1,14:00:04.780280613
117.2,2,14:00:04.781239025
117.2,1,14:00:04.781346624
117.2,1,14:00:04.781363475
117.21,1,14:00:04.798670897
117.21,4,14:00:04.798685047
117.21,2,14:00:04.798685047
117.21,2,14:00:04.798764164
117.22,1,14:00:04.822522235
117.23,1,14:00:04.822838449
117.23,2,14:00:04.822838449
117.23,1,14:00:04.866291344
117.24,1,14:00:04.866561588
117.24,2,14:00:04.866561588
117.24,1,14:00:04.887088149
117.25,1,14:00:04.888914887
117.25,18,14:00:04.888995117
117.25,3,14:00:04.889170119
117.25,2,14:00:04.889325542
117.22,1,14:00:05.006810843
117.21,1,14:00:05.008166841
117.2,1,14:00:05.015508087
117.24,1,14:00:05.307444663
117.22,2,14:00:05.312138866
117.25,1,14:00:05.534138134
117.26,1,14:00:05.856617980
117.26,7,14:00:05.856697753
117.29,1,14:00:05.997568617
117.3,1,14:00:05.999831811
117.31,1,14:00:06.001750733
117.32,3,14:00:06.005592816
117.33,1,14:00:06.016655370
117.32,1,14:00:06.028583868
117.31,6,14:00:06.117487118
117.31,1,14:00:06.117487118
117.31,1,14:00:06.831347040
117.31,11,14:00:06.831347040
117.3,1,14:00:06.831639534
117.29,1,14:00:06.847693354
117.29,24,14:00:06.847693354
117.28,1,14:00:06.848059198
117.27,1,14:00:06.853103965
117.27,24,14:00:06.853245981
117.29,2,14:00:06.855036226
117.28,1,14:00:06.883764073
117.26,1,14:00:06.892698495
117.26,3,14:00:06.892759474
117.25,1,14:00:06.907683651
117.25,2,14:00:06.907683651
117.25,2,14:00:06.908060319
117.25,3,14:00:06.908060319
117.24,3,14:00:07.040319630
117.23,1,14:00:07.049164941
117.23,1,14:00:07.049268746
117.23,3,14:00:07.049283425
117.23,1,14:00:07.049377639
117.23,2,14:00:07.049392429
117.23,1,14:00:07.071221181
117.24,1,14:00:07.099435524
117.25,1,14:00:07.101117324
117.26,1,14:00:07.105934949
117.27,4,14:00:07.112504623
117.27,1,14:00:07.112504623
117.24,1,14:00:07.149143235
117.25,1,14:00:07.149143235
117.27,1,14:00:07.199504746
117.28,1,14:00:07.263231213
117.26,1,14:00:07.555234109
117.25,2,14:00:07.564532220
117.23,1,14:00:08.143276257
117.23,2,14:00:08.144046775
117.24,1,14:00:08.796593070
117.24,10,14:00:08.796611086
117.24,2,14:00:08.796611086
117.25,1,14:00:08.796815749
117.26,1,14:00:09.026176402
117.27,1,14:00:09.035034639
117.28,1,14:00:09.624678701
117.28,6,14:00:09.624755939
117.28,1,14:00:09.624791031
117.29,1,14:00:09.627532065
117.32,1,14:00:09.936768556
117.33,1,14:00:09.956716998
117.32,3,14:00:10.087914557
117.31,1,14:00:10.088075301
117.3,5,14:00:10.262320389
117.3,1,14:00:10.262320389
117.29,1,14:00:10.331496219
117.32,5,14:00:11.171956739
117.32,1,14:00:11.171956739
117.31,1,14:00:11.172178808
117.31,1,14:00:11.172281669
117.33,1,14:00:11.554506291
117.34,1,14:00:12.014618251
117.35,1,14:00:12.015374648
117.35,1,14:00:12.015475790
117.35,3,14:00:12.015493201
117.35,1,14:00:12.015493201
117.36,2,14:00:12.018909976
117.38,1,14:00:12.040369438
117.35,1,14:00:12.295300323
117.39,1,14:00:14.069610168
117.38,1,14:00:14.069731784
117.37,1,14:00:14.170318018
117.36,1,14:00:14.170668104
117.35,1,14:00:14.902650829
117.34,1,14:00:14.906383331
117.34,1,14:00:14.906732192
117.33,2,14:00:15.016317729
117.33,3,14:00:15.016502718
117.33,1,14:00:15.604059454
117.34,1,14:00:15.606071625
117.34,1,14:00:15.606092303
117.34,3,14:00:15.606092303
117.35,1,14:00:16.022918988
117.35,4,14:00:16.022933506
117.33,1,14:00:16.415249694
117.32,1,14:00:16.417857154
117.34,1,14:00:16.735754271
117.35,1,14:00:16.737024095
117.36,1,14:00:17.978958569
117.35,1,14:00:17.980847448
117.34,1,14:00:18.000736310
117.32,1,14:00:18.121356665
117.31,1,14:00:18.135195058
117.3,1,14:00:18.143153035
117.3,4,14:00:18.143153035
117.3,1,14:00:18.143259055
117.29,1,14:00:18.145246062
117.29,7,14:00:18.145379980
117.31,1,14:00:18.170300017
117.32,1,14:00:18.191833684
117.31,1,14:00:18.273871627
117.32,4,14:00:18.333869885
117.32,2,14:00:18.333869885
117.32,1,14:00:18.333869885
117.33,1,14:00:18.336534391
117.31,1,14:00:18.617682905
117.29,1,14:00:18.998825948
117.28,1,14:00:19.000746724
117.27,1,14:00:19.016092257
117.28,1,14:00:19.016227842
117.26,1,14:00:19.538879651
117.25,1,14:00:19.539860383
117.26,1,14:00:19.550659210
117.27,1,14:00:19.555997311
117.27,3,14:00:19.560066415
117.27,6,14:00:19.560177881
117.27,10,14:00:19.560460534
117.27,2,14:00:19.561064648
117.26,8,14:00:19.586559096
117.27,1,14:00:20.173504109
117.28,1,14:00:20.350597658
117.29,1,14:00:20.520489528
117.27,1,14:00:20.818630029
117.26,1,14:00:20.822104881
117.25,1,14:00:20.829196559
117.25,1,14:00:20.829466126
117.24,1,14:00:20.838318539
117.23,1,14:00:21.119438211
117.23,4,14:00:21.119522412
117.23,1,14:00:21.119537670
117.22,1,14:00:21.128924620
117.22,1,14:00:21.129018766
117.22,6,14:00:21.129038332
117.23,1,14:00:21.319424461
117.23,8,14:00:21.319516515
117.23,8,14:00:21.319532649
117.25,1,14:00:21.430080596
117.26,1,14:00:21.489297309
117.23,1,14:00:22.099571291
117.26,1,14:00:22.728095887
117.26,1,14:00:23.327476927
117.27,1,14:00:24.042481703
117.28,1,14:00:24.074987080
117.27,1,14:00:25.247318631
117.28,1,14:00:26.529487535
117.28,1,14:00:26.596050877
117.27,1,14:00:26.636629467
117.25,1,14:00:26.652884311
117.25,1,14:00:26.662090516
117.26,1,14:00:26.676238847
117.24,1,14:00:26.757281401
117.23,1,14:00:26.773666399
117.25,1,14:00:26.859968702
117.26,1,14:00:26.871673887
117.27,1,14:00:27.072545407
117.27,1,14:00:27.072638581
117.27,1,14:00:27.072656432
117.25,1,14:00:27.188314892
117.24,1,14:00:27.192426754
117.24,1,14:00:27.192521832
117.23,1,14:00:27.206646212
117.22,1,14:00:27.206980065
117.22,5,14:00:27.206994967
117.23,1,14:00:27.207103065
117.22,1,14:00:27.207103065
117.22,31,14:00:27.207494723
117.22,5,14:00:27.207837012
117.22,1,14:00:27.207837012
117.22,6,14:00:27.208163721
117.22,3,14:00:27.208163721
117.22,5,14:00:27.208510665
117.22,1,14:00:27.208621567
117.22,1,14:00:27.208773586
117.22,1,14:00:27.208902053
117.22,2,14:00:27.209068636
117.22,3,14:00:27.209068636
117.22,1,14:00:27.209068636
117.22,1,14:00:27.209083814
117.22,1,14:00:27.210124152
117.22,1,14:00:27.210491816
117.23,1,14:00:27.210955975
117.22,1,14:00:27.214422184
117.23,1,14:00:27.216735503
117.23,1,14:00:27.230434885
117.23,1,14:00:27.230523185
117.23,11,14:00:27.250173766
117.23,1,14:00:27.250173766
117.23,12,14:00:27.250173766
117.23,2,14:00:27.263632636
117.24,1,14:00:27.415976255
117.24,1,14:00:27.476510558
117.25,1,14:00:27.477207510
117.26,1,14:00:27.478470243
117.26,6,14:00:27.479277625
117.26,1,14:00:27.479440367
117.26,1,14:00:27.924445230
117.26,6,14:00:28.027502456
117.25,1,14:00:28.273976524
117.25,1,14:00:28.274076505
117.25,1,14:00:28.274269404
117.25,1,14:00:28.276214509
117.24,1,14:00:28.815963488
117.24,2,14:00:28.816389276
117.26,1,14:00:29.020456783
117.27,1,14:00:29.029501036
117.27,1,14:00:29.037025104
117.26,1,14:00:29.037523419
117.24,1,14:00:29.296378013
117.23,1,14:00:29.425579080
117.23,6,14:00:29.425776203
117.24,1,14:00:30.185910783
117.23,1,14:00:30.392273301
117.24,1,14:00:30.890620701
117.25,1,14:00:30.907968082
117.27,11,14:00:31.012154975
117.27,1,14:00:31.024498355
117.26,1,14:00:31.030102175
117.25,1,14:00:31.799910293
117.25,1,14:00:31.800002002
117.25,1,14:00:31.800689850
117.25,1,14:00:31.804020023
117.26,1,14:00:31.832451262
117.27,1,14:00:31.841273487
117.27,1,14:00:31.842362619
117.27,1,14:00:31.843050913
117.26,1,14:00:31.950194515
117.25,1,14:00:32.054884612
117.25,1,14:00:32.054905310
117.26,1,14:00:32.654791681
117.25,1,14:00:32.976742416
117.26,1,14:00:33.060102794
117.27,1,14:00:33.061792492
117.26,1,14:00:33.292825682
117.26,1,14:00:33.293267864
117.26,2,14:00:33.293428083
117.26,1,14:00:33.293428083
117.25,1,14:00:33.293428083
117.25,1,14:00:33.295911986
117.25,1,14:00:34.126264496
117.26,1,14:00:34.127647634
117.27,1,14:00:34.143092835
117.26,1,14:00:34.221861751
117.28,1,14:00:34.880347814
117.28,1,14:00:34.910671814
117.28,1,14:00:35.293040125
117.28,1,14:00:36.141355156
117.27,1,14:00:36.142053763
117.27,1,14:00:36.291390650
117.28,1,14:00:36.495776747
117.29,1,14:00:36.505279720
117.3,1,14:00:36.647380232
117.31,1,14:00:36.661240382
117.32,1,14:00:36.765480046
117.31,1,14:00:36.768581110
117.31,1,14:00:37.015636725
117.3,1,14:00:37.129991681
117.3,1,14:00:37.981766760
117.29,1,14:00:37.991430950
117.31,1,14:00:38.923060761
117.3,1,14:00:38.931991298
117.29,1,14:00:39.001705968
117.32,1,14:00:40.210644054
117.33,1,14:00:40.241950320
117.33,1,14:00:40.255768342
117.33,1,14:00:40.460870188
117.32,1,14:00:40.549062602
117.31,1,14:00:40.656743378
117.31,2,14:00:40.656834491
117.31,1,14:00:40.658231550
117.31,1,14:00:40.659142231
117.32,1,14:00:40.664994438
117.33,1,14:00:40.710708517
117.33,1,14:00:40.845892489
117.35,1,14:00:41.857890959
117.34,1,14:00:41.859592314
117.34,4,14:00:41.859970698
117.37,1,14:00:42.051268772
117.38,6,14:00:42.064486601
117.38,1,14:00:42.068347567
117.38,1,14:00:42.068801760
117.37,1,14:00:42.111955761
117.36,1,14:00:42.288063763
117.37,1,14:00:42.568213737
117.36,1,14:00:42.942029016
117.36,1,14:00:42.942107893
117.36,1,14:00:43.021189106
117.34,1,14:00:43.453739914
117.34,1,14:00:43.453758483
117.34,1,14:00:44.335228373
117.33,1,14:00:44.343048161
117.33,1,14:00:44.343149271
117.33,1,14:00:44.541290941
117.33,1,14:00:44.932890625
117.33,1,14:00:45.304235368
117.33,1,14:00:45.304459032
117.32,2,14:00:46.176714310
117.32,1,14:00:46.176714310
117.32,1,14:00:46.178857069
117.32,1,14:00:46.257797158
117.3,1,14:00:47.045286460
117.31,1,14:00:47.059626772
117.31,1,14:00:47.063667972
117.32,6,14:00:47.170521509
117.33,1,14:00:47.220705101
117.34,1,14:00:47.681182867
117.34,1,14:00:47.695255727
117.35,1,14:00:48.012161032
117.36,1,14:00:48.108393010
117.37,1,14:00:48.625247679
117.37,1,14:00:48.961697058
117.36,1,14:00:49.030202559
117.36,1,14:00:49.436628626
117.36,3,14:00:49.451430122
117.35,1,14:00:49.637634437
117.35,1,14:00:49.637729867
117.36,1,14:00:50.168636404
117.36,1,14:00:50.170499975
117.36,1,14:00:50.171223615
117.37,1,14:00:50.275195490
117.37,1,14:00:50.277037828
117.37,1,14:00:50.296061666
117.37,2,14:00:50.296175096
117.36,1,14:00:50.340850730
117.38,3,14:00:51.387536732
117.38,1,14:00:51.646883305
117.38,2,14:00:51.646988656
117.37,1,14:00:51.701625135
117.38,2,14:00:52.401566224
117.38,2,14:00:52.878219596
117.37,1,14:00:53.037943685
117.37,1,14:00:53.038029099
117.37,1,14:00:53.038379816
117.38,1,14:00:54.011560313
117.37,1,14:00:55.121465247
117.36,1,14:00:55.232367007
117.36,1,14:00:55.238848922
117.38,7,14:00:55.995007234
117.39,1,14:00:56.026476252
117.4,1,14:00:56.115020435
117.4,4,14:00:56.115020435
117.41,1,14:00:56.121961128
117.41,1,14:00:56.140496476
117.41,6,14:00:56.160730710
117.41,2,14:00:56.160730710
117.39,1,14:00:56.330103278
117.38,1,14:00:56.330890324
117.39,1,14:00:56.330890324
117.38,1,14:00:56.331324972
117.38,1,14:00:56.332169074
117.38,1,14:00:56.332397247
117.38,1,14:00:56.333300930
117.38,1,14:00:56.335265956
117.38,1,14:00:56.342198689
117.38,1,14:00:56.344208381
117.38,1,14:00:56.345808661
117.37,1,14:00:56.394117486
117.37,1,14:00:56.399661249
117.36,1,14:00:57.568449810
117.36,1,14:00:57.573410161
117.38,3,14:00:58.858347940
117.39,1,14:01:00.250545008
117.37,1,14:01:00.716059615
117.37,2,14:01:00.716084916
117.37,1,14:01:00.716084916
117.36,1,14:01:00.729445284
117.36,1,14:01:00.738255709
117.35,1,14:01:00.979175056
117.36,1,14:01:01.170928553
117.34,1,14:01:01.706993064
117.34,1,14:01:02.025612668
117.34,1,14:01:02.025712601
117.35,1,14:01:03.015231140
117.34,1,14:01:03.143988102
117.36,1,14:01:04.670864186
117.36,2,14:01:04.670892790
117.35,1,14:01:04.792740864
117.34,1,14:01:05.469028197
117.35,6,14:01:06.358926859
117.35,1,14:01:06.359000181
117.35,1,14:01:06.359324654
117.34,1,14:01:06.640927536
117.34,1,14:01:07.156010673
117.33,1,14:01:07.268342366
117.33,1,14:01:07.686859846
117.33,1,14:01:08.380607114
117.32,2,14:01:08.656981552
117.32,3,14:01:08.656981552
117.32,1,14:01:08.772137999
117.32,2,14:01:08.772242467
117.32,1,14:01:08.772258146
117.32,2,14:01:08.772258146
117.33,1,14:01:08.887116310
117.33,1,14:01:08.887198981
117.32,1,14:01:09.325828839
117.32,1,14:01:09.326336048
117.32,1,14:01:09.363383072
117.32,1,14:01:10.069577120
117.32,1,14:01:10.069593289
117.33,1,14:01:10.198195183
117.34,1,14:01:11.199796675
117.34,2,14:01:11.199796675
117.34,1,14:01:11.200701170
117.35,1,14:01:11.387455673
117.35,1,14:01:11.427220752
117.34,1,14:01:11.777446632
117.34,1,14:01:11.777521592
117.34,7,14:01:11.778222379
117.35,1,14:01:11.811644807
117.35,1,14:01:12.845841331
117.35,1,14:01:12.884705227
117.36,1,14:01:13.211218803
117.37,1,14:01:15.252196016
117.37,1,14:01:15.252353318
117.38,1,14:01:15.252382134
117.38,2,14:01:15.252382134
117.38,4,14:01:15.252382134
117.37,1,14:01:15.252382134
117.38,1,14:01:15.252398749
117.38,13,14:01:15.253556175
117.38,20,14:01:15.253556175
117.37,1,14:01:15.254638745
117.37,4,14:01:15.254754251
117.37,1,14:01:15.781215876
117.37,1,14:01:15.783126188
117.37,1,14:01:15.784085970
117.35,1,14:01:17.746034373
117.35,1,14:01:17.746672808
117.36,1,14:01:18.621561367
117.36,1,14:01:18.621579478
117.34,1,14:01:19.854412629
117.34,1,14:01:19.854552632
117.34,1,14:01:19.854581755
117.34,1,14:01:20.334370135
117.34,1,14:01:20.334437824
117.34,1,14:01:20.430582200
117.34,1,14:01:21.315234244
117.34,1,14:01:21.315479858
117.34,3,14:01:21.315498756
117.34,1,14:01:21.317146785
117.33,1,14:01:21.456359331
117.34,1,14:01:22.186218448
117.34,1,14:01:22.265823759
117.33,1,14:01:22.363057497
117.34,1,14:01:22.633332730
117.34,1,14:01:23.197134411
117.34,2,14:01:23.197134411
117.34,1,14:01:23.199333257
117.34,1,14:01:23.300543981
117.34,1,14:01:24.453340768
117.34,1,14:01:24.747272634
117.34,1,14:01:24.747347904
117.34,1,14:01:26.645450846
117.35,1,14:01:26.646096846
117.35,1,14:01:26.646204868
117.35,3,14:01:26.646221696
117.36,1,14:01:26.794879077
117.35,1,14:01:29.966920591
117.35,1,14:01:29.967802058
117.36,1,14:01:31.810823337
117.36,1,14:01:31.810845023
117.36,6,14:01:31.810845023
117.37,1,14:01:31.811427163
117.37,3,14:01:31.811427163
117.37,2,14:01:31.811427163
117.37,1,14:01:31.811442095
117.37,1,14:01:31.812239972
117.37,3,14:01:31.812239972
117.37,1,14:01:31.877466675
117.37,1,14:01:31.877546834
117.37,1,14:01:31.917770036
117.38,1,14:01:32.126856953
117.38,1,14:01:32.176146917
117.38,1,14:01:32.357730347
117.38,1,14:01:32.358446340
117.38,1,14:01:33.568345607
117.38,1,14:01:33.568434430
117.39,1,14:01:33.743354022
117.39,2,14:01:33.743354022
117.39,1,14:01:33.820648634
117.4,1,14:01:34.001362497
117.4,11,14:01:34.001439067
117.4,4,14:01:34.025843953
117.4,1,14:01:34.025843953
117.4,1,14:01:34.026820568
117.39,1,14:01:34.155260028
117.4,1,14:01:34.521992948
117.4,4,14:01:34.521992948
117.4,8,14:01:34.523246816
117.4,1,14:01:34.525324126
117.39,1,14:01:34.596211585
117.39,1,14:01:34.596552405
117.39,1,14:01:34.607526847
117.39,1,14:01:34.607611372
117.37,1,14:01:38.312044218
117.37,1,14:01:39.043830193
117.36,1,14:01:39.165550900
117.35,1,14:01:39.216659221
117.34,1,14:01:39.559019411
117.35,1,14:01:39.608509874
117.34,1,14:01:39.969324420
117.34,1,14:01:39.969428068
117.33,1,14:01:40.088633675
117.32,1,14:01:40.642515870
117.32,1,14:01:41.161792476
117.32,1,14:01:42.093336890
117.32,1,14:01:42.571998751
117.31,1,14:01:43.302162534
117.31,1,14:01:43.363447051
117.3,1,14:01:43.580201930
117.3,1,14:01:43.580354602
117.3,1,14:01:43.580439795
117.3,1,14:01:43.581387059
117.29,1,14:01:43.954463450
117.31,1,14:01:44.113710308
117.31,1,14:01:44.116869729
117.31,1,14:01:44.116885111
117.31,1,14:01:44.250304458
117.31,1,14:01:45.460327191
117.33,1,14:01:46.061013416
117.32,1,14:01:46.397258061
117.33,1,14:01:46.397275827
117.33,2,14:01:46.975135418
117.33,1,14:01:46.975135418
117.33,6,14:01:46.975135418
117.34,1,14:01:49.500200909
117.33,1,14:01:50.574638074
117.32,1,14:01:50.611898387
117.33,1,14:01:50.962555360
117.33,1,14:01:51.102248811
117.33,1,14:01:52.178563034
117.32,1,14:01:53.280842408
117.32,1,14:01:53.762200266
117.32,1,14:01:53.762310890
117.32,1,14:01:55.356966154
117.33,1,14:01:55.994549772
117.34,1,14:01:55.995666945
117.34,1,14:01:55.996421549
117.34,1,14:01:55.997198713
117.35,1,14:01:56.052681580
117.35,1,14:01:56.052786220
117.35,1,14:01:56.052871213
117.35,1,14:01:56.054142207
117.35,1,14:01:56.910793159
117.34,1,14:01:56.911440486
117.35,2,14:01:58.486798247
117.35,1,14:01:58.486895155
117.35,1,14:01:58.813698965
117.36,2,14:01:59.684745241
117.36,1,14:01:59.684745241
117.37,1,14:02:00.773782811
117.37,1,14:02:00.773796269
117.37,6,14:02:00.773872330
117.37,2,14:02:00.774015219
117.37,8,14:02:00.774015219
117.37,1,14:02:00.774373616
117.37,1,14:02:00.774966918
117.37,3,14:02:00.774966918
117.37,1,14:02:00.776530779
117.37,1,14:02:00.776676126
117.38,1,14:02:00.787679016
117.38,3,14:02:00.787694558
117.38,2,14:02:00.787694558
117.39,2,14:02:00.807609836
117.39,1,14:02:00.807698670
117.39,1,14:02:00.807717317
117.39,2,14:02:00.819277637
117.38,1,14:02:00.830321215
117.39,1,14:02:00.841137681
117.39,1,14:02:01.340012936
117.39,2,14:02:01.340330372
117.39,1,14:02:01.394208527
117.39,1,14:02:01.405178137
117.39,1,14:02:01.416359727
117.39,2,14:02:01.429558255
117.39,1,14:02:01.441938251
117.39,1,14:02:01.442055733
117.39,1,14:02:01.453132380
117.39,2,14:02:01.464200134
117.39,1,14:02:01.475037418
117.39,1,14:02:01.547871644
117.39,1,14:02:01.556038223
117.39,1,14:02:01.557050721
117.38,1,14:02:02.324379555
117.38,1,14:02:02.324488418
117.38,3,14:02:02.324508912
117.37,1,14:02:02.324508912
117.38,1,14:02:02.324508912
117.37,1,14:02:02.324523743
117.38,1,14:02:02.829406847
117.38,1,14:02:02.829581624
117.39,1,14:02:02.879414973
117.39,1,14:02:04.268620535
117.38,1,14:02:04.725802563
117.38,1,14:02:04.725904022
117.38,3,14:02:04.725921875
117.38,2,14:02:04.725921875
117.38,1,14:02:04.725921875
117.38,1,14:02:05.692542672
117.38,3,14:02:05.728628787
117.39,1,14:02:05.731804622
117.39,1,14:02:05.732150945
117.39,1,14:02:06.550353402
117.39,1,14:02:06.550500365
117.39,3,14:02:06.550500365
117.39,2,14:02:06.550500365
117.4,1,14:02:07.447768630
117.4,1,14:02:07.447862049
117.41,1,14:02:07.527154256
117.4,1,14:02:08.221384341
117.41,1,14:02:08.477635293
117.41,1,14:02:08.478621280
117.42,1,14:02:08.919023591
117.43,1,14:02:09.324745290
117.43,1,14:02:09.324759219
117.43,1,14:02:09.324847255
117.43,1,14:02:09.361736473
117.43,1,14:02:09.361751920
117.4,1,14:02:10.367476557
117.4,2,14:02:10.367553751
117.39,1,14:02:11.494136611
117.39,1,14:02:11.999209728
117.38,1,14:02:14.527536577
117.38,2,14:02:14.527536577
117.38,1,14:02:15.357389819
117.39,1,14:02:15.868034513
117.4,1,14:02:15.868121279
117.37,1,14:02:19.388214654
117.36,1,14:02:20.115591414
117.36,1,14:02:20.333720012
117.36,1,14:02:20.333806258
117.36,1,14:02:20.486248600
117.36,2,14:02:20.486248600
117.36,3,14:02:22.668948500
117.36,2,14:02:22.668967463
117.36,1,14:02:24.194229669
117.36,6,14:02:24.194229669
117.36,3,14:02:24.194229669
117.36,1,14:02:25.174113894
117.37,1,14:02:25.209247536
117.37,1,14:02:27.667139106
117.36,1,14:02:28.280545549
117.35,1,14:02:28.825663573
117.35,1,14:02:28.825806476
117.35,3,14:02:28.825806476
117.36,1,14:02:28.992309638
117.36,1,14:02:28.993257679
117.36,1,14:02:28.994503489
117.36,1,14:02:29.022787243
117.37,1,14:02:29.038503972
117.37,1,14:02:29.038921724
117.37,1,14:02:29.597079191
117.38,1,14:02:30.066310131
117.38,1,14:02:30.066861653
117.38,1,14:02:30.201837149
117.39,1,14:02:30.433258822
117.4,1,14:02:30.996117821
117.39,1,14:02:31.146630256
117.39,2,14:02:32.670130687
117.39,1,14:02:32.670130687
117.38,1,14:02:32.671974334
117.38,1,14:02:32.673512527
117.38,1,14:02:32.674052783
117.38,1,14:02:32.788263680
117.39,1,14:02:34.074918963
117.4,1,14:02:34.487343556
117.4,1,14:02:35.288280838
117.39,1,14:02:36.054258296
117.39,1,14:02:36.054338949
117.39,1,14:02:36.070830731
117.39,13,14:02:36.070830731
117.39,4,14:02:36.070928791
117.39,1,14:02:36.071598749
117.39,2,14:02:36.071794340
117.39,6,14:02:36.952612989
117.39,6,14:02:36.952838563
117.39,8,14:02:36.953028799
117.38,1,14:02:38.606368089
117.39,20,14:02:39.224059712
117.39,1,14:02:39.224080976
117.39,1,14:02:39.234802852
117.39,1,14:02:39.234894445
117.39,5,14:02:39.234914798
117.39,2,14:02:39.235306857
117.39,11,14:02:39.235554550
117.39,3,14:02:39.235680877
117.39,1,14:02:39.246008533
117.39,1,14:02:39.254024327
117.39,1,14:02:39.254171051
117.39,7,14:02:39.254539150
117.39,1,14:02:39.254647652
117.39,1,14:02:39.254740929
117.39,7,14:02:39.254841228
117.4,1,14:02:40.048876243
117.41,1,14:02:40.436180536
117.41,2,14:02:40.436258005
117.41,6,14:02:40.436619016
117.41,7,14:02:40.436980452
117.41,1,14:02:40.436980452
117.42,1,14:02:42.665980243
117.42,3,14:02:42.666268817
117.42,2,14:02:44.513703561
117.42,1,14:02:44.513703561
117.42,4,14:02:44.513703561
117.42,3,14:02:45.322832213
117.42,1,14:02:47.134120076
117.42,2,14:02:47.134120076
117.42,2,14:02:48.804113606
117.42,3,14:02:48.804206406
117.42,2,14:02:48.804229098
117.42,2,14:02:48.805178816
117.41,1,14:02:48.805195097
117.41,3,14:02:48.805195097
117.42,2,14:02:48.805195097
117.41,1,14:02:48.805305609
117.41,3,14:02:48.805337483
117.42,1,14:02:48.817705647
117.42,2,14:02:48.849208479
117.42,1,14:02:50.228183373
117.42,1,14:02:50.229066837
117.42,1,14:02:50.286635998
117.43,1,14:02:51.152211443
117.44,1,14:02:51.178868328
117.44,1,14:02:51.340939623
117.44,1,14:02:51.750352921
117.44,3,14:02:51.752008411
117.44,1,14:02:51.752008411
117.44,9,14:02:51.752008411
117.45,1,14:02:51.760198451
117.45,1,14:02:51.760295985
117.44,2,14:02:51.784048827
117.45,5,14:02:51.918891564
117.45,6,14:02:51.918980011
117.44,2,14:02:52.056400635
117.44,1,14:02:52.056415713
117.45,2,14:02:52.114177126
117.44,3,14:02:52.512981366
117.44,1,14:02:52.513570533
117.44,2,14:02:52.514702590
117.45,2,14:02:52.571699898
117.45,2,14:02:53.021619948
117.45,2,14:02:53.779612574
117.45,2,14:02:53.780292259
117.45,1,14:02:53.780371395
117.46,2,14:02:53.909973839
117.46,1,14:02:53.909973839
117.46,1,14:02:54.996500536
117.46,3,14:02:54.997251445
117.46,1,14:02:55.387252463
117.46,2,14:02:55.387252463
117.46,2,14:02:55.387343663
117.46,1,14:02:55.387366384
117.46,3,14:02:55.387366384
117.46,27,14:02:55.387935957
117.46,6,14:02:55.388248559
117.46,1,14:02:55.388559106
117.46,1,14:02:55.388965438
117.46,1,14:02:55.389172021
117.46,1,14:02:55.389318926
117.46,4,14:02:55.397718567
117.46,9,14:02:55.408262302
117.47,1,14:02:55.849831644
117.47,1,14:02:55.849901129
117.46,11,14:02:55.853860387
117.46,1,14:02:56.380499189
117.46,1,14:02:56.380575467
117.46,2,14:02:56.380721964
117.45,3,14:03:00.276381058
117.45,4,14:03:00.276479610
117.45,1,14:03:00.276494503
117.45,2,14:03:00.276494503
117.45,2,14:03:00.594057972
117.45,1,14:03:00.594057972
117.46,2,14:03:00.608183978
117.46,1,14:03:00.866080740
117.46,2,14:03:00.866414096
117.46,1,14:03:00.880789813
117.46,1,14:03:00.882286654
117.45,3,14:03:01.921201013
117.45,1,14:03:01.921201013
117.45,3,14:03:01.921450629
117.45,4,14:03:01.921450629
117.45,1,14:03:01.936221212
117.44,1,14:03:02.041868468
117.44,2,14:03:02.041868468
117.44,1,14:03:02.302748597
117.43,2,14:03:03.123183087
117.43,1,14:03:03.123323068
117.43,1,14:03:03.123337442
117.43,1,14:03:03.123366646
117.43,3,14:03:03.130294435
117.42,1,14:03:03.684224895
117.42,2,14:03:05.424752557
117.42,1,14:03:05.424752557
117.42,4,14:03:05.424752557
117.41,2,14:03:05.456685390
117.42,1,14:03:05.727344449
117.42,2,14:03:05.757384915
117.43,1,14:03:05.849296607
117.43,2,14:03:05.870316881
117.43,3,14:03:05.870975258
117.43,1,14:03:05.870975258
117.43,4,14:03:05.979726113
117.43,1,14:03:05.979726113
117.43,1,14:03:07.283044573
117.43,2,14:03:07.283541337
117.43,3,14:03:07.283709874
117.43,3,14:03:07.283805170
117.44,1,14:03:07.455286768
117.45,1,14:03:07.506411536
117.44,4,14:03:07.733383518
117.44,3,14:03:07.733468475
117.44,3,14:03:07.733498766
117.44,4,14:03:07.733822311
117.44,1,14:03:08.725491261
117.43,2,14:03:09.282303632
117.43,1,14:03:09.282303632
117.43,2,14:03:09.282403288
117.43,1,14:03:09.316568693
117.42,4,14:03:09.338923923
117.42,1,14:03:09.339150466
117.42,1,14:03:09.340335733
117.42,4,14:03:09.340451608
117.42,1,14:03:09.340850814
117.42,1,14:03:09.464811973
117.42,1,14:03:09.851762980
117.42,1,14:03:09.851781732
117.42,1,14:03:09.853248099
117.42,1,14:03:10.863856105
117.42,1,14:03:10.967547154
117.43,1,14:03:11.817892325
117.42,1,14:03:13.579264768
117.42,1,14:03:14.292959891
117.42,1,14:03:15.480111090
117.42,7,14:03:15.480182539
117.42,1,14:03:15.567891657
117.41,1,14:03:16.333103040
117.41,2,14:03:16.333103040
117.41,1,14:03:16.333525482
117.41,2,14:03:16.333525482
117.41,4,14:03:18.729515763
117.41,1,14:03:18.729530009
117.41,1,14:03:18.729604771
117.41,3,14:03:18.729622441
117.41,1,14:03:18.729993836
117.41,2,14:03:18.730189102
117.41,3,14:03:18.731112332
117.41,1,14:03:18.731130610
117.41,3,14:03:19.072819912
117.41,2,14:03:19.072819912
117.41,1,14:03:20.231953660
117.4,1,14:03:22.386626257
117.4,1,14:03:22.386730468
117.4,1,14:03:22.386757243
117.4,27,14:03:22.386757243
117.4,3,14:03:22.386757243
117.4,1,14:03:22.386995268
117.4,1,14:03:22.387217418
117.4,2,14:03:22.387217418
117.39,1,14:03:22.424850730
117.39,2,14:03:22.962610854
117.39,1,14:03:22.973624077
117.39,1,14:03:23.086448626
117.39,1,14:03:23.086464174
117.4,1,14:03:23.199207336
117.4,1,14:03:23.199305269
117.4,3,14:03:23.208640583
117.4,1,14:03:23.208640583
117.4,1,14:03:23.208727869
117.4,2,14:03:23.899236609
117.39,1,14:03:24.962234935
117.39,1,14:03:24.962249142
117.39,1,14:03:24.962335075
117.39,1,14:03:26.463029099
117.39,1,14:03:26.464848499
117.39,1,14:03:26.529298685
117.4,3,14:03:27.975066958
117.4,1,14:03:27.975149659
117.4,1,14:03:27.975164968
117.4,3,14:03:28.709627759
117.4,1,14:03:28.709644616
117.41,1,14:03:29.765966170
117.41,1,14:03:30.479269236
117.42,2,14:03:31.447431703
117.42,1,14:03:31.447431703
117.42,1,14:03:31.447518839
117.42,1,14:03:31.447544477
117.42,2,14:03:31.447544477
117.42,1,14:03:31.471356788
117.42,1,14:03:31.492864435
117.42,2,14:03:31.492864435
117.42,3,14:03:33.659500613
117.42,1,14:03:33.659593819
117.42,7,14:03:33.659638277
117.42,1,14:03:33.887437657
117.41,2,14:03:35.159144959
117.41,1,14:03:35.159229404
117.41,1,14:03:38.550810299
117.41,3,14:03:38.550810299
117.4,1,14:03:38.563056425
117.4,4,14:03:38.563504723
117.4,1,14:03:38.563609708
117.4,2,14:03:38.563638546
117.4,1,14:03:38.563638546
117.4,7,14:03:38.563638546
117.41,1,14:03:39.075076830
117.41,1,14:03:39.075789038
117.41,3,14:03:39.075789038
117.41,2,14:03:39.075789038
117.41,1,14:03:39.075805163
117.41,6,14:03:39.075805163
117.42,5,14:03:39.076347403
117.42,1,14:03:39.076347403
117.42,9,14:03:39.076630798
117.42,1,14:03:39.077488989
117.42,10,14:03:39.077710834
117.42,3,14:03:39.077724927
117.42,1,14:03:39.077738338
117.42,1,14:03:39.077754953
117.42,1,14:03:39.078592600
117.43,1,14:03:39.111953317
117.43,1,14:03:39.111969503
117.44,1,14:03:39.123481009
117.44,3,14:03:39.123481009
117.45,10,14:03:39.313270234
117.45,1,14:03:39.313472944
117.45,1,14:03:39.313565065
117.45,1,14:03:39.314540351
117.45,4,14:03:39.314540351
117.45,1,14:03:39.314862065
117.45,1,14:03:39.316182055
117.45,1,14:03:39.317024637
117.45,1,14:03:39.317166851
117.45,2,14:03:39.317559837
117.45,1,14:03:39.317559837
117.45,1,14:03:39.317940943
117.45,3,14:03:39.339752398
117.45,2,14:03:39.339768110
117.44,3,14:03:39.410223712
117.44,1,14:03:39.410238615
117.44,6,14:03:40.732610473
117.44,6,14:03:40.732951577
117.44,7,14:03:40.733046770
117.44,1,14:03:40.733062124
117.44,9,14:03:40.733173650
117.44,1,14:03:40.754604401
117.44,1,14:03:40.757270601
117.44,1,14:03:40.766710273
117.44,1,14:03:40.766780203
117.44,1,14:03:40.825090752
117.44,1,14:03:40.825174554
117.44,1,14:03:40.978329514
117.44,4,14:03:41.287236167
117.45,4,14:03:41.333596741
117.45,1,14:03:41.356104215
117.45,1,14:03:41.356191203
117.45,1,14:03:41.356205367
117.44,1,14:03:41.437518007
117.44,1,14:03:41.833825238
117.44,1,14:03:41.990847615
117.44,4,14:03:42.324894481
117.44,3,14:03:42.454727737
117.45,1,14:03:42.690149732
117.46,1,14:03:42.807245121
117.46,1,14:03:42.807694022
117.46,4,14:03:43.166645264
117.46,1,14:03:43.297298746
117.46,1,14:03:45.106469120
117.46,2,14:03:45.341735607
117.46,1,14:03:46.589265164
117.46,1,14:03:46.589580838
117.46,1,14:03:46.589603394
117.46,4,14:03:46.589603394
117.47,1,14:03:46.590842884
117.47,1,14:03:46.590878133
117.47,3,14:03:46.590893010
117.47,8,14:03:46.591022338
117.47,1,14:03:46.591038123
117.47,2,14:03:46.591038123
117.47,2,14:03:46.591053495
117.47,1,14:03:46.591099810
117.47,13,14:03:46.591114104
117.46,10,14:03:46.591130341
117.48,1,14:03:46.594152511
117.48,1,14:03:46.594485026
117.48,3,14:03:46.594485026
117.48,2,14:03:46.594628636
117.48,1,14:03:46.594663848
117.48,1,14:03:46.600619712
117.49,1,14:03:46.627840287
117.49,3,14:03:46.627917730
117.49,19,14:03:46.628367127
117.49,6,14:03:46.628367127
117.49,5,14:03:46.635221532
117.49,16,14:03:46.638909222
117.49,1,14:03:46.638985295
117.49,10,14:03:46.639002927
117.49,1,14:03:46.639002927
117.49,1,14:03:46.641110030
117.49,1,14:03:46.682527066
117.49,2,14:03:46.682527066
117.49,6,14:03:46.702045723
117.49,3,14:03:46.702359550
117.49,13,14:03:46.702376141
117.49,1,14:03:46.702376141
117.49,1,14:03:46.745816572
117.49,2,14:03:46.746080227
117.48,3,14:03:46.792973636
117.48,1,14:03:46.792973636
117.49,3,14:03:46.879091863
117.48,1,14:03:46.890881438
117.48,4,14:03:46.921728346
117.48,1,14:03:46.921728346
117.48,4,14:03:46.921813863
117.48,2,14:03:46.922476642
117.48,1,14:03:47.693874491
117.48,3,14:03:47.693893694
117.48,1,14:03:47.693893694
117.48,4,14:03:47.693893694
117.48,2,14:03:47.695409186
117.48,3,14:03:47.695521459
117.48,1,14:03:47.695547196
117.48,2,14:03:47.695547196
117.48,4,14:03:47.695547196
117.47,4,14:03:47.695547196
117.49,4,14:03:48.018430670
117.49,2,14:03:48.018507713
117.49,1,14:03:48.041122057
117.49,1,14:03:48.041373558
117.49,3,14:03:48.041373558
117.48,1,14:03:48.043469563
117.48,2,14:03:48.044286791
117.48,2,14:03:48.044335728
117.48,1,14:03:48.055219726
117.48,3,14:03:48.056830012
117.48,1,14:03:48.056927247
117.48,3,14:03:48.057149590
117.48,2,14:03:48.057149590
117.48,1,14:03:48.057791784
117.48,2,14:03:48.057791784
117.47,1,14:03:48.809919876
117.47,3,14:03:48.809949185
117.47,1,14:03:48.810602077
117.48,1,14:03:48.838238658
117.48,1,14:03:49.834966949
117.48,2,14:03:50.924394376
117.49,1,14:03:50.928150335
117.49,2,14:03:50.928150335
117.49,1,14:03:50.932773380
117.49,1,14:03:50.937689655
117.49,2,14:03:50.952483701
117.49,1,14:03:50.952483701
117.49,1,14:03:50.952579762
117.49,1,14:03:50.952997095
117.49,4,14:03:50.953238668
117.49,1,14:03:50.953238668
117.49,1,14:03:50.953735105
117.49,1,14:03:50.954387003
117.49,2,14:03:50.954387003
117.49,1,14:03:50.954726605
117.49,1,14:03:50.963517911
117.49,1,14:03:51.023005244
117.49,1,14:03:51.023082798
117.48,1,14:03:51.113195921
117.48,1,14:03:51.113209562
117.48,1,14:03:51.113266001
117.49,1,14:03:51.392848396
117.47,1,14:03:51.715271152
117.46,1,14:03:53.099267025
117.46,1,14:03:53.109196409
117.46,1,14:03:53.110057426
117.46,4,14:03:54.909529219
117.46,4,14:03:54.909609328
117.46,1,14:03:54.910323307
117.45,3,14:03:55.081985773
117.45,1,14:03:55.098226941
117.45,4,14:03:55.098330269
117.45,1,14:03:55.098631482
117.45,1,14:03:55.098816192
117.45,1,14:03:55.099375282
117.45,1,14:03:55.304783671
117.45,1,14:03:55.304860522
117.45,1,14:03:57.146708755
117.45,2,14:03:57.146962428
117.45,1,14:03:57.154176634
117.45,1,14:03:57.154273165
117.44,2,14:03:57.450281191
117.44,2,14:03:57.450535050
117.44,1,14:03:57.512331647
117.44,1,14:03:57.734698780
117.45,1,14:03:58.814657844
117.44,2,14:04:00.144740457
117.43,1,14:04:00.826301167
117.43,3,14:04:00.826301167
117.43,3,14:04:00.826375244
117.43,2,14:04:00.826390879
117.42,1,14:04:01.569063957
117.42,1,14:04:01.968723125
117.42,1,14:04:01.989301398
117.43,1,14:04:02.028913182
117.43,1,14:04:02.029436590
117.43,1,14:04:02.029455019
117.43,3,14:04:02.029654055
117.43,4,14:04:02.029654055
117.44,1,14:04:02.043951619
117.44,1,14:04:02.044102984
117.44,1,14:04:02.044320262
117.45,4,14:04:03.088062082
117.45,2,14:04:03.088155263
117.45,1,14:04:03.088172098
117.45,1,14:04:03.116683910
117.45,1,14:04:03.116872389
117.45,2,14:04:03.118223566
117.45,1,14:04:03.118444644
117.45,1,14:04:03.149545050
117.45,2,14:04:04.742953775
117.46,1,14:04:04.796240787
117.46,8,14:04:04.796583852
117.46,4,14:04:04.796583852
117.46,1,14:04:04.796730323
117.46,3,14:04:04.796730323
117.46,1,14:04:04.797179489
117.45,1,14:04:04.945021561
117.45,2,14:04:04.945021561
117.46,1,14:04:05.545806327
117.46,4,14:04:09.125151771
117.47,1,14:04:09.126223401
117.47,4,14:04:09.126223401
117.47,2,14:04:09.152626347
117.46,1,14:04:09.155517178
117.47,2,14:04:09.527661897
117.47,1,14:04:09.527677282
117.47,4,14:04:09.835093451
117.47,3,14:04:09.835093451
117.47,1,14:04:09.835171904
117.46,7,14:04:10.847031544
117.46,1,14:04:10.847031544
117.46,4,14:04:10.847599245
117.46,1,14:04:10.847749503
117.46,1,14:04:10.951679642
117.46,1,14:04:10.951998633
117.45,2,14:04:10.957115006
117.45,1,14:04:10.957115006
117.47,1,14:04:11.461378685
117.47,4,14:04:11.461553703
117.48,1,14:04:11.463185046
117.48,2,14:04:11.463528156
117.48,2,14:04:11.463553567
117.48,2,14:04:11.463620854
117.48,1,14:04:11.466828176
117.49,2,14:04:11.476683864
117.49,5,14:04:11.476701500
117.49,1,14:04:11.477529652
117.49,2,14:04:11.487503395
117.5,1,14:04:11.500241718
117.5,2,14:04:11.502102203
117.49,2,14:04:11.502462119
117.49,1,14:04:11.503916733
117.5,2,14:04:11.510193665
117.5,7,14:04:11.510193665
117.5,2,14:04:11.519173674
117.5,1,14:04:11.525217621
117.49,1,14:04:11.528944155
117.49,2,14:04:11.530859579
117.5,1,14:04:11.533035432
117.5,4,14:04:11.533035432
117.5,1,14:04:11.533151909
117.5,1,14:04:11.533230335
117.5,4,14:04:11.533230335
117.5,10,14:04:11.533724152
117.5,4,14:04:11.536999474
117.5,1,14:04:11.536999474
117.5,4,14:04:11.537103628
117.5,1,14:04:11.537123256
117.5,6,14:04:11.537331321
117.5,1,14:04:11.537462876
117.5,4,14:04:11.537735845
117.49,2,14:04:11.541729071
117.49,2,14:04:11.552553907
117.5,3,14:04:11.651671711
117.5,1,14:04:11.983287630
117.49,5,14:04:11.983391919
117.49,4,14:04:11.983419596
117.49,1,14:04:11.983419596
117.5,1,14:04:11.985415257
117.51,1,14:04:12.410087454
117.51,2,14:04:12.410087454
117.51,1,14:04:12.410808823
117.52,2,14:04:13.711814628
117.52,1,14:04:13.711814628
117.52,1,14:04:14.233226380
117.52,4,14:04:14.233226380
117.52,4,14:04:14.233243673
117.52,1,14:04:14.233993091
117.52,1,14:04:14.234799340
117.52,4,14:04:14.257675504
117.52,1,14:04:14.259031003
117.52,6,14:04:14.259142059
117.51,3,14:04:14.351573749
117.52,4,14:04:14.391202108
117.52,1,14:04:14.589946122
117.52,1,14:04:15.390931942
117.52,1,14:04:15.390947084
117.52,1,14:04:15.391417109
117.52,1,14:04:15.392100814
117.52,4,14:04:15.392100814
117.51,1,14:04:16.719337124
117.51,2,14:04:16.719337124
117.51,1,14:04:16.719440612
117.5,4,14:04:16.732130126
117.5,1,14:04:16.732130126
117.5,1,14:04:16.733800922
117.49,3,14:04:16.854204066
117.51,1,14:04:17.746753783
117.51,4,14:04:17.747398208
117.51,1,14:04:17.747398208
117.51,1,14:04:17.747787635
117.5,1,14:04:17.911682568
117.5,2,14:04:17.911682568
117.5,2,14:04:17.954948150
117.5,1,14:04:17.955019536
117.5,2,14:04:18.023446103
117.49,2,14:04:18.875707118
117.5,1,14:04:19.536947267
117.5,4,14:04:19.536947267
117.5,3,14:04:19.536947267
117.5,1,14:04:19.538633829
117.5,2,14:04:19.538649234
117.5,1,14:04:19.538649234
117.5,4,14:04:19.539336859
117.51,1,14:04:19.645336860
117.5,4,14:04:19.645452797
117.51,4,14:04:19.646529819
117.51,2,14:04:19.647107330
117.5,1,14:04:19.787678450
117.5,2,14:04:19.787678450
117.5,1,14:04:20.201737598
117.5,1,14:04:20.877980527
117.5,6,14:04:20.877980527
117.51,1,14:04:20.921107615
117.51,1,14:04:20.922722820
117.51,2,14:04:22.423580323
117.51,1,14:04:23.460560105
117.51,2,14:04:23.460560105
117.51,3,14:04:23.460560105
117.51,2,14:04:24.021828363
117.51,4,14:04:24.021923217
117.51,1,14:04:24.048179461
117.51,2,14:04:28.862326749
117.5,1,14:04:28.906004734
117.5,2,14:04:28.906004734
117.5,2,14:04:29.782543388
117.5,1,14:04:29.820886110
117.5,1,14:04:29.820900266
117.49,1,14:04:31.085650237
117.49,1,14:04:31.090695730
117.49,2,14:04:31.090695730
117.48,1,14:04:31.394840056
117.48,1,14:04:31.435854297
117.48,3,14:04:32.502256080
117.48,1,14:04:32.502256080
117.48,4,14:04:32.502256080
117.48,1,14:04:32.502273747
117.47,3,14:04:32.549636057
117.47,6,14:04:33.904097642
117.47,6,14:04:33.904194455
117.47,4,14:04:33.904703296
117.46,1,14:04:33.998726120
117.46,2,14:04:33.998726120
117.47,2,14:04:34.563413862
117.47,2,14:04:34.563638055
117.47,2,14:04:35.154101651
117.47,2,14:04:35.176553740
117.48,1,14:04:35.268277632
117.48,2,14:04:35.268357732
117.48,2,14:04:35.268531178
117.47,2,14:04:35.876790427
117.47,1,14:04:35.877382976
117.47,2,14:04:35.877412848
117.47,4,14:04:35.877412848
117.47,3,14:04:35.877412848
117.47,1,14:04:35.877412848
117.47,11,14:04:35.877412848
117.46,1,14:04:35.893530688
117.46,4,14:04:35.893599057
117.46,6,14:04:35.894278633
117.46,2,14:04:35.894383318
117.46,1,14:04:35.894426720
117.46,11,14:04:35.894426720
117.46,1,14:04:36.038327135
117.46,1,14:04:36.038414041
117.46,4,14:04:36.038429862
117.45,2,14:04:36.038429862
117.46,1,14:04:36.104293860
117.46,1,14:04:36.261814976
117.47,3,14:04:37.273652987
117.46,1,14:04:38.981751179
117.46,1,14:04:39.121472217
117.47,3,14:04:40.352401911
117.47,1,14:04:41.606909914
117.47,1,14:04:41.660530065
117.47,3,14:04:43.257529047
117.47,1,14:04:43.538575387
117.48,1,14:04:43.547245492
117.48,3,14:04:43.548431169
117.47,1,14:04:43.563231333
117.48,1,14:04:44.110072807
117.48,1,14:04:44.110499799
117.48,1,14:04:44.141073594
117.48,1,14:04:45.040291029
117.48,1,14:04:45.040386655
117.48,5,14:04:45.040711915
117.48,3,14:04:46.977532467
117.48,1,14:04:46.977759401
117.48,1,14:04:46.977787135
117.48,3,14:04:46.977787135
117.48,2,14:04:46.977787135
117.48,3,14:04:46.978224700
117.48,6,14:04:46.978224700
117.48,1,14:04:46.978224700
117.47,3,14:04:47.225788294
117.48,1,14:04:47.631816371
117.48,3,14:04:47.631899523
117.48,1,14:04:47.631916451
117.48,3,14:04:47.631916451
117.48,13,14:04:47.632720021
117.48,3,14:04:47.633091087
117.48,3,14:04:47.694612195
117.46,4,14:04:48.266607630
117.46,1,14:04:48.788199272
117.46,1,14:04:48.788215215
117.46,4,14:04:48.788215215
117.46,6,14:04:48.788798568
117.46,3,14:04:48.788798568
117.46,3,14:04:49.357805992
117.47,1,14:04:50.883745507
117.47,1,14:04:50.883829800
117.47,1,14:04:50.883844885
117.48,1,14:04:52.782765295
117.48,3,14:04:53.315023103
117.48,5,14:04:53.315386416
117.48,1,14:04:55.670454306
117.48,1,14:04:55.670593214
117.48,1,14:04:55.685520921
117.48,1,14:04:55.839808086
117.48,1,14:04:56.151505636
117.48,1,14:04:56.151699537
117.47,1,14:04:57.473238114
117.48,1,14:04:57.569752146
117.48,1,14:04:57.569854902
117.48,5,14:04:57.569883110
117.48,3,14:04:57.569883110
117.48,6,14:04:57.570520700
117.47,1,14:04:57.674853122
117.47,2,14:04:57.674853122
117.47,1,14:04:57.675449952
117.47,1,14:04:57.675714226
117.47,4,14:04:57.675817919
117.47,1,14:04:57.676041309
117.47,1,14:04:57.724681211
117.46,3,14:04:58.636180518
117.47,12,14:05:01.674941565
117.47,1,14:05:01.991688281
117.47,3,14:05:01.992018105
117.47,3,14:05:01.992032997
117.47,2,14:05:01.992143355
117.47,1,14:05:01.992299151
117.46,3,14:05:02.033915638
117.47,1,14:05:02.245217995
117.46,1,14:05:04.565781217
117.46,5,14:05:04.678990465
117.46,12,14:05:04.679265521
117.46,3,14:05:04.825581016
117.46,1,14:05:04.867134856
117.46,8,14:05:05.659819684
117.46,1,14:05:05.659819684
117.46,5,14:05:05.659819684
117.46,3,14:05:05.769388190
117.46,1,14:05:06.260001530
117.46,1,14:05:06.497094210
117.46,2,14:05:06.498669940
117.46,1,14:05:06.498669940
117.46,1,14:05:06.505565173
117.46,3,14:05:06.505565173
117.46,2,14:05:06.873800589
117.45,1,14:05:07.201679102
117.44,1,14:05:08.430167423
117.44,3,14:05:08.430235512
117.45,1,14:05:08.515688671
117.44,2,14:05:10.198605790
117.44,2,14:05:10.598630848
117.44,1,14:05:10.949341570
117.44,2,14:05:12.544515973
117.44,1,14:05:12.544842011
117.44,6,14:05:13.848999778
117.44,1,14:05:13.849018690
117.43,1,14:05:14.588228440
117.43,5,14:05:14.588354251
117.43,1,14:05:14.628104164
117.43,1,14:05:14.628339770
117.42,5,14:05:15.723661953
117.42,1,14:05:16.141728566
117.42,1,14:05:16.280753834
117.42,1,14:05:16.566937763
117.42,1,14:05:16.785172580
117.42,1,14:05:17.007525329
117.42,1,14:05:17.011225892
117.42,1,14:05:17.753969143
117.42,7,14:05:17.754167082
117.42,1,14:05:17.897593729
117.42,5,14:05:17.897817906
117.42,1,14:05:17.897833164
117.42,2,14:05:17.897833164
117.42,1,14:05:18.010160315
117.42,1,14:05:18.010178631
117.42,1,14:05:18.581032506
117.43,1,14:05:19.251346306
117.43,5,14:05:19.251346306
117.44,2,14:05:19.337660821
117.44,1,14:05:19.337660821
117.44,1,14:05:19.337827842
117.44,4,14:05:19.337827842
117.44,1,14:05:19.338397470
117.44,4,14:05:20.280823289
117.44,1,14:05:20.281002712
117.43,1,14:05:22.633809250
117.43,1,14:05:24.009801746
117.42,1,14:05:24.423486698
117.42,1,14:05:24.423563414
117.43,1,14:05:24.493889475
117.44,1,14:05:25.520405028
117.44,1,14:05:25.520511143
117.44,1,14:05:25.520689550
117.44,8,14:05:25.520689550
117.43,1,14:05:26.265235352
117.43,1,14:05:26.265303531
117.43,5,14:05:27.085211422
117.43,4,14:05:27.085211422
117.43,4,14:05:27.086140974
117.42,1,14:05:28.946308071
117.42,5,14:05:28.946393209
117.41,1,14:05:29.166760964
117.4,1,14:05:30.676328967
117.4,1,14:05:30.676663133
117.4,3,14:05:30.676722961
117.41,14,14:05:30.763149310
117.4,1,14:05:30.792902977
117.4,1,14:05:30.792979092
117.39,1,14:05:32.903036242
117.39,1,14:05:32.903070258
117.39,4,14:05:32.903070258
117.39,3,14:05:32.904054149
117.39,1,14:05:32.910955264
117.39,1,14:05:32.911034742
117.39,2,14:05:32.911053148
117.39,5,14:05:32.911053148
117.39,1,14:05:32.946163307
117.39,1,14:05:33.010752610
117.39,1,14:05:33.010830997
117.39,2,14:05:34.761771741
117.39,1,14:05:35.290372770
117.39,1,14:05:35.837267881
117.39,6,14:05:35.837352891
117.39,3,14:05:35.837368642
117.39,1,14:05:35.837461535
117.39,6,14:05:35.837574910
117.39,1,14:05:35.837574910
117.4,5,14:05:40.262474087
117.4,1,14:05:40.262555613
117.39,2,14:05:40.864841809
117.39,15,14:05:40.865262368
117.38,8,14:05:40.944545715
117.37,1,14:05:42.372557773
117.37,1,14:05:42.372646201
117.37,1,14:05:42.662099026
117.36,2,14:05:42.946825204
117.36,1,14:05:42.947803216
117.36,1,14:05:43.177815554
117.36,6,14:05:43.177916096
117.37,5,14:05:43.177944644
117.37,1,14:05:43.177944644
117.37,4,14:05:43.177944644
117.37,8,14:05:44.530135459
117.37,1,14:05:44.530216652
117.37,16,14:05:44.530679746
117.38,1,14:05:47.359275977
117.38,2,14:05:47.359275977
117.38,1,14:05:47.427342334
117.38,2,14:05:47.427342334
117.38,2,14:05:47.427484469
117.37,1,14:05:47.530069578
117.37,6,14:05:47.530069578
117.37,1,14:05:47.530191757
117.36,4,14:05:47.530214228
117.36,1,14:05:47.530214228
117.36,5,14:05:47.530214228
117.37,6,14:05:47.530214228
117.37,1,14:05:48.896699757
117.37,1,14:05:48.903513815
117.37,5,14:05:50.062494226
117.37,1,14:05:50.062580209
117.37,6,14:05:51.344226579
117.37,2,14:05:51.344339478
117.36,5,14:05:51.846443650
117.36,2,14:05:51.846443650
117.36,1,14:05:51.846554848
117.36,5,14:05:51.846572493
117.36,1,14:05:51.846572493
117.36,4,14:05:51.846572493
117.36,5,14:05:51.846587286
117.37,6,14:05:51.877918075
117.37,5,14:05:51.877918075
117.37,1,14:05:51.878007229
117.37,6,14:05:51.878022263
117.37,2,14:05:53.206259527
117.37,1,14:05:53.206597789
117.37,1,14:05:55.267791742
117.37,4,14:05:55.267791742
117.37,1,14:05:55.443589663
117.38,1,14:05:56.494351687
117.38,5,14:05:56.494453434
117.38,1,14:05:56.494453434
117.38,1,14:05:56.494583226
117.38,1,14:05:56.494603182
117.38,1,14:05:56.506037230
117.38,1,14:05:57.005384755
117.38,6,14:05:57.005480995
117.38,1,14:05:57.005915083
117.38,1,14:05:57.006437532
117.38,1,14:05:57.006986379
117.38,1,14:05:57.008551065
117.39,8,14:05:58.323005757
117.39,1,14:05:58.323005757
117.39,5,14:05:58.323005757
117.39,1,14:05:58.323111912
117.39,2,14:05:58.323666496
117.4,3,14:05:58.698725972
117.41,1,14:05:58.856649881
117.41,1,14:05:59.199515820
117.41,5,14:05:59.199515820
117.41,1,14:05:59.229912524
117.41,1,14:05:59.493335743
117.41,1,14:05:59.751059833
117.42,1,14:06:03.500645068
117.42,6,14:06:03.500798853
117.42,1,14:06:03.501209282
117.42,1,14:06:03.503779261
117.42,1,14:06:03.804640023
117.42,5,14:06:03.804640023
117.42,3,14:06:03.804709281
117.42,1,14:06:03.815348079
117.42,1,14:06:04.119526491
117.42,1,14:06:05.346061344
117.41,6,14:06:05.441767981
117.41,1,14:06:05.441797081
117.4,1,14:06:05.774493196
117.4,1,14:06:06.295202579
117.4,6,14:06:06.295202579
117.4,5,14:06:06.295411052
117.4,4,14:06:06.295424905
117.4,1,14:06:06.295440483
117.41,6,14:06:06.295454220
117.41,1,14:06:06.295467603
117.41,3,14:06:06.295481584
117.41,1,14:06:06.295494950
117.41,3,14:06:06.295510281
117.41,5,14:06:06.295510281
117.41,2,14:06:06.295510281
117.41,2,14:06:06.295525904
117.41,6,14:06:06.295540438
117.41,7,14:06:06.295556435
117.41,2,14:06:06.295570195
117.41,2,14:06:06.295587008
117.42,6,14:06:06.296042690
117.42,1,14:06:06.296058153
117.42,6,14:06:06.296058153
117.42,1,14:06:06.296077711
117.42,5,14:06:06.296091122
117.42,6,14:06:06.296105308
117.42,4,14:06:06.296105308
117.42,5,14:06:06.296118930
117.42,2,14:06:06.296133138
117.42,4,14:06:06.296146959
117.41,1,14:06:06.298467699
117.41,16,14:06:06.345226207
117.41,1,14:06:06.345226207
117.41,1,14:06:06.709117583
117.42,1,14:06:06.737931030
117.42,1,14:06:06.761610436
117.42,5,14:06:06.761674016
117.41,1,14:06:06.837098287
117.41,1,14:06:06.839905191
117.42,1,14:06:07.152368386
117.41,1,14:06:08.486067961
117.41,1,14:06:08.486752690
117.41,1,14:06:08.487276190
117.41,4,14:06:08.487447255
117.41,1,14:06:08.700591595
117.41,1,14:06:08.760612454
117.4,1,14:06:10.329073214
117.4,1,14:06:10.329179572
117.4,5,14:06:10.329196606
