price,volume,timestamp
108.8438,21,12:30:00.943854556
108.8438,21,12:30:00.943913897
108.8438,23,12:30:00.975578177
108.8438,3,12:30:00.996847645
108.8438,2,12:30:02.446778961
108.8438,1,12:30:02.447150882
108.8594,1,12:30:06.469995534
108.8438,10,12:30:07.802380620
108.8438,1,12:30:08.932606195
108.8438,1,12:30:10.436922866
108.8438,1,12:30:10.437338404
108.8594,12,12:30:17.606503785
108.8594,62,12:30:25.662219858
108.8438,1,12:30:27.670565794
108.8594,2,12:30:31.596261453
108.8594,12,12:30:35.767572008
108.8438,2,12:30:45.716531181
108.8594,6,12:30:48.517324346
108.8594,1,12:30:48.519985580
108.8438,1,12:30:48.523624598
108.8594,12,12:30:53.953830525
108.8438,5,12:30:53.957597808
108.8438,15,12:30:55.631693355
108.8438,8,12:30:55.638199950
108.8594,1,12:31:00.482732596
108.8594,11,12:31:12.089383180
108.8438,5,12:31:12.093582679
108.8594,2,12:31:16.947596727
108.8438,1,12:31:16.950553362
108.8594,1,12:31:24.606978794
108.8438,1,12:31:24.610712303
108.8594,12,12:31:30.250425852
108.8438,5,12:31:30.266652231
108.8594,12,12:31:48.411345708
108.8438,6,12:31:48.415703114
108.8438,16,12:32:01.123976151
108.8594,2,12:32:02.145016817
108.8438,3,12:32:03.128378647
108.8594,12,12:32:06.572775200
108.8438,1,12:32:09.437513242
108.8594,50,12:32:20.806593316
108.8594,12,12:32:24.733912619
108.8594,6,12:32:25.408710773
108.8438,1,12:32:25.809005882
108.8594,12,12:32:42.894157113
108.8594,30,12:32:47.377658757
108.8438,1,12:32:53.144583042
108.8594,12,12:33:01.055307824
108.8438,13,12:33:10.982262899
108.8438,200,12:33:14.662706165
108.8438,1,12:33:14.663237757
108.8594,2,12:33:14.696427720
108.8594,12,12:33:19.241873359
108.8438,1,12:33:20.490390138
108.8438,1,12:33:20.493561537
108.8438,2,12:33:20.500715274
108.8438,2,12:33:20.500801967
108.8438,4,12:33:20.502288902
108.8438,5,12:33:20.532830454
108.8438,1,12:33:20.532959666
108.8438,3,12:33:20.533990084
108.8438,1,12:33:20.534104518
108.8438,2,12:33:20.534104518
108.8438,4,12:33:20.534242409
108.8438,4,12:33:20.534303065
108.8438,5,12:33:20.534698978
108.8438,4,12:33:20.534716546
108.8438,66,12:33:20.534788915
108.8438,4,12:33:20.534828123
108.8438,10,12:33:20.535116288
108.8438,5,12:33:20.535140033
108.8438,2,12:33:20.535565257
108.8438,3,12:33:20.535805333
108.8438,1,12:33:20.535848828
108.8438,1,12:33:20.535868352
108.8438,1,12:33:20.535917598
108.8438,33,12:33:20.536468635
108.8438,3,12:33:20.536621019
108.8438,66,12:33:20.536849894
108.8438,2,12:33:20.537215290
108.8438,1,12:33:20.537274853
108.8438,5,12:33:20.537381175
108.8438,1,12:33:20.537381175
108.8438,42,12:33:20.537591576
108.8438,1,12:33:20.537875179
108.8438,40,12:33:20.537920812
108.8438,1,12:33:20.538040596
108.8438,66,12:33:20.538229577
108.8438,1,12:33:20.538496008
108.8438,2,12:33:20.538496008
108.8438,35,12:33:20.538593283
108.8438,1,12:33:20.538657115
108.8438,7,12:33:20.538944650
108.8438,1,12:33:20.539012114
108.8438,114,12:33:20.539337007
108.8438,1,12:33:20.540132281
108.8438,3,12:33:20.540173682
108.8438,7,12:33:20.540414443
108.8438,4,12:33:20.540558913
108.8438,3,12:33:20.540785471
108.8438,1,12:33:20.540835808
108.8438,3,12:33:20.540891582
108.8438,4,12:33:20.540918107
108.8438,4,12:33:20.540951967
108.8438,2,12:33:20.540986346
108.8438,2,12:33:20.541023696
108.8438,3,12:33:20.541090498
108.8438,3,12:33:20.541134729
108.8438,1,12:33:20.541170647
108.8438,112,12:33:20.541230351
108.8438,1,12:33:20.541311975
108.8438,5,12:33:20.541346071
108.8438,71,12:33:20.541433849
108.8438,2,12:33:20.541470624
108.8438,441,12:33:20.541540763
108.8438,16,12:33:20.541570936
108.8438,12,12:33:20.541604575
108.8438,1,12:33:20.541624499
108.8438,66,12:33:20.541760639
108.8438,1,12:33:20.541783328
108.8438,1,12:33:20.541809917
108.8438,2,12:33:20.541892383
108.8438,1,12:33:20.541906194
108.8438,2,12:33:20.541906194
108.8438,2,12:33:20.541934310
108.8438,2,12:33:20.541961622
108.8438,1,12:33:20.541982320
108.8438,2,12:33:20.542007522
108.8438,2,12:33:20.542027640
108.8438,2,12:33:20.542050623
108.8438,1,12:33:20.542082947
108.8438,2,12:33:20.542116570
108.8438,3,12:33:20.542129425
108.8438,42,12:33:20.542198968
108.8438,1,12:33:20.542256154
108.8438,1,12:33:20.542335704
108.8438,1,12:33:20.542363167
108.8438,1,12:33:20.542402771
108.8438,1,12:33:20.542438461
108.8438,1,12:33:20.542463780
108.8438,1,12:33:20.542504244
108.8438,1,12:33:20.542529276
108.8438,1,12:33:20.542556806
108.8438,1,12:33:20.542616558
108.8438,1,12:33:20.542646171
108.8438,1,12:33:20.542688623
108.8438,1,12:33:20.542708780
108.8438,1,12:33:20.542778099
108.8438,66,12:33:20.542878336
108.8438,1,12:33:20.543022364
108.8438,2,12:33:20.543022364
108.8438,1,12:33:20.543185705
108.8438,3,12:33:20.543446321
108.8438,2,12:33:20.543558701
108.8438,1,12:33:20.543608881
108.8438,7,12:33:20.543683754
108.8438,3,12:33:20.543753188
108.8438,4,12:33:20.543813241
108.8438,1,12:33:20.543875395
108.8438,52,12:33:20.544075067
108.8438,1,12:33:20.546958287
108.8438,355,12:33:20.547294517
108.8438,19,12:33:20.550841177
108.8438,3,12:33:20.550922404
108.8438,24,12:33:20.550965029
108.8438,1,12:33:20.551019085
108.8438,9,12:33:20.551169388
108.8438,9,12:33:20.551734335
108.8438,1,12:33:20.552930909
108.8438,1,12:33:20.553454686
108.8438,1,12:33:20.554410107
108.8438,21,12:33:20.554565348
108.8438,26,12:33:20.558081402
108.8438,14,12:33:20.631865074
108.8438,13,12:33:20.631905680
108.8438,52,12:33:20.641997825
108.8438,1,12:33:20.845412053
108.8438,9,12:33:21.245371123
108.8438,10,12:33:21.495582502
108.8438,149,12:33:23.172524024
108.8438,71,12:33:23.173768612
108.8438,132,12:33:23.173847357
108.8438,1,12:33:23.173995744
108.8438,50,12:33:23.174046326
108.8438,51,12:33:23.174143343
108.8438,2,12:33:23.174182122
108.8438,2,12:33:23.174205257
108.8438,4,12:33:23.174238515
108.8438,1,12:33:23.174691073
108.8438,4,12:33:23.174775500
108.8438,3,12:33:23.174837476
108.8438,4,12:33:23.174860286
108.8438,117,12:33:23.174888446
108.8438,1,12:33:23.174926104
108.8438,193,12:33:23.174961082
108.8438,41,12:33:23.175041697
108.8438,49,12:33:23.175080203
108.8438,1,12:33:23.175112533
108.8438,1,12:33:23.175154032
108.8438,1,12:33:23.175203854
108.8438,2,12:33:23.175294067
108.8438,9,12:33:23.175370523
108.8438,76,12:33:23.175476618
108.8438,3,12:33:23.175506234
108.8438,10,12:33:23.175580498
108.8438,5,12:33:23.175648400
108.8438,31,12:33:23.175722549
108.8438,1,12:33:23.175722549
108.8438,18,12:33:23.175746834
108.8438,6,12:33:23.175789904
108.8438,1,12:33:23.175818903
108.8438,5,12:33:23.175856964
108.8438,1,12:33:23.176136766
108.8438,17,12:33:23.176254848
108.8438,2,12:33:23.176283536
108.8438,2,12:33:23.176334283
108.8438,3,12:33:23.176406354
108.8438,20,12:33:23.176467127
108.8438,4,12:33:23.176584015
108.8438,3,12:33:23.176651714
108.8438,134,12:33:23.176797195
108.8438,6,12:33:23.176917239
108.8438,78,12:33:23.177098048
108.8438,1,12:33:23.177202684
108.8438,16,12:33:23.177365558
108.8438,3,12:33:23.177400883
108.8438,16,12:33:23.177474277
108.8438,1,12:33:23.177546605
108.8438,1,12:33:23.177629589
108.8438,1,12:33:23.177651013
108.8438,2,12:33:23.177814988
108.8438,8,12:33:23.178176787
108.8438,5,12:33:23.178271714
108.8438,36,12:33:23.178551253
108.8438,2,12:33:23.178635049
108.8438,9,12:33:23.178718728
108.8438,4,12:33:23.178745327
108.8438,1,12:33:23.178962886
108.8438,1,12:33:23.181144911
108.8438,1,12:33:23.182060482
108.8438,1,12:33:23.182103464
108.8438,7,12:33:23.182527499
108.8438,1,12:33:23.182652074
108.8438,18,12:33:23.190097449
108.8438,10,12:33:23.192069636
108.8438,1,12:33:23.200419952
108.8438,75,12:33:23.214428867
108.8438,2,12:33:23.214821093
108.8438,12,12:33:23.214903606
108.8438,6,12:33:23.214969447
108.8438,1,12:33:23.215131649
108.8438,1,12:33:23.215180041
108.8438,37,12:33:23.235290858
108.8438,1,12:33:23.235593565
108.8438,19,12:33:23.235746922
108.8438,1,12:33:23.236167372
108.8438,6,12:33:23.282428577
108.8438,1,12:33:23.282581419
108.8438,1,12:33:23.282796732
108.8281,8,12:33:26.985610283
108.8438,1,12:33:29.508245208
108.8438,1,12:33:29.906760068
108.8281,1,12:33:37.862760118
108.8438,1,12:33:57.235814490
108.8438,4,12:34:15.437053440
108.8438,30,12:34:15.438637395
108.8438,9,12:34:17.031761328
108.8438,8,12:34:18.905224564
108.8281,1,12:34:20.141090436
108.8438,1911,12:34:25.784740097
108.8438,1,12:34:25.792664324
108.8438,3,12:34:25.817898834
108.8438,1,12:34:25.819498598
108.8438,1,12:34:25.819548970
108.8438,6,12:34:25.820561358
108.8438,3,12:34:25.822162565
108.8438,2,12:34:25.824588626
108.8594,1,12:34:25.861132106
108.8594,10,12:34:25.885173035
108.8594,2,12:34:27.034182701
108.8594,4,12:34:27.057009038
108.8594,2,12:34:27.080196890
108.8438,1,12:34:28.867388734
108.8594,1,12:34:50.041902658
108.8594,2,12:35:08.182244691
108.8438,1,12:35:19.507738581
108.8594,12,12:35:26.368496285
108.8438,1,12:35:30.002964128
108.8438,8,12:35:32.030367333
108.8438,5,12:35:32.030433149
108.8438,5,12:35:32.030472192
108.8438,5,12:35:34.057100991
108.8438,10,12:35:34.057173834
108.8438,1,12:35:34.057476304
108.8438,1,12:35:35.082745946
108.8438,393,12:35:36.121031747
108.8594,11,12:35:44.504728445
108.8438,10,12:35:54.184513822
108.8438,13,12:35:56.895897965
108.8594,12,12:36:02.665739878
108.8594,38,12:36:12.121565890
108.8438,3,12:36:19.561041354
108.8438,10,12:36:19.562062117
108.8438,10,12:36:19.562085404
108.8438,2,12:36:19.562720207
108.8438,10,12:36:19.562916762
108.8438,1,12:36:19.565192792
108.8438,1,12:36:19.566342245
108.8438,2,12:36:19.566608052
108.8438,9,12:36:19.566702032
108.8438,4,12:36:19.569674546
108.8438,1,12:36:19.569973432
108.8438,1,12:36:19.570070599
108.8438,2,12:36:19.571301657
108.8438,2,12:36:19.571897493
108.8438,10,12:36:19.582839118
108.8438,10,12:36:19.590787384
108.8594,12,12:36:20.826864146
108.8438,1,12:36:21.776561794
108.8594,12,12:36:38.986986783
108.8438,16,12:36:53.656275322
108.8594,12,12:36:57.148273922
108.8438,1,12:37:01.788701516
108.8438,3,12:37:03.077517767
108.8438,10,12:37:03.077612527
108.8438,5,12:37:09.321300291
108.8438,14,12:37:09.341437671
108.8438,1,12:37:09.341678147
108.8438,47,12:37:10.294961149
108.8438,1,12:37:10.295235507
108.8438,3,12:37:10.295301853
108.8438,18,12:37:10.309703932
108.8594,10,12:37:12.137929020
108.8438,2,12:37:13.455569248
108.8438,10,12:37:13.455640708
108.8438,2,12:37:13.455818428
108.8438,2,12:37:13.456073707
108.8438,6,12:37:13.456445081
108.8438,1,12:37:13.456553755
108.8438,2,12:37:13.457485236
108.8438,1,12:37:13.458241609
108.8438,60,12:37:13.458840620
108.8438,105,12:37:13.458989234
108.8438,2,12:37:13.459098375
108.8438,1,12:37:13.459941714
108.8438,1,12:37:13.460088892
108.8438,1,12:37:13.460143519
108.8438,8,12:37:13.460186550
108.8438,125,12:37:13.460207414
108.8438,100,12:37:13.460234116
108.8438,2,12:37:13.460273116
108.8438,46,12:37:13.460376628
108.8438,1,12:37:13.461718582
108.8438,2,12:37:13.461841954
108.8438,1,12:37:13.462045603
108.8438,1,12:37:13.462064672
108.8438,10,12:37:13.463169098
108.8438,9,12:37:13.463278828
108.8438,9,12:37:13.464182084
108.8438,6,12:37:13.467767264
108.8438,2,12:37:13.468220773
108.8438,14,12:37:13.468314413
108.8438,2,12:37:13.468434979
108.8438,1,12:37:13.468571020
108.8438,2,12:37:13.468673870
108.8438,12,12:37:13.468696254
108.8438,1,12:37:13.468931921
108.8438,2,12:37:13.468978437
108.8438,1,12:37:13.469007042
108.8438,1,12:37:13.469345833
108.8438,4,12:37:13.470077796
108.8438,1,12:37:13.470426318
108.8438,371,12:37:13.470536154
108.8438,5,12:37:13.470786735
108.8438,1,12:37:13.470923541
108.8438,10,12:37:13.470972874
108.8438,4,12:37:13.471069931
108.8438,7,12:37:13.471191172
108.8438,1,12:37:13.471294026
108.8438,4,12:37:13.471334436
108.8438,1,12:37:13.471511552
108.8438,14,12:37:13.471614794
108.8438,2,12:37:13.471691790
108.8438,1,12:37:13.471725246
108.8438,38,12:37:13.471811114
108.8438,111,12:37:13.471847806
108.8438,254,12:37:13.471935814
108.8438,2,12:37:13.472215033
108.8438,15,12:37:13.472295175
108.8438,37,12:37:13.472519890
108.8438,100,12:37:13.472652349
108.8438,48,12:37:13.472747152
108.8438,1,12:37:13.472799230
108.8438,12,12:37:13.472839465
108.8438,35,12:37:13.472958091
108.8438,27,12:37:13.473066969
108.8438,35,12:37:13.473082369
108.8438,27,12:37:13.473181308
108.8438,2,12:37:13.473181308
108.8438,1,12:37:13.473387306
108.8438,1,12:37:13.473430968
108.8438,1,12:37:13.473484843
108.8438,1,12:37:13.473540922
108.8438,4,12:37:13.473540922
108.8438,61,12:37:13.473606865
108.8438,1,12:37:13.473677609
108.8438,11,12:37:13.473766701
108.8438,1,12:37:13.473826463
108.8438,4,12:37:13.473869229
108.8438,2,12:37:13.473960959
108.8438,20,12:37:13.474023718
108.8438,1,12:37:13.474046424
108.8438,1,12:37:13.474471354
108.8438,1,12:37:13.474614534
108.8438,2,12:37:13.474643334
108.8438,17,12:37:13.474693816
108.8438,1,12:37:13.474754217
108.8438,1,12:37:13.474823517
108.8438,3,12:37:13.475155088
108.8438,1,12:37:13.475155088
108.8438,83,12:37:13.475214057
108.8438,2,12:37:13.475284979
108.8438,2,12:37:13.475336430
108.8438,6,12:37:13.475336430
108.8438,12,12:37:13.475410268
108.8438,2,12:37:13.475456733
108.8438,6,12:37:13.475456733
108.8438,24,12:37:13.475519108
108.8438,1,12:37:13.475567299
108.8438,2,12:37:13.475781309
108.8438,3,12:37:13.475808839
108.8438,1,12:37:13.475835154
108.8438,1,12:37:13.475871734
108.8438,1,12:37:13.475980046
108.8438,1,12:37:13.476019309
108.8438,42,12:37:13.476103609
108.8438,66,12:37:13.476187084
108.8438,2,12:37:13.476231132
108.8438,3,12:37:13.476259226
108.8438,37,12:37:13.476468247
108.8438,56,12:37:13.476589319
108.8438,1,12:37:13.476611979
108.8438,1,12:37:13.476721306
108.8438,1,12:37:13.476751195
108.8438,1,12:37:13.476817810
108.8438,122,12:37:13.477110651
108.8438,5,12:37:13.477298780
108.8438,1,12:37:13.477349171
108.8438,2,12:37:13.477409889
108.8438,1,12:37:13.477445240
108.8438,1,12:37:13.477524778
108.8438,1,12:37:13.477605726
108.8438,1,12:37:13.477665923
108.8438,66,12:37:13.477705409
108.8438,2,12:37:13.477792274
108.8438,1,12:37:13.477792274
108.8438,7,12:37:13.477850739
108.8438,1,12:37:13.479471136
108.8438,1,12:37:13.479648136
108.8438,5,12:37:13.480730017
108.8438,15,12:37:13.481310237
108.8281,10,12:37:17.927027369
108.8438,2,12:37:18.547951700
108.8438,1,12:37:18.552358944
108.8438,1,12:37:18.555493349
108.8438,1,12:37:18.574878277
108.8438,1,12:37:19.762321266
108.8438,150,12:37:25.719189417
108.8438,200,12:37:35.374630090
108.8281,1,12:38:00.510308013
108.8281,16,12:38:03.515703963
108.8281,16,12:38:10.692100640
108.8438,66,12:38:13.514451322
108.8438,66,12:38:13.514535071
108.8438,2,12:38:13.514576880
108.8438,66,12:38:13.514729341
108.8438,42,12:38:13.514762390
108.8438,66,12:38:13.514891066
108.8438,71,12:38:13.515034057
108.8438,2,12:38:13.515206797
108.8438,34,12:38:13.515314591
108.8438,35,12:38:13.515360909
108.8438,2,12:38:13.515401535
108.8438,4,12:38:13.515474464
108.8438,5,12:38:13.515574548
108.8438,2,12:38:13.515574548
108.8438,1,12:38:13.515698601
108.8438,2,12:38:13.515756801
108.8438,3,12:38:13.515833362
108.8438,380,12:38:13.516354980
108.8438,26,12:38:13.517007658
108.8438,3,12:38:13.517153920
108.8438,69,12:38:13.517153920
108.8438,2,12:38:13.517199073
108.8438,6,12:38:13.517216805
108.8438,22,12:38:13.517264866
108.8438,1,12:38:13.517293709
108.8438,45,12:38:13.517390194
108.8438,1,12:38:13.517420744
108.8438,12,12:38:13.517455303
108.8438,9,12:38:13.517510619
108.8438,1,12:38:13.517536945
108.8438,2,12:38:13.517578408
108.8438,23,12:38:13.517639361
108.8438,19,12:38:13.517699320
108.8438,1,12:38:13.517765064
108.8438,1,12:38:13.517831341
108.8438,70,12:38:13.518074093
108.8438,37,12:38:13.518778839
108.8438,13,12:38:13.518885171
108.8438,1,12:38:13.518959047
108.8438,14,12:38:13.518959047
108.8438,3,12:38:13.518992161
108.8438,75,12:38:13.519014984
108.8438,31,12:38:13.519046019
108.8438,1,12:38:13.519046019
108.8438,1,12:38:13.519139922
108.8438,13,12:38:13.519161647
108.8438,98,12:38:13.519380980
108.8438,15,12:38:13.519605896
108.8438,5,12:38:13.520683566
108.8438,1,12:38:13.521168779
108.8438,4,12:38:13.521190689
108.8438,4,12:38:13.521237936
108.8438,53,12:38:13.523055652
108.8438,5,12:38:13.523071793
108.8438,1,12:38:13.526866078
108.8438,3,12:38:13.532206726
108.8438,2,12:38:13.534375389
108.8438,18,12:38:13.534428485
108.8438,1,12:38:13.534541662
108.8438,1,12:38:13.534669332
108.8438,4,12:38:13.544613938
108.8438,10,12:38:13.549228720
108.8438,1,12:38:13.549436999
108.8438,9,12:38:13.550367795
108.8438,19,12:38:13.574616001
108.8438,1,12:38:13.574839497
108.8438,1,12:38:13.617374269
108.8438,69,12:38:13.619758260
108.8438,2,12:38:13.619978306
108.8438,1,12:38:13.620017507
108.8438,1,12:38:13.620126552
108.8438,18,12:38:13.630923912
108.8438,1,12:38:13.631135205
108.8438,1,12:38:13.631194416
108.8438,3,12:38:13.648298213
108.8438,1,12:38:13.648476409
108.8438,47,12:38:13.652378839
108.8438,1,12:38:13.652499802
108.8438,1,12:38:13.652588354
108.8438,1,12:38:13.652665757
108.8438,70,12:38:13.653044676
108.8438,17,12:38:13.653194718
108.8438,6,12:38:13.654957022
108.8438,41,12:38:13.655107268
108.8438,31,12:38:13.655305083
108.8438,1,12:38:13.656286901
108.8438,1,12:38:13.656310355
108.8438,70,12:38:13.656397781
108.8438,10,12:38:13.656575147
108.8438,1,12:38:13.656603705
108.8438,28,12:38:13.656650598
108.8438,1,12:38:13.656698743
108.8438,20,12:38:13.656798700
108.8438,61,12:38:13.656865390
108.8438,1,12:38:13.656937693
108.8438,2,12:38:13.656978042
108.8438,1,12:38:13.657088467
108.8438,2,12:38:13.657357697
108.8438,10,12:38:13.662303391
108.8438,5,12:38:13.672213117
108.8438,18,12:38:14.379309604
108.8438,1,12:38:14.379539951
108.8438,1,12:38:14.379620218
108.8438,29,12:38:14.400246063
108.8438,28,12:38:14.400306624
108.8438,1,12:38:14.400452250
108.8438,1,12:38:14.400502203
108.8438,1,12:38:14.400584639
108.8438,47,12:38:14.421802446
108.8438,1,12:38:14.422101140
108.8438,9,12:38:14.422375970
108.8438,2,12:38:14.422456510
108.8438,1,12:38:14.422571409
108.8438,1,12:38:14.422619685
108.8438,37,12:38:14.443398067
108.8438,10,12:38:14.443466869
108.8438,1,12:38:14.443551398
108.8438,24,12:38:14.443614779
108.8438,1,12:38:14.444128827
108.8438,1,12:38:14.444175565
108.8438,1,12:38:14.444207425
108.8438,11,12:38:14.444227406
108.8438,1,12:38:14.444252695
108.8438,1,12:38:14.444272575
108.8438,1,12:38:14.444298331
108.8438,1,12:38:14.444329982
108.8438,1,12:38:14.444354661
108.8438,1,12:38:14.444380697
108.8438,1,12:38:14.444409381
108.8438,1,12:38:14.444429448
108.8438,1,12:38:14.444454214
108.8438,1,12:38:14.444481142
108.8438,1,12:38:14.444533598
108.8438,1,12:38:14.444557790
108.8438,1,12:38:14.444582168
108.8438,1,12:38:14.444613704
108.8438,1,12:38:14.444640435
108.8438,1,12:38:14.444661718
108.8438,4,12:38:14.445305092
108.8438,12,12:38:14.445955793
108.8438,10,12:38:14.446414979
108.8438,1,12:38:14.446857792
108.8438,1,12:38:14.446886848
108.8438,1,12:38:14.447009430
108.8438,1,12:38:14.447179094
108.8438,1,12:38:14.457270936
108.8438,1,12:38:14.457487279
108.8438,2,12:38:14.476837393
108.8438,410,12:38:18.162862923
108.8438,1,12:38:22.746334464
108.8438,96,12:38:27.777947412
108.8438,1,12:38:37.111861355
108.8594,11,12:39:04.275055924
108.8438,1,12:39:05.807055911
108.8594,12,12:39:22.436127107
108.8594,1,12:39:25.581314467
108.8438,100,12:39:35.033345217
108.8438,19,12:39:37.930414598
108.8438,500,12:39:38.005264802
108.8438,64,12:39:38.006710837
108.8438,36,12:39:38.006815709
108.8438,1,12:39:38.006859016
108.8438,1,12:39:38.006928758
108.8438,1,12:39:38.006949654
108.8438,35,12:39:38.006972836
108.8438,5,12:39:38.007000177
108.8438,1,12:39:38.007037807
108.8438,52,12:39:38.007356380
108.8438,2,12:39:38.007389382
108.8438,3,12:39:38.007406635
108.8438,1,12:39:38.007506944
108.8438,10,12:39:38.007506944
108.8438,7,12:39:38.007532642
108.8438,1,12:39:38.007583917
108.8438,66,12:39:38.007721136
108.8438,22,12:39:38.007744950
108.8438,5,12:39:38.007764963
108.8438,1,12:39:38.007799175
108.8438,7,12:39:38.007841810
108.8438,20,12:39:38.007874566
108.8438,2,12:39:38.008006076
108.8438,105,12:39:38.008501734
108.8438,1,12:39:38.012178550
108.8438,32,12:39:38.013128054
108.8438,2,12:39:38.013889810
108.8438,4,12:39:38.013909871
108.8438,4,12:39:38.015497238
108.8438,5,12:39:49.984132658
108.8438,18,12:39:52.181729152
108.8438,1,12:39:52.181997867
108.8438,500,12:39:53.039979007
108.8438,100,12:39:53.041098448
108.8438,1,12:39:53.041366574
108.8438,2,12:39:53.041396862
108.8438,3,12:39:53.041462102
108.8438,4,12:39:53.041462102
108.8438,24,12:39:53.041515521
108.8438,1,12:39:53.041543253
108.8438,1,12:39:53.041567020
108.8438,26,12:39:53.041637469
108.8438,11,12:39:53.041637469
108.8438,4,12:39:53.041668030
108.8438,1,12:39:53.041685719
108.8438,5,12:39:53.041714626
108.8438,3,12:39:53.041739756
108.8438,128,12:39:53.041853918
108.8438,1,12:39:53.045311767
108.8438,16,12:39:53.063250333
108.8438,81,12:39:53.063718861
108.8438,10,12:39:53.064027129
108.8438,1,12:39:53.064111454
108.8438,10,12:39:53.064254651
108.8438,1,12:39:53.064370381
108.8438,1,12:39:53.064665670
108.8438,1,12:39:53.064721745
108.8438,7,12:39:53.064782607
108.8438,11,12:39:53.064890103
108.8438,3,12:39:53.064963110
108.8438,1,12:39:53.064994550
108.8438,3,12:39:53.065194196
108.8438,1,12:39:53.065337060
108.8438,1,12:39:53.065485648
108.8438,1,12:39:53.069515649
108.8438,19,12:39:53.079455503
108.8438,1,12:39:53.079583461
108.8438,1,12:39:53.079627782
108.8438,47,12:39:53.186881015
108.8438,2,12:39:53.187097560
108.8438,1,12:39:53.187173708
108.8438,12,12:39:53.187273598
108.8438,1,12:39:53.187301851
108.8438,1,12:39:53.187461519
108.8438,1,12:39:53.187571953
108.8438,9,12:39:53.202089327
108.8438,1,12:39:53.202302607
108.8438,19,12:39:53.222517850
108.8438,1,12:39:53.222723006
108.8438,11,12:39:53.222954489
108.8438,1,12:39:53.222992781
108.8438,1,12:39:53.224090288
108.8438,6,12:39:53.224470609
108.8438,4,12:40:01.010354172
108.8594,1,12:40:43.404551818
108.8438,50,12:40:43.931989166
108.8438,1,12:40:52.662293947
108.8438,2,12:40:52.662327727
108.8438,1,12:40:52.662348613
108.8438,103,12:40:52.663147029
108.8438,16,12:40:52.663498192
108.8438,5,12:40:52.663547783
108.8438,24,12:40:52.663630819
108.8438,23,12:40:52.663745442
108.8438,1,12:40:52.664006417
108.8438,15,12:40:52.664102310
108.8438,58,12:40:52.664371656
108.8438,19,12:40:52.664919737
108.8438,1,12:40:52.664946122
108.8438,1,12:40:52.665047619
108.8438,1,12:40:52.665133438
108.8438,1,12:40:52.665175835
108.8438,4,12:40:52.665219529
108.8438,1,12:40:52.665328648
108.8438,85,12:40:52.665683718
108.8438,1,12:40:52.665719353
108.8438,1,12:40:52.665757712
108.8438,1,12:40:52.665789150
108.8438,2,12:40:52.665854095
108.8438,1,12:40:52.665869238
108.8438,1,12:40:52.666096484
108.8438,1,12:40:52.666102494
108.8438,1,12:40:52.666154060
108.8438,1,12:40:52.666189906
108.8438,1,12:40:52.666224567
108.8438,1,12:40:52.666263813
108.8438,1,12:40:52.666293768
108.8438,1,12:40:52.666325484
108.8438,1,12:40:52.666362582
108.8438,1,12:40:52.666391060
108.8438,1,12:40:52.666422823
108.8438,1,12:40:52.666459673
108.8438,1,12:40:52.666491615
108.8438,1,12:40:52.666521239
108.8438,1,12:40:52.666558535
108.8438,1,12:40:52.666590360
108.8438,1,12:40:52.666623558
108.8438,1,12:40:52.666660634
108.8438,1,12:40:52.666696135
108.8438,1,12:40:52.666718987
108.8438,1,12:40:52.666757838
108.8438,1,12:40:52.666795055
108.8438,1,12:40:52.666824281
108.8438,6,12:40:52.666896075
108.8438,1,12:40:52.667024622
108.8438,7,12:40:52.667061147
108.8438,2,12:40:52.667088638
108.8438,36,12:40:52.667227626
108.8438,2,12:40:52.667244792
108.8438,1,12:40:52.667279912
108.8438,19,12:40:52.667324710
108.8438,1,12:40:52.667363725
108.8438,1,12:40:52.667396744
108.8438,1,12:40:52.667592972
108.8438,1,12:40:52.667631539
108.8438,19,12:40:52.669085693
108.8438,47,12:40:52.692264304
108.8438,9,12:40:52.694383553
108.8438,9,12:40:52.714399549
108.8438,19,12:40:53.015618106
108.8438,9,12:40:53.064591254
108.8438,19,12:41:00.401711354
108.8438,37,12:41:00.464769242
108.8438,1,12:41:00.465026079
108.8438,20,12:41:00.467511876
108.8438,1,12:41:00.467789542
108.8438,1,12:41:00.467863242
108.8438,1,12:41:00.467967776
108.8438,1,12:41:00.468066959
108.8438,20,12:41:00.472470261
108.8438,1,12:41:00.472690131
108.8438,20,12:41:00.474568808
108.8438,1,12:41:00.474762617
108.8438,19,12:41:00.479060598
108.8438,1,12:41:00.479273812
108.8438,66,12:41:00.479626247
108.8438,66,12:41:00.479907502
108.8438,1,12:41:00.480175222
108.8438,2,12:41:00.480175222
108.8438,1,12:41:00.484269497
108.8438,9,12:41:00.484290198
108.8438,4,12:41:00.484597266
108.8438,1,12:41:00.484758124
108.8438,7,12:41:00.485625626
108.8281,15,12:41:11.259293638
108.8438,3,12:41:11.838005058
108.8438,150,12:41:14.469501068
108.8438,175,12:41:14.470750326
108.8438,1,12:41:14.470828718
108.8438,2,12:41:14.470866405
108.8438,3,12:41:14.470898319
108.8438,1,12:41:14.470921015
108.8438,1,12:41:14.471003079
108.8438,1,12:41:14.471054124
108.8438,1,12:41:14.471101876
108.8438,1,12:41:14.471162443
108.8438,1,12:41:14.471226749
108.8438,1,12:41:14.471332782
108.8438,1,12:41:14.471379081
108.8438,1,12:41:14.471469203
108.8438,1,12:41:14.471501051
108.8438,1,12:41:14.471575546
108.8438,1,12:41:14.471598084
108.8438,1,12:41:14.471673503
108.8438,1,12:41:14.471701376
108.8438,1,12:41:14.471734554
108.8438,1,12:41:14.471804171
108.8438,4,12:41:14.471977180
108.8438,69,12:41:14.472128901
108.8438,64,12:41:14.472396932
108.8438,25,12:41:14.472676429
108.8438,1,12:41:14.472705150
108.8438,19,12:41:14.472871200
108.8438,64,12:41:14.473024919
108.8438,36,12:41:14.475472895
108.8438,1,12:41:14.477492478
108.8438,18,12:41:14.500000658
108.8438,1,12:41:14.500223133
108.8438,1,12:41:14.834053169
108.8438,1,12:41:14.834429868
108.8438,1,12:41:14.834475024
108.8438,1,12:41:14.834536331
108.8438,16,12:41:14.834728668
108.8438,100,12:41:14.835174619
108.8438,5,12:41:14.835193464
108.8438,1,12:41:14.835241907
108.8438,1,12:41:14.835337547
108.8438,1,12:41:14.835398019
108.8438,10,12:41:14.835790986
108.8438,82,12:41:14.835942404
108.8438,1,12:41:14.835942404
108.8438,1,12:41:14.835980261
108.8438,8,12:41:14.835999116
108.8438,1,12:41:14.836031397
108.8438,1,12:41:14.836065238
108.8438,1,12:41:14.836093875
108.8438,1,12:41:14.836120937
108.8438,1,12:41:14.836155449
108.8438,1,12:41:14.836188854
108.8438,1,12:41:14.836219718
108.8438,1,12:41:14.836248116
108.8438,1,12:41:14.836288415
108.8438,1,12:41:14.836760292
108.8438,1,12:41:14.836785132
108.8438,1,12:41:14.836819423
108.8438,16,12:41:14.836930645
108.8438,4,12:41:14.836937353
108.8438,1,12:41:14.837017104
108.8438,1,12:41:14.837054917
108.8438,7,12:41:14.837145150
108.8438,5,12:41:14.837260344
108.8438,24,12:41:14.837458588
108.8438,4,12:41:14.837881614
108.8438,1,12:41:14.838568396
108.8438,1,12:41:14.838674974
108.8438,1,12:41:14.838924294
108.8438,1,12:41:14.839011138
108.8438,10,12:41:14.839110753
108.8438,1,12:41:14.839174454
108.8438,5,12:41:14.839297318
108.8438,1,12:41:14.839591425
108.8438,1,12:41:14.839630008
108.8438,1,12:41:14.839684054
108.8438,1,12:41:14.839729140
108.8438,1,12:41:14.839864038
108.8438,2,12:41:14.852866297
108.8438,17,12:41:14.853746007
108.8438,1,12:41:14.853978709
108.8438,7,12:41:14.854099844
108.8438,1,12:41:14.854390839
108.8438,1,12:41:14.854448975
108.8438,1,12:41:14.854496557
108.8438,1,12:41:14.855255688
108.8438,1,12:41:14.855304512
108.8438,1,12:41:14.855802032
108.8438,1,12:41:14.855837025
108.8438,3,12:41:14.856107949
108.8438,4,12:41:14.856928430
108.8438,10,12:41:14.861347757
108.8438,9,12:41:14.861384814
108.8438,1,12:41:14.861575904
108.8438,11,12:41:14.861731217
108.8438,1,12:41:14.861940127
108.8438,1,12:41:14.862109308
108.8438,19,12:41:14.876469993
108.8438,1,12:41:14.876687281
108.8438,1,12:41:14.876744770
108.8438,9,12:41:14.897267291
108.8438,19,12:41:14.897442278
108.8438,1,12:41:14.897564345
108.8438,1,12:41:14.897647245
108.8438,19,12:41:14.901684898
108.8438,1,12:41:14.901873250
108.8438,327,12:41:15.604101490
108.8438,1,12:41:15.604177765
108.8438,1,12:41:15.604213637
108.8438,12,12:41:15.606787995
108.8438,48,12:41:15.607206922
108.8438,2,12:41:15.608981985
108.8438,100,12:41:15.980105142
108.8438,10,12:41:15.980318570
108.8438,64,12:41:15.980446976
108.8438,20,12:41:15.980650215
108.8438,39,12:41:15.980810028
108.8438,1,12:41:15.981067810
108.8438,1,12:41:15.982233604
108.8438,1,12:41:15.984821919
108.8438,18,12:41:16.014904565
108.8438,1,12:41:16.015122973
108.8438,66,12:41:16.738510778
108.8438,40,12:41:16.738681249
108.8438,44,12:41:16.738769347
108.8438,1,12:41:16.739796379
108.8438,1,12:41:16.742085366
108.8438,25,12:41:20.328718132
108.8438,2,12:41:22.079371707
108.8438,6,12:41:24.867325102
108.8438,1,12:41:24.867682258
108.8438,3,12:41:24.872800709
108.8438,1,12:41:28.266570455
108.8438,1,12:41:43.556230374
108.8438,1,12:41:44.439549018
108.8438,1,12:41:58.629171478
108.8438,80,12:42:14.034368643
108.8438,1,12:42:14.034717662
108.8438,13,12:42:14.034761563
108.8438,1,12:42:14.034795935
108.8438,1,12:42:14.034819311
108.8438,1,12:42:14.034856986
108.8438,1,12:42:14.034893646
108.8438,1,12:42:14.034930808
108.8438,37,12:42:14.034966198
108.8438,1,12:42:14.034999158
108.8438,1,12:42:14.035036500
108.8438,1,12:42:14.035072711
108.8438,1,12:42:14.035103496
108.8438,1,12:42:14.035177754
108.8438,63,12:42:14.035452559
108.8438,1,12:42:14.035847674
108.8438,7,12:42:14.035847674
108.8438,37,12:42:14.036081637
108.8438,1,12:42:14.036196674
108.8438,37,12:42:14.036267305
108.8438,9,12:42:14.036427184
108.8438,62,12:42:14.036703490
108.8438,1,12:42:14.037035247
108.8438,3,12:42:14.037175826
108.8438,1,12:42:14.037763409
108.8438,1,12:42:14.038082477
108.8438,5,12:42:14.041254947
108.8438,1,12:42:14.047992460
108.8438,10,12:42:14.048200848
108.8438,1,12:42:14.048405515
108.8438,1,12:42:14.048453804
108.8438,1,12:42:14.048619365
108.8438,19,12:42:14.247528607
108.8438,1,12:42:14.247750630
108.8438,1,12:42:14.247819704
108.8438,18,12:42:14.381949500
108.8438,1,12:42:14.382173622
108.8438,1,12:42:14.382260939
108.8594,1,12:42:14.639116657
108.8594,1,12:42:22.229605649
108.8438,2,12:42:22.949211822
108.8438,66,12:42:24.132849198
108.8438,38,12:42:24.133417065
108.8438,47,12:42:24.133552316
108.8438,80,12:42:24.133660954
108.8438,1,12:42:24.133790173
108.8438,1,12:42:24.133839045
108.8438,1,12:42:24.133907138
108.8438,1,12:42:24.133933424
108.8438,1,12:42:24.134005928
108.8438,1,12:42:24.134029598
108.8438,1,12:42:24.134088611
108.8438,1,12:42:24.134115395
108.8438,1,12:42:24.134176731
108.8438,1,12:42:24.134218392
108.8438,1,12:42:24.134266452
108.8438,1,12:42:24.134285155
108.8438,1,12:42:24.134344219
108.8438,1,12:42:24.134382073
108.8438,1,12:42:24.134431184
108.8438,1,12:42:24.134440999
108.8438,1,12:42:24.134469918
108.8438,1,12:42:24.134558713
108.8438,1,12:42:24.134655195
108.8438,2,12:42:24.134655195
108.8438,1,12:42:24.134722685
108.8438,90,12:42:24.134868239
108.8438,124,12:42:24.135108113
108.8438,42,12:42:24.135353148
108.8438,8,12:42:24.135648850
108.8438,2,12:42:24.135659856
108.8438,61,12:42:24.136217818
108.8438,9,12:42:24.136284351
108.8438,4,12:42:24.138220528
108.8438,4,12:42:24.179769056
108.8438,1,12:42:24.653280288
108.8438,1,12:42:24.653450768
108.8438,1,12:42:24.653520020
108.8438,104,12:42:24.653600140
108.8438,1,12:42:24.653643446
108.8438,10,12:42:24.653705484
108.8438,1,12:42:24.653744483
108.8438,4,12:42:24.654419606
108.8438,30,12:42:24.654846089
108.8438,23,12:42:24.655035526
108.8438,70,12:42:24.655577041
108.8438,52,12:42:24.655605839
108.8438,1,12:42:24.655682381
108.8438,2,12:42:24.656091272
108.8438,10,12:42:24.656122044
108.8438,1,12:42:24.656185312
108.8438,3,12:42:24.656451891
108.8438,13,12:42:24.656770988
108.8438,1,12:42:24.656832171
108.8438,6,12:42:24.656966439
108.8438,1,12:42:24.657037103
108.8438,13,12:42:24.657283655
108.8438,8,12:42:24.657357829
108.8438,1,12:42:24.657387414
108.8438,62,12:42:24.657424607
108.8438,1,12:42:24.657675311
108.8438,10,12:42:24.657766698
108.8438,1,12:42:24.657846687
108.8438,1,12:42:24.657915322
108.8438,1,12:42:24.658107806
108.8438,1,12:42:24.658190252
108.8438,1,12:42:24.658590852
108.8438,1,12:42:24.658682742
108.8438,1,12:42:24.658714250
108.8438,10,12:42:24.658871645
108.8438,4,12:42:24.659487686
108.8438,1,12:42:24.660168935
108.8438,1,12:42:24.660349265
108.8438,1,12:42:32.936414242
108.8438,35,12:42:35.886798358
108.8438,19,12:42:35.886870259
108.8438,1,12:42:35.887066666
108.8438,1,12:42:35.887173737
108.8438,1,12:42:35.887259476
108.8438,66,12:42:35.887387869
108.8438,4,12:42:35.887461704
108.8438,1,12:42:35.887648329
108.8438,1,12:42:35.887759835
108.8438,66,12:42:35.890719488
108.8438,1,12:42:35.890980114
108.8438,1,12:42:35.891024659
108.8438,11,12:42:35.891087847
108.8438,5,12:42:35.891317392
108.8438,1,12:42:35.891363073
108.8438,14,12:42:35.891385946
108.8438,1,12:42:35.891437048
108.8438,2,12:42:35.891459304
108.8438,1,12:42:35.891503704
108.8438,2,12:42:35.891524060
108.8438,128,12:42:35.891897599
108.8438,4,12:42:35.892119487
108.8438,1,12:42:35.893745383
108.8438,2,12:42:35.894200608
108.8438,1,12:42:35.894725000
108.8438,71,12:42:35.895407838
108.8438,1,12:42:35.896157341
108.8438,1,12:42:35.896355826
108.8438,1,12:42:35.896686108
108.8438,1,12:42:35.896730630
108.8438,1,12:42:35.896766305
108.8438,1,12:42:35.896808443
108.8438,66,12:42:35.912758163
108.8438,1,12:42:35.912897766
108.8438,1,12:42:35.912934547
108.8438,9,12:42:35.912982961
108.8438,1,12:42:35.913033449
108.8438,1,12:42:35.913067974
108.8438,1,12:42:35.913183880
108.8438,1,12:42:35.913217126
108.8438,1,12:42:35.913283156
108.8438,1,12:42:35.913321694
108.8438,1,12:42:35.913364611
108.8438,1,12:42:35.913427178
108.8438,1,12:42:35.913459422
108.8438,1,12:42:35.913511507
108.8438,1,12:42:35.913537373
108.8438,48,12:42:35.917056788
108.8438,66,12:42:35.922124890
108.8438,2,12:42:35.935807051
108.8594,1,12:43:02.975353340
108.8594,1,12:43:16.163949560
108.8594,8,12:43:16.190147122
108.8594,1,12:43:16.213664770
108.8594,1,12:43:16.924662629
108.8594,2,12:43:16.947157774
108.8594,1,12:43:17.035896113
108.8594,1,12:43:17.041030396
108.8594,1,12:43:17.656646452
108.8438,15,12:43:17.878946331
108.8594,10,12:43:18.530007978
108.8594,1,12:43:19.454397415
108.8594,3505,12:43:23.198776850
108.8594,20,12:43:23.205845914
108.8594,1,12:43:23.205929596
108.8594,3,12:43:23.205990714
108.8594,2,12:43:23.206016715
108.8594,4,12:43:23.206074335
108.8594,4,12:43:23.206222610
108.8594,4,12:43:23.206386338
108.8594,3,12:43:23.206500212
108.8594,2,12:43:23.206647345
108.8594,2,12:43:23.206670379
108.8594,2,12:43:23.206693531
108.8594,1,12:43:23.206745985
108.8594,1,12:43:23.206765414
108.8594,109,12:43:23.207573885
108.8594,16,12:43:23.207638124
108.8594,10,12:43:23.207736663
108.8594,35,12:43:23.207789943
108.8594,1,12:43:23.207839243
108.8594,1,12:43:23.207886624
108.8594,8,12:43:23.207949876
108.8594,20,12:43:23.208158630
108.8594,10,12:43:23.208175984
108.8594,17,12:43:23.208226413
108.8594,1,12:43:23.208598817
108.8594,34,12:43:23.208734904
108.8594,47,12:43:23.208805026
108.8594,1,12:43:23.208885969
108.8594,154,12:43:23.209001834
108.8594,2,12:43:23.209752797
108.8594,1,12:43:23.214178584
108.8594,9,12:43:23.215425867
108.8594,6,12:43:23.216390169
108.8594,7,12:43:23.216526773
108.8594,7,12:43:23.216564012
108.8594,7,12:43:23.216787478
108.8594,1,12:43:23.217259799
108.8594,10,12:43:23.221617768
108.8594,6,12:43:23.222518651
108.8594,1,12:43:23.223793441
108.8594,15,12:43:23.223883866
108.8594,12,12:43:23.224617341
108.8594,1,12:43:23.224665065
108.8594,2,12:43:23.227278081
108.8594,1,12:43:23.228335597
108.8594,2,12:43:23.233956072
108.8594,69,12:43:23.235126918
108.8594,1,12:43:23.240978895
108.8594,1,12:43:23.246354918
108.8594,23,12:43:23.247401758
108.8594,2,12:43:23.248116427
108.8594,2,12:43:23.248327485
108.8594,2,12:43:23.248545653
108.8594,2,12:43:23.248742051
108.8594,4,12:43:23.255429152
108.8594,28,12:43:23.273411457
108.8594,89,12:43:23.826928680
108.8594,2,12:43:23.827515684
108.8594,2,12:43:23.827874747
108.8594,2,12:43:23.828012442
108.8594,239,12:43:24.528666754
108.8594,1,12:43:24.530977054
108.8594,1,12:43:24.536329946
108.8594,25,12:43:24.883371846
108.8594,1,12:43:24.883632982
108.8594,4,12:43:24.914050389
108.8594,2,12:43:24.914280720
108.8594,2,12:43:24.914488552
108.8594,25,12:43:25.036952975
108.8594,1,12:43:25.037189533
108.8594,2,12:43:25.037438489
108.8594,2,12:43:25.037687658
108.8594,2,12:43:25.037947366
108.8594,226,12:43:25.038393147
108.8594,2,12:43:25.038433996
108.8594,568,12:43:25.039002834
108.8594,1,12:43:30.719879370
108.8594,1,12:43:46.242225682
108.8594,3,12:44:01.895669727
108.8594,1,12:44:02.059497364
108.8594,1,12:44:13.675214856
108.8594,1,12:44:16.180068792
108.8438,19,12:44:26.865979824
108.8594,1,12:44:32.522142623
108.8594,35,12:44:42.322614025
108.8594,1,12:44:46.092176461
108.8594,160,12:44:50.904504261
108.8594,1,12:45:03.765493399
108.8594,1,12:45:06.892556750
108.8594,1,12:45:07.495245191
108.8594,1,12:45:19.009144980
108.8594,1,12:45:19.009250425
108.8594,12,12:45:25.656516998
108.8438,15,12:45:28.864062142
108.8594,12,12:45:43.817652082
108.8594,12,12:46:01.978800002
108.8594,2,12:46:02.039783970
108.8594,6,12:46:18.027965073
108.8594,12,12:46:20.139864661
108.8438,50,12:46:31.044087420
108.8594,1,12:46:31.046736228
108.8438,13,12:46:34.355783034
108.8594,12,12:46:38.325207238
108.8594,118,12:46:40.049508431
108.8594,2,12:46:40.053178501
108.8594,1,12:46:54.043119819
108.8594,11,12:46:56.461509098
108.8594,1,12:47:06.368681600
108.8594,12,12:47:14.622690306
108.8594,1000,12:47:29.338104342
108.8438,12,12:47:31.115970228
108.8594,12,12:47:32.783968135
108.8594,12,12:47:50.944156478
108.8594,42,12:48:04.078068316
108.8594,12,12:48:09.105302349
108.8594,2,12:48:19.345736732
108.8594,5,12:48:19.348512845
108.8594,1,12:48:19.374060328
108.8438,15,12:48:23.509115249
108.8594,200,12:48:23.916385071
108.8594,12,12:48:27.266512637
108.8594,1,12:48:35.599168596
108.8594,9,12:48:35.642748714
108.8594,1,12:48:35.643281601
108.8594,3,12:48:35.655612399
108.8594,3,12:48:35.720269660
108.8594,2,12:48:35.733254600
108.8594,1,12:48:35.737490384
108.8594,2,12:48:35.741944901
108.8594,1,12:48:35.742613997
108.8594,1,12:48:35.743255508
108.8594,2,12:48:35.759755795
108.8594,12,12:48:45.427751806
108.8594,15,12:48:51.138399268
108.8594,1,12:49:01.211779037
108.8594,12,12:49:03.614061105
108.8594,11,12:49:21.749345000
108.8594,300,12:49:28.635724497
108.8594,72,12:49:28.636652619
108.8594,7,12:49:28.638005302
108.8594,41,12:49:28.638653484
108.8594,15,12:49:28.639260787
108.8594,10,12:49:28.639516465
108.8594,2,12:49:28.639811533
108.8594,1,12:49:28.640159841
108.8594,1,12:49:28.667864895
108.8594,2,12:49:28.730836859
108.8594,1,12:49:28.731183181
108.8594,1,12:49:28.731452788
108.8594,28,12:49:28.999723836
108.8594,2,12:49:29.000817343
108.8594,2,12:49:29.015109199
108.8594,8,12:49:29.198663837
108.8594,2,12:49:29.202304429
108.8594,3,12:49:29.216034591
108.8594,2,12:49:29.238286261
108.8594,1,12:49:29.238652723
108.8594,2,12:49:29.289451564
108.8594,2,12:49:29.299467232
108.8594,1,12:49:29.450810168
108.8594,2,12:49:29.537175977
108.8594,1,12:49:29.542913635
108.8594,1,12:49:29.554868292
108.8594,1,12:49:29.688199453
108.8594,1,12:49:29.708031011
108.8594,2,12:49:29.743444636
108.8594,12,12:49:39.910539864
108.8594,12,12:49:58.071621526
108.8438,4,12:50:01.014550490
108.8594,2,12:50:09.888826111
108.8594,66,12:50:09.890336122
108.8594,38,12:50:09.890336122
108.8594,7,12:50:09.891337784
108.8594,8,12:50:09.892548966
108.8594,86,12:50:09.892735101
108.8594,18,12:50:09.892829254
108.8594,1,12:50:09.892829254
108.8594,66,12:50:09.892896708
108.8594,66,12:50:09.893450607
108.8594,38,12:50:09.893490275
108.8594,55,12:50:09.893752700
108.8594,1,12:50:09.894779405
108.8594,19,12:50:09.894955504
108.8594,1,12:50:09.895400873
108.8594,1,12:50:09.895461269
108.8594,66,12:50:09.896124428
108.8594,975,12:50:09.896534378
108.8594,1,12:50:09.897339693
108.8594,1,12:50:09.897364225
108.8594,2,12:50:09.897436719
108.8594,2,12:50:09.897456752
108.8594,66,12:50:09.897499252
108.8594,1,12:50:09.897531694
108.8594,38,12:50:09.897565148
108.8594,4,12:50:09.897578994
108.8594,67,12:50:09.897603475
108.8594,1,12:50:09.897772713
108.8594,21,12:50:09.897798340
108.8594,116,12:50:09.897821066
108.8594,58,12:50:09.897844488
108.8594,58,12:50:09.897860156
108.8594,4,12:50:09.898009297
108.8594,58,12:50:09.898180907
108.8594,142,12:50:09.898363123
108.8594,1,12:50:09.898588698
108.8594,3,12:50:09.898674108
108.8594,1,12:50:09.898946695
108.8594,19,12:50:09.898946695
108.8594,1,12:50:09.899113794
108.8594,4,12:50:09.899209427
108.8594,1,12:50:09.899209427
108.8594,7,12:50:09.899209427
108.8594,7,12:50:09.899315720
108.8594,30,12:50:09.899335520
108.8594,1,12:50:09.902421060
108.8594,8,12:50:09.903032205
108.8594,41,12:50:09.905449495
108.8594,148,12:50:09.908749568
108.8594,10,12:50:09.915048121
108.8594,10,12:50:09.915264336
108.8594,1,12:50:09.925914935
108.8594,1,12:50:09.927806765
108.875,7,12:50:10.408559773
108.8594,700,12:50:13.688275682
108.8594,12,12:50:13.688788052
108.8594,2,12:50:13.688877311
108.8594,1,12:50:13.688943927
108.8594,1,12:50:13.688995710
108.8594,2,12:50:13.689043116
108.8594,1,12:50:13.689189030
108.8594,6,12:50:13.689189030
108.8594,1,12:50:13.689238771
108.8594,6,12:50:13.689516934
108.8594,3,12:50:13.689628539
108.8594,44,12:50:13.690149347
108.8594,1,12:50:13.690186722
108.8594,1,12:50:13.690243271
108.8594,2,12:50:13.690584533
108.8594,1,12:50:13.690684570
108.8594,2,12:50:13.690714692
108.8594,10,12:50:13.690943990
108.8594,17,12:50:13.691042075
108.8594,32,12:50:13.691148589
108.8594,1,12:50:13.691181785
108.8594,13,12:50:13.691203905
108.8594,29,12:50:13.691327600
108.8594,1,12:50:13.691370978
108.8594,25,12:50:13.691464864
108.8594,1,12:50:13.691464864
108.8594,1,12:50:13.691496641
108.8594,1,12:50:13.691527864
108.8594,1,12:50:13.691607702
108.8594,7,12:50:13.691677770
108.8594,2,12:50:13.691830071
108.8594,1,12:50:13.691859509
108.8594,3,12:50:13.691914473
108.8594,24,12:50:13.692093830
108.8594,15,12:50:13.692503631
108.8594,1,12:50:13.692565612
108.8594,1,12:50:13.692596676
108.8594,1,12:50:13.692970338
108.8594,16,12:50:13.705802996
108.8594,1,12:50:13.705956532
108.8594,11,12:50:13.706711904
108.8594,1,12:50:13.706904153
108.8594,19,12:50:13.711087944
108.8594,3,12:50:13.711200368
108.8594,1,12:50:13.711280246
108.8594,10,12:50:13.711417337
108.8594,3,12:50:13.711448579
108.8594,12,12:50:13.711479494
108.8594,1,12:50:13.711520881
108.8594,1,12:50:13.711603968
108.8594,9,12:50:13.712464004
108.8594,46,12:50:13.724016003
108.8594,1,12:50:13.724228999
108.8594,2,12:50:13.724350400
108.8594,9,12:50:13.725297581
108.8594,569,12:50:15.198888848
108.8594,1,12:50:15.199104638
108.8594,1,12:50:15.199440538
108.8594,1,12:50:15.200164896
108.8594,2,12:50:15.200293222
108.8594,1,12:50:15.225593385
108.8594,2,12:50:17.021295560
108.8594,71,12:50:41.257875920
108.8594,1,12:50:42.704172311
108.8594,6,12:50:43.112099944
108.8594,57,12:50:46.256688485
108.875,1,12:50:47.176474567
108.8594,10,12:50:49.327625552
108.8594,42,12:50:51.257046253
108.8594,8,12:50:54.108551459
108.8594,31,12:50:56.256603465
108.8594,6,12:50:59.254827535
108.8594,23,12:51:01.256700110
108.8594,3,12:51:03.837654170
108.8594,18,12:51:06.257080629
108.8594,4,12:51:08.485672912
108.8594,14,12:51:11.256452429
108.8594,3,12:51:14.743015818
108.8594,12,12:51:16.256941677
108.8594,2,12:51:18.356594640
108.8594,9,12:51:21.257129547
108.8594,5,12:51:21.681379390
108.8594,2,12:51:25.383524450
108.8594,7,12:51:26.256525805
108.8594,15,12:51:26.885877191
108.8594,2,12:51:27.889622664
108.8594,6,12:51:31.256935373
108.8594,2,12:51:35.728937801
108.875,15,12:51:36.153519946
108.875,1,12:51:36.156354182
108.875,14,12:51:36.159250084
108.875,1,12:51:36.162256468
108.875,15,12:51:36.165291809
108.875,1,12:51:36.168324695
108.875,14,12:51:36.171260789
108.875,1,12:51:36.173297003
108.875,15,12:51:36.176863714
108.875,1,12:51:36.179325355
108.875,14,12:51:36.182929844
108.875,1,12:51:36.192381749
108.875,15,12:51:36.195343271
108.875,1,12:51:36.198321168
108.875,14,12:51:36.201313347
108.875,1,12:51:36.203349919
108.875,15,12:51:36.206318954
108.875,1,12:51:36.209248777
108.875,14,12:51:36.212302816
108.875,1,12:51:36.215455462
108.875,15,12:51:36.219286598
108.875,15,12:51:36.222348324
108.875,1,12:51:36.225293250
108.875,15,12:51:36.227310958
108.875,15,12:51:36.231348955
108.875,1,12:51:36.234310129
108.875,15,12:51:36.237336197
108.875,15,12:51:36.242364950
108.875,1,12:51:36.245340600
108.875,15,12:51:36.248320875
108.875,15,12:51:36.253358986
108.8594,5,12:51:36.256290892
108.875,1,12:51:36.256359130
108.875,14,12:51:36.259330543
108.875,2,12:51:36.262317410
108.875,14,12:51:36.265343250
108.875,1,12:51:36.268329051
108.875,14,12:51:36.271306173
108.875,2,12:51:36.273357488
108.875,14,12:51:36.276293426
108.875,1,12:51:36.278365698
108.875,14,12:51:36.280351802
108.875,2,12:51:36.283302885
108.875,14,12:51:36.286337778
108.875,1,12:51:36.289352127
108.875,14,12:51:36.291564908
108.875,2,12:51:36.294407195
108.875,15,12:51:37.433072279
108.8594,2,12:51:38.250650904
108.875,15,12:51:38.343496595
108.875,1,12:51:38.346476613
108.875,14,12:51:38.349209462
108.875,2,12:51:38.351492497
108.875,14,12:51:38.354455811
108.875,1,12:51:38.357483677
108.875,14,12:51:38.359495064
108.875,2,12:51:38.362467431
108.875,14,12:51:38.365476250
108.875,1,12:51:38.367480540
108.875,14,12:51:38.370508806
108.875,2,12:51:38.373556170
108.875,13,12:51:38.376489583
108.875,3,12:51:38.379515586
108.8594,4,12:51:41.256451894
108.875,1,12:51:42.372551655
108.8594,2,12:51:44.931387430
108.875,1,12:51:45.662877776
108.875,2,12:51:45.686328699
108.875,4,12:51:45.686904022
108.875,3,12:51:45.686981610
108.8594,4,12:51:46.256645519
108.875,1,12:51:47.037049868
108.875,256,12:51:48.626388474
108.875,554,12:51:48.630351382
108.875,1,12:51:48.630713491
108.875,14,12:51:48.630887177
108.875,100,12:51:48.631042730
108.875,1,12:51:48.631042730
108.875,17,12:51:48.631066731
108.875,7,12:51:48.631433039
108.875,9,12:51:48.632026645
108.875,10,12:51:48.632050066
108.875,1,12:51:48.632305534
108.875,1,12:51:48.632544377
108.875,10,12:51:48.632729862
108.875,1,12:51:48.632776286
108.875,4,12:51:48.633187695
108.875,3,12:51:48.633210396
108.875,1,12:51:48.633886903
108.875,79,12:51:48.634042762
108.875,1,12:51:48.634096856
108.875,35,12:51:48.634230215
108.875,2,12:51:48.634282274
108.875,2,12:51:48.634495830
108.875,23,12:51:48.634495830
108.875,14,12:51:48.634632988
108.875,10,12:51:48.634837667
108.875,40,12:51:48.635382827
108.875,28,12:51:48.635670919
108.875,23,12:51:48.635883179
108.875,27,12:51:48.636047915
108.875,39,12:51:48.636144424
108.875,4,12:51:48.636206034
108.875,4,12:51:48.636227174
108.875,2,12:51:48.636672956
108.875,8,12:51:48.638690485
108.875,3,12:51:48.638990817
108.875,20,12:51:48.638990817
108.875,1,12:51:48.639020466
108.875,1,12:51:48.639083436
108.875,19,12:51:48.639125151
108.875,16,12:51:48.639191646
108.875,1,12:51:48.639304333
108.875,1,12:51:48.639651515
108.875,1,12:51:48.639761815
108.875,9,12:51:48.640196398
108.875,1,12:51:48.640436136
108.875,1,12:51:48.640556246
108.875,1,12:51:48.640744301
108.875,658,12:51:48.640939157
108.875,1,12:51:48.642191381
108.875,10,12:51:48.643512783
108.875,1,12:51:48.643915127
108.875,1,12:51:48.643953422
108.875,124,12:51:48.643994770
108.875,6,12:51:48.644064845
108.875,1,12:51:48.644090225
108.875,1,12:51:48.644129464
108.875,3,12:51:48.644161615
108.875,5,12:51:48.644177129
108.875,1,12:51:48.644242824
108.875,1,12:51:48.644666362
108.875,20,12:51:48.646077958
108.875,1,12:51:48.646771265
108.875,4,12:51:48.646844578
108.875,2,12:51:48.647090535
108.875,1,12:51:48.647468690
108.875,1,12:51:48.648283084
108.875,70,12:51:48.648305234
108.875,10,12:51:48.648326410
108.875,1,12:51:48.648348324
108.875,1,12:51:48.648626624
108.875,39,12:51:48.648655482
108.875,4,12:51:48.648757906
108.875,6,12:51:48.648783574
108.875,1,12:51:48.648800365
108.875,45,12:51:48.648850404
108.875,104,12:51:48.648875310
108.875,1,12:51:48.648895493
108.875,21,12:51:48.648931875
108.875,3,12:51:48.648972701
108.875,8,12:51:48.649036644
108.875,19,12:51:48.649074952
108.875,10,12:51:48.649134522
108.875,1,12:51:48.649157866
108.875,7,12:51:48.649228104
108.875,1,12:51:48.649301041
108.875,69,12:51:48.649326718
108.875,10,12:51:48.649376751
108.875,3,12:51:48.649494125
108.875,16,12:51:48.649517505
108.875,23,12:51:48.649619162
108.875,10,12:51:48.649685164
108.875,15,12:51:48.649854360
108.875,1,12:51:48.649927764
108.875,118,12:51:48.650072070
108.875,51,12:51:48.651015808
108.875,1,12:51:48.652079551
108.875,1,12:51:48.652185879
108.875,1,12:51:48.652236904
108.875,1,12:51:48.652274921
108.875,1,12:51:48.652366788
108.875,1,12:51:48.652475066
108.875,1,12:51:48.652528152
108.875,20,12:51:48.652588171
108.875,35,12:51:48.652624268
108.875,6,12:51:48.652686926
108.875,10,12:51:48.652720482
108.875,4,12:51:48.652745731
108.875,1,12:51:48.652813950
108.875,1,12:51:48.652865531
108.875,2,12:51:48.652892178
108.875,2,12:51:48.652911513
108.875,4,12:51:48.653629066
108.875,3,12:51:48.653892073
108.875,1,12:51:48.654007638
108.875,1,12:51:48.654063591
108.875,4,12:51:48.654095751
108.875,1,12:51:48.654178857
108.875,1,12:51:48.655048916
108.875,1,12:51:48.655072871
108.875,1,12:51:48.655199252
108.875,9,12:51:48.655846254
108.875,10,12:51:48.657654914
108.875,9,12:51:48.674306829
108.875,48,12:51:48.675377158
108.875,1,12:51:48.675553585
108.875,1,12:51:48.675592648
108.875,1,12:51:48.675680333
108.875,1,12:51:48.675712878
108.875,1,12:51:48.675747570
108.875,2,12:51:48.675775240
108.875,1,12:51:48.675817382
108.875,10,12:51:48.675998855
108.875,1,12:51:48.676197700
108.875,10,12:51:48.676475546
108.875,19,12:51:48.685941317
108.875,1,12:51:48.686141859
108.875,2,12:51:48.686215498
108.875,4,12:51:48.686390734
108.875,9,12:51:48.693695246
108.875,9,12:51:48.695570967
108.875,9,12:51:48.702925550
108.875,18,12:51:48.707983876
108.875,19,12:51:48.712039212
108.875,9,12:51:48.713095083
108.875,9,12:51:48.716705030
108.875,19,12:51:48.717143193
108.875,10,12:51:48.926548212
108.875,1,12:51:49.059196129
108.875,375,12:51:54.690446441
108.875,1,12:51:54.691093408
108.875,1,12:51:54.691373071
108.875,1,12:51:54.691952865
108.875,9,12:51:54.709362572
108.875,18,12:51:54.783138771
108.875,500,12:51:56.447921327
108.875,1,12:51:56.449077882
108.875,29,12:51:56.449233149
108.875,1,12:51:56.449269310
108.875,1,12:51:56.449291969
108.875,1,12:51:56.449309537
108.875,1,12:51:56.449329560
108.875,1,12:51:56.449344505
108.875,1,12:51:56.449364941
108.875,1,12:51:56.449384719
108.875,1,12:51:56.449402419
108.875,1,12:51:56.449428718
108.875,1,12:51:56.449441899
108.875,1,12:51:56.449463873
108.875,1,12:51:56.449486095
108.875,1,12:51:56.449503400
108.875,1,12:51:56.449523561
108.875,1,12:51:56.449540751
108.875,1,12:51:56.449565792
108.875,1,12:51:56.449584282
108.875,1,12:51:56.449606750
108.875,1,12:51:56.449631780
108.875,1,12:51:56.449658226
108.875,1,12:51:56.449694505
108.875,1,12:51:56.449750964
108.875,26,12:51:56.449784715
108.875,130,12:51:56.449851421
108.875,66,12:51:56.451243906
108.875,10,12:51:56.451314720
108.875,4,12:51:56.451438595
108.875,25,12:51:56.451486250
108.875,21,12:51:56.452210307
108.875,1,12:51:56.453376476
108.875,1,12:51:56.453654038
108.875,4,12:51:56.453800918
108.875,1,12:51:56.456845203
108.875,54,12:51:56.632876200
108.875,1,12:51:56.633141326
108.875,13,12:51:56.633522588
108.875,1,12:51:56.633750442
108.875,10,12:51:56.633834559
108.875,1,12:51:56.634024534
108.875,4,12:51:56.634266968
108.875,500,12:51:57.162269056
108.875,20,12:51:57.162550300
108.875,1,12:51:57.162594013
108.875,7,12:51:57.162771261
108.8906,1,12:51:57.254998330
108.875,1,12:52:02.990110219
108.875,10,12:52:02.990566500
108.875,84,12:52:02.990878791
108.875,19,12:52:02.991409183
108.875,1,12:52:02.991439610
108.875,16,12:52:02.991476262
108.875,1,12:52:02.991511124
108.875,3,12:52:02.991743081
108.875,1,12:52:02.991844251
108.875,10,12:52:02.992007298
108.875,1,12:52:02.992124999
108.875,38,12:52:02.992390851
108.875,20,12:52:02.992940519
108.875,5,12:52:02.993209340
108.875,27,12:52:02.993912795
108.875,2,12:52:02.994250732
108.875,1,12:52:02.994671562
108.875,10,12:52:02.994711060
108.875,6,12:52:02.994784362
108.875,1,12:52:02.995095401
108.875,1,12:52:02.996090701
108.875,9,12:52:03.002834053
108.875,14,12:52:03.020962168
108.875,9,12:52:03.028968153
108.875,5,12:52:03.029444678
108.875,9,12:52:03.104473436
108.875,10,12:52:03.292280060
108.875,1,12:52:03.292498022
108.875,170,12:52:03.292923621
108.875,1,12:52:03.293219067
108.875,1,12:52:03.293244024
108.875,1,12:52:03.293268214
108.875,1,12:52:03.293322582
108.875,7,12:52:03.293360797
108.875,1,12:52:03.293397349
108.875,1,12:52:03.293482820
108.875,1,12:52:03.293504708
108.875,4,12:52:03.293578444
108.875,1,12:52:03.293737778
108.875,1,12:52:03.293894498
108.875,1,12:52:03.294529074
108.875,1,12:52:03.294559277
108.875,184,12:52:03.296615461
108.875,1,12:52:03.297219922
108.875,1,12:52:03.297409894
108.875,1,12:52:03.297452033
108.875,1,12:52:03.301400781
108.875,9,12:52:03.310818410
108.875,19,12:52:03.312999925
108.875,1,12:52:03.313233912
108.875,9,12:52:03.321250786
108.875,9,12:52:03.335972427
108.875,10,12:52:03.341833226
108.875,10,12:52:07.832624206
108.875,9,12:52:07.832815649
108.875,1,12:52:16.684724631
108.8906,1,12:52:37.046596793
108.8906,12,12:52:37.077484159
108.875,100,12:52:55.123305717
108.8906,4,12:52:57.014787237
108.875,7,12:52:58.732232210
108.875,7,12:53:04.701900748
108.875,1,12:53:06.718206432
108.8906,4,12:53:07.012961908
108.875,9,12:53:08.836386261
108.8906,1,12:53:14.714459880
108.875,100,12:53:15.675663676
108.875,1,12:53:15.676344739
108.875,1,12:53:15.676553877
108.875,4,12:53:15.677165108
108.875,66,12:53:15.696177066
108.875,1,12:53:15.696340984
108.875,1,12:53:15.697312360
108.875,1,12:53:15.697322194
108.875,1,12:53:15.697389666
108.875,1,12:53:15.697473208
108.875,1,12:53:15.697508341
108.875,1,12:53:15.697546406
108.875,1,12:53:15.697588644
108.875,1,12:53:15.697615406
108.875,1,12:53:15.697700604
108.875,1,12:53:15.697716832
108.875,1,12:53:15.697738686
108.875,1,12:53:15.697759655
108.875,1,12:53:15.697780587
108.875,1,12:53:15.697826172
108.875,1,12:53:15.697846863
108.875,1,12:53:15.697893789
108.875,1,12:53:15.697925790
108.875,38,12:53:15.698110932
108.875,132,12:53:15.698540974
108.875,1,12:53:15.699347076
108.875,1,12:53:15.699480880
108.875,1,12:53:15.699842446
108.875,6,12:53:15.699842446
108.875,107,12:53:15.700198972
108.875,1,12:53:15.700460878
108.875,91,12:53:15.700542483
108.875,1,12:53:15.700583920
108.875,47,12:53:15.700681004
108.875,3,12:53:15.700999394
108.875,3,12:53:15.701261681
108.875,7,12:53:15.701463980
108.875,3,12:53:15.702995165
108.875,460,12:53:15.703154918
108.875,1,12:53:15.703239913
108.875,1,12:53:15.703366575
108.875,3,12:53:15.703426943
108.875,10,12:53:15.703559195
108.875,1,12:53:15.703606902
108.875,1,12:53:15.703669975
108.875,23,12:53:15.703754844
108.875,5,12:53:15.706238098
108.875,14,12:53:15.706265419
108.875,2,12:53:15.706284220
108.875,1,12:53:15.706318554
108.875,179,12:53:15.706340861
108.875,1,12:53:15.706374791
108.875,1,12:53:15.706393387
108.875,2,12:53:15.706496964
108.875,28,12:53:15.706597535
108.875,5,12:53:15.706656730
108.875,70,12:53:15.706715925
108.875,1,12:53:15.706761939
108.875,13,12:53:15.706807437
108.875,10,12:53:15.706902604
108.875,1,12:53:15.706936006
108.875,1,12:53:15.707004852
108.875,20,12:53:15.707056847
108.875,10,12:53:15.707080825
108.875,1,12:53:15.707104634
108.875,8,12:53:15.707220665
108.875,4,12:53:15.707253760
108.875,1,12:53:15.707348411
108.875,1,12:53:15.707390351
108.875,4,12:53:15.707523285
108.875,1,12:53:15.708060128
108.875,1,12:53:15.708502636
108.875,1,12:53:15.708524585
108.875,2,12:53:15.708617915
108.875,3,12:53:15.709211958
108.875,1,12:53:15.709743506
108.875,1,12:53:15.709948150
108.875,8,12:53:15.710173588
108.875,1,12:53:15.710714786
108.875,1,12:53:15.710754768
108.875,1,12:53:15.710773401
108.875,10,12:53:15.710917430
108.875,24,12:53:15.710953917
108.875,1,12:53:15.710986721
108.875,1,12:53:15.712002578
108.875,1,12:53:15.712025369
108.875,1,12:53:15.712063763
108.875,75,12:53:15.734840156
108.875,1,12:53:15.735082827
108.875,80,12:53:15.735316130
108.875,2,12:53:15.735394622
108.875,1,12:53:15.735426078
108.875,31,12:53:15.735617259
108.875,46,12:53:15.735677153
108.875,9,12:53:15.741516521
108.875,1,12:53:15.782611189
108.875,1,12:53:17.128857005
108.875,100,12:53:18.087219633
108.8906,105,12:53:22.095699304
108.8906,4,12:53:27.012870702
108.8906,15,12:53:31.381230057
108.8906,15,12:53:31.386028272
108.8906,1,12:53:31.389026991
108.8906,15,12:53:31.392046191
108.8906,15,12:53:31.397050360
108.8906,1,12:53:31.400689049
108.8906,15,12:53:31.403062874
108.8906,15,12:53:31.408033496
108.8906,1,12:53:31.411026209
108.8906,15,12:53:31.413058554
108.8906,15,12:53:31.417059584
108.8906,1,12:53:31.420024966
108.8906,14,12:53:31.422105174
108.8906,2,12:53:31.425026941
108.8906,14,12:53:31.428082477
108.8906,1,12:53:31.430084194
108.8906,14,12:53:31.433080673
108.8906,2,12:53:31.436098139
108.8906,14,12:53:31.439036492
108.8906,1,12:53:31.442060386
108.8906,14,12:53:31.444052551
108.8906,2,12:53:31.447041254
108.8906,14,12:53:31.450081075
108.8906,1,12:53:31.453085004
108.8906,14,12:53:31.456098565
108.8906,2,12:53:31.459871316
108.8906,13,12:53:31.462513983
108.8906,3,12:53:31.466078205
108.8906,13,12:53:31.469094601
108.8906,3,12:53:31.472186474
108.8906,12,12:53:31.475270056
108.8906,3,12:53:31.478307323
108.8906,13,12:53:31.481102378
108.8906,13,12:53:31.506096715
108.8906,15,12:53:31.519241133
108.8906,1,12:53:31.522090271
108.8906,14,12:53:31.524138140
108.8906,2,12:53:31.527167307
108.8906,14,12:53:31.530116934
108.8906,1,12:53:31.533113087
108.8906,14,12:53:31.536140614
108.8906,2,12:53:31.539099502
108.8906,14,12:53:31.542135355
108.8906,1,12:53:31.544119100
108.8906,14,12:53:31.546116107
108.8906,2,12:53:31.548149568
108.8906,14,12:53:31.551166425
108.8906,1,12:53:31.554116129
108.8906,14,12:53:31.557175720
108.8906,2,12:53:31.559095228
108.8906,13,12:53:31.561121924
108.8906,3,12:53:31.564097424
108.8906,13,12:53:31.566185161
108.8906,3,12:53:31.568197125
108.8906,12,12:53:31.571206574
108.8906,3,12:53:31.574173303
108.8906,13,12:53:31.578408095
108.8906,2,12:53:31.581138847
108.8906,14,12:53:31.583236124
108.8906,2,12:53:31.586129507
108.8906,14,12:53:31.588226208
108.8906,1,12:53:31.591096979
108.8906,14,12:53:31.593208417
108.8906,2,12:53:31.596141801
108.8906,14,12:53:31.598256368
108.8906,1,12:53:31.601257670
108.8906,14,12:53:31.603259195
108.8906,2,12:53:31.606161496
108.8906,13,12:53:31.609347707
108.8906,3,12:53:31.612155808
108.8906,13,12:53:31.615166832
108.8906,2,12:53:31.618150264
108.8906,14,12:53:31.620459030
108.8906,2,12:53:31.623501213
108.8906,14,12:53:31.626149622
108.8906,15,12:53:31.643320145
108.8906,1,12:53:31.646195182
108.8906,14,12:53:31.649198352
108.8906,1,12:53:31.651179525
108.8906,15,12:53:31.654213310
108.8906,15,12:53:31.765423076
108.8906,15,12:53:31.770352580
108.8906,1,12:53:31.773486444
108.8906,15,12:53:31.890316544
108.8906,15,12:53:31.895333867
108.875,2,12:53:32.992011912
108.8906,4,12:53:37.014773374
108.875,14,12:53:42.237526371
108.8906,4,12:53:47.014520318
108.875,2,12:53:48.302851979
108.8906,12,12:53:54.164917299
108.8906,3,12:53:57.014537319
108.875,5,12:54:02.338301754
108.875,7,12:54:04.003945185
108.875,1,12:54:04.005830416
108.875,20,12:54:04.006464996
108.875,3,12:54:04.006489195
108.875,9,12:54:04.006553970
108.875,5,12:54:04.006595113
108.875,22,12:54:04.006908710
108.875,28,12:54:04.006971703
108.875,1,12:54:04.007096250
108.875,1,12:54:04.007246735
108.875,1,12:54:04.007282201
108.875,66,12:54:04.007503951
108.875,1,12:54:04.007616337
108.875,387,12:54:04.008119668
108.875,3,12:54:04.009001379
108.875,1,12:54:04.009091102
108.875,14,12:54:04.009144640
108.875,1,12:54:04.009180932
108.875,1,12:54:04.009213876
108.875,1,12:54:04.009256190
108.875,1,12:54:04.009315692
108.875,2,12:54:04.009400397
108.875,12,12:54:04.009400397
108.875,6,12:54:04.009448174
108.875,1,12:54:04.009478051
108.875,140,12:54:04.009531825
108.875,130,12:54:04.009649549
108.875,60,12:54:04.009745733
108.875,100,12:54:04.011123537
108.875,4,12:54:04.011418279
108.875,1,12:54:04.011453675
108.875,11,12:54:04.011538687
108.875,1,12:54:04.011604291
108.875,1,12:54:04.011685360
108.875,3,12:54:04.011726931
108.875,1,12:54:04.011773742
108.875,1,12:54:04.011858016
108.875,1,12:54:04.012288300
108.875,1,12:54:04.012526250
108.875,2,12:54:04.012952659
108.875,1,12:54:04.013251615
108.875,1,12:54:04.013304211
108.875,50,12:54:04.020871988
108.875,71,12:54:05.860528155
108.875,1,12:54:05.861757118
108.875,16,12:54:05.861809426
108.875,5,12:54:05.861844156
108.875,23,12:54:05.861862719
108.875,10,12:54:05.861926125
108.875,3,12:54:05.861986585
108.875,56,12:54:05.862020950
108.875,1,12:54:05.862061018
108.875,60,12:54:05.862096308
108.875,4,12:54:05.862131051
108.875,20,12:54:05.862180247
108.875,1,12:54:05.862203252
108.875,1,12:54:05.862270101
108.875,20,12:54:05.862349939
108.875,85,12:54:05.862508778
108.875,1,12:54:05.862557393
108.875,1,12:54:05.862591301
108.875,7,12:54:05.862621759
108.875,18,12:54:05.901038044
108.875,1,12:54:05.901254682
108.875,19,12:54:05.901331832
108.875,1,12:54:05.901532550
108.875,1,12:54:05.901615540
108.875,19,12:54:05.913312547
108.875,1,12:54:05.913535309
108.875,1,12:54:05.913583594
108.875,37,12:54:05.935280914
108.875,1,12:54:05.935468415
108.875,1,12:54:05.935563790
108.875,3,12:54:07.078223160
108.875,9,12:54:07.103678775
108.875,9,12:54:07.103798454
108.875,1,12:54:07.103943331
108.875,10,12:54:08.790158044
108.875,9,12:54:08.790215353
108.875,1,12:54:08.790403799
108.875,1,12:54:08.790480491
108.875,71,12:54:09.038831100
108.875,58,12:54:09.038974550
108.875,14,12:54:09.039025565
108.875,1,12:54:09.041266858
108.8594,2,12:54:09.322156359
108.875,133,12:54:11.170162380
108.875,100,12:54:11.170213815
108.875,1,12:54:11.170726706
108.875,71,12:54:11.170774223
108.875,71,12:54:11.170972122
108.875,84,12:54:11.171540485
108.875,5,12:54:11.171589280
108.875,36,12:54:11.171691912
108.875,4,12:54:11.171831566
108.875,1,12:54:14.623719213
108.8906,3,12:54:17.025585722
108.875,9,12:54:21.322475256
108.8906,4,12:54:27.016247623
108.8906,4,12:54:37.014664926
108.8906,1,12:54:46.308543087
108.8906,4,12:54:47.015129234
108.875,10,12:54:55.351539871
108.875,1,12:54:55.351777598
108.8906,3,12:54:57.014532501
108.875,2,12:54:57.556176609
108.875,9,12:54:59.806638376
108.875,10,12:54:59.806731770
108.875,14,12:55:00.008664059
108.875,51,12:55:00.008933271
108.875,82,12:55:00.008933271
108.875,1,12:55:00.009247020
108.875,10,12:55:00.009473298
108.875,70,12:55:00.009927210
108.875,2,12:55:00.010194675
108.875,1,12:55:00.010903608
108.875,1,12:55:00.011065419
108.875,2,12:55:00.011132537
108.875,74,12:55:00.011570415
108.875,98,12:55:00.011806001
108.875,1,12:55:00.012142029
108.875,3,12:55:00.012202885
108.875,4,12:55:00.012284787
108.875,2,12:55:00.012312570
108.875,1,12:55:00.012442135
108.875,1,12:55:00.012504655
108.875,4,12:55:00.012641172
108.875,1,12:55:00.012786701
108.875,4,12:55:00.012900730
108.875,25,12:55:00.013016047
108.875,1,12:55:00.013186566
108.875,14,12:55:00.013186566
108.875,1,12:55:00.013219260
108.875,1,12:55:00.013275729
108.875,1,12:55:00.013315278
108.875,1,12:55:00.013348342
108.875,1,12:55:00.013384781
108.875,1,12:55:00.013414436
108.875,1,12:55:00.013495192
108.875,1,12:55:00.013528435
108.875,1,12:55:00.013557309
108.875,1,12:55:00.013596087
108.875,1,12:55:00.013629132
108.875,1,12:55:00.013707276
108.875,1,12:55:00.013744359
108.875,1,12:55:00.013809794
108.875,1,12:55:00.013838012
108.875,1,12:55:00.013901088
108.875,1,12:55:00.013979416
108.875,16,12:55:00.014025094
108.875,3,12:55:00.014048122
108.875,1,12:55:00.014604037
108.875,1,12:55:00.014653318
108.875,1,12:55:00.014728222
108.875,1,12:55:00.014771951
108.875,1,12:55:00.014780889
108.875,1,12:55:00.014840407
108.875,1,12:55:00.014864590
108.875,3,12:55:00.014957244
108.875,1,12:55:00.015063822
108.875,1,12:55:00.015154511
108.875,1,12:55:00.015287651
108.875,1,12:55:00.017838169
108.875,10,12:55:00.020179557
108.875,1,12:55:00.020399879
108.875,9,12:55:00.026868552
108.875,19,12:55:00.027266784
108.875,1,12:55:00.027463777
108.875,1,12:55:00.027499953
108.875,1,12:55:00.027576896
108.875,1,12:55:00.033565503
108.875,10,12:55:00.034271178
108.875,4,12:55:00.034420579
108.875,1,12:55:00.034484408
108.875,15,12:55:00.038181525
108.875,113,12:55:00.038637358
108.875,1,12:55:00.042048435
108.875,2,12:55:00.043348090
108.875,66,12:55:00.044032986
108.875,66,12:55:00.044131424
108.875,38,12:55:00.044253477
108.875,57,12:55:00.044599467
108.875,1,12:55:00.044669530
108.875,1,12:55:00.044838833
108.875,5,12:55:00.047189562
108.875,12,12:55:00.049759271
108.875,9,12:55:00.051026353
108.875,9,12:55:00.062717102
108.875,47,12:55:00.064158335
108.875,1,12:55:00.239832794
108.875,15,12:55:04.580284594
108.875,16,12:55:05.080170023
108.875,1,12:55:06.566751505
108.875,2,12:55:06.566795935
108.875,1,12:55:06.566961059
108.875,1,12:55:06.567025923
108.875,1,12:55:06.567058350
108.875,1,12:55:06.567200715
108.875,9,12:55:06.567422162
108.875,8,12:55:06.567464550
108.875,10,12:55:06.567866917
108.875,4,12:55:06.568000731
108.875,28,12:55:06.568177715
108.875,1,12:55:06.568826383
108.875,1,12:55:06.569468219
108.875,1,12:55:06.569568506
108.875,1,12:55:06.569679858
108.875,1,12:55:06.569703360
108.875,1,12:55:06.569726426
108.875,1,12:55:06.569755655
108.875,1,12:55:06.569782696
108.875,1,12:55:06.569809711
108.875,1,12:55:06.569836118
108.875,1,12:55:06.569908581
108.875,1,12:55:06.569977356
108.875,1,12:55:06.570017974
108.875,1,12:55:06.570050247
108.875,9,12:55:06.573822671
108.875,1,12:55:06.574034288
108.875,19,12:55:06.584430687
108.875,1,12:55:06.589121878
108.875,18,12:55:06.598033584
108.875,1,12:55:06.598245441
108.875,10,12:55:06.598718590
108.875,1,12:55:06.598924833
108.875,1,12:55:06.904247377
108.875,1,12:55:06.904975779
108.875,10,12:55:06.905148737
108.875,1,12:55:06.906045695
108.875,5,12:55:06.906224845
108.875,4,12:55:06.906298437
108.875,1,12:55:06.906713722
108.875,1,12:55:06.907004988
108.875,7,12:55:06.910618914
108.875,9,12:55:06.916118167
108.875,18,12:55:06.920529801
108.875,1,12:55:06.920732806
108.875,9,12:55:06.922642893
108.875,19,12:55:06.936231182
108.875,1,12:55:06.936454817
108.875,6,12:55:07.306051928
108.875,1,12:55:15.010337476
108.8906,4,12:55:17.026011125
108.875,9,12:55:20.055408257
108.8906,4,12:55:27.015431336
108.875,1,12:55:30.011095901
108.875,22,12:55:30.723629649
108.875,1,12:55:32.294892453
108.8906,3,12:55:37.013680340
108.875,10,12:55:38.940464727
108.875,10,12:55:38.943858136
108.875,1,12:55:38.944131636
108.875,10,12:55:38.965943000
108.875,1,12:55:40.691356879
108.875,9,12:55:40.694564446
108.875,9,12:55:40.703741060
108.875,1,12:55:40.703918380
108.875,9,12:55:40.708295652
108.875,9,12:55:40.708437130
108.875,9,12:55:40.715272883
108.875,2,12:55:44.347258344
108.875,1,12:55:45.011356942
108.8906,4,12:55:47.015674069
108.875,14,12:55:48.856680835
108.875,28,12:55:55.748339002
108.8906,4,12:55:57.017689157
108.875,1,12:56:00.011789853
108.8906,11,12:56:01.291190944
108.875,1,12:56:03.378566771
108.875,71,12:56:03.378834737
108.875,36,12:56:03.379201356
108.875,66,12:56:03.379812997
108.875,1,12:56:03.379817813
108.875,46,12:56:03.380962336
108.875,31,12:56:03.381046801
108.875,20,12:56:03.381076815
108.875,18,12:56:03.381175117
108.875,31,12:56:03.381424156
108.875,2,12:56:03.381479251
108.875,2,12:56:03.381534331
108.875,8,12:56:03.381694581
108.875,44,12:56:03.381999425
108.875,250,12:56:03.382373135
108.875,1,12:56:03.383138568
108.875,10,12:56:03.385807281
108.875,4,12:56:03.388554804
108.875,4,12:56:03.392295703
108.875,1,12:56:03.393039052
108.875,1,12:56:03.393081479
108.875,1,12:56:03.393449889
108.875,1,12:56:03.393538413
108.875,2,12:56:03.393692758
108.875,1,12:56:03.393728017
108.875,17,12:56:03.394262149
108.875,17,12:56:03.394304383
108.875,1,12:56:03.394822711
108.875,22,12:56:03.405728079
108.875,1,12:56:03.405934464
108.875,1,12:56:03.406026523
108.875,4,12:56:03.406067827
108.875,47,12:56:03.406157633
108.875,1,12:56:03.406397507
108.875,151,12:56:03.406718258
108.875,3,12:56:03.406827272
108.875,27,12:56:03.408579787
108.875,18,12:56:03.409343771
108.875,1,12:56:03.409457024
108.875,15,12:56:03.409661726
108.875,1,12:56:03.410144593
108.875,1,12:56:03.410270019
108.875,1,12:56:03.410353858
108.875,10,12:56:03.415409691
108.875,1,12:56:03.415625328
108.875,1,12:56:03.433359288
108.875,9,12:56:03.437637310
108.875,1,12:56:03.505109438
108.875,1,12:56:03.607018110
108.875,1,12:56:03.607103606
108.875,1,12:56:03.607221563
108.875,1,12:56:03.607295830
108.875,1,12:56:03.607384626
108.875,1,12:56:03.607483569
108.875,1,12:56:03.607568319
108.875,1,12:56:03.607655851
108.875,1,12:56:03.607736326
108.875,1,12:56:03.607812676
108.875,1,12:56:03.607858837
108.875,1,12:56:03.607985985
108.875,9,12:56:03.608540127
108.875,10,12:56:03.608590996
108.875,27,12:56:03.608782360
108.875,40,12:56:03.609510643
108.875,27,12:56:03.609700413
108.875,1,12:56:03.609883364
108.875,1,12:56:03.609933237
108.875,1,12:56:03.609963315
108.875,1,12:56:03.610571548
108.875,1,12:56:03.610614441
108.875,1,12:56:03.610640071
108.875,1,12:56:03.610723557
108.875,1,12:56:03.611227375
108.875,1,12:56:03.611388318
108.875,12,12:56:03.613165062
108.875,10,12:56:03.613326247
108.875,1,12:56:03.613371875
108.875,1,12:56:03.613553587
108.875,44,12:56:03.613822541
108.875,1,12:56:03.614102227
108.875,2,12:56:03.614158758
108.875,1,12:56:03.614203441
108.875,7,12:56:03.614442988
108.875,142,12:56:07.989567270
108.875,3,12:56:07.990548909
108.875,1,12:56:07.990580840
108.875,25,12:56:07.990728145
108.875,97,12:56:07.991005937
108.875,10,12:56:07.991160089
108.875,11,12:56:08.003425409
108.875,9,12:56:08.003711264
108.875,9,12:56:08.003991757
108.875,10,12:56:08.004762287
108.875,1,12:56:08.004956259
108.875,70,12:56:08.872510561
108.875,1,12:56:08.872628000
108.875,69,12:56:08.872702014
108.875,1,12:56:08.874738353
108.875,1,12:56:08.874756222
108.875,1,12:56:08.875416296
108.875,1,12:56:08.876050955
108.875,66,12:56:08.888294757
108.875,1,12:56:08.888579960
108.875,23,12:56:08.888671852
108.875,10,12:56:08.897952097
108.875,1,12:56:08.898174755
108.875,1,12:56:08.898242106
108.875,19,12:56:08.902820073
108.875,1,12:56:08.903032341
108.875,1,12:56:08.955660856
108.875,10,12:56:08.987984803
108.875,1,12:56:08.988231388
108.875,9,12:56:09.000321465
108.875,1,12:56:09.000640172
108.875,34,12:56:09.000999034
108.875,1,12:56:09.001241701
108.875,9,12:56:09.008543413
108.875,1,12:56:09.008770563
108.875,9,12:56:09.029573948
108.875,200,12:56:10.011998420
108.875,1,12:56:10.012130624
108.875,1,12:56:10.012176548
108.875,142,12:56:10.012353586
108.875,1,12:56:10.012402911
108.875,1,12:56:10.012933789
108.875,23,12:56:10.013014392
108.875,32,12:56:10.013077158
108.875,21,12:56:10.013357830
108.875,3,12:56:10.013403574
108.875,24,12:56:10.013840821
108.875,1,12:56:10.013905495
108.875,2,12:56:10.014095541
108.875,1,12:56:10.014143286
108.875,10,12:56:10.014382897
108.875,1,12:56:10.014423262
108.875,1,12:56:10.014744469
108.875,20,12:56:10.014993319
108.875,1,12:56:10.016069008
108.875,1,12:56:10.016239593
108.875,1,12:56:10.016272106
108.875,3,12:56:10.022005184
108.875,1,12:56:10.024403316
108.875,45,12:56:10.024611877
108.875,9,12:56:10.030744013
108.875,10,12:56:10.042956323
108.875,1,12:56:10.043149034
108.875,19,12:56:10.050871167
108.875,1,12:56:10.051117306
108.875,1,12:56:15.012010439
108.875,9,12:56:20.416964392
108.875,1,12:56:30.012350062
108.8906,2,12:56:32.887651893
108.875,9,12:56:37.684441909
108.875,3,12:56:37.684670842
108.875,1,12:56:37.702821169
108.875,1,12:56:37.867013020
108.875,2,12:56:37.867075982
108.875,1,12:56:37.867100408
108.875,1,12:56:37.867207751
108.875,70,12:56:37.867469497
108.875,10,12:56:37.867863195
108.875,14,12:56:37.868360875
108.875,2,12:56:37.868500113
108.875,1,12:56:37.868526680
108.875,26,12:56:37.868681781
108.875,28,12:56:37.868895340
108.875,2,12:56:37.869237155
108.875,2,12:56:37.869339234
108.875,1,12:56:37.869366482
108.875,10,12:56:37.869533500
108.875,2,12:56:37.869533500
108.875,1,12:56:37.869559382
108.875,2,12:56:37.869631124
108.875,1,12:56:37.869692767
108.875,1,12:56:37.869753149
108.875,13,12:56:37.869809841
108.875,1,12:56:37.870069113
108.875,2,12:56:37.870181091
108.875,1,12:56:37.870231655
108.875,1,12:56:37.870257156
108.875,1,12:56:37.870283954
108.875,1,12:56:37.870328015
108.875,1,12:56:37.870425768
108.875,2,12:56:37.870562343
108.875,2,12:56:37.870911371
108.875,1,12:56:37.871121423
108.875,2,12:56:37.871145455
108.875,66,12:56:37.871463539
108.875,1,12:56:37.871580207
108.875,1,12:56:37.871612253
108.875,34,12:56:37.871800810
108.875,18,12:56:37.871809053
108.875,1,12:56:37.872024661
108.875,1,12:56:37.872118163
108.875,1,12:56:37.872649915
108.875,1,12:56:37.872688185
108.875,1,12:56:37.872714659
108.875,1,12:56:37.872741402
108.875,1,12:56:37.872772945
108.875,1,12:56:37.872811665
108.875,1,12:56:37.872849823
108.875,1,12:56:37.872867487
108.875,1,12:56:37.872902905
108.875,1,12:56:37.872955121
108.875,1,12:56:37.872989314
108.875,1,12:56:37.873024521
108.875,1,12:56:37.873056240
108.875,1,12:56:37.873136817
108.875,1,12:56:37.873149033
108.875,1,12:56:37.873201203
108.875,1,12:56:37.873248465
108.875,1,12:56:37.873279733
108.875,1,12:56:37.873303233
108.875,1,12:56:37.873326255
108.875,1,12:56:37.873386979
108.875,1,12:56:37.873462431
108.875,19,12:56:37.873625154
108.875,4,12:56:37.873731387
108.875,30,12:56:37.874099452
108.875,1,12:56:37.874365956
108.875,1,12:56:37.874715067
108.875,2,12:56:37.875417821
108.875,4,12:56:37.875570226
108.875,2,12:56:37.875627195
108.875,1,12:56:37.875703259
108.875,27,12:56:37.875741786
108.875,20,12:56:37.876603752
108.875,31,12:56:37.876719796
108.875,27,12:56:37.877005001
108.875,1,12:56:37.877075924
108.875,22,12:56:37.877201841
108.875,21,12:56:37.877238491
108.875,3,12:56:37.877271045
108.875,16,12:56:37.877438427
108.875,1,12:56:37.878045668
108.875,1,12:56:37.878352878
108.875,2,12:56:37.878425836
108.875,1,12:56:37.878468298
108.875,10,12:56:37.878501735
108.875,1,12:56:37.878589536
108.875,1,12:56:37.878614480
108.875,1,12:56:37.879815589
108.875,1,12:56:37.879888282
108.875,9,12:56:37.879938823
108.875,1,12:56:37.879992143
108.875,9,12:56:37.883998755
108.875,1,12:56:37.884297750
108.875,1,12:56:37.884510349
108.875,9,12:56:37.885083669
108.875,10,12:56:37.895855525
108.875,1,12:56:37.896092263
108.875,10,12:56:37.900808719
108.875,9,12:56:37.900905704
108.875,1,12:56:37.901012970
108.875,1,12:56:45.011694757
108.8906,50,12:56:52.190300170
108.875,23,12:56:57.169690579
108.875,1,12:57:00.011957986
108.875,1,12:57:15.011768835
108.875,1,12:57:18.149503132
108.875,3,12:57:18.150017952
108.875,1,12:57:18.150558312
108.875,5,12:57:18.150919639
108.875,9,12:57:18.168693133
108.875,1,12:57:18.168945133
108.875,2,12:57:18.170553725
108.875,2,12:57:18.386803978
108.875,27,12:57:23.331533025
108.875,36,12:57:25.786730702
108.875,1,12:57:25.786883060
108.875,1,12:57:25.786902474
108.875,1,12:57:25.786932561
108.875,6,12:57:25.787013552
108.875,11,12:57:25.787126338
108.875,1,12:57:25.787166061
108.875,4,12:57:25.787335862
108.875,1,12:57:25.787441599
108.875,1,12:57:25.787503021
108.875,1,12:57:25.787541044
108.875,1,12:57:25.787573883
108.875,1,12:57:25.787630816
108.875,1,12:57:25.787662925
108.875,1,12:57:25.787691495
108.875,1,12:57:25.787720782
108.875,1,12:57:25.787800653
108.875,1,12:57:25.787825153
108.875,1,12:57:25.787878641
108.875,1,12:57:25.787919624
108.875,1,12:57:25.787952476
108.875,1,12:57:25.788023217
108.875,1,12:57:25.788048437
108.875,1,12:57:25.788087164
108.875,1,12:57:25.788123328
108.875,2,12:57:25.788195511
108.875,1,12:57:25.788346062
108.875,132,12:57:25.788510088
108.875,3,12:57:25.788631815
108.875,1,12:57:25.788679681
108.875,1,12:57:25.788819249
108.875,1,12:57:25.789106135
108.875,1,12:57:25.789151202
108.875,2,12:57:25.789185058
108.875,1,12:57:25.789235053
108.875,27,12:57:25.789549968
108.875,1,12:57:25.789831487
108.875,1,12:57:25.789927326
108.875,21,12:57:25.790215859
108.875,1,12:57:25.790612655
108.875,50,12:57:25.791719295
108.875,13,12:57:25.792023291
108.875,8,12:57:25.792996427
108.875,1,12:57:25.793021315
108.875,12,12:57:25.793107903
108.875,1,12:57:25.793219738
108.875,3,12:57:25.793242688
108.875,7,12:57:25.793291579
108.875,1,12:57:25.793620185
108.875,10,12:57:25.807454217
108.875,1,12:57:25.807675358
108.875,9,12:57:25.808489880
108.875,10,12:57:25.809653499
108.875,1,12:57:25.809857795
108.875,9,12:57:25.811380844
108.875,9,12:57:27.889113029
108.8906,9,12:57:27.947443820
108.875,10,12:57:27.957034138
108.875,1,12:57:27.957242811
108.875,1,12:57:30.012084675
108.875,1,12:57:30.028945267
108.875,9,12:57:31.562701626
108.875,1,12:57:31.562948575
108.875,71,12:57:32.768263240
108.875,71,12:57:32.768362862
108.875,2,12:57:32.768408959
108.875,1,12:57:32.768511089
108.875,2,12:57:32.768547625
108.875,1,12:57:32.768623917
108.875,1,12:57:32.768652894
108.875,1,12:57:32.768710268
108.875,1,12:57:32.768748380
108.875,1,12:57:32.768781821
108.875,1,12:57:32.768835944
108.875,1,12:57:32.768861909
108.875,27,12:57:32.769103325
108.875,1,12:57:32.769149931
108.875,1,12:57:32.769190248
108.875,1,12:57:32.769221232
108.875,1,12:57:32.769253571
108.875,1,12:57:32.769291684
108.875,1,12:57:32.769319359
108.875,1,12:57:32.769339820
108.875,1,12:57:32.769360437
108.875,1,12:57:32.769382822
108.875,1,12:57:32.769417708
108.875,1,12:57:32.769434336
108.875,1,12:57:32.769460935
108.875,1,12:57:32.769510814
108.875,1,12:57:32.769539810
108.875,1,12:57:32.769571728
108.875,1,12:57:32.769597799
108.875,1,12:57:32.769722042
108.875,13,12:57:32.769871271
108.875,8,12:57:32.770710734
108.875,6,12:57:32.772090707
108.875,2,12:57:32.772111588
108.875,1,12:57:32.779801733
108.875,32,12:57:32.779940741
108.875,1,12:57:32.780062692
108.875,65,12:57:32.780111877
108.875,26,12:57:32.780413704
108.875,10,12:57:32.785209960
108.875,9,12:57:32.785242643
108.875,1,12:57:32.785412624
108.875,9,12:57:32.788206565
108.875,9,12:57:32.796198416
108.875,9,12:57:32.807249128
108.875,9,12:57:32.901131518
108.875,10,12:57:32.910950266
108.875,1,12:57:32.911148693
108.8906,1,12:57:35.414222454
108.875,11,12:57:41.493800270
108.875,950,12:57:43.608454771
108.875,1,12:57:43.609706300
108.875,16,12:57:43.609745062
108.875,1,12:57:43.609785123
108.875,1,12:57:43.609818449
108.875,1,12:57:43.609867079
108.875,1,12:57:43.609895366
108.875,1,12:57:43.609933847
108.875,1,12:57:43.609966462
108.875,1,12:57:43.609997745
108.875,1,12:57:43.610036959
108.875,1,12:57:43.610072588
108.875,1,12:57:43.610129946
108.875,1,12:57:43.610159979
108.875,1,12:57:43.610199794
108.875,1,12:57:43.610277274
108.875,1,12:57:43.610318769
108.875,1,12:57:43.610352464
108.875,1,12:57:43.610389366
108.875,1,12:57:43.610439799
108.875,1,12:57:43.610470769
108.875,1,12:57:43.610506057
108.875,1,12:57:43.610601556
108.875,1,12:57:43.610693554
108.875,7,12:57:43.610773051
108.875,19,12:57:43.610963761
108.875,3,12:57:43.611389604
108.875,1,12:57:43.611389604
108.875,9,12:57:43.611432373
108.875,30,12:57:43.611514314
108.875,25,12:57:43.611687149
108.875,8,12:57:43.611765391
108.875,71,12:57:43.613702099
108.875,71,12:57:43.613853541
108.875,66,12:57:43.613986178
108.875,26,12:57:43.614107361
108.875,1,12:57:43.614161586
108.875,1,12:57:43.614228009
108.875,1,12:57:43.614242851
108.875,1,12:57:43.614270151
108.875,1,12:57:43.614296974
108.875,1,12:57:43.614335737
108.875,1,12:57:43.614352813
108.875,1,12:57:43.614381793
108.875,1,12:57:43.614408593
108.875,1,12:57:43.614434612
108.875,1,12:57:43.614463944
108.875,1,12:57:43.614489797
108.875,1,12:57:43.614518950
108.875,1,12:57:43.614545604
108.875,1,12:57:43.614574020
108.875,1,12:57:43.614598971
108.875,1,12:57:43.614620511
108.875,1,12:57:43.614648968
108.875,1,12:57:43.614672570
108.875,1,12:57:43.614710010
108.875,1,12:57:43.614742849
108.875,2,12:57:43.614885662
108.875,10,12:57:43.615134080
108.875,1,12:57:43.615241314
108.875,1,12:57:43.615368567
108.875,4,12:57:43.615537169
108.875,1,12:57:43.616073804
108.875,1,12:57:43.616103596
108.875,1,12:57:43.616187365
108.875,3,12:57:43.616227842
108.875,1,12:57:43.616313901
108.875,1,12:57:43.616335384
108.875,1,12:57:43.617035698
108.875,1,12:57:43.617634725
108.875,1,12:57:43.618104847
108.875,9,12:57:43.620923575
108.875,10,12:57:43.626535160
108.875,9,12:57:43.627244436
108.875,9,12:57:43.627486629
108.875,9,12:57:43.638829558
108.875,1,12:57:43.647992553
108.875,1,12:57:45.011300194
108.875,300,12:57:45.312006007
108.875,142,12:57:45.312605234
108.875,1,12:57:45.312724531
108.875,1,12:57:45.312761222
108.875,1,12:57:45.313194325
108.875,61,12:57:45.313567863
108.875,6,12:57:45.314472076
108.875,5,12:57:45.315277244
108.875,1,12:57:45.315784384
108.875,2,12:57:45.315846033
108.875,19,12:57:45.315904134
108.875,15,12:57:45.315938371
108.875,5,12:57:45.316391612
108.875,1,12:57:45.316614404
108.875,1,12:57:45.316657973
108.875,8,12:57:45.316762148
108.875,2,12:57:45.316916861
108.875,13,12:57:45.316933876
108.875,10,12:57:45.316957873
108.875,19,12:57:45.317020751
108.875,2,12:57:45.317127169
108.875,3,12:57:45.317318097
108.875,22,12:57:45.318049850
108.875,19,12:57:45.331028813
108.875,1,12:57:45.331239620
108.875,1,12:57:45.331310459
108.875,10,12:57:45.331492601
108.875,1,12:57:45.331695251
108.875,1,12:57:45.333198411
108.875,9,12:57:45.359598245
108.875,1,12:57:45.359823213
108.875,3,12:57:47.202351216
108.875,1,12:57:47.203079276
108.875,1,12:57:47.203165418
108.875,1,12:57:47.203198636
108.875,1,12:57:47.222335277
108.875,1,12:57:47.241774173
108.875,1,12:57:47.362215492
108.875,1,12:57:47.362263459
108.875,9,12:57:47.379244937
108.875,1,12:57:47.379443114
108.875,1,12:57:47.379505729
108.875,1,12:57:47.379551269
108.875,250,12:57:51.862723940
108.875,1,12:57:51.862805414
108.875,1,12:57:51.863021562
108.875,66,12:57:51.863772508
108.875,5,12:57:51.864980370
108.875,2,12:57:51.865185228
108.875,14,12:57:51.865210089
108.875,2,12:57:51.865256641
108.875,1,12:57:51.865666710
108.875,1,12:57:51.865707767
108.875,1,12:57:51.865833014
108.875,1,12:57:51.865980707
108.875,1,12:57:51.866113001
108.875,1,12:57:51.866234785
108.875,1,12:57:51.866382334
108.875,8,12:57:51.866793504
108.875,1,12:57:51.868049494
108.875,1,12:57:51.876836839
108.875,10,12:57:51.894475908
108.875,9,12:57:51.894617536
108.875,1,12:57:51.894685003
108.875,1,12:57:52.234525576
108.875,2,12:57:52.234702855
108.875,10,12:57:52.247382652
108.875,1,12:57:52.247584944
108.875,1,12:57:52.247667474
108.875,10,12:57:52.250880700
108.875,1,12:57:52.251072086
108.875,9,12:57:52.251448145
108.875,35,12:57:52.595792721
108.875,1,12:57:52.595873722
108.875,1,12:57:52.595923470
108.875,61,12:57:52.596343943
108.875,14,12:57:52.596432690
108.875,1,12:57:52.596600926
108.875,1,12:57:52.596646112
108.875,1,12:57:52.596716346
108.875,1,12:57:52.596784952
108.875,1,12:57:52.596793845
108.875,1,12:57:52.596853033
108.875,1,12:57:52.596885597
108.875,1,12:57:52.596919618
108.875,1,12:57:52.596954310
108.875,1,12:57:52.596987741
108.875,1,12:57:52.597008807
108.875,1,12:57:52.597036029
108.875,1,12:57:52.597072821
108.875,1,12:57:52.597103859
108.875,1,12:57:52.597131721
108.875,1,12:57:52.597166525
108.875,1,12:57:52.597206094
108.875,1,12:57:52.597228616
108.875,1,12:57:52.597270310
108.875,1,12:57:52.597285241
108.875,1,12:57:52.597320244
108.875,1,12:57:52.597385576
108.875,1,12:57:52.597432130
108.875,9,12:57:52.609071935
108.875,1,12:57:52.609367974
108.875,9,12:57:52.612450869
108.875,37,12:57:52.612673331
108.875,1,12:57:53.262534371
108.875,7,12:57:53.262584430
108.8594,25,12:57:54.042535672
108.875,1,12:57:55.273332574
108.875,1,12:57:55.273393717
108.8594,1,12:57:58.471719526
108.8594,13,12:57:59.840937045
108.8594,1,12:58:00.014015713
108.875,1,12:58:00.781747261
108.875,375,12:58:03.655567512
108.875,1,12:58:03.656385311
108.875,1,12:58:03.656645172
108.875,1,12:58:03.657284971
108.875,99,12:58:03.657834085
108.875,1,12:58:03.658994361
108.875,16,12:58:03.660421869
108.875,1,12:58:03.660644990
108.875,1,12:58:03.660695212
108.875,1,12:58:03.660769102
108.875,1,12:58:03.661310767
108.875,1,12:58:03.661912082
108.875,14,12:58:03.662357284
108.875,1,12:58:03.663256185
108.875,22,12:58:06.113095229
108.875,124,12:58:06.113386893
108.875,21,12:58:06.113623022
108.875,25,12:58:06.114918672
108.875,1,12:58:06.118026785
108.875,1,12:58:06.124279814
108.875,10,12:58:06.124402690
108.875,117,12:58:06.124649827
108.875,24,12:58:06.124768044
108.875,1,12:58:06.173287652
108.875,137,12:58:06.358198831
108.875,1,12:58:06.358270662
108.875,10,12:58:06.368846325
108.875,1,12:58:06.369073476
108.875,1,12:58:06.369172076
108.875,20,12:58:06.374084159
108.875,1,12:58:06.374318916
108.875,1,12:58:06.374376139
108.875,10,12:58:06.374534046
108.875,1,12:58:06.374575295
108.875,1,12:58:06.374806692
108.8906,3,12:58:07.015579155
108.875,58,12:58:09.674596685
108.875,5,12:58:09.674838893
108.875,1,12:58:09.674875978
108.875,1,12:58:09.674947419
108.875,42,12:58:09.675191040
108.875,6,12:58:09.677486018
108.875,10,12:58:09.678500563
108.875,1,12:58:09.699851317
108.875,48,12:58:09.718695274
108.875,22,12:58:09.718908440
108.875,1,12:58:09.718975884
108.875,1,12:58:09.719051524
108.875,24,12:58:09.872340604
108.875,1,12:58:09.872447032
108.875,1,12:58:09.872477202
108.875,1,12:58:09.872520614
108.875,1,12:58:09.872594929
108.875,1,12:58:09.872638165
108.875,1,12:58:09.872691037
108.875,1,12:58:09.872726474
108.875,1,12:58:09.872795618
108.875,1,12:58:09.872827769
108.875,1,12:58:09.872857338
108.875,1,12:58:09.872903412
108.875,1,12:58:09.872969247
108.875,1,12:58:09.873008781
108.875,1,12:58:09.873088494
108.875,1,12:58:09.873139951
108.875,1,12:58:09.873184731
108.875,1,12:58:09.873242171
108.875,5,12:58:09.873538011
108.875,1,12:58:09.897528613
108.875,19,12:58:09.942129012
108.875,20,12:58:09.947131910
108.875,2,12:58:10.588729230
108.875,1,12:58:10.588950735
108.875,1,12:58:10.589048424
108.875,1,12:58:10.589096143
108.875,1,12:58:10.589129635
108.875,1,12:58:10.589194829
108.875,1,12:58:10.589223950
108.875,1,12:58:10.589248635
108.875,1,12:58:10.589280482
108.875,1,12:58:10.589308726
108.875,1,12:58:10.589342826
108.875,1,12:58:10.589374008
108.875,1,12:58:10.589395070
108.875,1,12:58:10.589421599
108.875,1,12:58:10.589446854
108.875,1,12:58:10.589492461
108.875,1,12:58:10.589530996
108.875,1,12:58:10.589570597
108.875,1,12:58:10.589607724
108.875,1,12:58:10.589668903
108.875,1,12:58:10.589806138
108.875,1,12:58:10.589864798
108.875,2,12:58:10.590442369
108.875,1,12:58:10.590488917
108.875,1,12:58:10.590622263
108.875,1,12:58:10.591613518
108.875,1,12:58:10.618433425
108.875,1,12:58:10.618634517
108.875,18,12:58:10.860631687
108.875,1,12:58:15.011968677
108.875,1,12:58:15.012200967
108.875,1,12:58:16.188792177
108.8906,3,12:58:17.014871069
108.875,100,12:58:24.611078690
108.875,1,12:58:24.611496138
108.875,1,12:58:24.611636989
108.875,1,12:58:24.611786280
108.875,1,12:58:24.611903577
108.875,1,12:58:24.909443076
108.875,31,12:58:25.155909023
108.875,95,12:58:25.156206756
108.875,54,12:58:25.156485716
108.875,10,12:58:25.159490299
108.875,1,12:58:25.161056509
108.875,23,12:58:25.169581088
108.875,6,12:58:25.169659291
108.875,2,12:58:25.169697609
108.875,8,12:58:25.176823796
108.875,1,12:58:25.192460134
108.875,25,12:58:25.193533355
108.875,11,12:58:25.554080182
108.875,1,12:58:25.555604353
108.875,5,12:58:25.555891997
108.875,11,12:58:25.556101806
108.875,1,12:58:25.556218903
108.875,3,12:58:25.556905176
108.875,1,12:58:25.557082681
108.875,9,12:58:25.704968630
108.875,2,12:58:25.715551020
108.875,1,12:58:29.561655065
108.875,1,12:58:30.012205201
108.875,1,12:58:30.823124890
108.875,10,12:58:32.588437595
108.875,10,12:58:33.708230319
108.875,1,12:58:33.708435860
108.875,1,12:58:33.708481966
108.875,1,12:58:33.708545036
108.875,10,12:58:33.958471482
108.875,1,12:58:33.958736732
108.875,1,12:58:33.958780362
108.875,10,12:58:34.138905728
108.875,1,12:58:34.139254065
108.875,1,12:58:34.139282657
108.8906,3,12:58:37.013429366
108.875,10,12:58:37.276037215
108.875,1,12:58:37.276246109
108.875,1,12:58:37.276367210
108.875,200,12:58:37.561716338
108.875,10,12:58:41.345536320
108.875,10,12:58:43.418272077
108.875,1,12:58:45.011778676
108.8906,3,12:58:47.014832539
108.875,1000,12:58:52.488196608
108.875,1,12:58:52.489651975
108.875,1,12:58:52.490135825
108.875,1,12:58:52.490574726
108.875,1,12:58:52.491707133
108.875,3,12:58:52.492239003
108.875,7,12:58:52.494135956
108.875,1,12:58:52.496060901
108.875,26,12:58:53.189536901
108.8906,2,12:58:57.016083236
108.875,318,12:59:00.014175972
108.875,1,12:59:00.015310174
108.8906,2,12:59:07.015369171
108.875,1,12:59:15.013202679
108.8906,3,12:59:17.016856844
108.8906,3,12:59:21.062671559
108.875,4,12:59:21.101916902
108.875,20,12:59:22.762952536
108.875,4,12:59:22.852544904
108.875,5,12:59:26.801097050
108.8906,2,12:59:27.014091642
108.875,1,12:59:30.011503946
108.8906,1,12:59:30.027290740
108.875,4,12:59:32.500389296
108.8906,3,12:59:37.015291815
108.8906,12,12:59:39.249168768
108.875,3,12:59:42.416978817
108.875,1,12:59:43.434044456
108.875,1,12:59:45.011375333
108.875,27,12:59:45.513622661
108.8906,3,12:59:47.014683954
108.875,14,12:59:48.994779687
108.8906,141,12:59:49.119435265
108.8906,1,12:59:50.007331032
108.875,9,12:59:54.114875919
108.875,7,12:59:54.197590008
108.875,1,12:59:56.258684305
108.8906,2,12:59:57.015718981
108.8906,11,12:59:57.410073078
108.875,1,12:59:58.709723144
108.875,4,12:59:58.724583669
108.875,5,12:59:58.781139444
108.875,3,12:59:58.828977660
108.875,3,12:59:58.866369666
108.875,1,12:59:58.893558714
108.875,4,12:59:58.894858164
108.875,2,12:59:58.905294813
108.875,1,12:59:58.959969156
108.875,5,12:59:58.998306026
108.875,1,12:59:59.105376053
108.875,7,12:59:59.197363674
108.875,10,12:59:59.449192342
108.8906,1,12:59:59.470353231
108.8906,8,13:00:00.708372382
108.875,4,13:00:01.521650150
108.875,1,13:00:02.387340252
108.875,2,13:00:02.685204401
108.875,8,13:00:03.676742555
108.875,6,13:00:03.679255348
108.875,10,13:00:03.684710373
108.875,11,13:00:03.690562430
108.875,8,13:00:03.694438312
108.875,11,13:00:03.694980054
108.875,5,13:00:03.703941134
108.875,11,13:00:03.707946116
108.875,7,13:00:03.708634076
108.8906,3,13:00:07.014608449
108.875,25,13:00:07.227689147
108.875,30,13:00:08.233448930
108.875,2,13:00:11.318431518
108.875,2,13:00:11.318683239
108.875,2,13:00:11.318879492
108.875,2,13:00:11.319070510
108.875,2,13:00:11.319267010
108.875,2,13:00:11.319640515
108.875,2,13:00:11.319862593
108.875,2,13:00:11.320135997
108.875,2,13:00:11.320337841
108.875,13,13:00:11.659131654
108.875,3,13:00:11.931267921
108.875,4,13:00:12.300076960
108.8906,3,13:00:17.016082435
108.8906,3,13:00:25.014118390
108.8906,4,13:00:25.205365928
108.8906,2,13:00:25.270916634
108.8906,1,13:00:25.526183915
108.8906,1,13:00:25.597643667
108.8906,1,13:00:26.597818533
108.8906,3,13:00:27.017510192
108.875,60,13:00:29.441426391
108.875,1,13:00:29.442433534
108.875,4,13:00:29.442496588
108.875,26,13:00:29.442496588
108.875,1,13:00:29.443073976
108.875,1,13:00:29.443212997
108.875,3,13:00:29.443365326
108.875,23,13:00:29.444021586
108.875,7,13:00:29.444709853
108.875,16,13:00:29.446236632
108.875,11,13:00:29.446257679
108.875,1,13:00:29.447722268
108.875,5,13:00:29.447756269
108.875,9,13:00:29.448658089
108.875,2,13:00:29.448885607
108.875,2,13:00:29.449417624
108.875,2,13:00:29.449756386
108.875,3,13:00:29.450051479
108.875,2,13:00:29.450925008
108.875,19,13:00:29.451132695
108.875,147,13:00:29.451494897
108.875,56,13:00:29.451717785
108.875,6,13:00:29.453608089
108.875,1,13:00:29.453995097
108.875,6,13:00:29.454019002
108.875,1,13:00:29.454036990
108.875,1,13:00:29.454079010
108.875,5,13:00:29.454098831
108.875,7,13:00:29.454165617
108.875,1,13:00:29.466504905
108.875,1,13:00:29.510218673
108.875,1,13:00:29.512900580
108.875,115,13:00:29.696524920
108.875,1,13:00:29.696656511
108.875,1,13:00:29.696716768
108.875,80,13:00:29.697057875
108.875,33,13:00:29.698362919
108.875,1,13:00:29.700375466
108.875,13,13:00:29.704243006
108.875,12,13:00:29.710243708
108.875,8,13:00:29.712647251
108.875,4,13:00:30.146959302
108.875,3,13:00:30.211958933
108.875,6,13:00:30.317256998
108.875,4,13:00:30.324245241
108.8906,1,13:00:30.607059073
108.875,14,13:00:30.607409595
108.875,2,13:00:30.607670538
108.875,41,13:00:31.197576157
108.875,1,13:00:31.197864933
108.875,1,13:00:31.198639100
108.875,1,13:00:31.199296559
108.875,1,13:00:31.199378846
108.875,3,13:00:31.199448248
108.875,1,13:00:31.199492986
108.875,1,13:00:31.199513418
108.875,3,13:00:31.199548353
108.875,1,13:00:31.199776300
108.875,1,13:00:31.199846023
108.875,1,13:00:31.199868904
108.875,1,13:00:31.200172017
108.875,9,13:00:31.200286767
108.875,1,13:00:31.200623402
108.875,1,13:00:31.200646257
108.875,10,13:00:31.200822411
108.875,2,13:00:31.206209675
108.875,7,13:00:31.206608991
108.875,1,13:00:31.206749647
108.875,6,13:00:31.218298340
108.875,1,13:00:31.218631147
108.875,1,13:00:31.231416786
108.875,10,13:00:31.231911922
108.875,1,13:00:31.232255068
108.875,1,13:00:31.232378066
108.875,4,13:00:31.232762327
108.875,2,13:00:31.397329568
108.875,10,13:00:31.397419947
108.875,6,13:00:31.408820810
108.875,2,13:00:31.413571962
108.875,38,13:00:32.218741604
108.875,2,13:00:37.637112881
108.875,144,13:00:39.941225913
108.875,8,13:00:39.941720048
108.875,15,13:00:39.941825029
108.875,1,13:00:39.941921848
108.875,1,13:00:39.941976603
108.875,6,13:00:39.942151234
108.875,3,13:00:39.942241118
108.875,1,13:00:39.942374656
108.875,1,13:00:39.942812661
108.875,1,13:00:41.384113491
108.875,1,13:00:41.384210273
108.875,1,13:00:41.384258745
108.875,20,13:00:41.822941854
108.8906,7,13:00:43.440848903
108.875,2,13:00:44.194468429
108.875,1,13:00:45.771636609
108.875,68,13:00:47.009393570
108.875,1,13:00:47.010572966
108.875,1,13:00:47.011092046
108.875,4,13:00:47.011800655
108.875,1,13:00:47.012327549
108.875,2,13:00:47.029898702
108.875,2,13:00:47.586551752
108.875,1,13:00:49.560037945
108.875,21,13:00:49.560558217
108.875,1,13:00:49.561401224
108.875,6,13:00:49.561630521
108.875,1,13:00:49.580826603
108.875,1,13:00:49.581155620
108.875,1,13:00:49.581335442
108.875,29,13:00:51.006910523
108.875,56,13:00:51.007135172
108.875,18,13:00:51.008316005
108.875,1,13:00:51.009537015
108.875,1,13:00:51.009666765
108.875,10,13:00:52.741722056
108.875,1,13:00:52.742604068
108.875,1,13:00:52.742950900
108.875,1,13:00:52.743482233
108.875,14,13:00:55.127254474
108.875,14,13:00:55.127600739
108.875,1,13:00:55.128157829
108.875,15,13:00:55.128230135
108.875,7,13:00:55.128819894
108.875,4,13:00:55.131644731
108.875,149,13:00:55.132231214
108.875,3,13:00:55.132331267
108.875,1,13:00:55.132657404
108.875,77,13:00:55.132768191
108.875,1,13:00:55.132805906
108.875,1,13:00:55.132854465
108.875,1,13:00:55.132921580
108.875,3,13:00:55.133039201
108.875,1,13:00:55.133278236
108.875,1,13:00:55.133338826
108.875,1,13:00:55.133436063
108.875,1,13:00:55.133604665
108.875,63,13:00:55.133636217
108.875,4,13:00:55.134231712
108.875,1,13:00:55.384326916
108.875,1,13:00:55.384631729
108.875,1,13:00:55.567523499
108.875,18,13:00:56.259651431
108.875,1,13:00:56.260711382
108.875,2,13:00:56.280734074
108.875,1,13:00:56.280854682
108.875,3,13:00:56.693180520
108.875,1,13:00:56.693330402
108.875,1,13:00:56.693781944
108.875,5,13:00:56.693849151
108.875,1,13:00:58.215165417
108.875,1,13:00:58.216085141
108.875,1,13:00:58.216184319
108.875,1,13:00:58.216775609
108.875,67,13:00:58.530760999
108.875,1,13:00:58.531092608
108.875,2,13:00:58.531288132
108.875,1,13:00:58.531623173
108.875,17,13:00:58.531693925
108.875,1,13:00:58.532088004
108.875,1,13:00:58.532144476
108.875,1,13:00:59.082591404
108.875,1,13:00:59.716248335
108.875,5,13:00:59.717055394
108.875,2,13:00:59.717288215
108.875,2,13:00:59.718073597
108.875,1,13:00:59.762294852
108.875,1,13:01:02.905474533
108.875,1,13:01:02.963332856
108.8906,3,13:01:07.015985370
108.875,3,13:01:07.369111057
108.875,1,13:01:08.305863653
108.875,3,13:01:08.306054056
108.875,17,13:01:08.307145131
108.875,8,13:01:09.191001894
108.875,3,13:01:09.191245973
108.875,2,13:01:09.208515501
108.875,1,13:01:09.208576065
108.875,22,13:01:11.527400691
108.875,1,13:01:11.698902618
108.875,25,13:01:11.699561646
108.875,1,13:01:11.699651827
108.875,25,13:01:11.700342811
108.875,1,13:01:11.700440662
108.875,23,13:01:11.700976683
108.8906,3,13:01:17.014714314
108.875,36,13:01:18.481361432
108.875,24,13:01:18.482616465
108.875,89,13:01:18.482722160
108.875,9,13:01:18.482885663
108.875,5,13:01:18.483355645
108.875,52,13:01:18.483590404
108.875,1,13:01:18.483623925
108.875,1,13:01:18.483656565
108.875,1,13:01:18.497053101
108.875,8,13:01:22.660567768
108.875,3,13:01:27.014798182
108.875,100,13:01:31.474586136
108.875,13,13:01:31.474861515
