bidVolume,bidPrice,askVolume,askPrice,timestamp
1,2308.2,1,2308.3,08:00:00.005755320
1,2308.2,2,2308.3,08:00:00.007335396
2,2308.2,2,2308.3,08:00:00.007365842
1,2308.2,2,2308.3,08:00:00.007464097
7,2308.1,2,2308.3,08:00:00.007640177
7,2308.1,2,2308.3,08:00:00.007640177
7,2308.1,1,2308.3,08:00:00.007657470
7,2308.1,1,2308.3,08:00:00.007856746
7,2308.1,2,2308.3,08:00:00.007914809
7,2308.1,3,2308.3,08:00:00.007954832
6,2308.1,3,2308.3,08:00:00.008034105
6,2308.1,3,2308.3,08:00:00.008101821
6,2308.1,4,2308.3,08:00:00.016307244
6,2308.1,3,2308.3,08:00:00.029744129
6,2308.1,3,2308.3,08:00:00.052420496
6,2308.1,2,2308.3,08:00:00.054338055
1,2308.2,2,2308.3,08:00:00.054479868
1,2308.2,2,2308.3,08:00:00.054869857
1,2308.2,1,2308.3,08:00:00.054877086
2,2308.2,1,2308.3,08:00:00.055046817
2,2308.2,1,2308.3,08:00:00.055071640
2,2308.2,2,2308.3,08:00:00.056985570
1,2308.2,2,2308.3,08:00:00.205588149
7,2308.1,2,2308.3,08:00:00.205830423
7,2308.1,2,2308.3,08:00:00.205830423
7,2308.1,3,2308.3,08:00:00.205870142
6,2308.1,3,2308.3,08:00:00.205947920
5,2308.1,3,2308.3,08:00:00.206015384
5,2308.1,4,2308.3,08:00:00.206035559
5,2308.1,1,2308.2,08:00:00.206077151
5,2308.1,1,2308.2,08:00:00.206102885
5,2308.1,1,2308.2,08:00:00.206111049
5,2308.1,1,2308.2,08:00:00.206211819
5,2308.1,1,2308.2,08:00:00.206228779
5,2308.1,1,2308.2,08:00:00.206269254
5,2308.1,1,2308.2,08:00:00.206269254
5,2308.1,1,2308.2,08:00:00.206459936
5,2308.1,1,2308.2,08:00:00.206707983
4,2308.1,1,2308.2,08:00:00.238681981
4,2308.1,2,2308.2,08:00:00.238811481
3,2308.1,2,2308.2,08:00:00.238849411
3,2308.1,1,2308.2,08:00:00.239002460
2,2308.1,1,2308.2,08:00:00.239021929
1,2308.1,1,2308.2,08:00:00.239052365
1,2308.1,2,2308.3,08:00:00.239200231
1,2308.1,2,2308.3,08:00:00.239200231
1,2308.1,1,2308.2,08:00:00.239384467
2,2308.1,1,2308.2,08:00:00.239419889
2,2308.1,1,2308.2,08:00:00.239431947
2,2308.1,1,2308.2,08:00:00.239447653
2,2308.1,1,2308.2,08:00:00.239463612
1,2308.1,1,2308.2,08:00:00.249590919
1,2308.1,5,2308.3,08:00:00.249711396
1,2308.1,5,2308.3,08:00:00.249711396
4,2308.0,5,2308.3,08:00:00.249843920
4,2308.0,5,2308.3,08:00:00.249843920
4,2308.0,1,2308.2,08:00:00.249861306
1,2308.1,1,2308.2,08:00:00.249901687
2,2308.1,1,2308.2,08:00:00.249937329
2,2308.1,2,2308.2,08:00:00.250009370
2,2308.1,2,2308.2,08:00:00.250043632
2,2308.1,2,2308.2,08:00:00.250217502
2,2308.1,3,2308.2,08:00:00.250224363
1,2308.1,3,2308.2,08:00:00.250356596
3,2308.0,3,2308.2,08:00:00.250397186
3,2308.0,3,2308.2,08:00:00.250397186
3,2308.0,2,2308.2,08:00:00.250423497
3,2308.0,2,2308.2,08:00:00.250552033
3,2308.0,2,2308.2,08:00:00.250668727
3,2308.0,2,2308.2,08:00:00.250700974
3,2308.0,4,2308.2,08:00:00.253601151
2,2308.0,4,2308.2,08:00:00.253718759
2,2308.0,4,2308.2,08:00:00.253729217
2,2308.0,4,2308.2,08:00:00.258593014
2,2308.0,4,2308.2,08:00:00.268535871
2,2308.0,4,2308.2,08:00:00.268549618
2,2308.0,4,2308.2,08:00:00.324460424
2,2308.0,6,2308.3,08:00:00.325089150
2,2308.0,4,2308.3,08:00:00.325089150
2,2308.0,4,2308.3,08:00:00.325089150
1,2308.1,4,2308.3,08:00:00.325373706
1,2308.1,4,2308.3,08:00:00.325437380
1,2308.1,4,2308.3,08:00:00.325617525
1,2308.1,4,2308.3,08:00:00.325634716
1,2308.1,4,2308.3,08:00:00.325652480
1,2308.1,4,2308.3,08:00:00.325667168
2,2308.1,4,2308.3,08:00:00.325702794
2,2308.1,4,2308.3,08:00:00.325851680
3,2308.1,4,2308.3,08:00:00.325928635
4,2308.1,4,2308.3,08:00:00.325946985
4,2308.1,4,2308.3,08:00:00.326060792
4,2308.1,4,2308.3,08:00:00.444445441
4,2308.1,5,2308.3,08:00:00.446268624
4,2308.1,6,2308.3,08:00:00.479834119
5,2308.0,6,2308.3,08:00:00.480137190
5,2308.0,6,2308.3,08:00:00.480137190
5,2308.0,1,2308.2,08:00:00.480223725
5,2308.0,2,2308.2,08:00:00.480611967
4,2308.0,2,2308.2,08:00:00.480626787
4,2308.0,3,2308.2,08:00:00.480715095
3,2308.0,3,2308.2,08:00:00.480792025
3,2308.0,4,2308.2,08:00:00.480818074
3,2308.0,4,2308.2,08:00:00.480855425
3,2308.0,5,2308.2,08:00:00.480873493
3,2308.0,5,2308.2,08:00:00.481008132
3,2308.0,6,2308.2,08:00:00.481127268
3,2308.0,7,2308.2,08:00:00.481145428
3,2308.0,8,2308.2,08:00:00.481159361
3,2308.0,9,2308.2,08:00:00.481218885
3,2308.0,9,2308.2,08:00:00.481256641
3,2308.0,9,2308.2,08:00:00.481287474
2,2308.0,9,2308.2,08:00:00.481400460
8,2307.9,9,2308.2,08:00:00.481849375
8,2307.9,9,2308.2,08:00:00.481849375
8,2307.9,8,2308.2,08:00:00.481893826
8,2307.9,1,2308.1,08:00:00.482113559
8,2307.9,2,2308.1,08:00:00.482183337
7,2307.9,2,2308.1,08:00:00.482196556
7,2307.9,3,2308.1,08:00:00.482296481
7,2307.9,3,2308.1,08:00:00.482323418
7,2307.9,3,2308.1,08:00:00.482336596
7,2307.9,3,2308.1,08:00:00.482468997
6,2307.9,3,2308.1,08:00:00.482541260
6,2307.9,3,2308.1,08:00:00.482541260
6,2307.9,3,2308.1,08:00:00.482561194
6,2307.9,4,2308.1,08:00:00.482721178
6,2307.9,4,2308.1,08:00:00.482735063
6,2307.9,4,2308.1,08:00:00.482749719
6,2307.9,4,2308.1,08:00:00.482749719
6,2307.9,4,2308.1,08:00:00.482778753
6,2307.9,4,2308.1,08:00:00.482791589
6,2307.9,5,2308.1,08:00:00.482817839
6,2307.9,5,2308.1,08:00:00.482908776
6,2307.9,5,2308.1,08:00:00.482908776
6,2307.9,5,2308.1,08:00:00.482974678
6,2307.9,5,2308.1,08:00:00.482991305
6,2307.9,5,2308.1,08:00:00.483033949
6,2307.9,5,2308.1,08:00:00.483098840
6,2307.9,5,2308.1,08:00:00.483261791
6,2307.9,5,2308.1,08:00:00.488350142
6,2307.9,6,2308.1,08:00:00.489682912
6,2307.9,6,2308.1,08:00:00.489682912
6,2307.9,6,2308.1,08:00:00.489806983
6,2307.9,6,2308.1,08:00:00.489933147
6,2307.9,5,2308.1,08:00:00.504487347
6,2307.9,5,2308.1,08:00:00.504616412
6,2307.9,5,2308.1,08:00:00.508737670
6,2307.9,5,2308.1,08:00:00.530136273
6,2307.9,5,2308.1,08:00:00.532926218
6,2307.9,6,2308.1,08:00:00.593265576
6,2307.9,6,2308.1,08:00:00.594924493
6,2307.9,7,2308.1,08:00:00.683447676
6,2307.9,7,2308.1,08:00:00.683589365
4,2307.9,7,2308.1,08:00:00.759718794
4,2307.9,7,2308.1,08:00:00.759718794
4,2307.9,7,2308.1,08:00:00.759733435
4,2307.9,7,2308.1,08:00:00.759733435
4,2307.9,7,2308.1,08:00:00.759747547
4,2307.9,7,2308.1,08:00:00.759747547
4,2307.9,7,2308.1,08:00:00.759764690
4,2307.9,7,2308.1,08:00:00.759764690
5,2307.9,7,2308.1,08:00:01.062340933
5,2307.9,7,2308.1,08:00:01.062340933
5,2307.9,6,2308.1,08:00:01.062579879
5,2307.9,5,2308.1,08:00:01.062718143
5,2307.9,5,2308.1,08:00:01.062733408
5,2307.9,5,2308.1,08:00:01.077503065
5,2307.9,4,2308.1,08:00:01.078699282
5,2307.9,5,2308.1,08:00:01.145955274
4,2307.9,5,2308.1,08:00:01.146320830
4,2307.9,5,2308.1,08:00:01.146320830
4,2307.9,1,2308.0,08:00:01.233658194
4,2307.9,1,2308.0,08:00:01.233658194
4,2307.9,1,2308.0,08:00:01.233805902
4,2307.9,1,2308.0,08:00:01.233837692
4,2307.9,1,2308.0,08:00:01.233852268
4,2307.9,1,2308.0,08:00:01.234242903
4,2307.9,1,2308.0,08:00:01.234259118
4,2307.9,1,2308.0,08:00:01.234276868
4,2307.9,2,2308.0,08:00:01.235570222
3,2307.9,2,2308.0,08:00:01.235761698
2,2307.9,2,2308.0,08:00:01.235792121
1,2307.9,2,2308.0,08:00:01.235919106
7,2307.8,2,2308.0,08:00:01.236093487
7,2307.8,2,2308.0,08:00:01.236093487
7,2307.8,2,2308.0,08:00:01.236268025
7,2307.8,2,2308.0,08:00:01.236311933
7,2307.8,2,2308.0,08:00:01.236349179
7,2307.8,2,2308.0,08:00:01.236349179
7,2307.8,2,2308.0,08:00:01.238398074
7,2307.8,2,2308.0,08:00:01.257804001
7,2307.8,1,2308.0,08:00:01.258972383
1,2307.9,1,2308.0,08:00:01.259110107
1,2307.9,1,2308.0,08:00:01.259135196
2,2307.9,1,2308.0,08:00:01.259305036
3,2307.9,1,2308.0,08:00:01.259338643
3,2307.9,1,2308.0,08:00:01.259690833
3,2307.9,2,2308.0,08:00:01.284486579
3,2307.9,3,2308.0,08:00:01.284504922
2,2307.9,3,2308.0,08:00:01.284653268
1,2307.9,3,2308.0,08:00:01.284683796
7,2307.8,3,2308.0,08:00:01.284785424
7,2307.8,3,2308.0,08:00:01.284785424
7,2307.8,4,2308.0,08:00:01.289053762
7,2307.8,4,2308.0,08:00:01.289184200
6,2307.8,4,2308.0,08:00:01.403378958
6,2307.8,4,2308.0,08:00:01.403378958
6,2307.8,4,2308.0,08:00:01.403514644
6,2307.8,3,2308.0,08:00:01.407170813
6,2307.8,4,2308.0,08:00:02.037584002
6,2307.8,4,2308.0,08:00:02.037584002
6,2307.8,1,2307.9,08:00:02.414748964
5,2307.8,1,2307.9,08:00:02.414981302
5,2307.8,1,2307.9,08:00:02.414995885
5,2307.8,1,2307.9,08:00:02.415047626
4,2307.8,1,2307.9,08:00:02.415065365
4,2307.8,1,2307.9,08:00:02.415102085
3,2307.8,1,2307.9,08:00:02.415123842
3,2307.8,1,2307.9,08:00:02.415156471
2,2307.8,1,2307.9,08:00:02.415272409
2,2307.8,1,2307.9,08:00:02.415286933
2,2307.8,1,2307.9,08:00:02.415286933
2,2307.8,1,2307.9,08:00:02.415408386
2,2307.8,1,2307.9,08:00:02.415492201
2,2307.8,1,2307.9,08:00:02.415509725
2,2307.8,1,2307.9,08:00:02.417418666
2,2307.8,2,2307.9,08:00:02.437925303
2,2307.8,2,2307.9,08:00:02.437925303
2,2307.8,2,2307.9,08:00:02.438055434
2,2307.8,2,2307.9,08:00:02.438099835
2,2307.8,2,2307.9,08:00:02.438133704
2,2307.8,3,2307.9,08:00:02.465591073
2,2307.8,4,2307.9,08:00:02.465607323
1,2307.8,4,2307.9,08:00:02.465876806
7,2307.7,4,2307.9,08:00:02.465994585
7,2307.7,4,2307.9,08:00:02.465994585
6,2307.7,4,2307.9,08:00:02.466039188
6,2307.7,4,2307.9,08:00:02.466212118
6,2307.7,4,2307.9,08:00:02.466381150
6,2307.7,5,2307.9,08:00:02.466381150
6,2307.7,5,2307.9,08:00:02.466390833
6,2307.7,1,2307.8,08:00:02.466395976
6,2307.7,1,2307.8,08:00:02.466817149
6,2307.7,1,2307.8,08:00:02.466841309
6,2307.7,1,2307.8,08:00:02.466878711
6,2307.7,1,2307.8,08:00:02.466892853
5,2307.7,1,2307.8,08:00:02.466924684
5,2307.7,1,2307.8,08:00:02.467046379
5,2307.7,1,2307.8,08:00:02.467046379
5,2307.7,1,2307.8,08:00:02.467220312
5,2307.7,1,2307.8,08:00:02.467811886
4,2307.7,1,2307.8,08:00:02.467834583
4,2307.7,1,2307.8,08:00:02.467848120
4,2307.7,1,2307.8,08:00:02.502762439
4,2307.7,1,2307.8,08:00:02.515676459
4,2307.7,1,2307.8,08:00:02.515863208
4,2307.7,2,2307.8,08:00:02.626121581
3,2307.7,2,2307.8,08:00:02.626291402
3,2307.7,3,2307.8,08:00:02.653369665
3,2307.7,3,2307.8,08:00:02.653369665
3,2307.7,3,2307.8,08:00:02.653508078
3,2307.7,3,2307.8,08:00:02.653521806
3,2307.7,3,2307.8,08:00:02.673172336
3,2307.7,4,2307.8,08:00:02.779008686
3,2307.7,4,2307.8,08:00:02.779135672
1,2307.7,4,2307.8,08:00:02.814646172
10,2307.6,4,2307.8,08:00:02.815099832
10,2307.6,4,2307.8,08:00:02.815099832
10,2307.6,4,2307.8,08:00:02.815217464
10,2307.6,1,2307.7,08:00:02.815600168
10,2307.6,1,2307.7,08:00:02.815742936
10,2307.6,1,2307.7,08:00:02.815762428
9,2307.6,1,2307.7,08:00:02.815778441
8,2307.6,1,2307.7,08:00:02.815800643
8,2307.6,1,2307.7,08:00:02.815991172
8,2307.6,1,2307.7,08:00:02.816051514
8,2307.6,1,2307.7,08:00:02.817379072
8,2307.6,1,2307.7,08:00:02.817379072
8,2307.6,1,2307.7,08:00:02.818710797
8,2307.6,1,2307.7,08:00:02.825232678
8,2307.6,1,2307.7,08:00:02.829279865
8,2307.6,1,2307.7,08:00:02.835572795
8,2307.6,1,2307.7,08:00:02.835572795
6,2307.6,1,2307.7,08:00:03.072707760
6,2307.6,1,2307.7,08:00:03.072707760
6,2307.6,1,2307.7,08:00:03.072719706
6,2307.6,1,2307.7,08:00:03.072719706
6,2307.6,1,2307.7,08:00:03.072735792
6,2307.6,1,2307.7,08:00:03.072735792
6,2307.6,1,2307.7,08:00:03.072749796
6,2307.6,1,2307.7,08:00:03.072749796
6,2307.6,2,2307.7,08:00:03.087455237
6,2307.6,2,2307.7,08:00:03.087595100
5,2307.6,2,2307.7,08:00:03.087611894
5,2307.6,3,2307.7,08:00:03.219696523
4,2307.6,3,2307.7,08:00:03.219803825
3,2307.6,3,2307.7,08:00:03.219841889
3,2307.6,3,2307.7,08:00:03.219874143
2,2307.6,3,2307.7,08:00:03.219939427
2,2307.6,3,2307.7,08:00:03.232228766
2,2307.6,3,2307.7,08:00:03.232242091
2,2307.6,4,2307.7,08:00:03.242168268
2,2307.6,4,2307.7,08:00:03.242168268
2,2307.6,4,2307.7,08:00:03.301100890
2,2307.6,4,2307.7,08:00:03.851732792
2,2307.6,5,2307.7,08:00:04.036979976
2,2307.6,5,2307.7,08:00:04.036979976
2,2307.6,3,2307.7,08:00:04.669960777
2,2307.6,2,2307.8,08:00:04.670228799
2,2307.6,2,2307.8,08:00:04.670228799
3,2307.6,2,2307.8,08:00:04.670271392
3,2307.6,2,2307.8,08:00:04.670424204
1,2307.7,2,2307.8,08:00:04.670472147
1,2307.7,2,2307.8,08:00:04.670566316
1,2307.7,2,2307.8,08:00:04.670602976
2,2307.7,2,2307.8,08:00:04.670736070
2,2307.7,2,2307.8,08:00:04.670745782
1,2307.7,2,2307.8,08:00:04.670931444
1,2307.7,1,2307.8,08:00:04.670974702
1,2307.7,1,2307.8,08:00:04.670984545
5,2307.6,1,2307.8,08:00:04.671101828
5,2307.6,1,2307.8,08:00:04.671101828
4,2307.6,1,2307.8,08:00:04.671223264
4,2307.6,3,2307.9,08:00:04.676508151
4,2307.6,3,2307.9,08:00:04.676508151
4,2307.6,4,2307.9,08:00:04.676635462
4,2307.6,5,2307.9,08:00:04.676655290
4,2307.6,5,2307.9,08:00:04.676670212
4,2307.6,4,2307.9,08:00:04.676689633
4,2307.6,5,2307.9,08:00:04.676736038
4,2307.6,5,2307.9,08:00:04.678322642
4,2307.6,5,2307.9,08:00:04.678426158
4,2307.6,8,2307.9,08:00:04.679382545
4,2307.6,1,2307.8,08:00:04.679509459
4,2307.6,2,2307.8,08:00:04.679538874
4,2307.6,3,2307.8,08:00:04.679631932
4,2307.6,3,2307.8,08:00:04.679642956
3,2307.6,3,2307.8,08:00:04.679664595
3,2307.6,4,2307.8,08:00:04.679682535
3,2307.6,4,2307.8,08:00:04.679698227
3,2307.6,4,2307.8,08:00:04.679730193
2,2307.6,4,2307.8,08:00:04.679751407
2,2307.6,5,2307.8,08:00:04.679779910
2,2307.6,6,2307.8,08:00:04.682424699
2,2307.6,6,2307.8,08:00:04.682424699
2,2307.6,6,2307.8,08:00:04.682549671
2,2307.6,5,2307.8,08:00:05.564411805
2,2307.6,5,2307.8,08:00:05.564553476
3,2307.6,5,2307.8,08:00:05.608463220
3,2307.6,4,2307.8,08:00:05.611852169
4,2307.6,4,2307.8,08:00:05.611976278
4,2307.6,3,2307.8,08:00:05.611994182
4,2307.6,4,2307.8,08:00:05.615791451
4,2307.6,4,2307.8,08:00:05.724229579
4,2307.6,1,2307.7,08:00:07.805490174
3,2307.6,1,2307.7,08:00:07.805737382
2,2307.6,1,2307.7,08:00:07.805763466
2,2307.6,2,2307.7,08:00:07.841363181
2,2307.6,2,2307.7,08:00:07.841363181
2,2307.6,2,2307.7,08:00:08.407022538
2,2307.6,3,2307.7,08:00:09.101130617
2,2307.6,3,2307.7,08:00:09.119555782
3,2307.6,3,2307.7,08:00:09.366491787
3,2307.6,3,2307.7,08:00:09.366491787
2,2307.6,3,2307.7,08:00:09.367153627
2,2307.6,3,2307.7,08:00:09.367153627
2,2307.6,3,2307.7,08:00:09.689704849
2,2307.6,3,2307.7,08:00:10.819616700
6,2307.5,3,2307.7,08:00:11.866447644
5,2307.5,3,2307.7,08:00:11.866447644
5,2307.5,3,2307.7,08:00:11.866447644
4,2307.5,3,2307.7,08:00:11.866597315
4,2307.5,3,2307.7,08:00:11.866851275
4,2307.5,3,2307.7,08:00:11.866935483
4,2307.5,4,2307.7,08:00:11.866999569
4,2307.5,4,2307.7,08:00:11.867042498
4,2307.5,5,2307.7,08:00:11.867079145
4,2307.5,5,2307.7,08:00:11.867274710
4,2307.5,5,2307.7,08:00:11.867435920
4,2307.5,5,2307.7,08:00:11.867486392
4,2307.5,5,2307.7,08:00:11.867486392
4,2307.5,5,2307.7,08:00:11.867503169
7,2307.4,5,2307.7,08:00:11.868132164
7,2307.4,5,2307.7,08:00:11.868132164
7,2307.4,1,2307.6,08:00:11.868324808
7,2307.4,1,2307.6,08:00:11.868398314
7,2307.4,1,2307.6,08:00:11.868480396
7,2307.4,1,2307.6,08:00:11.868518243
7,2307.4,1,2307.6,08:00:11.868578973
7,2307.4,2,2307.6,08:00:11.868660098
7,2307.4,2,2307.6,08:00:11.868697942
7,2307.4,2,2307.6,08:00:11.868785976
7,2307.4,2,2307.6,08:00:11.868806738
7,2307.4,3,2307.6,08:00:11.868842118
7,2307.4,3,2307.6,08:00:11.868875146
7,2307.4,4,2307.6,08:00:11.868987689
7,2307.4,4,2307.6,08:00:11.869017000
1,2307.5,4,2307.6,08:00:11.869048892
1,2307.5,3,2307.6,08:00:11.869221306
1,2307.5,3,2307.6,08:00:11.869344989
1,2307.5,4,2307.6,08:00:11.874439421
7,2307.4,4,2307.6,08:00:11.874578697
7,2307.4,4,2307.6,08:00:11.874578697
7,2307.4,4,2307.6,08:00:11.874598909
7,2307.4,5,2307.6,08:00:11.876107227
7,2307.4,5,2307.6,08:00:11.876107227
7,2307.4,5,2307.6,08:00:11.876427044
7,2307.4,5,2307.6,08:00:11.876438369
7,2307.4,5,2307.6,08:00:11.877205265
7,2307.4,5,2307.6,08:00:11.964798644
7,2307.4,6,2307.6,08:00:11.964926129
6,2307.4,6,2307.6,08:00:11.980244543
5,2307.4,6,2307.6,08:00:11.980458842
5,2307.4,7,2307.6,08:00:11.997144341
5,2307.4,7,2307.6,08:00:11.997144341
3,2307.4,7,2307.6,08:00:12.297725718
3,2307.4,7,2307.6,08:00:12.297725718
3,2307.4,7,2307.6,08:00:12.297737113
3,2307.4,7,2307.6,08:00:12.297737113
3,2307.4,7,2307.6,08:00:12.297756646
3,2307.4,7,2307.6,08:00:12.297756646
3,2307.4,7,2307.6,08:00:12.297770487
3,2307.4,7,2307.6,08:00:12.297770487
3,2307.4,7,2307.6,08:00:12.297874792
4,2307.4,7,2307.6,08:00:12.299260631
4,2307.4,1,2307.5,08:00:12.318381579
4,2307.4,1,2307.5,08:00:12.318381579
4,2307.4,1,2307.5,08:00:12.319002882
4,2307.4,1,2307.5,08:00:12.319014331
4,2307.4,1,2307.5,08:00:12.320075562
4,2307.4,6,2307.6,08:00:12.336868633
4,2307.4,6,2307.6,08:00:12.336868633
4,2307.4,5,2307.6,08:00:12.337039638
1,2307.5,5,2307.6,08:00:12.337077463
1,2307.5,4,2307.6,08:00:12.337212378
1,2307.5,4,2307.6,08:00:12.338708132
1,2307.5,3,2307.6,08:00:12.341979862
1,2307.5,3,2307.6,08:00:12.342269737
1,2307.5,3,2307.6,08:00:12.862409106
2,2307.5,3,2307.6,08:00:13.174495549
2,2307.5,2,2307.6,08:00:13.174614994
2,2307.5,1,2307.6,08:00:13.174726497
2,2307.5,1,2307.6,08:00:13.183042905
2,2307.5,2,2307.6,08:00:13.216944461
2,2307.5,2,2307.6,08:00:13.269405401
1,2307.5,2,2307.6,08:00:13.278663744
4,2307.4,2,2307.6,08:00:13.278964134
4,2307.4,2,2307.6,08:00:13.278964134
4,2307.4,3,2307.6,08:00:13.279097320
4,2307.4,3,2307.6,08:00:13.279233034
2,2307.5,3,2307.6,08:00:13.789050106
2,2307.5,3,2307.6,08:00:13.789050106
2,2307.5,3,2307.6,08:00:13.789070324
2,2307.5,3,2307.6,08:00:13.789070324
2,2307.5,2,2307.6,08:00:13.789221933
2,2307.5,2,2307.6,08:00:13.789305039
2,2307.5,1,2307.6,08:00:13.813460088
2,2307.5,6,2307.7,08:00:13.813463359
2,2307.5,6,2307.7,08:00:13.813463359
3,2307.5,6,2307.7,08:00:13.813665343
3,2307.5,5,2307.7,08:00:13.813679557
3,2307.5,5,2307.7,08:00:13.813753573
3,2307.5,5,2307.7,08:00:13.813784098
3,2307.5,4,2307.7,08:00:13.813804147
4,2307.5,4,2307.7,08:00:13.813822780
4,2307.5,4,2307.7,08:00:13.813889278
4,2307.5,4,2307.7,08:00:13.813949026
4,2307.5,5,2307.7,08:00:13.915846810
2,2307.5,5,2307.7,08:00:14.201616651
2,2307.5,5,2307.7,08:00:14.201630021
2,2307.5,5,2307.7,08:00:14.201630021
2,2307.5,1,2307.6,08:00:14.201769633
2,2307.5,1,2307.6,08:00:14.201985510
2,2307.5,1,2307.6,08:00:14.202017574
2,2307.5,1,2307.6,08:00:14.202135042
2,2307.5,5,2307.7,08:00:15.055240830
2,2307.5,5,2307.7,08:00:15.055240830
2,2307.5,5,2307.7,08:00:15.055419320
2,2307.5,6,2307.7,08:00:15.059583570
2,2307.5,1,2307.6,08:00:15.059728039
1,2307.5,1,2307.6,08:00:15.059907455
4,2307.4,1,2307.6,08:00:15.059957529
4,2307.4,1,2307.6,08:00:15.059957529
4,2307.4,1,2307.6,08:00:15.060040161
4,2307.4,2,2307.6,08:00:15.060140941
5,2307.4,2,2307.6,08:00:15.060213717
5,2307.4,2,2307.6,08:00:15.060296624
5,2307.4,2,2307.6,08:00:15.068416144
5,2307.4,2,2307.6,08:00:15.070334695
1,2307.5,2,2307.6,08:00:15.980891293
1,2307.5,1,2307.6,08:00:15.981028355
1,2307.5,6,2307.7,08:00:15.981123506
1,2307.5,6,2307.7,08:00:15.981123506
1,2307.5,6,2307.7,08:00:15.981172969
2,2307.5,6,2307.7,08:00:15.981206449
2,2307.5,6,2307.7,08:00:15.981320106
2,2307.5,6,2307.7,08:00:15.981339040
2,2307.5,5,2307.7,08:00:15.985782537
2,2307.5,5,2307.7,08:00:16.041873596
2,2307.5,4,2307.7,08:00:17.084949294
2,2307.5,4,2307.7,08:00:17.093224080
2,2307.5,4,2307.7,08:00:17.103603257
3,2307.5,4,2307.7,08:00:18.850893437
4,2307.5,4,2307.7,08:00:19.746341813
1,2307.6,4,2307.7,08:00:19.749232524
1,2307.6,4,2307.7,08:00:19.749377941
1,2307.6,4,2307.7,08:00:19.749463444
1,2307.6,3,2307.7,08:00:19.749490245
1,2307.6,3,2307.7,08:00:19.749505816
1,2307.6,3,2307.7,08:00:19.749526623
2,2307.6,3,2307.7,08:00:19.754903073
1,2307.6,3,2307.7,08:00:19.765700147
2,2307.6,3,2307.7,08:00:19.766015677
1,2307.6,3,2307.7,08:00:19.766176334
6,2307.5,3,2307.7,08:00:19.795192972
6,2307.5,3,2307.7,08:00:19.795192972
5,2307.5,3,2307.7,08:00:19.795337061
1,2307.6,3,2307.7,08:00:19.966378744
1,2307.6,3,2307.7,08:00:19.966644942
2,2307.6,3,2307.7,08:00:19.969523582
3,2307.6,3,2307.7,08:00:19.969644744
3,2307.6,3,2307.7,08:00:19.969661326
3,2307.6,2,2307.7,08:00:20.100541654
3,2307.6,1,2307.7,08:00:20.100966172
3,2307.6,3,2307.8,08:00:20.101188774
3,2307.6,3,2307.8,08:00:20.101188774
3,2307.6,2,2307.8,08:00:20.101218266
3,2307.6,1,2307.8,08:00:20.101260724
4,2307.6,1,2307.8,08:00:20.101415966
5,2307.6,1,2307.8,08:00:20.101433848
5,2307.6,10,2307.9,08:00:20.101490877
5,2307.6,10,2307.9,08:00:20.101490877
5,2307.6,10,2307.9,08:00:20.101522791
4,2307.6,10,2307.9,08:00:20.101557483
4,2307.6,10,2307.9,08:00:20.101572286
4,2307.6,10,2307.9,08:00:20.101589151
4,2307.6,10,2307.9,08:00:20.101632902
4,2307.6,9,2307.9,08:00:20.101674611
4,2307.6,9,2307.9,08:00:20.101763480
4,2307.6,9,2307.9,08:00:20.101763480
4,2307.6,9,2307.9,08:00:20.109534794
4,2307.6,9,2307.9,08:00:20.109549457
4,2307.6,9,2307.9,08:00:20.109562776
4,2307.6,9,2307.9,08:00:20.111800578
4,2307.6,9,2307.9,08:00:20.115229377
4,2307.6,1,2307.8,08:00:20.196020253
4,2307.6,1,2307.8,08:00:20.196176941
4,2307.6,1,2307.8,08:00:20.196231422
4,2307.6,2,2307.8,08:00:20.196259906
4,2307.6,3,2307.8,08:00:20.196344970
4,2307.6,3,2307.8,08:00:20.196945760
4,2307.6,4,2307.8,08:00:20.199452245
4,2307.6,4,2307.8,08:00:20.199585099
4,2307.6,4,2307.8,08:00:20.360223569
4,2307.6,4,2307.8,08:00:20.360223569
4,2307.6,4,2307.8,08:00:20.360237995
4,2307.6,4,2307.8,08:00:20.360237995
4,2307.6,3,2307.8,08:00:20.623933784
4,2307.6,2,2307.8,08:00:20.624064833
1,2307.7,2,2307.8,08:00:20.624094130
1,2307.7,2,2307.8,08:00:20.624204408
1,2307.7,1,2307.8,08:00:20.628458970
1,2307.7,10,2307.9,08:00:20.628617431
1,2307.7,10,2307.9,08:00:20.628617431
1,2307.7,10,2307.9,08:00:20.628731920
1,2307.7,9,2307.9,08:00:20.628745433
1,2307.7,1,2307.8,08:00:20.628795399
1,2307.7,1,2307.8,08:00:20.628927696
1,2307.7,1,2307.8,08:00:20.629008258
1,2307.7,1,2307.8,08:00:20.679813334
1,2307.7,1,2307.8,08:00:20.679952457
1,2307.7,1,2307.8,08:00:20.772846704
1,2307.7,1,2307.8,08:00:20.772846704
1,2307.7,1,2307.8,08:00:20.772858515
1,2307.7,1,2307.8,08:00:20.772858515
5,2307.6,1,2307.8,08:00:20.786208844
5,2307.6,1,2307.8,08:00:20.786208844
5,2307.6,2,2307.8,08:00:20.786393561
5,2307.6,3,2307.8,08:00:20.786413718
5,2307.6,4,2307.8,08:00:20.786430458
4,2307.6,4,2307.8,08:00:20.786533094
4,2307.6,3,2307.8,08:00:20.786618999
4,2307.6,4,2307.8,08:00:20.786637299
3,2307.6,4,2307.8,08:00:20.786759943
3,2307.6,4,2307.8,08:00:20.786888364
3,2307.6,5,2307.8,08:00:20.790187528
2,2307.6,5,2307.8,08:00:20.950363496
2,2307.6,1,2307.7,08:00:20.950514107
1,2307.6,1,2307.7,08:00:20.950590195
1,2307.6,1,2307.7,08:00:20.950740850
1,2307.6,2,2307.7,08:00:20.950858389
1,2307.6,3,2307.7,08:00:20.950984216
6,2307.5,3,2307.7,08:00:20.951165528
6,2307.5,3,2307.7,08:00:20.951165528
6,2307.5,3,2307.7,08:00:20.951364428
5,2307.5,3,2307.7,08:00:20.951424641
5,2307.5,3,2307.7,08:00:20.951467016
6,2307.5,3,2307.7,08:00:20.951485378
6,2307.5,4,2307.7,08:00:20.954408163
5,2307.5,4,2307.7,08:00:21.030884463
5,2307.5,4,2307.7,08:00:21.030884463
5,2307.5,2,2307.6,08:00:21.145397166
4,2307.5,2,2307.6,08:00:21.145555128
4,2307.5,2,2307.6,08:00:21.145586860
4,2307.5,2,2307.6,08:00:21.145617580
3,2307.5,2,2307.6,08:00:21.145639401
3,2307.5,2,2307.6,08:00:21.145655376
3,2307.5,2,2307.6,08:00:21.145669888
3,2307.5,2,2307.6,08:00:21.158244957
3,2307.5,2,2307.6,08:00:21.465321671
3,2307.5,2,2307.6,08:00:21.511922522
2,2307.5,2,2307.6,08:00:22.347571106
1,2307.5,2,2307.6,08:00:22.347704906
1,2307.5,2,2307.6,08:00:22.347709066
1,2307.5,2,2307.6,08:00:22.347727389
1,2307.5,2,2307.6,08:00:22.347867396
1,2307.5,3,2307.6,08:00:22.351759855
1,2307.5,3,2307.6,08:00:22.351759855
1,2307.5,4,2307.6,08:00:22.805843183
6,2307.4,4,2307.6,08:00:22.806322248
6,2307.4,4,2307.6,08:00:22.806322248
5,2307.4,4,2307.6,08:00:22.806573649
5,2307.4,4,2307.6,08:00:22.806573649
5,2307.4,4,2307.6,08:00:22.806650354
5,2307.4,5,2307.6,08:00:22.806777115
5,2307.4,5,2307.6,08:00:22.806841928
5,2307.4,4,2307.6,08:00:22.807203140
5,2307.4,5,2307.6,08:00:22.807398379
5,2307.4,5,2307.6,08:00:22.814617791
5,2307.4,5,2307.6,08:00:22.824183005
2,2307.5,5,2307.6,08:00:23.181091048
2,2307.5,4,2307.6,08:00:23.181242732
2,2307.5,2,2307.6,08:00:23.185399769
5,2307.4,2,2307.6,08:00:23.185622369
5,2307.4,2,2307.6,08:00:23.185622369
5,2307.4,3,2307.6,08:00:23.185845986
5,2307.4,2,2307.6,08:00:23.186678230
5,2307.4,2,2307.6,08:00:23.193754414
5,2307.4,2,2307.6,08:00:23.598728439
5,2307.4,2,2307.6,08:00:23.598728439
5,2307.4,2,2307.6,08:00:23.598744404
5,2307.4,2,2307.6,08:00:23.598744404
5,2307.4,3,2307.6,08:00:23.598870022
5,2307.4,4,2307.6,08:00:23.600642298
4,2307.4,4,2307.6,08:00:23.600773280
4,2307.4,5,2307.6,08:00:23.600790791
3,2307.4,5,2307.6,08:00:23.600811303
3,2307.4,1,2307.5,08:00:23.600924946
3,2307.4,1,2307.5,08:00:23.600979543
2,2307.4,1,2307.5,08:00:23.601189647
2,2307.4,1,2307.5,08:00:23.601227932
2,2307.4,1,2307.5,08:00:23.601227932
2,2307.4,2,2307.5,08:00:23.601354354
1,2307.4,2,2307.5,08:00:23.601495669
8,2307.3,2,2307.5,08:00:23.601958862
8,2307.3,2,2307.5,08:00:23.601958862
8,2307.3,2,2307.5,08:00:23.602174764
8,2307.3,2,2307.5,08:00:23.602853958
8,2307.3,2,2307.5,08:00:23.608008334
8,2307.3,2,2307.5,08:00:23.608008334
8,2307.3,2,2307.5,08:00:23.610255058
8,2307.3,2,2307.5,08:00:23.611244627
8,2307.3,3,2307.5,08:00:23.653368210
8,2307.3,4,2307.5,08:00:23.655449798
8,2307.3,4,2307.5,08:00:23.655449798
8,2307.3,4,2307.5,08:00:23.667797540
8,2307.3,4,2307.5,08:00:23.667813544
8,2307.3,4,2307.5,08:00:23.758066013
8,2307.3,4,2307.5,08:00:23.758183270
8,2307.3,3,2307.5,08:00:23.760795200
8,2307.3,3,2307.5,08:00:23.760928035
8,2307.3,3,2307.5,08:00:23.769181164
8,2307.3,4,2307.5,08:00:23.826145846
7,2307.3,4,2307.5,08:00:23.826226552
7,2307.3,4,2307.5,08:00:23.826630688
7,2307.3,4,2307.5,08:00:23.826630688
9,2307.3,4,2307.5,08:00:24.011315726
9,2307.3,4,2307.5,08:00:24.011315726
9,2307.3,3,2307.5,08:00:24.011571242
9,2307.3,3,2307.5,08:00:24.092991546
9,2307.3,3,2307.5,08:00:24.092991546
9,2307.3,3,2307.5,08:00:24.093004970
9,2307.3,3,2307.5,08:00:24.093004970
9,2307.3,5,2307.5,08:00:24.205365766
7,2307.3,5,2307.5,08:00:24.423899460
7,2307.3,5,2307.5,08:00:24.423899460
7,2307.3,4,2307.5,08:00:24.573592640
7,2307.3,4,2307.5,08:00:24.634354806
7,2307.3,4,2307.5,08:00:24.634368909
7,2307.3,5,2307.5,08:00:24.634488569
7,2307.3,6,2307.5,08:00:24.637945612
7,2307.3,1,2307.4,08:00:24.638097937
7,2307.3,2,2307.4,08:00:24.638386353
6,2307.3,2,2307.4,08:00:24.638399365
6,2307.3,2,2307.4,08:00:24.638504835
6,2307.3,2,2307.4,08:00:24.638528036
5,2307.3,2,2307.4,08:00:24.638655508
4,2307.3,2,2307.4,08:00:24.638686535
3,2307.3,2,2307.4,08:00:24.638779369
3,2307.3,2,2307.4,08:00:24.639049945
3,2307.3,2,2307.4,08:00:24.639049945
3,2307.3,3,2307.4,08:00:24.688782513
3,2307.3,3,2307.4,08:00:24.688898045
3,2307.3,3,2307.4,08:00:24.688924074
3,2307.3,3,2307.4,08:00:24.688963131
3,2307.3,3,2307.4,08:00:24.688980670
3,2307.3,3,2307.4,08:00:24.688995106
3,2307.3,3,2307.4,08:00:25.356478824
3,2307.3,3,2307.4,08:00:25.617183029
6,2307.2,3,2307.4,08:00:25.845757694
6,2307.2,3,2307.4,08:00:25.845757694
6,2307.2,3,2307.4,08:00:25.845929057
6,2307.2,3,2307.4,08:00:25.845929057
5,2307.2,3,2307.4,08:00:25.846031274
5,2307.2,4,2307.4,08:00:25.846055415
4,2307.2,4,2307.4,08:00:25.846122722
3,2307.2,4,2307.4,08:00:25.846258062
3,2307.2,4,2307.4,08:00:25.846272597
3,2307.2,4,2307.4,08:00:25.846284738
3,2307.2,4,2307.4,08:00:25.846449785
3,2307.2,4,2307.4,08:00:25.846481196
4,2307.2,4,2307.4,08:00:25.846594376
4,2307.2,4,2307.4,08:00:25.846607478
4,2307.2,4,2307.4,08:00:25.846607478
4,2307.2,4,2307.4,08:00:25.846703723
4,2307.2,4,2307.4,08:00:25.846803629
4,2307.2,3,2307.4,08:00:25.847669307
1,2307.3,3,2307.4,08:00:25.881384468
1,2307.3,2,2307.4,08:00:25.881539768
1,2307.3,2,2307.4,08:00:25.881553048
1,2307.3,1,2307.4,08:00:25.881958291
1,2307.3,1,2307.4,08:00:25.882123498
1,2307.3,1,2307.4,08:00:26.226715147
1,2307.3,1,2307.4,08:00:26.245344534
1,2307.3,2,2307.4,08:00:26.408589999
5,2307.2,2,2307.4,08:00:26.408972294
5,2307.2,2,2307.4,08:00:26.408972294
4,2307.2,2,2307.4,08:00:26.409178171
4,2307.2,3,2307.4,08:00:26.409314394
4,2307.2,3,2307.4,08:00:26.421714199
4,2307.2,3,2307.4,08:00:26.425304299
4,2307.2,2,2307.3,08:00:26.425452510
3,2307.2,2,2307.3,08:00:26.425609746
3,2307.2,2,2307.3,08:00:26.425663292
3,2307.2,2,2307.3,08:00:26.425695805
3,2307.2,2,2307.3,08:00:26.425713582
3,2307.2,2,2307.3,08:00:26.425834339
2,2307.2,2,2307.3,08:00:26.425898881
2,2307.2,2,2307.3,08:00:26.425908696
2,2307.2,2,2307.3,08:00:26.425922171
2,2307.2,3,2307.3,08:00:26.476240781
2,2307.2,4,2307.3,08:00:26.499790986
2,2307.2,4,2307.3,08:00:26.499925488
2,2307.2,4,2307.3,08:00:26.518606343
2,2307.2,4,2307.3,08:00:26.518618663
6,2307.1,4,2307.3,08:00:26.797195599
6,2307.1,4,2307.3,08:00:26.797195599
6,2307.1,4,2307.3,08:00:26.797463198
6,2307.1,4,2307.3,08:00:26.797645595
6,2307.1,4,2307.3,08:00:26.797689603
5,2307.1,4,2307.3,08:00:26.797717574
5,2307.1,5,2307.3,08:00:26.797740977
5,2307.1,5,2307.3,08:00:26.797759847
5,2307.1,5,2307.3,08:00:26.797854105
4,2307.1,5,2307.3,08:00:26.797975096
4,2307.1,5,2307.3,08:00:26.798036675
4,2307.1,5,2307.3,08:00:26.798128274
1,2307.2,5,2307.3,08:00:26.799439401
4,2307.1,5,2307.3,08:00:26.799733308
4,2307.1,5,2307.3,08:00:26.799733308
4,2307.1,1,2307.2,08:00:26.799751305
4,2307.1,1,2307.2,08:00:26.799784455
4,2307.1,1,2307.2,08:00:26.799946918
4,2307.1,5,2307.3,08:00:26.800053801
4,2307.1,5,2307.3,08:00:26.800053801
4,2307.1,6,2307.3,08:00:26.800084384
4,2307.1,6,2307.3,08:00:26.800096511
4,2307.1,6,2307.3,08:00:26.800096511
4,2307.1,7,2307.3,08:00:26.800096511
4,2307.1,7,2307.3,08:00:26.800128538
4,2307.1,7,2307.3,08:00:26.800142526
4,2307.1,7,2307.3,08:00:26.800163908
4,2307.1,7,2307.3,08:00:26.800163908
3,2307.1,7,2307.3,08:00:26.800251638
3,2307.1,6,2307.3,08:00:26.800267763
3,2307.1,6,2307.3,08:00:26.800279757
3,2307.1,5,2307.3,08:00:26.800297588
4,2307.1,5,2307.3,08:00:26.800422464
4,2307.1,5,2307.3,08:00:26.808022675
3,2307.1,5,2307.3,08:00:26.866062438
3,2307.1,6,2307.3,08:00:26.866884259
4,2307.1,6,2307.3,08:00:26.903951895
5,2307.1,6,2307.3,08:00:26.936588708
5,2307.1,5,2307.3,08:00:26.936754276
6,2307.1,5,2307.3,08:00:26.936870064
6,2307.1,5,2307.3,08:00:26.936886126
1,2307.2,5,2307.3,08:00:26.937011865
1,2307.2,4,2307.3,08:00:26.937239711
2,2307.2,4,2307.3,08:00:26.942150186
2,2307.2,4,2307.3,08:00:27.037833828
1,2307.2,4,2307.3,08:00:27.055991874
1,2307.2,4,2307.3,08:00:27.056018808
5,2307.1,4,2307.3,08:00:27.056110986
5,2307.1,4,2307.3,08:00:27.056110986
5,2307.1,4,2307.3,08:00:27.056151825
7,2307.1,4,2307.3,08:00:27.064089166
7,2307.1,2,2307.3,08:00:27.065088242
1,2307.2,2,2307.3,08:00:27.065233013
1,2307.2,2,2307.3,08:00:27.065290905
2,2307.2,2,2307.3,08:00:27.065321060
3,2307.2,2,2307.3,08:00:27.065371605
3,2307.2,2,2307.4,08:00:27.065478826
3,2307.2,2,2307.4,08:00:27.065478826
3,2307.2,1,2307.3,08:00:27.065568245
4,2307.2,1,2307.3,08:00:27.065591171
4,2307.2,2,2307.4,08:00:27.065636633
4,2307.2,2,2307.4,08:00:27.065636633
4,2307.2,2,2307.4,08:00:27.065663020
5,2307.2,2,2307.4,08:00:27.065832641
5,2307.2,1,2307.4,08:00:27.065993402
5,2307.2,1,2307.4,08:00:27.065997498
4,2307.2,1,2307.4,08:00:27.066047510
3,2307.2,1,2307.4,08:00:27.066073523
3,2307.2,1,2307.4,08:00:27.066088825
3,2307.2,1,2307.4,08:00:27.066344309
3,2307.2,2,2307.4,08:00:27.066400950
3,2307.2,3,2307.4,08:00:27.066450689
3,2307.2,3,2307.4,08:00:27.073322462
3,2307.2,3,2307.4,08:00:27.093287248
3,2307.2,3,2307.4,08:00:27.093287248
3,2307.2,3,2307.4,08:00:27.098499641
3,2307.2,3,2307.4,08:00:27.115127364
2,2307.2,3,2307.4,08:00:27.139613806
2,2307.2,3,2307.4,08:00:27.153800716
2,2307.2,3,2307.4,08:00:27.197167406
2,2307.2,1,2307.3,08:00:27.197363963
1,2307.2,1,2307.3,08:00:27.197505736
1,2307.2,2,2307.3,08:00:27.197579785
6,2307.1,2,2307.3,08:00:27.197601348
6,2307.1,2,2307.3,08:00:27.197601348
6,2307.1,2,2307.3,08:00:27.197786929
6,2307.1,3,2307.3,08:00:27.197809346
8,2307.1,3,2307.3,08:00:27.332130394
8,2307.1,3,2307.3,08:00:27.332130394
8,2307.1,3,2307.3,08:00:27.332147400
8,2307.1,3,2307.3,08:00:27.332147400
8,2307.1,2,2307.3,08:00:27.332297076
8,2307.1,1,2307.3,08:00:27.332326027
1,2307.2,1,2307.3,08:00:27.332439482
1,2307.2,3,2307.4,08:00:27.332644648
1,2307.2,3,2307.4,08:00:27.332644648
2,2307.2,3,2307.4,08:00:27.332684655
2,2307.2,3,2307.4,08:00:27.332698063
3,2307.2,3,2307.4,08:00:27.332841862
4,2307.2,3,2307.4,08:00:27.332859734
4,2307.2,2,2307.4,08:00:27.332960593
5,2307.2,2,2307.4,08:00:27.333008255
5,2307.2,1,2307.4,08:00:27.333053568
5,2307.2,1,2307.4,08:00:27.333195192
5,2307.2,1,2307.4,08:00:27.476872577
5,2307.2,2,2307.4,08:00:27.625199643
4,2307.2,2,2307.4,08:00:27.625226984
4,2307.2,2,2307.4,08:00:27.880484424
4,2307.2,2,2307.4,08:00:27.880484424
4,2307.2,2,2307.4,08:00:27.880499043
4,2307.2,2,2307.4,08:00:27.880499043
4,2307.2,3,2307.4,08:00:27.909423061
4,2307.2,2,2307.4,08:00:27.970597764
4,2307.2,1,2307.4,08:00:27.970795736
1,2307.3,1,2307.4,08:00:27.970937783
1,2307.3,1,2307.4,08:00:27.970955141
4,2307.2,1,2307.4,08:00:27.971074225
4,2307.2,1,2307.4,08:00:27.971074225
4,2307.2,1,2307.4,08:00:27.971160627
5,2307.2,1,2307.4,08:00:27.971231646
4,2307.2,1,2307.4,08:00:27.981353725
4,2307.2,1,2307.4,08:00:28.293046306
4,2307.2,1,2307.4,08:00:28.293046306
4,2307.2,1,2307.4,08:00:29.964460720
6,2307.2,1,2307.4,08:00:30.364944352
1,2307.3,1,2307.4,08:00:30.365083689
1,2307.3,1,2307.4,08:00:30.365328958
2,2307.3,1,2307.4,08:00:30.365359813
2,2307.3,1,2307.4,08:00:30.365506121
2,2307.3,3,2307.5,08:00:30.365540195
2,2307.3,3,2307.5,08:00:30.365540195
2,2307.3,3,2307.5,08:00:30.365657625
3,2307.3,3,2307.5,08:00:30.365709872
3,2307.3,4,2307.5,08:00:30.365728612
3,2307.3,4,2307.5,08:00:30.368666271
4,2307.3,4,2307.5,08:00:31.372329802
4,2307.3,3,2307.5,08:00:31.372459680
4,2307.3,3,2307.5,08:00:31.372597583
4,2307.3,3,2307.5,08:00:31.380747798
4,2307.3,3,2307.5,08:00:31.390703147
4,2307.3,3,2307.5,08:00:31.471204871
4,2307.3,2,2307.5,08:00:31.833584562
5,2307.3,2,2307.5,08:00:31.833786003
1,2307.4,2,2307.5,08:00:31.834026670
1,2307.4,2,2307.5,08:00:31.834296055
2,2307.4,2,2307.5,08:00:31.834423229
2,2307.4,2,2307.5,08:00:31.834443840
2,2307.4,2,2307.5,08:00:31.834458123
2,2307.4,2,2307.5,08:00:31.834491384
2,2307.4,1,2307.5,08:00:31.868581398
2,2307.4,5,2307.6,08:00:31.868943636
2,2307.4,5,2307.6,08:00:31.868943636
2,2307.4,5,2307.6,08:00:31.868963525
3,2307.4,5,2307.6,08:00:31.869083578
4,2307.4,5,2307.6,08:00:31.869134545
4,2307.4,4,2307.6,08:00:31.869162281
4,2307.4,4,2307.6,08:00:31.869172507
4,2307.4,4,2307.6,08:00:31.869187563
4,2307.4,4,2307.6,08:00:31.869187563
4,2307.4,4,2307.6,08:00:31.869247895
4,2307.4,4,2307.6,08:00:31.880248443
4,2307.4,5,2307.6,08:00:31.887453996
4,2307.4,5,2307.6,08:00:31.887590450
4,2307.4,5,2307.6,08:00:31.888230901
4,2307.4,5,2307.6,08:00:31.997695978
3,2307.4,5,2307.6,08:00:32.110217814
2,2307.4,5,2307.6,08:00:32.410368918
2,2307.4,1,2307.5,08:00:32.410484856
7,2307.3,1,2307.5,08:00:32.410742225
7,2307.3,1,2307.5,08:00:32.410742225
7,2307.3,2,2307.5,08:00:32.410940901
6,2307.3,2,2307.5,08:00:32.410995206
6,2307.3,3,2307.5,08:00:32.411182624
6,2307.3,4,2307.5,08:00:32.411182624
6,2307.3,5,2307.5,08:00:32.411369425
6,2307.3,6,2307.5,08:00:32.411385889
6,2307.3,6,2307.5,08:00:32.411423461
6,2307.3,5,2307.5,08:00:32.560583163
6,2307.3,4,2307.5,08:00:32.560732367
6,2307.3,3,2307.5,08:00:32.560871640
6,2307.3,2,2307.5,08:00:32.568898965
6,2307.3,1,2307.5,08:00:32.568929299
6,2307.3,1,2307.5,08:00:32.631763786
6,2307.3,2,2307.5,08:00:32.758372498
6,2307.3,3,2307.5,08:00:32.758513864
8,2307.3,3,2307.5,08:00:33.365094491
8,2307.3,2,2307.5,08:00:33.365252468
8,2307.3,1,2307.5,08:00:33.365385975
8,2307.3,5,2307.6,08:00:33.709651206
8,2307.3,5,2307.6,08:00:33.709651206
1,2307.4,5,2307.6,08:00:33.709764091
2,2307.4,5,2307.6,08:00:33.709884548
2,2307.4,5,2307.6,08:00:33.710096450
2,2307.4,5,2307.6,08:00:33.710114019
3,2307.4,5,2307.6,08:00:33.710135472
4,2307.4,5,2307.6,08:00:33.710199537
4,2307.4,5,2307.6,08:00:33.718041301
4,2307.4,5,2307.6,08:00:34.128962052
4,2307.4,5,2307.6,08:00:34.128962052
4,2307.4,5,2307.6,08:00:34.128975227
4,2307.4,5,2307.6,08:00:34.128975227
2,2307.5,5,2307.6,08:00:34.129004011
2,2307.5,5,2307.6,08:00:34.129004011
2,2307.5,5,2307.6,08:00:34.129156014
4,2307.4,5,2307.6,08:00:34.129300817
4,2307.4,5,2307.6,08:00:34.129300817
4,2307.4,4,2307.6,08:00:34.129326659
4,2307.4,3,2307.6,08:00:34.129335850
4,2307.4,3,2307.6,08:00:34.129355735
4,2307.4,3,2307.6,08:00:34.129381733
4,2307.4,3,2307.6,08:00:34.129381733
4,2307.4,3,2307.6,08:00:34.129498037
3,2307.4,3,2307.6,08:00:34.129518322
2,2307.4,3,2307.6,08:00:34.129546896
2,2307.4,3,2307.6,08:00:34.129666529
2,2307.4,3,2307.6,08:00:34.137586081
3,2307.4,3,2307.6,08:00:34.137728945
3,2307.4,3,2307.6,08:00:34.420314640
3,2307.4,3,2307.6,08:00:34.541547334
3,2307.4,3,2307.6,08:00:34.541547334
3,2307.4,3,2307.6,08:00:34.541561367
3,2307.4,3,2307.6,08:00:34.541561367
3,2307.4,4,2307.6,08:00:34.541673855
3,2307.4,5,2307.6,08:00:34.541699715
2,2307.4,5,2307.6,08:00:34.541792958
1,2307.4,5,2307.6,08:00:34.846669031
1,2307.4,1,2307.5,08:00:34.846809536
1,2307.4,2,2307.5,08:00:34.855203347
7,2307.3,2,2307.5,08:00:34.855321020
7,2307.3,2,2307.5,08:00:34.855321020
7,2307.3,2,2307.5,08:00:34.855400151
7,2307.3,2,2307.5,08:00:34.855521760
7,2307.3,3,2307.5,08:00:34.855557275
7,2307.3,2,2307.5,08:00:34.855576801
7,2307.3,2,2307.5,08:00:34.957790398
7,2307.3,2,2307.5,08:00:34.957790398
7,2307.3,2,2307.5,08:00:34.957803909
7,2307.3,2,2307.5,08:00:34.957803909
7,2307.3,2,2307.5,08:00:36.893732014
10,2307.3,2,2307.5,08:00:37.334054520
1,2307.4,2,2307.5,08:00:37.334204864
2,2307.4,2,2307.5,08:00:37.334257788
2,2307.4,2,2307.5,08:00:37.334308976
2,2307.4,1,2307.5,08:00:37.334338004
2,2307.4,4,2307.6,08:00:37.334357928
2,2307.4,4,2307.6,08:00:37.334357928
3,2307.4,4,2307.6,08:00:37.334471409
3,2307.4,4,2307.6,08:00:37.334590477
4,2307.4,4,2307.6,08:00:37.334830817
4,2307.4,4,2307.6,08:00:37.346245103
4,2307.4,4,2307.6,08:00:37.353468533
4,2307.4,4,2307.6,08:00:37.758376797
4,2307.4,4,2307.6,08:00:37.758376797
4,2307.4,4,2307.6,08:00:37.758393437
4,2307.4,4,2307.6,08:00:37.758393437
1,2307.5,4,2307.6,08:00:38.444835234
1,2307.5,4,2307.6,08:00:38.444835234
1,2307.5,3,2307.6,08:00:38.445049211
1,2307.5,3,2307.6,08:00:38.445063117
1,2307.5,3,2307.6,08:00:38.445106520
1,2307.5,3,2307.6,08:00:38.445206202
2,2307.5,3,2307.6,08:00:38.495745126
2,2307.5,3,2307.6,08:00:38.515103746
2,2307.5,3,2307.6,08:00:38.515103746
2,2307.5,3,2307.6,08:00:38.515116345
2,2307.5,3,2307.6,08:00:38.515116345
2,2307.5,3,2307.6,08:00:38.927697459
2,2307.5,3,2307.6,08:00:38.927697459
2,2307.5,2,2307.6,08:00:39.957495432
3,2307.5,2,2307.6,08:00:39.957628562
3,2307.5,2,2307.6,08:00:39.957639051
3,2307.5,2,2307.6,08:00:39.957654322
3,2307.5,4,2307.7,08:00:39.957878762
3,2307.5,4,2307.7,08:00:39.957878762
4,2307.5,4,2307.7,08:00:39.958056658
5,2307.5,4,2307.7,08:00:39.958186345
5,2307.5,4,2307.7,08:00:39.958199254
5,2307.5,4,2307.7,08:00:39.958214423
5,2307.5,4,2307.7,08:00:39.958343414
5,2307.5,4,2307.7,08:00:39.958414123
5,2307.5,4,2307.7,08:00:39.958460991
5,2307.5,4,2307.7,08:00:39.958666329
5,2307.5,4,2307.7,08:00:39.958716040
5,2307.5,4,2307.7,08:00:39.958716040
5,2307.5,3,2307.7,08:00:39.958884302
5,2307.5,3,2307.7,08:00:39.959406658
5,2307.5,3,2307.7,08:00:39.959776243
5,2307.5,3,2307.7,08:00:39.963815569
5,2307.5,3,2307.7,08:00:39.963830821
5,2307.5,3,2307.7,08:00:39.965896785
5,2307.5,2,2307.7,08:00:39.968581684
5,2307.5,2,2307.7,08:00:39.974254902
5,2307.5,2,2307.7,08:00:39.974269651
5,2307.5,3,2307.7,08:00:39.976288515
4,2307.5,3,2307.7,08:00:40.045218199
4,2307.5,3,2307.7,08:00:40.545626692
3,2307.5,3,2307.7,08:00:40.545748090
3,2307.5,4,2307.7,08:00:40.545873072
3,2307.5,5,2307.7,08:00:40.545888622
2,2307.5,5,2307.7,08:00:40.546057787
2,2307.5,1,2307.6,08:00:40.546206688
2,2307.5,5,2307.7,08:00:40.546492643
2,2307.5,5,2307.7,08:00:40.546492643
2,2307.5,5,2307.7,08:00:40.546517684
2,2307.5,5,2307.7,08:00:40.546529166
3,2307.5,5,2307.7,08:00:40.546639763
4,2307.5,5,2307.7,08:00:40.546694448
4,2307.5,4,2307.7,08:00:40.546728548
5,2307.5,4,2307.7,08:00:40.546745527
5,2307.5,4,2307.7,08:00:40.546840922
5,2307.5,4,2307.7,08:00:40.546894034
4,2307.5,4,2307.7,08:00:41.115944457
4,2307.5,4,2307.7,08:00:41.116072405
3,2307.5,4,2307.7,08:00:41.129001765
3,2307.5,5,2307.7,08:00:41.208183426
2,2307.5,5,2307.7,08:00:41.208347349
2,2307.5,5,2307.7,08:00:41.208469099
2,2307.5,5,2307.7,08:00:41.404976529
2,2307.5,5,2307.7,08:00:41.405089164
2,2307.5,5,2307.7,08:00:41.438227600
2,2307.5,5,2307.7,08:00:41.438227600
4,2307.5,5,2307.7,08:00:41.438249882
4,2307.5,5,2307.7,08:00:41.438249882
5,2307.5,5,2307.7,08:00:41.438351439
5,2307.5,5,2307.7,08:00:41.613958071
5,2307.5,3,2307.6,08:00:41.745440009
4,2307.5,3,2307.6,08:00:41.745687477
4,2307.5,3,2307.6,08:00:41.850793505
4,2307.5,3,2307.6,08:00:41.850793505
2,2307.5,3,2307.6,08:00:41.850819326
2,2307.5,3,2307.6,08:00:41.850819326
2,2307.5,3,2307.6,08:00:41.850921610
2,2307.5,3,2307.6,08:00:41.850975132
2,2307.5,3,2307.6,08:00:42.172214057
2,2307.5,3,2307.6,08:00:42.172214057
2,2307.5,3,2307.6,08:00:42.263968141
2,2307.5,3,2307.6,08:00:42.263968141
2,2307.5,3,2307.6,08:00:42.263981959
2,2307.5,3,2307.6,08:00:42.263981959
2,2307.5,3,2307.6,08:00:42.569672586
2,2307.5,5,2307.7,08:00:43.765327179
2,2307.5,5,2307.7,08:00:43.765327179
3,2307.4,5,2307.7,08:00:43.765566909
3,2307.4,5,2307.7,08:00:43.765566909
3,2307.4,5,2307.7,08:00:43.765603334
4,2307.4,5,2307.7,08:00:43.765640673
4,2307.4,5,2307.7,08:00:43.765657128
4,2307.4,1,2307.6,08:00:43.765680994
4,2307.4,2,2307.6,08:00:43.765759245
4,2307.4,3,2307.6,08:00:43.765793639
4,2307.4,4,2307.6,08:00:43.765810817
4,2307.4,5,2307.6,08:00:43.766036966
4,2307.4,5,2307.6,08:00:43.766054816
4,2307.4,5,2307.6,08:00:43.766085345
4,2307.4,5,2307.6,08:00:43.766121832
4,2307.4,6,2307.6,08:00:43.766139403
3,2307.4,6,2307.6,08:00:43.766210601
2,2307.4,6,2307.6,08:00:43.766230407
2,2307.4,6,2307.6,08:00:43.766242384
2,2307.4,7,2307.6,08:00:43.766258974
2,2307.4,7,2307.6,08:00:43.766271460
2,2307.4,7,2307.6,08:00:43.766373824
2,2307.4,7,2307.6,08:00:43.774265317
1,2307.4,7,2307.6,08:00:43.785665851
1,2307.4,1,2307.5,08:00:43.785715323
1,2307.4,2,2307.5,08:00:43.785789418
1,2307.4,3,2307.5,08:00:43.785807569
1,2307.4,4,2307.5,08:00:43.785859797
1,2307.4,5,2307.5,08:00:43.786134069
1,2307.4,5,2307.5,08:00:43.786193199
1,2307.4,5,2307.5,08:00:43.786231113
1,2307.4,5,2307.5,08:00:43.786407353
1,2307.4,5,2307.5,08:00:43.786421943
8,2307.3,5,2307.5,08:00:43.786790974
8,2307.3,5,2307.5,08:00:43.786790974
8,2307.3,5,2307.5,08:00:43.787020652
8,2307.3,5,2307.5,08:00:44.057226676
8,2307.3,5,2307.5,08:00:44.057226676
8,2307.3,5,2307.5,08:00:44.057238878
8,2307.3,5,2307.5,08:00:44.057238878
8,2307.3,4,2307.5,08:00:44.192483534
8,2307.3,1,2307.5,08:00:44.348315822
1,2307.4,1,2307.5,08:00:44.348492636
1,2307.4,1,2307.5,08:00:44.348585758
2,2307.4,1,2307.5,08:00:44.348623797
3,2307.4,1,2307.5,08:00:44.348722267
3,2307.4,7,2307.6,08:00:44.348781320
3,2307.4,7,2307.6,08:00:44.348781320
4,2307.4,7,2307.6,08:00:44.348828627
3,2307.4,7,2307.6,08:00:44.348939851
3,2307.4,7,2307.6,08:00:44.348953641
2,2307.4,7,2307.6,08:00:44.349026183
1,2307.4,7,2307.6,08:00:44.349308474
1,2307.4,1,2307.5,08:00:44.349449429
9,2307.3,1,2307.5,08:00:44.349809165
9,2307.3,1,2307.5,08:00:44.349809165
9,2307.3,2,2307.5,08:00:44.349997982
9,2307.3,2,2307.5,08:00:44.350007870
9,2307.3,3,2307.5,08:00:44.350133018
9,2307.3,3,2307.5,08:00:44.616238599
9,2307.3,3,2307.5,08:00:44.616238599
9,2307.3,2,2307.5,08:00:44.681050629
9,2307.3,2,2307.5,08:00:44.709120622
9,2307.3,2,2307.4,08:00:44.785385488
8,2307.3,2,2307.4,08:00:44.785500156
8,2307.3,2,2307.5,08:00:44.785650415
8,2307.3,2,2307.5,08:00:44.785650415
8,2307.3,2,2307.5,08:00:44.785681792
7,2307.3,2,2307.5,08:00:44.785690925
1,2307.4,2,2307.5,08:00:44.788681615
1,2307.4,2,2307.5,08:00:44.788911978
1,2307.4,1,2307.5,08:00:44.788945166
1,2307.4,1,2307.5,08:00:44.793693761
1,2307.4,2,2307.5,08:00:44.889321107
8,2307.3,2,2307.5,08:00:44.889467241
8,2307.3,2,2307.5,08:00:44.889467241
8,2307.3,3,2307.5,08:00:44.889641091
8,2307.3,3,2307.5,08:00:45.028788071
8,2307.3,3,2307.5,08:00:45.028788071
1,2307.4,3,2307.5,08:00:45.308527790
1,2307.4,2,2307.5,08:00:45.308760019
1,2307.4,1,2307.5,08:00:45.308789296
1,2307.4,2,2307.5,08:00:45.309787928
1,2307.4,2,2307.5,08:00:45.364982069
1,2307.4,3,2307.5,08:00:45.805316773
8,2307.3,3,2307.5,08:00:45.805454131
8,2307.3,3,2307.5,08:00:45.805454131
8,2307.3,4,2307.5,08:00:46.144181936
8,2307.3,4,2307.5,08:00:46.650634227
8,2307.3,4,2307.5,08:00:46.650762899
8,2307.3,4,2307.5,08:00:46.678901884
8,2307.3,3,2307.5,08:00:48.914827639
1,2307.4,3,2307.5,08:00:48.914987936
8,2307.3,3,2307.5,08:00:49.050491877
8,2307.3,3,2307.5,08:00:49.050491877
8,2307.3,4,2307.5,08:00:49.050759316
7,2307.3,4,2307.5,08:00:50.266694381
7,2307.3,5,2307.5,08:00:50.266799997
7,2307.3,6,2307.5,08:00:50.266982128
7,2307.3,6,2307.5,08:00:50.267057374
6,2307.3,6,2307.5,08:00:50.267103545
6,2307.3,5,2307.5,08:00:50.267179009
6,2307.3,6,2307.5,08:00:50.285947975
6,2307.3,1,2307.4,08:00:50.286146715
6,2307.3,1,2307.4,08:00:50.286412900
6,2307.3,1,2307.4,08:00:50.286428699
5,2307.3,1,2307.4,08:00:50.286448200
5,2307.3,1,2307.4,08:00:50.286536547
5,2307.3,3,2307.4,08:00:50.286581825
5,2307.3,3,2307.4,08:00:50.286737901
5,2307.3,3,2307.4,08:00:50.549824697
5,2307.3,3,2307.4,08:00:53.695082886
5,2307.3,4,2307.5,08:00:54.469853367
6,2307.4,4,2307.5,08:00:54.469853367
6,2307.4,4,2307.5,08:00:54.469853367
6,2307.4,3,2307.5,08:00:54.470031496
6,2307.4,3,2307.5,08:00:54.470604816
6,2307.4,3,2307.5,08:00:54.470731615
6,2307.4,2,2307.5,08:00:54.470759468
6,2307.4,2,2307.5,08:00:54.470824740
6,2307.4,2,2307.5,08:00:54.470949540
6,2307.4,7,2307.6,08:00:54.471181761
6,2307.4,7,2307.6,08:00:54.471181761
6,2307.4,7,2307.6,08:00:54.471398211
6,2307.4,6,2307.6,08:00:54.471464747
6,2307.4,5,2307.6,08:00:54.471499737
6,2307.4,5,2307.6,08:00:54.479289301
6,2307.4,5,2307.6,08:00:54.649004272
6,2307.4,5,2307.6,08:00:55.032757175
6,2307.4,5,2307.6,08:00:55.032757175
6,2307.4,5,2307.6,08:00:56.474076284
6,2307.4,4,2307.6,08:00:56.612825035
6,2307.4,3,2307.6,08:00:56.612880417
1,2307.5,3,2307.6,08:00:56.612962182
1,2307.5,3,2307.6,08:00:56.613005937
1,2307.5,3,2307.6,08:00:56.613356648
1,2307.5,3,2307.6,08:00:56.613474954
1,2307.5,2,2307.6,08:00:56.613499386
1,2307.5,1,2307.6,08:00:56.613574060
1,2307.5,1,2307.6,08:00:56.613644951
1,2307.5,7,2307.7,08:00:56.613861292
1,2307.5,7,2307.7,08:00:56.613861292
1,2307.5,7,2307.7,08:00:56.613989099
2,2307.5,7,2307.7,08:00:56.614022335
3,2307.5,7,2307.7,08:00:56.614038720
2,2307.5,7,2307.7,08:00:56.614207481
2,2307.5,6,2307.7,08:00:56.614285358
2,2307.5,6,2307.7,08:00:56.621879408
2,2307.5,6,2307.7,08:00:56.622017043
1,2307.5,6,2307.7,08:00:56.901352785
1,2307.5,1,2307.6,08:00:56.901488979
1,2307.5,1,2307.6,08:00:56.901655143
7,2307.4,1,2307.6,08:00:56.901713381
7,2307.4,1,2307.6,08:00:56.901713381
7,2307.4,2,2307.6,08:00:56.901890107
7,2307.4,1,2307.6,08:00:56.902123731
7,2307.4,6,2307.7,08:00:56.902141770
7,2307.4,6,2307.7,08:00:56.902141770
1,2307.5,6,2307.7,08:00:56.902223340
2,2307.5,6,2307.7,08:00:56.902310647
3,2307.5,6,2307.7,08:00:56.902430471
3,2307.5,6,2307.7,08:00:56.902499698
7,2307.4,6,2307.7,08:00:57.432909922
4,2307.4,6,2307.7,08:00:57.432909922
4,2307.4,6,2307.7,08:00:57.432909922
4,2307.4,1,2307.6,08:00:57.432986020
4,2307.4,2,2307.6,08:00:57.433123006
4,2307.4,3,2307.6,08:00:57.433159512
4,2307.4,4,2307.6,08:00:57.433360268
4,2307.4,4,2307.6,08:00:57.433458190
4,2307.4,5,2307.6,08:00:57.433553668
4,2307.4,5,2307.6,08:00:57.433565325
4,2307.4,5,2307.6,08:00:57.433581872
4,2307.4,6,2307.6,08:00:57.433610007
4,2307.4,7,2307.6,08:00:57.433697308
4,2307.4,6,2307.6,08:00:57.433918282
4,2307.4,6,2307.6,08:00:57.434026778
3,2307.4,6,2307.6,08:00:57.434091380
3,2307.4,5,2307.6,08:00:57.434183763
4,2307.4,5,2307.6,08:00:57.434311926
4,2307.4,5,2307.6,08:00:57.710393471
4,2307.4,5,2307.6,08:00:57.710393471
4,2307.4,4,2307.6,08:00:58.033287583
4,2307.4,5,2307.6,08:00:58.033422563
4,2307.4,5,2307.6,08:00:58.122944559
4,2307.4,5,2307.6,08:00:58.122944559
5,2307.4,5,2307.6,08:00:58.350981796
5,2307.4,4,2307.6,08:00:58.351465189
5,2307.4,3,2307.6,08:00:58.351626836
5,2307.4,3,2307.6,08:00:58.351642232
5,2307.4,4,2307.6,08:00:58.771690605
5,2307.4,4,2307.6,08:00:58.771810825
4,2307.4,4,2307.6,08:00:58.771849897
4,2307.4,5,2307.6,08:00:58.771954886
3,2307.4,5,2307.6,08:00:58.771974415
3,2307.4,5,2307.6,08:00:58.772012119
3,2307.4,1,2307.5,08:00:58.772119096
3,2307.4,1,2307.5,08:00:58.772278725
3,2307.4,1,2307.5,08:00:58.772308556
3,2307.4,1,2307.5,08:00:58.772357268
3,2307.4,4,2307.6,08:00:58.772879208
3,2307.4,4,2307.6,08:00:58.772879208
3,2307.4,5,2307.6,08:00:58.773037983
3,2307.4,5,2307.6,08:00:58.783273990
3,2307.4,5,2307.6,08:00:58.853063839
3,2307.4,5,2307.6,08:00:58.853179461
3,2307.4,6,2307.6,08:00:58.853429008
3,2307.4,1,2307.5,08:00:58.853565436
3,2307.4,1,2307.5,08:00:58.853694124
3,2307.4,2,2307.5,08:00:58.866765056
3,2307.4,2,2307.5,08:00:58.880813610
5,2307.4,2,2307.5,08:00:59.034714873
5,2307.4,2,2307.5,08:00:59.034714873
5,2307.4,6,2307.6,08:00:59.034867843
5,2307.4,6,2307.6,08:00:59.034867843
5,2307.4,6,2307.6,08:00:59.034867843
5,2307.4,5,2307.6,08:00:59.034904314
5,2307.4,4,2307.6,08:00:59.053612089
1,2307.5,4,2307.6,08:00:59.053717025
1,2307.5,3,2307.6,08:00:59.053852714
1,2307.5,3,2307.6,08:00:59.053894936
1,2307.5,2,2307.6,08:00:59.054021885
1,2307.5,2,2307.6,08:00:59.088603426
5,2307.4,2,2307.6,08:00:59.090033438
5,2307.4,2,2307.6,08:00:59.090033438
5,2307.4,3,2307.6,08:00:59.090062344
5,2307.4,4,2307.6,08:00:59.090134827
5,2307.4,5,2307.6,08:00:59.090288840
5,2307.4,4,2307.6,08:00:59.090406519
5,2307.4,4,2307.6,08:00:59.090531469
5,2307.4,4,2307.6,08:00:59.214723455
3,2307.4,4,2307.6,08:00:59.447240489
3,2307.4,4,2307.6,08:00:59.447240489
3,2307.4,4,2307.6,08:00:59.447361375
3,2307.4,4,2307.6,08:00:59.447942903
3,2307.4,4,2307.6,08:00:59.447942903
3,2307.4,4,2307.6,08:00:59.447966062
3,2307.4,4,2307.6,08:00:59.447966062
4,2307.4,4,2307.6,08:00:59.632690273
4,2307.4,4,2307.6,08:00:59.632825069
4,2307.4,3,2307.6,08:00:59.632949190
4,2307.4,3,2307.6,08:00:59.633078002
4,2307.4,2,2307.6,08:00:59.633539803
1,2307.5,2,2307.6,08:00:59.633840676
2,2307.5,2,2307.6,08:00:59.634281277
2,2307.5,2,2307.6,08:00:59.636824554
3,2307.5,2,2307.6,08:00:59.636848174
3,2307.5,2,2307.6,08:00:59.636935974
4,2307.5,2,2307.6,08:00:59.636957517
4,2307.5,6,2307.7,08:00:59.637239593
4,2307.5,6,2307.7,08:00:59.637239593
4,2307.5,5,2307.7,08:00:59.637368527
4,2307.5,5,2307.7,08:00:59.637413472
3,2307.5,5,2307.7,08:00:59.638843952
3,2307.5,5,2307.7,08:00:59.639021587
2,2307.5,5,2307.7,08:00:59.639086168
2,2307.5,5,2307.7,08:00:59.641894000
2,2307.5,5,2307.7,08:00:59.641905719
2,2307.5,1,2307.6,08:00:59.642852330
1,2307.5,1,2307.6,08:00:59.642955183
1,2307.5,2,2307.6,08:00:59.643128883
4,2307.4,2,2307.6,08:00:59.643274454
4,2307.4,2,2307.6,08:00:59.643274454
4,2307.4,3,2307.6,08:00:59.643726523
4,2307.4,3,2307.6,08:00:59.644912308
4,2307.4,4,2307.6,08:00:59.649253204
4,2307.4,3,2307.6,08:00:59.659615665
4,2307.4,4,2307.6,08:00:59.659746778
5,2307.4,4,2307.6,08:00:59.659772287
4,2307.4,4,2307.6,08:00:59.660007913
4,2307.4,3,2307.6,08:00:59.660130082
5,2307.4,3,2307.6,08:00:59.704594673
5,2307.4,4,2307.6,08:00:59.704719443
4,2307.4,4,2307.6,08:00:59.706664970
4,2307.4,4,2307.6,08:00:59.706786678
4,2307.4,4,2307.6,08:00:59.859730048
4,2307.4,4,2307.6,08:00:59.859730048
3,2307.4,4,2307.6,08:01:00.658564586
3,2307.4,5,2307.6,08:01:00.658750149
3,2307.4,1,2307.5,08:01:00.658920161
3,2307.4,1,2307.5,08:01:00.659131503
3,2307.4,1,2307.5,08:01:00.947394792
3,2307.4,1,2307.5,08:01:00.983047394
3,2307.4,2,2307.5,08:01:01.157818275
3,2307.4,2,2307.5,08:01:01.160493074
15,2307.3,2,2307.5,08:01:01.165589138
15,2307.3,2,2307.5,08:01:01.165589138
15,2307.3,3,2307.5,08:01:01.165729362
15,2307.3,3,2307.5,08:01:01.167298936
15,2307.3,4,2307.5,08:01:01.168331814
15,2307.3,4,2307.5,08:01:01.168346147
15,2307.3,5,2307.5,08:01:01.168412117
15,2307.3,6,2307.5,08:01:01.169520159
15,2307.3,5,2307.5,08:01:01.169600883
1,2307.4,5,2307.5,08:01:01.169631507
1,2307.4,4,2307.5,08:01:01.169656321
15,2307.3,4,2307.5,08:01:01.169808798
15,2307.3,4,2307.5,08:01:01.169808798
15,2307.3,4,2307.5,08:01:01.169830296
15,2307.3,4,2307.5,08:01:01.169844616
15,2307.3,1,2307.4,08:01:01.170048885
15,2307.3,4,2307.5,08:01:01.170103095
15,2307.3,4,2307.5,08:01:01.170103095
15,2307.3,3,2307.5,08:01:01.170923508
15,2307.3,3,2307.5,08:01:01.172851604
15,2307.3,3,2307.5,08:01:01.172875925
14,2307.3,3,2307.5,08:01:01.172888367
14,2307.3,5,2307.6,08:01:01.173151879
14,2307.3,5,2307.6,08:01:01.173151879
1,2307.5,5,2307.6,08:01:01.173175137
1,2307.5,5,2307.6,08:01:01.173474136
1,2307.5,5,2307.6,08:01:01.173672059
2,2307.4,5,2307.6,08:01:01.173773818
2,2307.4,5,2307.6,08:01:01.173773818
2,2307.4,5,2307.6,08:01:01.173825605
2,2307.4,4,2307.6,08:01:01.173917309
3,2307.4,4,2307.6,08:01:01.173939764
4,2307.4,4,2307.6,08:01:01.173956820
4,2307.4,4,2307.6,08:01:01.174011836
4,2307.4,4,2307.6,08:01:01.174797391
3,2307.4,4,2307.6,08:01:01.174831503
3,2307.4,4,2307.6,08:01:01.175245742
3,2307.4,4,2307.6,08:01:01.175255886
3,2307.4,4,2307.6,08:01:01.184956225
3,2307.4,6,2307.7,08:01:01.221944941
3,2307.4,5,2307.7,08:01:01.221944941
3,2307.4,5,2307.7,08:01:01.221944941
1,2307.5,5,2307.7,08:01:01.222150714
1,2307.5,5,2307.7,08:01:01.222253679
2,2307.5,5,2307.7,08:01:01.222286128
2,2307.5,5,2307.7,08:01:01.222342750
3,2307.5,5,2307.7,08:01:01.222403307
3,2307.5,5,2307.7,08:01:01.222456464
3,2307.5,5,2307.7,08:01:01.222472698
3,2307.5,5,2307.7,08:01:01.222540463
3,2307.5,4,2307.7,08:01:01.222558732
2,2307.5,4,2307.7,08:01:01.222863788
2,2307.5,1,2307.6,08:01:01.223023010
1,2307.5,1,2307.6,08:01:01.223165439
6,2307.4,1,2307.6,08:01:01.223321490
6,2307.4,1,2307.6,08:01:01.223321490
6,2307.4,1,2307.6,08:01:01.223455896
6,2307.4,2,2307.6,08:01:01.223914177
6,2307.4,3,2307.6,08:01:01.223988255
5,2307.4,3,2307.6,08:01:01.224525943
5,2307.4,4,2307.6,08:01:01.291817400
5,2307.4,3,2307.6,08:01:01.292450608
5,2307.4,3,2307.6,08:01:01.341460163
5,2307.4,3,2307.6,08:01:01.748438333
5,2307.4,4,2307.6,08:01:02.022420733
4,2307.4,4,2307.6,08:01:02.022609509
4,2307.4,1,2307.5,08:01:02.022754126
3,2307.4,1,2307.5,08:01:02.022917175
2,2307.4,1,2307.5,08:01:02.023027700
2,2307.4,1,2307.5,08:01:02.023042208
1,2307.4,1,2307.5,08:01:02.023098951
1,2307.4,1,2307.5,08:01:02.023201219
1,2307.4,1,2307.5,08:01:02.023394420
15,2307.3,1,2307.5,08:01:02.023484163
15,2307.3,1,2307.5,08:01:02.023484163
15,2307.3,1,2307.5,08:01:02.023630832
15,2307.3,1,2307.5,08:01:02.041533182
15,2307.3,3,2307.4,08:01:02.185427825
15,2307.3,3,2307.4,08:01:02.185891816
15,2307.3,3,2307.4,08:01:02.185913643
15,2307.3,3,2307.4,08:01:02.185929077
15,2307.3,3,2307.4,08:01:02.186552242
15,2307.3,3,2307.4,08:01:02.186552242
15,2307.3,3,2307.4,08:01:02.208494049
15,2307.3,3,2307.4,08:01:02.362975069
15,2307.3,3,2307.4,08:01:02.362975069
14,2307.3,3,2307.4,08:01:02.397531882
14,2307.3,3,2307.4,08:01:02.397837063
14,2307.3,1,2307.4,08:01:02.639774862
14,2307.3,2,2307.5,08:01:02.639980917
14,2307.3,2,2307.5,08:01:02.639980917
15,2307.3,2,2307.5,08:01:02.640294523
15,2307.3,2,2307.5,08:01:02.640324396
15,2307.3,1,2307.5,08:01:02.640429758
15,2307.3,4,2307.6,08:01:02.648413336
15,2307.3,4,2307.6,08:01:02.648413336
1,2307.4,4,2307.6,08:01:02.648537463
1,2307.4,5,2307.6,08:01:02.648711861
1,2307.4,5,2307.6,08:01:02.648728347
1,2307.4,5,2307.6,08:01:02.648813405
1,2307.4,5,2307.6,08:01:02.648849246
2,2307.4,5,2307.6,08:01:02.648905349
2,2307.4,5,2307.6,08:01:02.648976759
3,2307.4,5,2307.6,08:01:02.649047903
3,2307.4,4,2307.6,08:01:02.649105360
4,2307.4,4,2307.6,08:01:02.649203970
4,2307.4,3,2307.6,08:01:02.649242063
5,2307.4,3,2307.6,08:01:02.649281037
5,2307.4,1,2307.5,08:01:02.649307952
4,2307.4,1,2307.5,08:01:02.649408006
4,2307.4,3,2307.6,08:01:02.649429059
4,2307.4,3,2307.6,08:01:02.649429059
3,2307.4,3,2307.6,08:01:02.649640513
3,2307.4,3,2307.6,08:01:02.649694235
2,2307.4,3,2307.6,08:01:02.649730633
2,2307.4,4,2307.6,08:01:02.649828360
2,2307.4,4,2307.6,08:01:02.649861730
2,2307.4,4,2307.6,08:01:02.656671093
2,2307.4,4,2307.6,08:01:02.759548568
1,2307.4,4,2307.6,08:01:02.923574615
1,2307.4,1,2307.5,08:01:02.923715510
1,2307.4,1,2307.5,08:01:02.923907309
1,2307.4,4,2307.6,08:01:02.941306687
1,2307.4,4,2307.6,08:01:02.941306687
1,2307.4,4,2307.6,08:01:02.941606184
1,2307.4,1,2307.5,08:01:02.941611535
1,2307.4,2,2307.5,08:01:02.941661840
1,2307.4,2,2307.5,08:01:02.941946098
1,2307.4,2,2307.5,08:01:02.983440750
16,2307.3,2,2307.5,08:01:02.983592987
16,2307.3,2,2307.5,08:01:02.983592987
15,2307.3,2,2307.5,08:01:02.983748811
15,2307.3,3,2307.5,08:01:02.984102326
15,2307.3,2,2307.5,08:01:02.984355441
15,2307.3,2,2307.5,08:01:02.984942112
15,2307.3,3,2307.5,08:01:03.070514087
15,2307.3,4,2307.5,08:01:03.070642790
15,2307.3,4,2307.5,08:01:03.070795708
15,2307.3,4,2307.5,08:01:03.071505998
15,2307.3,4,2307.5,08:01:03.071505998
15,2307.3,3,2307.5,08:01:03.071632250
15,2307.3,4,2307.5,08:01:03.205413819
15,2307.3,4,2307.5,08:01:03.484067123
15,2307.3,4,2307.5,08:01:03.484067123
15,2307.3,5,2307.5,08:01:03.718196306
14,2307.3,5,2307.5,08:01:03.718647033
14,2307.3,1,2307.4,08:01:03.718803163
14,2307.3,1,2307.4,08:01:03.718989360
14,2307.3,1,2307.4,08:01:03.719026960
14,2307.3,2,2307.4,08:01:03.719287132
14,2307.3,3,2307.4,08:01:03.719625705
14,2307.3,3,2307.4,08:01:03.719869272
13,2307.3,3,2307.4,08:01:03.720200401
12,2307.3,3,2307.4,08:01:03.720406773
12,2307.3,5,2307.4,08:01:03.720429043
10,2307.3,5,2307.4,08:01:03.720458490
8,2307.3,5,2307.4,08:01:03.720488257
7,2307.3,5,2307.4,08:01:03.720533707
5,2307.2,5,2307.4,08:01:03.720696581
5,2307.2,5,2307.4,08:01:03.720696581
4,2307.2,5,2307.4,08:01:03.720722243
4,2307.2,2,2307.3,08:01:03.720754147
4,2307.2,3,2307.3,08:01:03.720993953
3,2307.2,3,2307.3,08:01:03.721090909
3,2307.2,3,2307.3,08:01:03.721104317
3,2307.2,3,2307.3,08:01:03.721138030
3,2307.2,4,2307.3,08:01:03.721338075
2,2307.2,4,2307.3,08:01:03.721398416
2,2307.2,4,2307.3,08:01:03.721472958
2,2307.2,3,2307.3,08:01:03.721509400
2,2307.2,3,2307.3,08:01:03.721532377
2,2307.2,3,2307.3,08:01:03.721582465
2,2307.2,3,2307.3,08:01:03.721582465
2,2307.2,3,2307.3,08:01:03.721650780
1,2307.2,3,2307.3,08:01:03.721744420
1,2307.2,2,2307.3,08:01:03.721922029
1,2307.2,2,2307.3,08:01:03.721933115
5,2307.1,2,2307.3,08:01:03.722102149
5,2307.1,2,2307.3,08:01:03.722102149
5,2307.1,3,2307.3,08:01:03.722258095
5,2307.1,3,2307.3,08:01:03.722381012
5,2307.1,3,2307.3,08:01:03.723554431
5,2307.1,3,2307.3,08:01:03.728689369
5,2307.1,3,2307.3,08:01:03.728703754
5,2307.1,3,2307.3,08:01:03.728948578
5,2307.1,3,2307.3,08:01:03.730265907
5,2307.1,3,2307.3,08:01:03.732253358
5,2307.1,3,2307.3,08:01:04.694799374
5,2307.1,3,2307.3,08:01:04.713636870
5,2307.1,3,2307.3,08:01:04.986431270
5,2307.1,3,2307.3,08:01:04.990524538
5,2307.1,3,2307.3,08:01:04.990524538
5,2307.1,3,2307.3,08:01:05.225422244
5,2307.1,1,2307.2,08:01:05.225500597
4,2307.1,1,2307.2,08:01:05.225745717
4,2307.1,3,2307.3,08:01:05.225810255
4,2307.1,3,2307.3,08:01:05.225810255
4,2307.1,3,2307.3,08:01:05.225836127
4,2307.1,3,2307.3,08:01:05.225873655
4,2307.1,4,2307.3,08:01:05.225943323
4,2307.1,5,2307.3,08:01:05.225993261
4,2307.1,4,2307.3,08:01:05.226186894
4,2307.1,1,2307.2,08:01:05.226212087
4,2307.1,1,2307.2,08:01:05.226239445
4,2307.1,2,2307.2,08:01:05.246932652
3,2307.1,2,2307.2,08:01:05.247279945
2,2307.1,2,2307.2,08:01:05.247365960
2,2307.1,2,2307.2,08:01:05.247425496
2,2307.1,1,2307.2,08:01:05.247885115
2,2307.1,4,2307.3,08:01:05.248021666
2,2307.1,4,2307.3,08:01:05.248021666
2,2307.1,5,2307.3,08:01:05.248156107
2,2307.1,1,2307.2,08:01:05.248301799
2,2307.1,2,2307.2,08:01:05.248331253
2,2307.1,2,2307.2,08:01:05.250784176
2,2307.1,2,2307.2,08:01:05.252930625
2,2307.1,2,2307.2,08:01:05.267318313
2,2307.1,2,2307.2,08:01:05.267331344
1,2307.1,2,2307.2,08:01:05.609916214
1,2307.1,2,2307.2,08:01:05.609916214
8,2307.0,2,2307.2,08:01:05.610101821
8,2307.0,2,2307.2,08:01:05.610101821
8,2307.0,2,2307.2,08:01:05.610129536
8,2307.0,2,2307.2,08:01:05.610144330
8,2307.0,2,2307.2,08:01:05.610391708
8,2307.0,2,2307.2,08:01:05.610526293
8,2307.0,2,2307.2,08:01:05.618450075
8,2307.0,2,2307.2,08:01:05.619188768
8,2307.0,2,2307.2,08:01:05.627221937
8,2307.0,2,2307.2,08:01:05.631043542
8,2307.0,2,2307.2,08:01:05.631043542
6,2307.0,2,2307.2,08:01:05.706884064
6,2307.0,2,2307.2,08:01:05.706884064
6,2307.0,3,2307.2,08:01:05.707011312
5,2307.0,3,2307.2,08:01:05.707023517
6,2307.0,3,2307.2,08:01:05.769284005
6,2307.0,2,2307.2,08:01:05.769410240
1,2307.1,2,2307.2,08:01:05.769543289
1,2307.1,2,2307.2,08:01:05.769733773
1,2307.1,3,2307.2,08:01:05.806591265
7,2307.0,3,2307.2,08:01:05.806741615
7,2307.0,3,2307.2,08:01:05.806741615
6,2307.0,3,2307.2,08:01:05.806878780
6,2307.0,3,2307.2,08:01:05.815201299
6,2307.0,3,2307.2,08:01:06.118634481
1,2307.1,3,2307.2,08:01:06.985467127
1,2307.1,2,2307.2,08:01:06.985636715
6,2307.0,2,2307.2,08:01:06.985767642
6,2307.0,2,2307.2,08:01:06.985767642
7,2307.0,2,2307.2,08:01:06.985795377
7,2307.0,3,2307.2,08:01:06.985906144
7,2307.0,4,2307.2,08:01:06.985972971
6,2307.0,4,2307.2,08:01:06.985990569
6,2307.0,4,2307.2,08:01:06.986056736
6,2307.0,4,2307.2,08:01:06.987594785
6,2307.0,4,2307.2,08:01:06.987594785
6,2307.0,4,2307.2,08:01:07.005265011
6,2307.0,1,2307.1,08:01:07.020948673
5,2307.0,1,2307.1,08:01:07.020974812
4,2307.0,1,2307.1,08:01:07.021141841
4,2307.0,1,2307.1,08:01:07.021298068
3,2307.0,1,2307.1,08:01:07.021373462
4,2307.0,1,2307.1,08:01:07.021538243
4,2307.0,1,2307.1,08:01:07.021560433
4,2307.0,5,2307.2,08:01:07.021669004
4,2307.0,5,2307.2,08:01:07.021669004
4,2307.0,4,2307.2,08:01:07.021823324
4,2307.0,4,2307.2,08:01:07.031748214
1,2307.1,4,2307.2,08:01:07.045405772
4,2307.0,4,2307.2,08:01:07.045680863
4,2307.0,4,2307.2,08:01:07.045680863
4,2307.0,3,2307.2,08:01:07.045702786
5,2307.0,3,2307.2,08:01:07.045740403
5,2307.0,2,2307.2,08:01:07.045784948
4,2307.0,2,2307.2,08:01:07.045874374
4,2307.0,7,2307.3,08:01:07.046048460
4,2307.0,7,2307.3,08:01:07.046048460
1,2307.2,7,2307.3,08:01:07.046066764
4,2307.0,7,2307.3,08:01:07.046137112
4,2307.0,7,2307.3,08:01:07.046137112
1,2307.1,7,2307.3,08:01:07.046172716
1,2307.1,7,2307.3,08:01:07.046217143
1,2307.1,7,2307.3,08:01:07.046271457
1,2307.1,6,2307.3,08:01:07.046576887
2,2307.1,6,2307.3,08:01:07.046608318
3,2307.1,6,2307.3,08:01:07.046625941
3,2307.1,6,2307.3,08:01:07.046641737
4,2307.1,6,2307.3,08:01:07.046706192
3,2307.1,6,2307.3,08:01:07.046738846
3,2307.1,6,2307.3,08:01:07.053904062
3,2307.1,6,2307.3,08:01:07.054480537
3,2307.1,6,2307.3,08:01:07.252219610
3,2307.1,6,2307.3,08:01:07.252219610
3,2307.1,6,2307.3,08:01:07.252358645
2,2307.1,6,2307.3,08:01:07.550972803
2,2307.1,1,2307.2,08:01:07.551123692
1,2307.1,1,2307.2,08:01:07.551250006
9,2307.0,1,2307.2,08:01:07.551427795
9,2307.0,1,2307.2,08:01:07.551427795
8,2307.0,1,2307.2,08:01:07.551457286
8,2307.0,1,2307.2,08:01:07.551465485
8,2307.0,1,2307.2,08:01:07.551587151
8,2307.0,2,2307.2,08:01:07.551617293
8,2307.0,3,2307.2,08:01:07.551656410
8,2307.0,4,2307.2,08:01:07.551674170
7,2307.0,4,2307.2,08:01:07.551707960
7,2307.0,4,2307.2,08:01:07.551882364
6,2307.0,4,2307.2,08:01:07.551975291
6,2307.0,4,2307.2,08:01:07.559336717
6,2307.0,4,2307.2,08:01:07.568631354
4,2307.0,4,2307.2,08:01:07.664873760
4,2307.0,4,2307.2,08:01:07.664873760
4,2307.0,3,2307.2,08:01:07.764554534
5,2307.0,3,2307.2,08:01:07.764633480
5,2307.0,2,2307.2,08:01:07.764865791
4,2307.0,2,2307.2,08:01:07.764915658
4,2307.0,3,2307.2,08:01:07.765039827
3,2307.0,3,2307.2,08:01:08.508845593
3,2307.0,1,2307.1,08:01:08.509086963
3,2307.0,1,2307.1,08:01:08.509286409
3,2307.0,1,2307.1,08:01:08.509327644
3,2307.0,3,2307.2,08:01:08.509863723
3,2307.0,3,2307.2,08:01:08.509863723
3,2307.0,1,2307.1,08:01:08.510025450
3,2307.0,2,2307.1,08:01:08.519394672
3,2307.0,2,2307.1,08:01:08.519551098
5,2306.9,2,2307.1,08:01:08.519805923
5,2306.9,2,2307.1,08:01:08.519805923
5,2306.9,3,2307.1,08:01:08.519921353
4,2306.9,3,2307.1,08:01:08.519965625
4,2306.9,3,2307.1,08:01:08.520077666
4,2306.9,3,2307.1,08:01:08.520108169
4,2306.9,3,2307.1,08:01:08.520186347
4,2306.9,4,2307.1,08:01:08.520207732
4,2306.9,4,2307.1,08:01:08.520229570
4,2306.9,4,2307.1,08:01:08.520245804
4,2306.9,4,2307.1,08:01:08.520261471
4,2306.9,4,2307.1,08:01:08.520387026
4,2306.9,4,2307.1,08:01:08.520387026
5,2306.9,4,2307.1,08:01:08.520405531
4,2306.9,4,2307.1,08:01:08.520423871
4,2306.9,4,2307.1,08:01:08.520438345
4,2306.9,4,2307.1,08:01:08.520510253
4,2306.9,4,2307.1,08:01:08.520538007
4,2306.9,4,2307.1,08:01:08.520566318
5,2306.9,4,2307.1,08:01:08.522558589
5,2306.9,3,2307.1,08:01:08.524347774
5,2306.9,3,2307.1,08:01:08.530363889
5,2306.9,3,2307.1,08:01:08.530363889
4,2306.9,3,2307.1,08:01:08.542029026
4,2306.9,4,2307.1,08:01:08.542363596
4,2306.9,4,2307.1,08:01:08.543009983
4,2306.9,4,2307.1,08:01:08.549412695
4,2306.9,3,2307.1,08:01:08.550645087
4,2306.9,3,2307.1,08:01:08.551841443
4,2306.9,4,2307.1,08:01:08.650823697
3,2306.9,4,2307.1,08:01:08.651082185
3,2306.9,1,2307.0,08:01:08.651216025
3,2306.9,1,2307.0,08:01:08.651332843
3,2306.9,1,2307.0,08:01:08.651366246
3,2306.9,1,2307.0,08:01:08.651399709
3,2306.9,1,2307.0,08:01:08.651475810
2,2306.9,1,2307.0,08:01:08.651563699
2,2306.9,1,2307.0,08:01:08.651712262
2,2306.9,3,2307.0,08:01:08.685461082
1,2306.9,3,2307.0,08:01:08.685670964
6,2306.8,3,2307.0,08:01:08.685692834
6,2306.8,3,2307.0,08:01:08.685692834
6,2306.8,3,2307.0,08:01:08.685893209
6,2306.8,4,2307.0,08:01:08.685915363
6,2306.8,4,2307.0,08:01:08.685927734
6,2306.8,4,2307.0,08:01:08.685941651
6,2306.8,4,2307.0,08:01:08.685957069
7,2306.8,4,2307.0,08:01:08.686278036
7,2306.8,4,2307.0,08:01:08.686299287
7,2306.8,4,2307.0,08:01:08.686311585
6,2306.8,4,2307.0,08:01:08.686549597
6,2306.8,4,2307.0,08:01:08.686744986
6,2306.8,4,2307.0,08:01:08.736782204
6,2306.8,4,2307.0,08:01:08.736798799
6,2306.8,4,2307.0,08:01:08.818602857
6,2306.8,4,2307.0,08:01:08.819119268
6,2306.8,5,2307.0,08:01:08.859442674
5,2306.8,5,2307.0,08:01:08.859483795
5,2306.8,5,2307.0,08:01:08.888068161
5,2306.8,4,2307.0,08:01:08.901213212
5,2306.8,3,2307.0,08:01:08.901364515
5,2306.8,4,2307.0,08:01:08.922507840
5,2306.8,4,2307.0,08:01:08.932445739
5,2306.8,4,2307.0,08:01:08.953114011
5,2306.8,4,2307.0,08:01:08.987057406
5,2306.8,4,2307.0,08:01:08.987057406
5,2306.8,4,2307.0,08:01:09.059186935
5,2306.8,4,2307.0,08:01:09.059186935
5,2306.8,4,2307.0,08:01:09.059200672
5,2306.8,4,2307.0,08:01:09.059200672
3,2306.8,4,2307.0,08:01:09.059222218
3,2306.8,4,2307.0,08:01:09.059222218
2,2306.8,4,2307.0,08:01:09.186910098
2,2306.8,1,2306.9,08:01:09.187050728
1,2306.8,1,2306.9,08:01:09.187114438
11,2306.7,1,2306.9,08:01:09.187345723
11,2306.7,1,2306.9,08:01:09.187345723
11,2306.7,1,2306.9,08:01:09.187372597
11,2306.7,1,2306.9,08:01:09.187387999
11,2306.7,1,2306.9,08:01:09.187492078
11,2306.7,2,2306.9,08:01:09.187587069
11,2306.7,3,2306.9,08:01:09.188065760
10,2306.7,3,2306.9,08:01:09.188083574
10,2306.7,4,2306.9,08:01:09.188155400
10,2306.7,4,2306.9,08:01:09.188166431
10,2306.7,4,2306.9,08:01:09.188300769
10,2306.7,4,2306.9,08:01:09.188316501
9,2306.7,4,2306.9,08:01:09.188334974
8,2306.7,4,2306.9,08:01:09.188394422
8,2306.7,4,2306.9,08:01:09.188538409
8,2306.7,4,2306.9,08:01:09.188549651
8,2306.7,4,2306.9,08:01:09.188565677
8,2306.7,4,2306.9,08:01:09.189225448
8,2306.7,4,2306.9,08:01:09.189225448
7,2306.7,4,2306.9,08:01:09.192306258
7,2306.7,4,2306.9,08:01:09.206136773
7,2306.7,4,2306.9,08:01:09.206150232
7,2306.7,4,2306.9,08:01:09.210718919
7,2306.7,3,2306.9,08:01:09.219852309
1,2306.8,3,2306.9,08:01:09.219962628
1,2306.8,2,2306.9,08:01:09.220036048
1,2306.8,1,2306.9,08:01:09.220067251
1,2306.8,2,2306.9,08:01:09.221393397
7,2306.7,2,2306.9,08:01:09.221510106
7,2306.7,2,2306.9,08:01:09.221510106
7,2306.7,3,2306.9,08:01:09.221568392
7,2306.7,3,2306.9,08:01:09.471731418
7,2306.7,3,2306.9,08:01:09.471731418
7,2306.7,3,2306.9,08:01:09.471746228
7,2306.7,3,2306.9,08:01:09.471746228
7,2306.7,3,2306.9,08:01:09.471765751
7,2306.7,3,2306.9,08:01:09.471765751
8,2306.7,3,2306.9,08:01:10.585598720
8,2306.7,2,2306.9,08:01:10.585797481
8,2306.7,1,2306.9,08:01:10.585944787
1,2306.8,1,2306.9,08:01:10.585968948
1,2306.8,1,2306.9,08:01:10.585992260
2,2306.8,1,2306.9,08:01:10.586223865
3,2306.8,1,2306.9,08:01:10.586242753
3,2306.8,4,2307.0,08:01:10.586414490
3,2306.8,4,2307.0,08:01:10.586414490
3,2306.8,4,2307.0,08:01:10.586439137
3,2306.8,1,2306.9,08:01:10.586583984
2,2306.8,1,2306.9,08:01:10.586774202
2,2306.8,4,2307.0,08:01:10.586844601
2,2306.8,4,2307.0,08:01:10.586844601
1,2306.8,4,2307.0,08:01:10.586862627
2,2306.8,4,2307.0,08:01:10.587076014
2,2306.8,3,2307.0,08:01:10.587114200
1,2306.8,3,2307.0,08:01:10.587141836
2,2306.8,3,2307.0,08:01:10.587164854
3,2306.8,3,2307.0,08:01:10.587365524
4,2306.8,3,2307.0,08:01:10.587383824
3,2306.8,3,2307.0,08:01:10.587403857
4,2306.8,3,2307.0,08:01:10.587419739
3,2306.8,3,2307.0,08:01:10.587679277
3,2306.8,3,2307.0,08:01:10.594779269
3,2306.8,3,2307.0,08:01:10.594792364
2,2306.8,3,2307.0,08:01:10.612197182
2,2306.8,4,2307.0,08:01:10.612319530
1,2306.8,4,2307.0,08:01:10.612478652
2,2306.8,4,2307.0,08:01:10.612609673
2,2306.8,3,2307.0,08:01:10.713724920
3,2306.8,3,2307.0,08:01:10.713771335
4,2306.8,3,2307.0,08:01:10.713863051
5,2306.8,3,2307.0,08:01:10.714019825
5,2306.8,5,2307.1,08:01:10.714469895
5,2306.8,5,2307.1,08:01:10.714469895
1,2307.0,5,2307.1,08:01:10.714496807
1,2307.0,5,2307.1,08:01:10.714933470
1,2307.0,5,2307.1,08:01:10.714990798
1,2307.0,5,2307.1,08:01:10.715010575
1,2307.0,5,2307.1,08:01:10.715058608
1,2307.0,5,2307.1,08:01:10.715328127
1,2307.0,5,2307.1,08:01:10.715340940
1,2307.0,5,2307.1,08:01:10.715411927
6,2306.9,5,2307.1,08:01:10.715461471
6,2306.9,5,2307.1,08:01:10.715461471
6,2306.9,5,2307.1,08:01:10.715489887
7,2306.9,5,2307.1,08:01:10.715527178
7,2306.9,4,2307.1,08:01:10.715545799
7,2306.9,4,2307.1,08:01:10.715560900
7,2306.9,4,2307.1,08:01:10.715829513
7,2306.9,3,2307.1,08:01:10.715889379
7,2306.9,3,2307.1,08:01:10.716054203
7,2306.9,3,2307.1,08:01:10.716054203
7,2306.9,3,2307.1,08:01:10.722770850
7,2306.9,3,2307.1,08:01:10.725244605
7,2306.9,3,2307.1,08:01:10.850692598
7,2306.9,3,2307.1,08:01:10.850692598
7,2306.9,2,2307.1,08:01:10.858243956
7,2306.9,2,2307.1,08:01:10.859137171
7,2306.9,1,2307.1,08:01:10.987775282
7,2306.9,1,2307.1,08:01:10.987775282
7,2306.9,5,2307.2,08:01:10.987912712
7,2306.9,5,2307.2,08:01:10.987912712
7,2306.9,5,2307.2,08:01:10.988042520
9,2306.9,5,2307.2,08:01:10.988705298
1,2307.0,5,2307.2,08:01:10.988882994
2,2307.0,5,2307.2,08:01:10.989014728
2,2307.0,4,2307.2,08:01:10.989505906
2,2307.0,4,2307.2,08:01:10.989535849
2,2307.0,4,2307.2,08:01:10.989642862
2,2307.0,4,2307.2,08:01:10.996189295
2,2307.0,4,2307.2,08:01:10.996250615
2,2307.0,4,2307.2,08:01:10.996305198
2,2307.0,4,2307.2,08:01:11.011230106
2,2307.0,4,2307.2,08:01:11.103683141
2,2307.0,5,2307.2,08:01:11.107042805
2,2307.0,1,2307.1,08:01:11.107193467
2,2307.0,1,2307.1,08:01:11.107227484
1,2307.0,1,2307.1,08:01:11.107426102
1,2307.0,1,2307.1,08:01:11.107436836
9,2306.9,1,2307.1,08:01:11.107477975
9,2306.9,1,2307.1,08:01:11.107477975
9,2306.9,1,2307.1,08:01:11.107501006
9,2306.9,1,2307.1,08:01:11.107576989
9,2306.9,2,2307.1,08:01:11.107647710
9,2306.9,1,2307.1,08:01:11.143540723
1,2307.0,1,2307.1,08:01:11.158894366
1,2307.0,6,2307.2,08:01:11.160023621
1,2307.0,6,2307.2,08:01:11.160023621
1,2307.0,5,2307.2,08:01:11.160143733
1,2307.0,1,2307.1,08:01:11.160176309
1,2307.0,1,2307.1,08:01:11.170605207
1,2307.0,2,2307.1,08:01:11.171182022
9,2306.9,2,2307.1,08:01:11.171305349
9,2306.9,2,2307.1,08:01:11.171305349
9,2306.9,3,2307.1,08:01:11.171453752
9,2306.9,2,2307.1,08:01:11.172045543
9,2306.9,2,2307.1,08:01:11.206081764
9,2306.9,2,2307.1,08:01:11.224984250
9,2306.9,2,2307.1,08:01:11.263270427
9,2306.9,2,2307.1,08:01:11.263270427
9,2306.9,1,2307.1,08:01:11.263534263
1,2307.0,1,2307.1,08:01:11.263554628
2,2307.0,1,2307.1,08:01:11.263659037
2,2307.0,6,2307.2,08:01:11.263692660
2,2307.0,6,2307.2,08:01:11.263692660
2,2307.0,5,2307.2,08:01:11.263830040
3,2307.0,5,2307.2,08:01:11.466809249
3,2307.0,4,2307.2,08:01:11.476906070
4,2307.0,4,2307.2,08:01:11.476924459
4,2307.0,3,2307.2,08:01:11.477034504
4,2307.0,3,2307.2,08:01:11.477079705
4,2307.0,3,2307.2,08:01:11.477162078
4,2307.0,3,2307.2,08:01:11.477175876
4,2307.0,3,2307.2,08:01:11.736569132
4,2307.0,3,2307.2,08:01:11.736569132
5,2307.0,3,2307.2,08:01:12.101508450
1,2307.1,3,2307.2,08:01:12.101654866
2,2307.1,3,2307.2,08:01:12.101738328
2,2307.1,2,2307.2,08:01:12.101784229
2,2307.1,2,2307.2,08:01:12.101842576
2,2307.1,2,2307.2,08:01:12.101894775
2,2307.1,1,2307.2,08:01:12.102008579
2,2307.1,7,2307.3,08:01:12.102888018
2,2307.1,7,2307.3,08:01:12.102888018
2,2307.1,6,2307.3,08:01:12.103186446
2,2307.1,6,2307.3,08:01:12.103217865
3,2307.1,6,2307.3,08:01:12.103290785
1,2307.2,6,2307.3,08:01:12.103317687
1,2307.2,6,2307.3,08:01:12.103334126
1,2307.2,6,2307.3,08:01:12.103429274
1,2307.2,6,2307.3,08:01:12.103555510
1,2307.2,6,2307.3,08:01:12.103603382
1,2307.2,6,2307.3,08:01:12.103603382
1,2307.2,6,2307.3,08:01:12.103644659
4,2307.1,6,2307.3,08:01:12.103675358
4,2307.1,6,2307.3,08:01:12.103675358
4,2307.1,6,2307.3,08:01:12.103714124
4,2307.1,6,2307.3,08:01:12.103745916
4,2307.1,6,2307.3,08:01:12.103812597
4,2307.1,5,2307.3,08:01:12.103864918
4,2307.1,4,2307.3,08:01:12.103891766
4,2307.1,4,2307.3,08:01:12.104113802
4,2307.1,4,2307.3,08:01:12.104147150
4,2307.1,4,2307.3,08:01:12.104319801
4,2307.1,4,2307.3,08:01:12.104319801
4,2307.1,4,2307.3,08:01:12.109914879
4,2307.1,4,2307.3,08:01:12.110158493
4,2307.1,4,2307.3,08:01:12.110170224
4,2307.1,4,2307.3,08:01:12.151581557
5,2307.1,4,2307.3,08:01:12.319132568
1,2307.2,4,2307.3,08:01:12.319294670
1,2307.2,4,2307.3,08:01:12.319315298
1,2307.2,4,2307.3,08:01:12.319479564
1,2307.2,4,2307.3,08:01:12.369210375
1,2307.2,4,2307.3,08:01:12.471758559
1,2307.2,4,2307.3,08:01:12.475534538
1,2307.2,4,2307.3,08:01:12.555209870
1,2307.2,4,2307.3,08:01:12.586194244
1,2307.2,4,2307.3,08:01:12.586194244
2,2307.2,4,2307.3,08:01:12.615726220
2,2307.2,3,2307.3,08:01:12.743324671
2,2307.2,3,2307.3,08:01:12.743502707
2,2307.2,2,2307.3,08:01:12.744052693
2,2307.2,4,2307.4,08:01:12.744220482
2,2307.2,4,2307.4,08:01:12.744220482
3,2307.2,4,2307.4,08:01:12.744246915
4,2307.2,4,2307.4,08:01:12.744280953
4,2307.2,4,2307.4,08:01:12.744535045
1,2307.3,4,2307.4,08:01:12.744563173
1,2307.3,4,2307.4,08:01:12.744586547
1,2307.3,2,2307.4,08:01:12.744607043
1,2307.3,2,2307.4,08:01:12.744623014
1,2307.3,2,2307.4,08:01:12.744786980
1,2307.3,2,2307.4,08:01:12.744808724
1,2307.3,2,2307.4,08:01:12.744825284
1,2307.3,2,2307.4,08:01:12.744849352
1,2307.3,1,2307.4,08:01:12.744998721
1,2307.3,5,2307.5,08:01:12.745052316
1,2307.3,5,2307.5,08:01:12.745052316
2,2307.3,5,2307.5,08:01:12.745223727
2,2307.3,4,2307.5,08:01:12.745267351
2,2307.3,4,2307.5,08:01:12.745588522
2,2307.3,4,2307.5,08:01:12.745828744
2,2307.3,4,2307.5,08:01:12.745914093
2,2307.3,4,2307.5,08:01:12.745914093
2,2307.3,5,2307.5,08:01:12.746322150
2,2307.3,1,2307.4,08:01:12.746954043
2,2307.3,1,2307.4,08:01:12.747135109
2,2307.3,1,2307.4,08:01:12.747468431
1,2307.3,1,2307.4,08:01:12.747506599
3,2307.2,1,2307.4,08:01:12.748051080
3,2307.2,1,2307.4,08:01:12.748051080
3,2307.2,2,2307.4,08:01:12.748180855
3,2307.2,3,2307.4,08:01:12.748199323
3,2307.2,4,2307.4,08:01:12.748239529
2,2307.2,4,2307.4,08:01:12.748261549
2,2307.2,1,2307.3,08:01:12.748301075
2,2307.2,1,2307.3,08:01:12.748348827
1,2307.2,1,2307.3,08:01:12.748409069
1,2307.2,1,2307.3,08:01:12.748422329
1,2307.2,1,2307.3,08:01:12.748531157
1,2307.2,5,2307.4,08:01:12.752559152
1,2307.2,5,2307.4,08:01:12.752559152
2,2307.2,5,2307.4,08:01:12.752829950
3,2307.2,5,2307.4,08:01:12.752848694
4,2307.2,5,2307.4,08:01:12.752875977
5,2307.2,5,2307.4,08:01:12.752928186
5,2307.2,4,2307.4,08:01:12.752958181
5,2307.2,4,2307.4,08:01:12.752971157
5,2307.2,4,2307.4,08:01:12.752989477
5,2307.2,3,2307.4,08:01:12.753027078
6,2307.2,3,2307.4,08:01:12.753061479
6,2307.2,2,2307.4,08:01:12.753129109
6,2307.2,2,2307.4,08:01:12.753143166
6,2307.2,2,2307.4,08:01:12.753173449
6,2307.2,2,2307.4,08:01:12.753207408
6,2307.2,2,2307.4,08:01:12.763254480
6,2307.2,2,2307.4,08:01:12.779824628
7,2307.2,2,2307.4,08:01:12.809353895
7,2307.2,2,2307.4,08:01:12.809483036
7,2307.2,2,2307.4,08:01:12.986251484
7,2307.2,2,2307.4,08:01:12.998762066
7,2307.2,2,2307.4,08:01:12.998762066
6,2307.2,2,2307.4,08:01:13.199214767
6,2307.2,3,2307.4,08:01:13.199341701
6,2307.2,3,2307.4,08:01:14.104193974
5,2307.2,3,2307.4,08:01:14.675771988
6,2307.2,3,2307.4,08:01:14.676544116
6,2307.2,2,2307.4,08:01:14.676662326
6,2307.2,3,2307.4,08:01:16.262082066
6,2307.2,3,2307.4,08:01:16.328907977
6,2307.2,3,2307.4,08:01:16.838530183
6,2307.2,3,2307.4,08:01:17.615250601
6,2307.2,2,2307.4,08:01:18.286202761
1,2307.3,2,2307.4,08:01:18.692146985
1,2307.3,1,2307.4,08:01:18.692321593
1,2307.3,8,2307.5,08:01:18.692441017
1,2307.3,8,2307.5,08:01:18.692441017
6,2307.2,8,2307.5,08:01:18.692706808
6,2307.2,8,2307.5,08:01:18.692706808
1,2307.3,8,2307.5,08:01:18.692735055
1,2307.3,7,2307.5,08:01:18.692756700
1,2307.3,7,2307.5,08:01:18.692802448
1,2307.3,1,2307.4,08:01:18.692879729
1,2307.3,1,2307.4,08:01:18.693039387
1,2307.3,1,2307.4,08:01:18.693056863
7,2307.2,1,2307.4,08:01:18.693115706
7,2307.2,1,2307.4,08:01:18.693115706
6,2307.2,1,2307.4,08:01:18.693227904
6,2307.2,1,2307.4,08:01:18.703353320
6,2307.2,2,2307.4,08:01:18.742554313
6,2307.2,2,2307.4,08:01:18.807690134
6,2307.2,2,2307.4,08:01:18.807690134
5,2307.1,2,2307.4,08:01:19.227073832
5,2307.1,2,2307.4,08:01:19.227073832
5,2307.1,3,2307.4,08:01:19.227149484
5,2307.1,4,2307.4,08:01:19.227186954
5,2307.1,1,2307.3,08:01:19.227309529
5,2307.1,2,2307.3,08:01:19.227409531
4,2307.1,2,2307.3,08:01:19.227443081
4,2307.1,3,2307.3,08:01:19.227515226
4,2307.1,3,2307.3,08:01:19.227562517
4,2307.1,4,2307.3,08:01:19.227620505
4,2307.1,5,2307.3,08:01:19.227646397
4,2307.1,1,2307.2,08:01:19.227756696
3,2307.1,1,2307.2,08:01:19.227866574
2,2307.1,1,2307.2,08:01:19.228012222
2,2307.1,1,2307.2,08:01:19.228033214
2,2307.1,1,2307.2,08:01:19.228048450
2,2307.1,1,2307.2,08:01:19.228062092
2,2307.1,1,2307.2,08:01:19.228092179
2,2307.1,1,2307.2,08:01:19.228103350
2,2307.1,1,2307.2,08:01:19.228194619
2,2307.1,1,2307.2,08:01:19.228304221
3,2307.1,1,2307.2,08:01:19.228405296
3,2307.1,1,2307.2,08:01:19.228457008
3,2307.1,1,2307.2,08:01:19.228487832
2,2307.1,1,2307.2,08:01:19.228510264
2,2307.1,1,2307.2,08:01:19.228523557
2,2307.1,1,2307.2,08:01:19.228628164
2,2307.1,1,2307.2,08:01:19.228708649
2,2307.1,1,2307.2,08:01:19.228968283
2,2307.1,1,2307.2,08:01:19.228968283
2,2307.1,1,2307.2,08:01:19.246464651
2,2307.1,1,2307.2,08:01:19.299406387
3,2307.1,1,2307.2,08:01:19.315793658
3,2307.1,1,2307.2,08:01:19.316120823
3,2307.1,7,2307.3,08:01:19.316164250
3,2307.1,7,2307.3,08:01:19.316164250
3,2307.1,6,2307.3,08:01:19.316348891
3,2307.1,7,2307.3,08:01:19.316466269
3,2307.1,7,2307.3,08:01:19.316485469
2,2307.1,7,2307.3,08:01:19.316586122
2,2307.1,7,2307.3,08:01:19.417636723
3,2307.1,7,2307.3,08:01:19.417766185
3,2307.1,7,2307.3,08:01:19.571423192
2,2307.1,7,2307.3,08:01:19.571554846
2,2307.1,1,2307.2,08:01:19.571696471
2,2307.1,1,2307.2,08:01:19.571917657
2,2307.1,8,2307.3,08:01:19.665443650
2,2307.1,8,2307.3,08:01:19.665443650
2,2307.1,7,2307.3,08:01:19.665567220
3,2307.1,7,2307.3,08:01:19.665707220
4,2307.1,7,2307.3,08:01:19.665861015
4,2307.1,7,2307.3,08:01:19.665992550
4,2307.1,7,2307.3,08:01:20.809570779
4,2307.1,7,2307.3,08:01:20.809570779
4,2307.1,3,2307.2,08:01:21.185478860
3,2307.1,3,2307.2,08:01:21.186125426
3,2307.1,3,2307.2,08:01:21.186142198
3,2307.1,3,2307.2,08:01:21.186178001
2,2307.1,3,2307.2,08:01:21.186483290
10,2307.1,3,2307.2,08:01:22.740821173
10,2307.1,8,2307.3,08:01:22.741108398
10,2307.1,8,2307.3,08:01:22.741108398
10,2307.1,7,2307.3,08:01:22.741322569
10,2307.1,7,2307.3,08:01:22.741393818
10,2307.1,6,2307.3,08:01:22.741423531
10,2307.1,5,2307.3,08:01:22.741561246
1,2307.2,5,2307.3,08:01:22.741621829
1,2307.2,4,2307.3,08:01:22.741770370
1,2307.2,4,2307.3,08:01:22.741858596
1,2307.2,4,2307.3,08:01:22.741890884
10,2307.1,4,2307.3,08:01:22.741949823
10,2307.1,4,2307.3,08:01:22.741949823
10,2307.1,3,2307.3,08:01:22.741986873
10,2307.1,4,2307.3,08:01:22.742006269
11,2307.1,4,2307.3,08:01:22.742035056
11,2307.1,3,2307.3,08:01:22.742078497
10,2307.1,3,2307.3,08:01:22.742294889
10,2307.1,4,2307.3,08:01:22.745336323
10,2307.1,5,2307.3,08:01:22.745472329
10,2307.1,6,2307.3,08:01:22.809797441
10,2307.1,6,2307.3,08:01:22.809797441
11,2307.1,6,2307.3,08:01:22.810304612
11,2307.1,5,2307.3,08:01:22.810416692
8,2307.2,5,2307.3,08:01:23.184123795
8,2307.2,5,2307.3,08:01:23.184285308
8,2307.2,4,2307.3,08:01:23.184402952
8,2307.2,3,2307.3,08:01:23.184515869
8,2307.2,3,2307.3,08:01:23.184531290
8,2307.2,3,2307.3,08:01:23.184685619
9,2307.2,3,2307.3,08:01:23.184770593
9,2307.2,3,2307.3,08:01:23.244792413
9,2307.2,4,2307.3,08:01:23.245684668
9,2307.2,4,2307.3,08:01:23.712615561
9,2307.2,4,2307.3,08:01:23.918001546
9,2307.2,5,2307.3,08:01:23.918143962
9,2307.2,5,2307.3,08:01:23.918173649
6,2307.2,5,2307.3,08:01:23.918403840
6,2307.2,4,2307.3,08:01:23.918415475
5,2307.2,4,2307.3,08:01:23.918612823
1,2307.2,4,2307.3,08:01:23.918696729
2,2307.1,4,2307.3,08:01:23.918701334
2,2307.1,4,2307.3,08:01:23.918701334
2,2307.1,1,2307.2,08:01:23.918746809
2,2307.1,4,2307.3,08:01:23.919159471
2,2307.1,4,2307.3,08:01:23.919159471
2,2307.1,5,2307.3,08:01:23.919493980
2,2307.1,5,2307.3,08:01:23.919508716
2,2307.1,6,2307.3,08:01:23.919527011
3,2307.1,6,2307.3,08:01:23.919648470
4,2307.1,6,2307.3,08:01:23.919664284
5,2307.1,6,2307.3,08:01:23.919680345
6,2307.1,6,2307.3,08:01:23.919728298
6,2307.1,6,2307.3,08:01:23.919746225
6,2307.1,5,2307.3,08:01:23.919763080
6,2307.1,4,2307.3,08:01:23.920241893
5,2307.1,4,2307.3,08:01:24.265723170
4,2307.1,4,2307.3,08:01:24.265944295
3,2307.1,4,2307.3,08:01:24.266074847
3,2307.1,4,2307.3,08:01:24.754265751
3,2307.1,4,2307.3,08:01:24.754265751
3,2307.1,3,2307.3,08:01:24.810134062
3,2307.1,3,2307.3,08:01:24.810134062
2,2307.1,3,2307.3,08:01:25.146442995
2,2307.1,4,2307.3,08:01:25.146555016
2,2307.1,5,2307.3,08:01:25.146575388
2,2307.1,6,2307.3,08:01:25.146589987
1,2307.1,6,2307.3,08:01:25.146739858
1,2307.1,1,2307.2,08:01:25.146869912
6,2307.0,1,2307.2,08:01:25.146967831
6,2307.0,1,2307.2,08:01:25.146967831
5,2307.0,1,2307.2,08:01:25.146992363
5,2307.0,1,2307.2,08:01:25.147003304
5,2307.0,1,2307.2,08:01:25.147123978
4,2307.0,1,2307.2,08:01:25.147219273
4,2307.0,2,2307.2,08:01:25.147340869
4,2307.0,3,2307.2,08:01:25.151092086
4,2307.0,3,2307.2,08:01:25.154974168
4,2307.0,3,2307.2,08:01:25.165289854
4,2307.0,1,2307.1,08:01:25.165365583
4,2307.0,1,2307.1,08:01:25.165508236
4,2307.0,1,2307.1,08:01:25.165525980
4,2307.0,1,2307.1,08:01:25.165542214
3,2307.0,1,2307.1,08:01:25.165655640
2,2307.0,1,2307.1,08:01:25.165790248
1,2307.0,1,2307.1,08:01:25.165852290
1,2307.0,1,2307.1,08:01:25.165922484
1,2307.0,1,2307.1,08:01:25.166010614
9,2306.9,1,2307.1,08:01:25.166039219
9,2306.9,1,2307.1,08:01:25.166039219
9,2306.9,1,2307.1,08:01:25.166200595
9,2306.9,1,2307.1,08:01:25.166289321
9,2306.9,1,2307.1,08:01:25.166289321
9,2306.9,1,2307.1,08:01:25.170788121
9,2306.9,1,2307.1,08:01:25.177229025
9,2306.9,1,2307.1,08:01:25.183808508
9,2306.9,1,2307.1,08:01:25.243727845
1,2307.0,1,2307.1,08:01:25.282051432
1,2307.0,1,2307.1,08:01:25.282349825
1,2307.0,1,2307.1,08:01:25.282400863
1,2307.0,1,2307.1,08:01:25.422100624
1,2307.0,1,2307.1,08:01:25.422100624
2,2307.0,1,2307.1,08:01:25.924360914
2,2307.0,4,2307.2,08:01:25.924491655
2,2307.0,4,2307.2,08:01:25.924491655
3,2307.0,4,2307.2,08:01:25.924650106
3,2307.0,3,2307.2,08:01:25.924757536
3,2307.0,2,2307.2,08:01:25.924811284
3,2307.0,2,2307.2,08:01:25.924825018
3,2307.0,2,2307.2,08:01:25.924863042
3,2307.0,2,2307.2,08:01:25.924930544
3,2307.0,2,2307.2,08:01:25.932863779
3,2307.0,2,2307.2,08:01:25.983026662
3,2307.0,3,2307.2,08:01:26.285654269
2,2307.0,3,2307.2,08:01:26.285903708
2,2307.0,3,2307.2,08:01:26.294404013
2,2307.0,3,2307.2,08:01:26.327662537
1,2307.0,3,2307.2,08:01:26.489672611
1,2307.0,4,2307.2,08:01:26.489688374
1,2307.0,4,2307.2,08:01:26.489922074
2,2307.0,4,2307.2,08:01:26.489978991
2,2307.0,4,2307.2,08:01:26.489984348
3,2307.0,4,2307.2,08:01:26.490008864
3,2307.0,4,2307.2,08:01:26.490242776
2,2307.0,4,2307.2,08:01:26.490266392
2,2307.0,4,2307.2,08:01:26.490634085
2,2307.0,4,2307.2,08:01:26.810545539
2,2307.0,4,2307.2,08:01:26.810545539
2,2307.0,4,2307.2,08:01:28.536887150
2,2307.0,4,2307.2,08:01:28.916666434
1,2307.0,4,2307.2,08:01:28.916944193
1,2307.0,1,2307.1,08:01:28.916979947
1,2307.0,2,2307.1,08:01:28.917070839
1,2307.0,2,2307.1,08:01:28.917098099
1,2307.0,2,2307.1,08:01:28.917129287
1,2307.0,2,2307.1,08:01:28.917143054
10,2306.9,2,2307.1,08:01:28.917295496
10,2306.9,2,2307.1,08:01:28.917295496
9,2306.9,2,2307.1,08:01:28.917458248
9,2306.9,2,2307.1,08:01:28.917493644
9,2306.9,3,2307.1,08:01:28.918359073
7,2306.9,3,2307.1,08:01:28.933365768
7,2306.9,3,2307.1,08:01:28.935427125
6,2306.9,3,2307.1,08:01:28.994508454
5,2306.9,3,2307.1,08:01:28.995823128
4,2306.9,3,2307.1,08:01:28.995872326
4,2306.9,4,2307.1,08:01:28.995968977
4,2306.9,5,2307.1,08:01:28.996085152
4,2306.9,1,2307.0,08:01:28.996227110
4,2306.9,1,2307.0,08:01:28.996412349
4,2306.9,1,2307.0,08:01:28.996837503
4,2306.9,5,2307.1,08:01:29.016175889
4,2306.9,5,2307.1,08:01:29.016175889
4,2306.9,4,2307.1,08:01:29.016506146
4,2306.9,3,2307.1,08:01:29.016541772
4,2306.9,3,2307.1,08:01:29.029413549
4,2306.9,3,2307.1,08:01:29.029413549
4,2306.9,3,2307.1,08:01:29.593346882
4,2306.9,3,2307.1,08:01:29.593346882
5,2306.9,3,2307.1,08:01:29.593613079
6,2306.9,3,2307.1,08:01:29.593646792
6,2306.9,2,2307.1,08:01:29.593799130
1,2307.0,2,2307.1,08:01:29.593933046
1,2307.0,6,2307.2,08:01:29.594073264
1,2307.0,6,2307.2,08:01:29.594073264
1,2307.1,6,2307.2,08:01:29.594092516
1,2307.1,6,2307.2,08:01:29.594143176
1,2307.0,6,2307.2,08:01:29.594257460
1,2307.0,6,2307.2,08:01:29.594257460
2,2307.0,6,2307.2,08:01:29.594284235
3,2307.0,6,2307.2,08:01:29.594303662
4,2307.0,6,2307.2,08:01:29.594311934
4,2307.0,5,2307.2,08:01:29.594347181
4,2307.0,4,2307.2,08:01:29.594574417
5,2307.0,4,2307.2,08:01:29.594591307
5,2307.0,4,2307.2,08:01:29.594611758
5,2307.0,4,2307.2,08:01:29.594628043
5,2307.0,3,2307.2,08:01:29.594648011
6,2307.0,3,2307.2,08:01:29.594664429
7,2307.0,3,2307.2,08:01:29.594678317
7,2307.0,3,2307.2,08:01:29.594693517
6,2307.0,3,2307.2,08:01:29.594861319
5,2307.0,3,2307.2,08:01:29.594927996
4,2307.0,3,2307.2,08:01:29.594945151
4,2307.0,3,2307.2,08:01:29.594960933
4,2307.0,3,2307.2,08:01:29.602248200
4,2307.0,3,2307.2,08:01:29.602261042
4,2307.0,3,2307.2,08:01:29.602379812
4,2307.0,4,2307.2,08:01:29.605074909
4,2307.0,4,2307.2,08:01:29.605218003
3,2307.0,4,2307.2,08:01:29.605238832
2,2307.0,4,2307.2,08:01:29.605360772
1,2307.0,4,2307.2,08:01:29.605462300
1,2307.0,5,2307.2,08:01:29.605579455
1,2307.0,5,2307.2,08:01:29.605609145
1,2307.0,5,2307.2,08:01:30.013372994
1,2307.0,6,2307.2,08:01:30.345494244
7,2306.9,6,2307.2,08:01:30.346149733
7,2306.9,6,2307.2,08:01:30.346149733
7,2306.9,1,2307.1,08:01:30.346179733
6,2306.9,1,2307.1,08:01:30.346378960
6,2306.9,1,2307.1,08:01:30.346464654
6,2306.9,2,2307.1,08:01:30.346593252
6,2306.9,3,2307.1,08:01:30.346681078
6,2306.9,3,2307.1,08:01:30.484191445
6,2306.9,3,2307.1,08:01:30.493233515
5,2306.9,3,2307.1,08:01:30.542041240
5,2306.9,3,2307.1,08:01:30.542183847
4,2306.9,3,2307.1,08:01:30.542312333
4,2306.9,4,2307.1,08:01:30.542347905
4,2306.9,4,2307.1,08:01:30.543164536
4,2306.9,4,2307.1,08:01:30.613325150
4,2306.9,4,2307.1,08:01:30.613325150
4,2306.9,3,2307.1,08:01:30.643406393
5,2306.9,3,2307.1,08:01:30.763866781
5,2306.9,2,2307.1,08:01:31.016963315
1,2307.0,2,2307.1,08:01:31.017098144
1,2307.0,1,2307.1,08:01:31.017132634
1,2307.0,6,2307.2,08:01:31.017251520
1,2307.0,6,2307.2,08:01:31.017251520
1,2307.0,6,2307.2,08:01:31.017325963
1,2307.0,5,2307.2,08:01:31.017343906
4,2307.0,5,2307.2,08:01:31.017801317
4,2307.0,5,2307.2,08:01:31.017944343
4,2307.0,5,2307.2,08:01:31.025683206
4,2307.0,5,2307.2,08:01:31.025814522
4,2307.0,5,2307.2,08:01:31.025814522
4,2307.0,5,2307.2,08:01:31.128100531
4,2307.0,6,2307.2,08:01:31.314169609
4,2307.0,6,2307.2,08:01:31.314458216
4,2307.0,6,2307.2,08:01:31.438376025
4,2307.0,6,2307.2,08:01:31.438376025
4,2307.0,5,2307.2,08:01:31.438495934
4,2307.0,5,2307.2,08:01:31.510908901
4,2307.0,5,2307.2,08:01:31.521298108
4,2307.0,1,2307.1,08:01:32.007235603
3,2307.0,1,2307.1,08:01:32.007352015
3,2307.0,1,2307.1,08:01:32.007480536
3,2307.0,1,2307.1,08:01:32.123565048
3,2307.0,1,2307.1,08:01:32.123565048
3,2307.0,2,2307.1,08:01:32.128694082
3,2307.0,2,2307.1,08:01:32.177882680
3,2307.0,3,2307.1,08:01:32.182343689
3,2307.0,3,2307.1,08:01:32.182480578
5,2306.9,3,2307.1,08:01:32.182972684
5,2306.9,3,2307.1,08:01:32.182972684
5,2306.9,4,2307.1,08:01:32.182996736
5,2306.9,5,2307.1,08:01:32.183301104
5,2306.9,5,2307.1,08:01:32.183478755
4,2306.9,5,2307.1,08:01:32.183500775
4,2306.9,6,2307.1,08:01:32.183524640
4,2306.9,1,2307.0,08:01:32.184286499
4,2306.9,1,2307.0,08:01:32.184312157
4,2306.9,1,2307.0,08:01:32.184785642
4,2306.9,1,2307.0,08:01:32.188509909
4,2306.9,1,2307.0,08:01:32.536083620
4,2306.9,1,2307.0,08:01:32.536083620
4,2306.9,5,2307.1,08:01:32.667196913
4,2306.9,5,2307.1,08:01:32.667196913
4,2306.9,1,2307.0,08:01:33.020802171
2,2306.9,1,2307.0,08:01:33.021105759
2,2306.9,1,2307.0,08:01:33.021247537
2,2306.9,1,2307.0,08:01:33.023084457
2,2306.9,2,2307.0,08:01:33.039254891
1,2306.9,2,2307.0,08:01:33.039376651
7,2306.8,2,2307.0,08:01:33.039844926
7,2306.8,2,2307.0,08:01:33.039844926
7,2306.8,3,2307.0,08:01:33.039995620
7,2306.8,4,2307.0,08:01:33.040028040
7,2306.8,4,2307.0,08:01:33.040043817
6,2306.8,4,2307.0,08:01:33.040153845
6,2306.8,4,2307.0,08:01:33.040270243
6,2306.8,4,2307.0,08:01:33.050215262
6,2306.8,4,2307.0,08:01:33.130401426
6,2306.8,4,2307.0,08:01:33.130401426
6,2306.8,3,2307.0,08:01:33.130525524
8,2306.8,3,2307.0,08:01:33.397304526
8,2306.8,3,2307.0,08:01:33.397304526
8,2306.8,2,2307.0,08:01:33.397673864
1,2306.9,2,2307.0,08:01:33.397806734
1,2306.9,1,2307.0,08:01:33.397981714
1,2306.9,6,2307.1,08:01:33.398002310
1,2306.9,6,2307.1,08:01:33.398002310
1,2306.9,6,2307.1,08:01:33.497903966
1,2306.9,6,2307.1,08:01:33.809872229
1,2306.9,6,2307.1,08:01:33.809872229
6,2306.8,6,2307.1,08:01:33.978597941
6,2306.8,6,2307.1,08:01:33.978597941
6,2306.8,1,2307.0,08:01:33.978705437
6,2306.8,2,2307.0,08:01:33.978993869
6,2306.8,3,2307.0,08:01:33.979137090
6,2306.8,2,2307.0,08:01:33.979170239
6,2306.8,1,2307.0,08:01:33.979310755
6,2306.8,2,2307.0,08:01:33.979331917
6,2306.8,3,2307.0,08:01:33.979462099
6,2306.8,2,2307.0,08:01:33.979637574
6,2306.8,1,2307.0,08:01:34.134920302
6,2306.8,2,2307.0,08:01:34.135072270
6,2306.8,2,2307.0,08:01:34.162037689
6,2306.8,2,2307.0,08:01:34.162037689
6,2306.8,3,2307.0,08:01:34.205157932
6,2306.8,4,2307.0,08:01:34.205221268
5,2306.8,4,2307.0,08:01:34.212358928
4,2306.8,4,2307.0,08:01:34.212514803
5,2306.8,4,2307.0,08:01:34.214306637
5,2306.8,3,2307.0,08:01:34.214362277
5,2306.8,2,2307.0,08:01:34.214442650
4,2306.8,2,2307.0,08:01:34.216495776
4,2306.8,3,2307.0,08:01:34.217722869
4,2306.8,3,2307.0,08:01:34.235572294
4,2306.8,3,2307.0,08:01:34.235572294
4,2306.8,3,2307.0,08:01:34.648081630
4,2306.8,3,2307.0,08:01:34.648081630
4,2306.8,3,2307.0,08:01:34.666333728
4,2306.8,3,2307.0,08:01:35.031938902
4,2306.8,3,2307.0,08:01:35.131107990
4,2306.8,3,2307.0,08:01:35.437841573
4,2306.8,3,2307.0,08:01:35.437855688
4,2306.8,3,2307.0,08:01:35.666011695
4,2306.8,3,2307.0,08:01:36.172626641
4,2306.8,3,2307.0,08:01:36.682682680
4,2306.8,3,2307.0,08:01:36.806356679
5,2306.8,3,2307.0,08:01:37.079470039
5,2306.8,2,2307.0,08:01:37.079581840
5,2306.8,3,2307.0,08:01:38.007259440
4,2306.8,3,2307.0,08:01:38.007458533
2,2306.8,3,2307.0,08:01:38.452990146
2,2306.8,4,2307.0,08:01:38.453145739
2,2306.8,1,2306.9,08:01:38.453174714
2,2306.8,1,2306.9,08:01:38.453616139
2,2306.8,1,2306.9,08:01:38.453747124
2,2306.8,1,2306.9,08:01:38.455596426
2,2306.8,5,2307.0,08:01:38.467306322
2,2306.8,5,2307.0,08:01:38.467306322
3,2306.8,5,2307.0,08:01:38.467457390
3,2306.8,4,2307.0,08:01:38.467507702
3,2306.8,4,2307.0,08:01:38.467666099
3,2306.8,3,2307.0,08:01:38.468207837
3,2306.8,3,2307.0,08:01:38.471936101
4,2306.8,3,2307.0,08:01:38.535927807
5,2306.8,3,2307.0,08:01:38.536081020
5,2306.8,2,2307.0,08:01:38.536127958
5,2306.8,3,2307.0,08:01:38.536337489
4,2306.8,3,2307.0,08:01:38.536661701
4,2306.8,6,2307.1,08:01:38.536998252
4,2306.8,6,2307.1,08:01:38.536998252
5,2306.8,6,2307.1,08:01:38.537201414
1,2306.9,6,2307.1,08:01:38.537504114
2,2306.9,6,2307.1,08:01:38.537552391
3,2306.9,6,2307.1,08:01:38.537586462
3,2306.9,5,2307.1,08:01:38.537605269
3,2306.9,5,2307.1,08:01:38.537638613
3,2306.9,4,2307.1,08:01:38.537699754
3,2306.9,4,2307.1,08:01:38.537808537
3,2306.9,4,2307.1,08:01:38.537994758
3,2306.9,4,2307.1,08:01:38.538008659
4,2306.9,4,2307.1,08:01:38.538105010
5,2306.9,4,2307.1,08:01:38.538169625
6,2306.9,4,2307.1,08:01:38.538235592
6,2306.9,3,2307.1,08:01:38.538255861
7,2306.9,3,2307.1,08:01:38.538284175
7,2306.9,3,2307.1,08:01:38.538326803
7,2306.9,3,2307.1,08:01:38.538596482
7,2306.9,3,2307.1,08:01:38.538611481
7,2306.9,2,2307.1,08:01:38.538633772
1,2307.0,2,2307.1,08:01:38.539738719
1,2307.0,2,2307.1,08:01:38.539979352
1,2307.0,2,2307.1,08:01:38.548767570
1,2307.0,2,2307.1,08:01:38.551803596
7,2306.9,2,2307.1,08:01:38.566495219
7,2306.9,2,2307.1,08:01:38.566495219
7,2306.9,3,2307.1,08:01:38.568989555
7,2306.9,4,2307.1,08:01:38.611513421
6,2306.9,4,2307.1,08:01:38.640877574
6,2306.9,4,2307.1,08:01:38.819168027
6,2306.9,4,2307.1,08:01:38.819168027
8,2306.9,4,2307.1,08:01:38.837931434
8,2306.9,4,2307.1,08:01:38.837931434
8,2306.9,4,2307.1,08:01:38.837945352
8,2306.9,4,2307.1,08:01:38.837945352
8,2306.9,3,2307.1,08:01:38.838055761
1,2307.0,3,2307.1,08:01:38.838146501
1,2307.0,3,2307.1,08:01:38.930797847
2,2307.0,3,2307.1,08:01:39.067002810
1,2307.0,3,2307.1,08:01:39.067928702
1,2307.0,3,2307.1,08:01:39.250512350
1,2307.0,3,2307.1,08:01:39.250512350
2,2307.0,3,2307.1,08:01:39.647382551
2,2307.0,6,2307.1,08:01:39.718091566
8,2306.9,6,2307.1,08:01:39.718394541
8,2306.9,6,2307.1,08:01:39.718394541
6,2306.9,6,2307.1,08:01:39.985105650
6,2306.9,6,2307.1,08:01:39.985105650
6,2306.9,5,2307.1,08:01:40.569490094
6,2306.9,5,2307.1,08:01:40.569490094
6,2306.9,1,2307.0,08:01:40.707269253
6,2306.9,5,2307.1,08:01:40.707563545
6,2306.9,5,2307.1,08:01:40.707563545
6,2306.9,6,2307.1,08:01:40.707584818
5,2306.9,6,2307.1,08:01:40.707584818
5,2306.9,5,2307.1,08:01:40.707592489
5,2306.9,5,2307.1,08:01:40.707624067
4,2306.9,5,2307.1,08:01:40.707642273
4,2306.9,6,2307.1,08:01:40.707910605
1,2307.0,6,2307.1,08:01:40.708503621
1,2307.0,6,2307.1,08:01:40.708631211
5,2306.9,6,2307.1,08:01:40.708774968
5,2306.9,6,2307.1,08:01:40.708774968
5,2306.9,5,2307.1,08:01:40.708800187
7,2306.9,5,2307.1,08:01:40.753628468
7,2306.9,5,2307.1,08:01:40.753628468
7,2306.9,5,2307.1,08:01:41.188271440
7,2306.9,5,2307.1,08:01:41.188271440
5,2306.9,5,2307.1,08:01:41.215735919
5,2306.9,5,2307.1,08:01:41.215735919
5,2306.9,5,2307.1,08:01:41.238023034
5,2306.9,5,2307.1,08:01:41.238023034
5,2306.9,5,2307.1,08:01:41.273102033
5,2306.9,5,2307.1,08:01:41.390020354
5,2306.9,5,2307.1,08:01:41.628244277
5,2306.9,5,2307.1,08:01:41.628244277
4,2306.9,5,2307.1,08:01:41.898010994
3,2306.9,5,2307.1,08:01:41.898184842
3,2306.9,6,2307.1,08:01:41.898204574
3,2306.9,7,2307.1,08:01:41.898221983
3,2306.9,1,2307.0,08:01:41.898336404
2,2306.9,1,2307.0,08:01:41.898362242
2,2306.9,1,2307.0,08:01:41.898379234
2,2306.9,2,2307.0,08:01:41.898422765
2,2306.9,2,2307.0,08:01:41.898435760
1,2306.9,2,2307.0,08:01:41.898507992
1,2306.9,2,2307.0,08:01:41.898574467
1,2306.9,2,2307.0,08:01:41.898609069
1,2306.9,2,2307.0,08:01:41.898620154
5,2306.8,2,2307.0,08:01:41.898923700
5,2306.8,2,2307.0,08:01:41.898923700
5,2306.8,3,2307.0,08:01:41.899174677
5,2306.8,4,2307.0,08:01:41.899294565
5,2306.8,4,2307.0,08:01:41.899323903
5,2306.8,4,2307.0,08:01:41.899346115
5,2306.8,4,2307.0,08:01:41.900105253
5,2306.8,4,2307.0,08:01:41.901107737
5,2306.8,5,2307.0,08:01:41.901372651
5,2306.8,1,2306.9,08:01:41.901514129
4,2306.8,1,2306.9,08:01:41.901642113
4,2306.8,1,2306.9,08:01:41.901674392
3,2306.8,1,2306.9,08:01:41.901782733
3,2306.8,1,2306.9,08:01:41.905305393
2,2306.8,1,2306.9,08:01:41.905513583
2,2306.8,2,2306.9,08:01:41.905634424
1,2306.8,2,2306.9,08:01:41.905712312
1,2306.8,3,2306.9,08:01:41.905769937
1,2306.8,3,2306.9,08:01:41.905781396
4,2306.7,3,2306.9,08:01:41.906011036
4,2306.7,3,2306.9,08:01:41.906011036
4,2306.7,1,2306.8,08:01:41.906025494
5,2306.7,1,2306.8,08:01:41.906227456
5,2306.7,1,2306.8,08:01:41.906243562
4,2306.7,1,2306.8,08:01:41.906284856
4,2306.7,1,2306.8,08:01:41.906318431
4,2306.7,1,2306.8,08:01:41.906346441
4,2306.7,1,2306.8,08:01:41.906362204
4,2306.7,1,2306.8,08:01:41.906384599
4,2306.7,5,2306.9,08:01:41.906485769
4,2306.7,5,2306.9,08:01:41.906485769
4,2306.7,4,2306.9,08:01:41.906514928
4,2306.7,4,2306.9,08:01:41.906585524
4,2306.7,4,2306.9,08:01:41.906660771
1,2306.8,4,2306.9,08:01:41.906712112
1,2306.8,4,2306.9,08:01:41.906798654
1,2306.8,4,2306.9,08:01:41.906798654
1,2306.8,4,2306.9,08:01:41.906844249
1,2306.8,3,2306.9,08:01:41.906923074
1,2306.8,2,2306.9,08:01:41.907254555
2,2306.8,2,2306.9,08:01:41.907284652
2,2306.8,2,2306.9,08:01:41.907442943
2,2306.8,5,2307.0,08:01:41.907699070
2,2306.8,5,2307.0,08:01:41.907699070
2,2306.8,4,2307.0,08:01:41.907901718
3,2306.8,4,2307.0,08:01:41.908119415
4,2306.8,4,2307.0,08:01:41.908227899
4,2306.8,4,2307.0,08:01:41.908242492
4,2306.8,4,2307.0,08:01:41.908258918
4,2306.8,3,2307.0,08:01:41.908326487
4,2306.8,3,2307.0,08:01:41.908481111
4,2306.8,1,2306.9,08:01:41.908598387
3,2306.8,1,2306.9,08:01:41.908759296
3,2306.8,3,2307.0,08:01:41.908798974
3,2306.8,3,2307.0,08:01:41.908798974
3,2306.8,4,2307.0,08:01:41.909058047
3,2306.8,1,2306.9,08:01:41.909229593
2,2306.8,1,2306.9,08:01:41.909405543
1,2306.8,1,2306.9,08:01:41.909436155
1,2306.8,1,2306.9,08:01:41.909529686
1,2306.8,1,2306.9,08:01:41.909586807
