price,volume,timestamp
2308.2,1,08:00:00.007632417
2308.2,1,08:00:00.205572955
2308.2,1,08:00:00.205822605
2308.1,1,08:00:00.238672521
2308.1,1,08:00:00.249835946
2308.1,1,08:00:00.250341636
2308.1,1,08:00:00.250386110
2308.3,2,08:00:00.325079501
2308.2,4,08:00:00.325079501
2308.1,4,08:00:00.480127721
2308.0,2,08:00:00.481839625
2307.8,1,08:00:02.465860672
2307.8,1,08:00:02.465986758
2307.7,1,08:00:02.814633830
2307.7,1,08:00:02.814646172
2307.7,1,08:00:02.815099832
2307.7,2,08:00:04.669947152
2307.7,3,08:00:04.670219329
2307.7,1,08:00:04.670897459
2307.6,2,08:00:11.866434675
2307.5,1,08:00:11.866447644
2307.5,4,08:00:11.868123082
2307.4,1,08:00:11.980234389
2307.5,1,08:00:12.336860787
2307.5,1,08:00:13.278643708
2307.5,1,08:00:13.278956214
2307.6,1,08:00:13.813440385
2307.6,1,08:00:13.813463359
2307.7,1,08:00:20.100947999
2307.7,1,08:00:20.101181002
2307.7,1,08:00:20.786201142
2307.5,1,08:00:22.806287963
2307.5,2,08:00:23.185614849
2307.5,1,08:00:24.573582326
2307.3,3,08:00:25.845743645
2307.3,1,08:00:26.408964249
2307.2,2,08:00:26.797185980
2307.2,1,08:00:26.799725484
2307.2,1,08:00:26.800046038
2307.3,2,08:00:27.065077864
2307.3,2,08:00:27.065469124
2307.3,1,08:00:27.332636370
2307.5,1,08:00:31.868936279
2307.4,1,08:00:32.410357900
2307.4,2,08:00:32.410733015
2307.5,1,08:00:33.709639712
2307.5,2,08:00:34.129293483
2307.6,2,08:00:39.957870624
2307.6,1,08:00:40.546484483
2307.5,2,08:00:43.765557699
2307.5,3,08:00:44.348305992
2307.4,2,08:00:44.785642847
2307.4,1,08:00:49.050481896
2307.3,1,08:00:50.266684292
2307.4,3,08:00:54.469844138
2307.5,2,08:00:54.471142062
2307.6,1,08:00:56.902107402
2307.4,3,08:00:57.432900892
2307.5,3,08:00:57.432900892
2307.5,2,08:00:59.034858243
2307.6,1,08:00:59.053601334
2307.6,2,08:00:59.637230723
2307.4,3,08:01:01.165579247
2307.5,3,08:01:01.173146071
2307.5,1,08:01:01.173739053
2307.6,4,08:01:01.221935439
2307.7,1,08:01:01.221935439
2307.4,2,08:01:02.639759047
2307.4,1,08:01:02.639972229
2307.5,1,08:01:02.648405471
2307.3,1,08:01:03.720179838
2307.3,1,08:01:03.720387791
2307.3,2,08:01:03.720438575
2307.3,2,08:01:03.720469934
2307.3,1,08:01:03.720516770
2307.3,7,08:01:03.720661473
2307.2,1,08:01:03.722094104
2307.2,1,08:01:05.225803318
2307.1,1,08:01:06.985760068
2307.1,1,08:01:07.045672860
2307.2,1,08:01:07.046037285
2307.2,1,08:01:07.046120653
2307.1,1,08:01:07.551419484
2307.0,3,08:01:08.519796355
2307.0,1,08:01:08.901202988
2306.8,1,08:01:09.187336869
2306.9,1,08:01:09.219841103
2306.9,1,08:01:10.586837216
2307.0,3,08:01:10.714435860
2307.2,1,08:01:12.102880098
2307.3,1,08:01:12.744026350
2307.3,2,08:01:12.744186110
2307.3,1,08:01:12.748043183
2307.3,1,08:01:12.752551657
2307.3,1,08:01:18.692698910
2307.2,6,08:01:19.227063598
2307.2,3,08:01:22.741100558
2307.2,3,08:01:23.918389471
2307.2,1,08:01:23.918597050
2307.2,4,08:01:23.918664283
2307.2,1,08:01:23.918701334
2307.2,1,08:01:23.919151083
2307.1,1,08:01:25.924482903
2307.0,1,08:01:29.016168043
2307.1,2,08:01:29.594063652
2307.1,1,08:01:29.594249076
2307.0,3,08:01:32.182964166
2306.9,1,08:01:33.039837627
2306.9,1,08:01:33.978590069
2306.8,2,08:01:38.452975887
2307.0,2,08:01:38.536988610
2307.0,1,08:01:38.566487751
2307.0,2,08:01:39.718385053
2307.0,1,08:01:40.707555027
2307.0,1,08:01:40.708767438
2306.9,1,08:01:41.898915978
2306.8,1,08:01:41.905502255
2306.8,1,08:01:41.906475382
2306.9,2,08:01:41.907690037
2306.8,1,08:01:42.488382187
2306.8,1,08:01:42.538013815
2306.8,1,08:01:42.538269351
2306.8,3,08:01:42.927946682
2306.7,2,08:01:44.421280174
2306.7,2,08:01:44.421601096
2306.6,2,08:01:44.425313036
2306.5,1,08:01:44.425320230
2306.5,3,08:01:44.430849534
2306.5,1,08:01:44.431148427
2306.5,1,08:01:44.569441766
2306.5,1,08:01:44.607298066
2306.7,3,08:01:45.097553450
2306.7,1,08:01:48.443891505
2306.9,2,08:01:50.241009665
2307.0,1,08:01:50.441686910
2307.0,1,08:01:50.721064938
2307.1,1,08:01:52.009332155
2307.1,2,08:01:52.009364949
2307.1,1,08:01:52.009464029
2307.2,3,08:01:52.272077997
2307.3,3,08:01:52.512506209
2307.2,1,08:01:52.512555510
2307.1,2,08:01:54.779944711
2307.1,1,08:01:54.780175909
2307.2,4,08:01:54.888053060
2307.1,1,08:01:58.026331776
2307.1,2,08:01:58.789851893
2307.0,1,08:01:59.107365993
2306.9,1,08:02:00.110742158
2306.7,1,08:02:01.126244742
2306.8,3,08:02:01.128740011
2306.9,1,08:02:04.391134470
2306.7,2,08:02:08.101515470
2306.6,1,08:02:11.498239178
2306.5,1,08:02:11.598801400
2306.4,1,08:02:12.538335637
2306.5,1,08:02:12.876639278
2306.6,2,08:02:14.408815415
2306.6,4,08:02:14.409086668
2306.6,1,08:02:14.409361794
2306.7,1,08:02:14.792163218
2306.6,1,08:02:15.888080870
2306.5,2,08:02:17.622772834
2306.4,2,08:02:18.025581085
2306.4,1,08:02:19.739562554
2306.4,1,08:02:20.369354886
2306.3,3,08:02:23.205759066
2306.0,13,08:02:23.205774091
2306.2,7,08:02:23.205774091
2306.1,10,08:02:23.205774091
2306.0,1,08:02:23.205774091
2306.2,1,08:02:23.205774091
2306.2,1,08:02:23.209084743
2306.2,1,08:02:23.210078443
2306.2,1,08:02:23.211090784
2306.3,1,08:02:23.212016319
2306.3,1,08:02:23.212126190
2306.4,1,08:02:23.224740681
2306.3,1,08:02:23.232123508
2306.5,1,08:02:23.341515577
2306.5,4,08:02:23.341996278
2306.4,1,08:02:23.409283345
2306.4,3,08:02:25.762607305
2306.5,5,08:02:26.160194379
2306.6,1,08:02:26.578088776
2306.7,1,08:02:28.137936248
2306.6,1,08:02:29.960309741
2306.6,2,08:02:29.960606176
2306.6,1,08:02:31.757661061
2306.4,1,08:02:32.851973258
2306.5,1,08:02:33.923998957
2306.6,2,08:02:34.037756032
2306.6,2,08:02:41.185728063
2306.6,1,08:02:41.186296094
2306.6,1,08:02:42.205489211
2306.5,5,08:02:42.504665544
2306.4,3,08:02:42.505553050
2306.4,1,08:02:42.505832550
2306.4,1,08:02:42.505867879
2306.4,1,08:02:42.506475292
2306.4,1,08:02:42.509013820
2306.5,3,08:02:42.509013820
2306.4,1,08:02:42.567207287
2306.4,1,08:02:43.225585286
2306.4,1,08:02:43.225833486
2306.4,1,08:02:53.390846142
2306.3,5,08:02:54.672347891
2306.3,1,08:02:54.707500110
2306.3,2,08:02:54.707757543
2306.4,2,08:02:54.720895229
2306.2,1,08:02:55.304743647
2306.3,2,08:02:55.314280368
2306.4,1,08:02:56.295773375
2306.4,2,08:02:56.297257543
2306.4,1,08:02:56.298836202
2306.3,2,08:02:57.770013561
2306.3,1,08:03:01.218976110
2306.3,2,08:03:01.219219228
2306.3,9,08:03:01.219343541
2306.3,1,08:03:01.219379977
2306.3,9,08:03:01.219420950
2306.3,6,08:03:01.219826399
2306.4,7,08:03:01.220118299
2306.4,1,08:03:01.220173273
2306.5,8,08:03:01.222037199
2306.5,3,08:03:01.222066972
2306.5,1,08:03:01.222110819
2306.5,1,08:03:01.222367314
2306.5,1,08:03:01.222393887
2306.5,1,08:03:01.222528383
2306.5,6,08:03:01.222554342
2306.5,2,08:03:01.222588970
2306.6,1,08:03:01.223500783
2306.6,2,08:03:01.241288086
2306.7,2,08:03:01.783232445
2306.7,1,08:03:01.783415536
2306.6,1,08:03:01.994494522
2306.5,1,08:03:04.185597886
2306.7,7,08:03:06.759014585
2306.6,4,08:03:06.759014585
2306.7,1,08:03:06.759852778
2306.7,1,08:03:06.759901896
2306.7,1,08:03:06.759962242
2306.7,1,08:03:06.760004406
2306.7,1,08:03:06.760038874
2306.7,1,08:03:06.760197847
2306.7,2,08:03:06.760878258
2306.7,1,08:03:06.760924147
2306.7,2,08:03:06.761086224
2306.7,1,08:03:06.762125182
2306.6,1,08:03:06.762197635
2306.5,1,08:03:06.763662352
2306.5,1,08:03:06.764601862
2306.5,2,08:03:06.764639780
2306.6,2,08:03:06.765700960
2306.6,2,08:03:06.765733348
2306.5,1,08:03:06.765922622
2306.6,1,08:03:07.011392088
2306.7,1,08:03:07.798852196
2306.8,1,08:03:09.000729614
2306.8,1,08:03:09.001057502
2306.9,4,08:03:10.327334060
2306.9,1,08:03:12.676017686
2306.9,1,08:03:12.676349389
2306.9,1,08:03:12.747334849
2306.9,1,08:03:12.859499565
2306.8,1,08:03:13.079748468
2307.0,2,08:03:13.244715048
2307.0,5,08:03:14.916631878
2307.2,6,08:03:14.916631878
2307.1,6,08:03:14.916631878
2307.2,1,08:03:14.917772974
2307.2,2,08:03:14.918187279
2307.2,2,08:03:14.918228557
2307.2,2,08:03:14.918270371
2307.2,2,08:03:14.918297892
2307.2,2,08:03:14.918348575
2307.2,2,08:03:14.918384675
2307.2,1,08:03:14.918418139
2307.2,2,08:03:14.918479660
2307.2,2,08:03:14.918521993
2307.2,2,08:03:14.918550445
2307.2,1,08:03:14.918664665
2307.2,2,08:03:14.918769416
2307.2,1,08:03:14.918820307
2307.2,2,08:03:14.918884903
2307.2,2,08:03:14.918912088
2307.2,2,08:03:14.918993408
2307.2,2,08:03:14.919022899
2307.3,3,08:03:14.921429894
2307.2,3,08:03:14.921429894
2307.3,1,08:03:14.921858422
2307.3,1,08:03:14.922222176
2307.2,1,08:03:14.922222176
2307.2,1,08:03:14.922490483
2307.1,1,08:03:14.922921845
2307.1,1,08:03:14.922974979
2307.1,1,08:03:14.923221365
2307.1,1,08:03:14.923828778
2307.2,3,08:03:14.923895538
2307.2,1,08:03:14.925326207
2307.2,1,08:03:14.925550880
2307.2,1,08:03:14.925590091
2307.1,2,08:03:14.925768850
2307.1,1,08:03:14.926202183
2307.1,1,08:03:14.927128256
2307.1,1,08:03:14.928248020
2307.1,1,08:03:14.929161651
2307.0,2,08:03:15.045606529
2307.0,1,08:03:15.240302842
2307.0,1,08:03:15.681470988
2307.1,4,08:03:16.545692391
2307.2,1,08:03:16.546572684
2307.2,1,08:03:16.546617123
2307.2,1,08:03:16.681831083
2307.3,1,08:03:16.836020517
2307.4,1,08:03:16.836244797
2307.3,1,08:03:16.904453698
2307.2,1,08:03:17.943879836
2307.4,1,08:03:19.097836189
2307.2,2,08:03:20.132816868
2307.3,7,08:03:20.259016456
2307.5,9,08:03:20.259016456
2307.2,1,08:03:20.259016456
2307.4,5,08:03:20.259016456
2307.5,1,08:03:20.260288437
2307.5,1,08:03:20.260497737
2307.5,1,08:03:20.260515338
2307.6,2,08:03:20.261182196
2307.4,1,08:03:20.347240037
2307.3,2,08:03:20.768993631
2307.3,4,08:03:21.158077360
2307.3,1,08:03:21.158987548
2307.3,1,08:03:21.159894331
2307.5,1,08:03:22.018745920
2307.4,1,08:03:22.165786768
2307.4,1,08:03:22.310574849
2307.4,1,08:03:22.311159420
2307.4,2,08:03:22.450000718
2307.5,1,08:03:22.481027174
2307.4,1,08:03:23.651117662
2307.3,2,08:03:24.111212630
2307.3,1,08:03:26.035163835
2307.4,1,08:03:26.035306059
2307.4,2,08:03:27.540391570
2307.5,2,08:03:29.459891614
2307.5,3,08:03:29.460333401
2307.6,1,08:03:29.561900917
2307.5,1,08:03:30.025490588
2307.5,1,08:03:30.540572257
2307.5,2,08:03:31.145051947
2307.5,1,08:03:31.145868661
2307.5,1,08:03:31.146007768
2307.5,1,08:03:31.275526235
2307.5,1,08:03:34.479845830
2307.5,1,08:03:35.110005879
2307.6,1,08:03:35.110005879
2307.4,1,08:03:36.023123217
2307.5,1,08:03:37.405413200
2307.6,1,08:03:37.407366472
2307.6,1,08:03:37.425385004
2307.5,1,08:03:37.519331997
2307.5,1,08:03:37.815212253
2307.5,1,08:03:37.861861066
2307.4,1,08:03:40.500466184
2307.3,1,08:03:41.186390578
2307.3,2,08:03:41.186984904
2307.4,1,08:03:41.206174520
2307.3,1,08:03:41.277572422
2307.4,1,08:03:43.012784016
2307.4,1,08:03:43.013100909
2307.2,1,08:03:45.249308012
2307.3,4,08:03:45.249308012
2307.3,1,08:03:45.265677709
2307.4,1,08:03:45.300901034
2307.5,1,08:03:45.300901034
2307.5,1,08:03:46.384824498
2307.4,2,08:03:46.406526911
2307.5,1,08:03:54.790122968
2307.6,2,08:03:55.173544110
2307.4,2,08:03:55.275586641
2307.5,1,08:03:57.584212063
2307.4,1,08:04:02.025464825
2307.4,1,08:04:03.165962757
2307.4,1,08:04:03.184435293
2307.3,1,08:04:05.249578941
2307.2,1,08:04:06.463489340
2307.2,1,08:04:07.370886138
2307.1,2,08:04:07.395061532
2307.1,1,08:04:07.395816821
2307.3,3,08:04:09.048181592
2307.2,1,08:04:09.368228514
2307.3,1,08:04:09.409504305
2307.2,1,08:04:09.409504305
2307.2,1,08:04:17.920537509
2307.1,1,08:04:17.934239543
2307.0,1,08:04:22.010397409
2307.0,9,08:04:22.010651738
2307.0,9,08:04:22.010696372
2307.0,1,08:04:22.011338878
2307.1,1,08:04:22.011747629
2307.1,1,08:04:22.011850171
2307.0,1,08:04:22.011894652
2307.1,3,08:04:22.011959347
2307.1,1,08:04:22.012004418
2307.2,2,08:04:22.014110297
2307.3,2,08:04:22.034948561
2307.3,3,08:04:22.133620579
2307.3,1,08:04:24.066822712
2307.4,1,08:04:26.617598162
2307.4,1,08:04:26.617643993
2307.4,1,08:04:26.617677831
2307.5,2,08:04:29.452640496
2307.5,1,08:04:30.129595836
2307.6,4,08:04:31.038154529
2307.7,6,08:04:31.038154529
2307.6,1,08:04:31.795830202
2307.7,1,08:04:31.806515596
2307.7,1,08:04:31.896733432
2307.8,1,08:04:31.912825479
2307.8,4,08:04:31.925019206
2307.8,1,08:04:31.953616559
2307.7,4,08:04:32.059277830
2307.6,8,08:04:32.060131781
2307.7,1,08:04:32.060131781
2307.7,3,08:04:32.060573936
2307.7,1,08:04:32.095335916
2307.8,2,08:04:32.128145245
2307.8,1,08:04:32.210652769
2307.8,2,08:04:32.210840245
2307.7,4,08:04:32.211182174
2307.8,1,08:04:32.211732387
2307.9,1,08:04:32.626009417
2308.0,11,08:04:32.626024098
2308.1,8,08:04:32.626024098
2308.2,13,08:04:32.626024098
2308.3,8,08:04:32.626024098
2307.9,5,08:04:32.626024098
2308.4,6,08:04:32.626024098
2308.4,1,08:04:32.626512906
2308.1,1,08:04:32.629266667
2308.1,1,08:04:32.630450256
2308.1,1,08:04:32.632004793
2308.1,1,08:04:32.632917167
2308.1,1,08:04:32.634107261
2308.0,1,08:04:32.635722299
2308.0,2,08:04:32.635997184
2308.0,1,08:04:32.644963113
2308.0,1,08:04:32.703719563
2308.1,1,08:04:32.730676735
2308.1,1,08:04:32.734935874
2308.0,3,08:04:33.462195796
2308.3,5,08:04:33.606016574
2308.2,6,08:04:33.606016574
2308.1,1,08:04:33.606016574
2308.5,8,08:04:33.606016574
2308.6,2,08:04:33.606016574
2308.4,7,08:04:33.606016574
2308.3,1,08:04:33.608366523
2308.3,1,08:04:33.610311477
2308.3,1,08:04:33.610356675
2308.3,1,08:04:33.610393495
2308.2,3,08:04:33.613140293
2308.2,1,08:04:34.019298578
2308.2,1,08:04:34.019605486
2308.2,1,08:04:34.019746829
2308.2,1,08:04:34.020575928
2308.3,1,08:04:35.109898366
2308.2,6,08:04:35.380008374
2308.2,1,08:04:35.641890907
2308.1,4,08:04:35.643024940
2308.0,2,08:04:35.645065292
2307.9,1,08:04:35.667400185
2307.8,11,08:04:36.882442678
2307.7,9,08:04:36.882442678
2307.9,5,08:04:36.882442678
2307.7,1,08:04:36.887207492
2307.8,1,08:04:36.908571632
2307.7,1,08:04:40.330898282
2307.6,1,08:04:40.331391882
2307.6,1,08:04:40.331432756
2307.6,1,08:04:40.819268001
2307.6,1,08:04:40.819596411
2307.6,1,08:04:40.819688010
2307.7,1,08:04:40.819836323
2307.6,1,08:04:42.225533536
2307.7,4,08:04:43.325568045
2307.7,1,08:04:43.388778419
2307.8,1,08:04:43.450988289
2307.7,1,08:04:45.297781553
2307.7,1,08:04:46.739156073
2307.6,1,08:04:50.747193630
2307.8,1,08:04:51.099995492
2307.7,1,08:04:52.611934906
2307.7,1,08:04:52.612252541
2307.7,1,08:04:52.631206566
2307.8,1,08:04:57.423555809
2307.9,1,08:04:57.425331201
2307.9,3,08:04:57.425625425
2307.8,1,08:04:57.670968810
2307.7,1,08:04:59.026050832
2307.6,1,08:05:00.282093693
2307.5,1,08:05:00.283660115
2307.5,1,08:05:00.284232370
2307.4,1,08:05:00.770042999
2307.4,1,08:05:02.377527241
2307.4,2,08:05:02.766397314
2307.4,1,08:05:02.767366844
2307.4,1,08:05:05.859483613
2307.4,3,08:05:05.947722931
2307.5,1,08:05:08.585961712
2307.4,1,08:05:08.667472421
2307.4,1,08:05:09.941407586
2307.4,3,08:05:14.530207805
2307.3,1,08:05:19.135924265
2307.3,1,08:05:19.304440848
2307.4,2,08:05:20.370442994
2307.2,6,08:05:24.343403901
2307.2,6,08:05:24.343687481
2307.2,3,08:05:24.343759101
2307.2,1,08:05:24.343794116
2307.2,1,08:05:24.343821032
2307.2,4,08:05:24.343847180
2307.2,2,08:05:24.343894013
2307.2,1,08:05:24.343935463
2307.2,1,08:05:24.343983532
2307.2,1,08:05:24.344060675
2307.2,1,08:05:24.344365581
2307.3,3,08:05:24.344584685
2307.3,1,08:05:24.344679680
2307.2,3,08:05:24.345107791
2307.3,1,08:05:24.345107791
2307.3,1,08:05:24.345586879
2307.3,1,08:05:24.346621553
2307.3,2,08:05:24.346812690
2307.3,1,08:05:24.454186573
2307.4,1,08:05:24.454524520
2307.5,2,08:05:24.557361192
2307.6,1,08:05:24.690352150
2307.5,1,08:05:25.044851227
2307.6,1,08:05:26.251647724
2307.7,3,08:05:31.115035977
2307.7,1,08:05:31.115823939
2307.6,1,08:05:31.564793161
2307.5,1,08:05:31.857143783
2307.6,1,08:05:37.287169880
2307.6,2,08:05:37.287460659
2307.6,2,08:05:37.287785736
2307.7,3,08:05:38.518973126
2307.6,2,08:05:38.824267889
2307.5,1,08:05:41.186846503
2307.4,1,08:05:45.006428508
2307.6,5,08:05:46.349073304
2307.6,1,08:05:46.349302137
2307.6,1,08:05:46.658098806
2307.6,1,08:05:47.005774244
2307.7,1,08:05:54.639636981
2307.7,1,08:05:57.058482183
2307.6,4,08:06:00.690364363
2307.7,2,08:06:00.691342701
2307.7,2,08:06:00.691394452
2307.8,6,08:06:00.693720243
2307.9,2,08:06:04.074883768
2308.0,1,08:06:04.327470106
2308.0,1,08:06:04.378436469
2308.0,1,08:06:04.378485042
2308.0,3,08:06:04.378564484
2308.0,1,08:06:04.430765236
2308.0,3,08:06:07.267568453
2308.0,1,08:06:08.272910882
2307.9,1,08:06:08.877300069
2307.9,2,08:06:08.877480655
2307.9,1,08:06:08.964222880
2308.0,2,08:06:11.288978545
2308.0,1,08:06:11.289020945
2308.2,8,08:06:12.431876495
2308.1,2,08:06:12.431876495
2308.3,7,08:06:12.431876495
2308.4,5,08:06:12.431876495
2308.2,2,08:06:12.434828194
2308.2,1,08:06:12.435132792
2308.2,1,08:06:12.435225567
2308.1,1,08:06:12.435276510
2308.1,1,08:06:12.435399985
2308.1,1,08:06:12.435631573
2308.1,1,08:06:12.435715495
2308.0,4,08:06:12.437575222
2308.0,1,08:06:12.456835447
2307.9,2,08:06:12.840690176
2308.0,1,08:06:19.904686092
2307.8,1,08:06:20.246417611
2307.8,2,08:06:23.237734758
2307.9,2,08:06:25.772342026
2308.1,8,08:06:25.772342026
2308.0,5,08:06:25.772342026
2308.0,1,08:06:25.775430665
2308.0,1,08:06:26.184852965
2307.9,1,08:06:26.248191991
2307.9,1,08:06:26.659547145
2308.1,4,08:06:28.200187310
2308.2,9,08:06:28.200187310
2308.0,2,08:06:28.200187310
2308.0,1,08:06:28.435125351
2307.9,3,08:06:30.514498159
2307.8,2,08:06:30.527269434
2307.9,2,08:06:32.331703506
2307.9,2,08:06:43.931639401
2308.0,1,08:06:44.220259087
2308.1,3,08:06:44.587788309
2308.1,1,08:06:44.588041115
2308.0,1,08:06:45.004448754
2308.0,1,08:06:45.021331619
2307.9,1,08:06:46.342515817
2307.9,1,08:06:46.343142630
2307.8,1,08:06:47.251574111
2307.8,1,08:06:47.253927928
2307.7,1,08:06:47.257334468
2307.8,2,08:07:05.926132201
2307.8,2,08:07:05.926473315
2307.7,2,08:07:06.946973041
2307.6,2,08:07:09.109350313
2307.6,1,08:07:09.109388105
2307.6,3,08:07:11.567935450
2307.6,1,08:07:11.568128843
2307.5,1,08:07:13.274789559
2307.7,2,08:07:15.364564388
2307.7,1,08:07:15.364780927
2307.9,3,08:07:22.254013647
2308.0,3,08:07:22.307070075
2308.2,2,08:07:22.691593844
2308.1,1,08:07:22.691593844
2308.0,1,08:07:23.517133716
2307.9,1,08:07:24.994789719
2308.1,1,08:07:25.348936866
2308.2,1,08:07:25.571985295
2308.2,1,08:07:29.062120095
2308.1,2,08:07:30.088448772
2308.0,1,08:07:33.560678187
2307.8,1,08:07:37.362878524
2307.7,1,08:07:41.226257484
2307.7,1,08:08:01.402505392
2307.6,1,08:08:03.785584401
2307.6,1,08:08:03.785877162
2307.6,2,08:08:03.785917466
2307.6,3,08:08:03.786149612
2307.6,1,08:08:04.167617904
2307.6,1,08:08:04.191271414
2307.5,1,08:08:04.202607376
2307.4,1,08:08:08.097826995
2307.4,1,08:08:08.098781699
2307.5,2,08:08:08.105668195
2307.5,1,08:08:09.025609572
2307.6,3,08:08:14.647399798
2307.6,2,08:08:15.075337284
2307.6,3,08:08:15.075608075
2307.6,1,08:08:15.075643913
2307.6,1,08:08:15.076665749
2307.4,1,08:08:22.208612047
2307.3,1,08:08:22.348188052
2307.5,1,08:08:31.467903347
2307.5,1,08:08:37.061868080
2307.5,1,08:08:42.725445341
2307.5,1,08:08:42.725513109
2307.6,1,08:08:54.343517460
2307.6,1,08:08:54.343586252
2307.6,3,08:08:54.343703477
2307.6,3,08:08:54.343765113
2307.7,3,08:08:54.344765158
2307.7,1,08:08:54.596334475
2307.6,1,08:08:56.868769127
2307.7,1,08:08:59.169958251
2307.7,2,08:08:59.170226771
2307.8,1,08:09:03.427058076
2307.8,1,08:09:05.546203842
2307.8,1,08:09:05.546462932
2307.9,2,08:09:09.749783055
2307.9,1,08:09:09.764454204
2308.1,4,08:09:16.893797280
2308.1,1,08:09:16.895913492
2308.2,1,08:09:16.898010447
2308.2,1,08:09:16.898055481
2308.1,2,08:09:17.573046060
2308.0,1,08:09:19.140843392
2308.0,2,08:09:19.161582085
2308.0,3,08:09:26.901664092
2308.1,1,08:09:26.901664092
2308.1,1,08:09:28.577521006
2308.2,4,08:09:32.535308315
2308.1,1,08:09:32.540929188
2308.2,3,08:09:32.541373526
2308.2,1,08:09:32.541404132
2308.1,1,08:09:33.428911024
2308.0,2,08:09:34.977360039
2308.1,1,08:09:38.987203122
2308.2,1,08:09:51.800555613
2308.2,1,08:09:51.827108641
2308.4,1,08:09:58.460924957
2308.4,2,08:09:58.461156186
2308.5,5,08:09:59.159030388
2308.6,1,08:10:00.544355560
2308.6,1,08:10:00.544725778
2308.6,2,08:10:01.352881020
2308.7,1,08:10:01.836456557
2308.6,1,08:10:04.689502181
2308.5,1,08:10:04.808283996
2308.4,2,08:10:04.927459705
2308.5,1,08:10:05.659266085
2308.5,1,08:10:05.659772063
2308.6,1,08:10:08.647621996
2308.7,2,08:10:08.648156586
2308.7,2,08:10:13.580918788
2308.8,1,08:10:14.728055591
2308.9,1,08:10:14.728066494
2308.9,1,08:10:15.783113308
2308.9,1,08:10:25.420338451
2308.8,1,08:10:25.739904845
2308.8,2,08:10:26.767506606
2308.8,1,08:10:26.767637738
2308.8,1,08:10:26.767668117
2308.8,2,08:10:27.059363240
2308.7,2,08:10:27.436087140
2308.7,3,08:10:31.772542215
2308.7,1,08:10:31.772710113
2308.7,1,08:10:31.804168281
2308.7,1,08:10:31.804424207
2308.8,1,08:10:32.518876953
2308.8,1,08:10:36.970304608
2308.7,1,08:10:37.134652750
2308.5,1,08:10:39.498128179
2308.6,1,08:10:44.321014788
2308.7,2,08:10:44.748756445
2308.7,2,08:10:44.749010143
2308.6,1,08:10:47.513236011
2308.6,1,08:10:47.513579425
2308.6,1,08:10:47.514034103
2308.7,3,08:10:47.515425676
2308.8,7,08:10:49.023856016
2308.8,1,08:10:49.053569911
2308.7,2,08:10:49.104129843
2308.8,1,08:10:50.529161888
2308.9,1,08:10:50.680793157
2308.9,2,08:10:50.680980246
2309.0,2,08:10:52.839775255
2309.1,2,08:10:53.202583920
2309.0,1,08:10:54.290819883
2309.0,1,08:10:54.291059782
2309.1,2,08:10:54.306626890
2309.1,2,08:10:54.306882620
2309.0,1,08:10:55.460248134
2309.0,1,08:10:55.870184447
2308.7,3,08:10:56.170127003
2308.9,3,08:10:56.170127003
2308.8,6,08:10:56.170127003
2308.8,1,08:10:56.894817806
2308.6,3,08:11:00.634658576
2308.5,1,08:11:03.031067398
2308.8,1,08:11:04.592321290
2309.0,1,08:11:07.810568281
2308.9,1,08:11:07.810568281
2309.0,2,08:11:07.869822582
2309.0,1,08:11:09.325072765
2308.9,1,08:11:12.366189340
2309.1,1,08:11:13.193417356
2309.1,2,08:11:15.523839873
2309.1,1,08:11:15.546110418
2309.1,1,08:11:17.738847755
2309.2,1,08:11:19.135898151
2309.6,8,08:11:19.135918065
2309.4,5,08:11:19.135918065
2309.3,7,08:11:19.135918065
2309.9,1,08:11:19.135918065
2309.2,4,08:11:19.135918065
2309.5,10,08:11:19.135918065
2309.8,7,08:11:19.135918065
2309.7,8,08:11:19.135918065
2309.5,1,08:11:19.139172038
2309.4,1,08:11:19.140741923
2309.4,1,08:11:19.141116903
2309.5,1,08:11:19.142346989
2309.5,2,08:11:19.142542154
2309.4,1,08:11:19.142594290
2309.4,1,08:11:19.142640550
2309.5,1,08:11:19.142886574
2309.4,1,08:11:19.143257948
2309.4,1,08:11:19.143449312
2309.4,1,08:11:19.143678571
2309.3,2,08:11:19.144136283
2309.4,1,08:11:19.144930516
2309.4,1,08:11:19.144967160
2309.4,1,08:11:19.145387962
2309.4,2,08:11:19.145700861
2309.4,1,08:11:19.146303600
2309.3,2,08:11:19.147480017
2309.3,1,08:11:19.148525437
2309.2,1,08:11:19.149289586
2309.2,1,08:11:19.149367613
2309.2,1,08:11:19.149502109
2309.3,2,08:11:19.149808055
2309.2,1,08:11:19.151700723
2309.2,1,08:11:19.152101938
2309.3,1,08:11:19.160857862
2309.5,1,08:11:19.160857862
2309.4,3,08:11:19.160857862
2309.3,2,08:11:19.205888125
2309.4,1,08:11:19.217241176
2309.3,4,08:11:19.218237823
2309.3,1,08:11:19.357639819
2309.3,1,08:11:19.357847081
2309.3,1,08:11:19.358248936
2309.3,2,08:11:19.358501530
2309.4,1,08:11:19.360169826
2309.2,2,08:11:19.385315150
2309.4,1,08:11:19.407858843
2309.3,1,08:11:19.492134449
2309.3,1,08:11:19.492356972
2309.2,1,08:11:19.548657920
2309.2,1,08:11:19.957791872
2309.4,1,08:11:20.335818875
2309.2,1,08:11:20.375020867
2309.2,1,08:11:20.811907517
2309.2,2,08:11:20.812159334
2309.2,1,08:11:21.145649691
2309.2,1,08:11:21.146368736
2309.2,1,08:11:21.147224801
2309.2,1,08:11:21.225341866
2309.2,1,08:11:21.645325723
2309.2,1,08:11:24.266983132
2309.3,1,08:11:25.212524542
2309.3,1,08:11:25.212738815
2309.4,1,08:11:28.701570912
2309.4,1,08:11:36.204415242
2309.4,1,08:11:36.204609230
2309.4,2,08:11:45.422383912
2309.4,1,08:11:47.181318394
2309.2,2,08:11:49.732329664
2309.1,6,08:11:54.484978078
2309.1,1,08:11:54.486303327
2309.1,1,08:11:55.027192102
2309.1,1,08:11:57.344636865
2309.1,1,08:11:58.154547492
2309.1,1,08:12:00.859494186
2309.1,3,08:12:01.038410596
2309.2,1,08:12:02.405401475
2309.2,1,08:12:02.436241794
2309.0,6,08:12:03.413849965
2308.9,1,08:12:04.373377089
2308.9,1,08:12:04.583837376
2309.0,1,08:12:05.326870005
2309.0,3,08:12:06.465202090
2309.0,1,08:12:06.465515860
2309.1,2,08:12:06.466963861
2309.2,1,08:12:06.883786729
2309.2,1,08:12:08.500220770
2309.2,1,08:12:09.204832549
2309.3,1,08:12:14.434758297
2309.2,1,08:12:17.615627707
2309.4,4,08:12:23.701100755
2309.3,2,08:12:23.701100755
2309.3,1,08:12:27.261642554
2309.3,1,08:12:30.236260786
2309.4,1,08:12:33.596599932
2309.4,2,08:12:33.596810304
2309.4,1,08:12:35.508311272
2309.3,1,08:12:35.997311870
2309.3,1,08:12:36.150352854
2309.3,1,08:12:36.653491999
2309.3,2,08:12:36.653745050
2309.3,1,08:12:36.653819993
2309.3,1,08:12:38.990252052
2309.2,2,08:12:41.225690327
2309.2,1,08:12:41.226144460
2309.1,2,08:12:52.496260388
2309.1,1,08:12:52.496512348
2309.0,1,08:12:53.002196449
2309.1,1,08:12:53.621256620
2309.1,1,08:12:56.286966856
2309.0,2,08:12:58.350706813
2309.0,1,08:12:59.056289998
2309.0,1,08:13:00.298995646
2309.1,2,08:13:03.240190844
2309.2,2,08:13:03.358606387
2309.2,6,08:13:03.358970120
2309.3,1,08:13:03.986438699
2309.2,2,08:13:06.034990406
2309.1,4,08:13:06.034990406
2309.2,1,08:13:06.035881378
2309.3,2,08:13:10.491069448
2309.2,3,08:13:10.491069448
2309.2,1,08:13:11.856372040
2309.2,1,08:13:15.184458842
2309.2,1,08:13:16.204157490
2309.2,2,08:13:16.204449260
2309.3,1,08:13:16.925072980
2309.3,1,08:13:17.108638692
2309.4,1,08:13:20.868623579
2309.4,1,08:13:21.247847631
2309.4,1,08:13:21.247894518
2309.4,1,08:13:21.247981192
2309.5,6,08:13:33.505940959
2309.5,1,08:13:33.525689844
2309.4,2,08:13:33.758624037
2309.6,1,08:13:34.995015931
2309.6,1,08:13:34.995228550
2309.6,2,08:13:35.062455824
2309.7,2,08:13:37.268893496
2309.7,3,08:13:37.601627353
2309.6,1,08:13:37.655010298
2309.5,1,08:13:39.498741635
2309.4,2,08:13:40.388769898
2309.4,1,08:13:40.389767697
2309.5,1,08:13:44.197168966
2309.6,1,08:13:49.727494168
2309.7,2,08:13:51.997006854
2309.8,1,08:13:52.064450372
2309.7,1,08:13:52.064450372
2309.7,1,08:13:52.085133595
2309.8,1,08:13:52.369782589
2309.9,1,08:13:53.606314626
2309.9,1,08:13:53.607448713
2309.8,1,08:13:54.340796136
2310.0,1,08:13:54.899140944
2310.0,16,08:13:54.899155178
2310.1,5,08:13:54.899155178
2310.0,1,08:13:54.899155178
2310.1,1,08:13:54.899225887
2310.1,1,08:13:54.907567360
2310.1,1,08:13:54.907614686
2310.1,1,08:13:54.914850157
2310.0,1,08:13:55.194472959
2310.0,1,08:13:55.194508711
2310.1,1,08:13:56.367695014
2310.0,1,08:13:56.946073670
2310.0,1,08:13:56.946259910
2310.0,2,08:13:56.946336603
2310.0,1,08:13:56.947292613
2309.9,1,08:13:59.645399515
2310.0,2,08:14:00.906245077
2309.9,2,08:14:01.154140106
2310.1,1,08:14:05.410838407
2310.1,1,08:14:05.411527035
2310.1,2,08:14:05.470367746
2310.2,1,08:14:06.520403902
2310.2,1,08:14:06.520896405
2310.2,1,08:14:08.828561762
2310.3,2,08:14:10.895077751
2310.3,1,08:14:10.895294426
2310.4,1,08:14:11.146791254
2310.3,1,08:14:11.158726498
2310.2,1,08:14:11.186239176
2310.4,2,08:14:11.388362376
2310.4,1,08:14:11.424598989
2310.3,1,08:14:11.661274708
2310.5,4,08:14:12.393616289
2310.6,1,08:14:12.393629905
2310.5,2,08:14:13.022599996
2310.6,1,08:14:13.728271129
2310.6,1,08:14:13.728971056
2310.6,1,08:14:16.694781854
2310.6,1,08:14:17.932834691
2310.5,5,08:14:19.153378204
2310.5,1,08:14:19.153510447
2310.5,1,08:14:19.192297953
2310.5,1,08:14:19.199047477
2310.4,1,08:14:19.327534582
2310.5,2,08:14:19.415671327
2310.5,1,08:14:20.243174320
2310.5,2,08:14:20.355018014
2310.5,1,08:14:21.014291549
2310.5,1,08:14:21.017175406
2310.5,2,08:14:22.335084200
2310.6,4,08:14:23.441277442
2310.6,1,08:14:23.441640854
2310.5,1,08:14:23.537137139
2310.4,1,08:14:25.735175958
2310.3,1,08:14:30.911730807
2310.3,1,08:14:31.703126345
2310.3,3,08:14:31.846081974
2310.3,3,08:14:31.846193950
2310.2,1,08:14:31.847876989
2310.3,1,08:14:31.867297742
2310.3,1,08:14:32.678643670
2310.4,1,08:14:33.782691309
2310.6,1,08:14:36.387319344
2310.5,1,08:14:36.947470122
2310.7,4,08:14:38.433911775
2310.6,4,08:14:38.433911775
2310.6,1,08:14:38.436552715
2310.7,1,08:14:38.757993632
2310.7,1,08:14:38.904875118
2310.7,4,08:14:40.697525722
2310.7,1,08:14:40.697918741
2310.6,1,08:14:40.700973683
2310.7,1,08:14:41.034747792
2310.6,1,08:14:42.567893808
2310.6,1,08:14:42.572528141
2310.3,1,08:14:42.967376211
2310.4,4,08:14:42.967376211
2310.6,1,08:14:44.858346934
2310.6,1,08:14:44.894667907
2310.6,1,08:14:45.478801261
2310.6,1,08:14:49.059840538
2310.7,1,08:14:49.115323498
2310.7,1,08:14:49.272733627
2310.8,2,08:14:49.350043360
2310.8,1,08:14:50.902510569
2310.8,3,08:14:50.910546376
2310.8,1,08:14:50.910801187
2310.9,2,08:14:51.743498482
2310.9,3,08:14:51.743507454
2311.0,2,08:14:51.743507454
2311.0,1,08:14:51.743550841
2311.0,4,08:14:51.743558873
2310.9,1,08:14:51.811147923
2310.9,2,08:14:52.200024202
2311.0,1,08:14:52.599583091
2310.8,1,08:14:52.962112327
2310.8,1,08:14:52.962864995
2310.9,1,08:14:53.571662560
2310.9,1,08:14:54.655983725
2310.9,1,08:14:55.662974387
2310.7,1,08:14:56.699897472
2310.8,1,08:14:56.830785410
2310.8,1,08:14:56.832025893
2310.7,1,08:14:57.608073171
2310.8,1,08:14:57.732493773
2310.7,1,08:14:59.404220488
2310.9,1,08:15:01.753122863
2310.9,2,08:15:01.835459083
2310.9,1,08:15:01.835749181
2310.9,1,08:15:02.822525843
2310.9,1,08:15:02.822717201
2311.0,1,08:15:04.502868794
2311.0,1,08:15:04.503083694
2311.0,1,08:15:04.503374737
2311.1,4,08:15:05.282534319
2311.1,1,08:15:07.824385935
2311.1,1,08:15:07.984385131
2311.1,1,08:15:09.215755319
2311.2,2,08:15:09.537740764
2311.3,1,08:15:09.717942975
2311.3,1,08:15:09.718155993
2311.3,1,08:15:11.385984172
2311.2,1,08:15:12.056315046
2311.2,1,08:15:12.056643833
2311.2,1,08:15:12.056984141
2311.2,1,08:15:12.057028500
2311.1,2,08:15:12.070406526
2311.1,2,08:15:12.070674679
2311.1,3,08:15:12.070748934
2311.2,1,08:15:14.555269215
2311.2,1,08:15:14.574547025
2311.2,1,08:15:14.588090857
2311.3,1,08:15:14.621463053
2311.2,1,08:15:14.733717822
2311.3,1,08:15:15.868100681
2311.3,1,08:15:16.444221985
2311.3,1,08:15:16.444429385
2311.2,2,08:15:17.006775903
2311.4,1,08:15:18.331686331
2311.4,1,08:15:18.332103421
2311.4,1,08:15:18.332599617
2311.5,1,08:15:18.351714497
2311.6,1,08:15:18.675394190
2311.5,1,08:15:21.201207743
2311.6,1,08:15:21.221785248
2311.5,1,08:15:21.299676540
2311.6,3,08:15:22.087689677
2311.7,2,08:15:22.087689677
2311.6,1,08:15:22.088730726
2311.5,2,08:15:22.256622484
2311.4,2,08:15:23.344917349
2311.5,1,08:15:23.476501898
2311.5,3,08:15:23.951221225
2311.4,1,08:15:24.451833143
2311.5,2,08:15:24.628832357
2311.6,2,08:15:24.645347307
2311.5,3,08:15:25.601341391
2311.6,1,08:15:27.635050872
2311.5,2,08:15:27.637088954
2311.4,1,08:15:28.584826771
2311.4,1,08:15:29.043964474
2311.5,1,08:15:29.192152691
2311.5,1,08:15:29.418388007
2311.4,1,08:15:29.668972642
2311.3,1,08:15:30.172687961
2311.3,5,08:15:30.173051546
2311.2,1,08:15:30.214038867
2311.2,2,08:15:30.398512741
2311.2,1,08:15:30.414244587
2311.3,1,08:15:31.733145140
2311.3,1,08:15:32.042255948
2311.3,1,08:15:32.042553093
2311.2,1,08:15:32.051376563
2311.2,3,08:15:32.051770757
2311.1,2,08:15:32.419471961
2311.1,1,08:15:32.421535257
2311.0,12,08:15:32.422348024
2311.0,1,08:15:32.424444137
2310.9,1,08:15:32.479472651
2310.9,1,08:15:32.479502341
2310.9,4,08:15:32.479699263
2310.9,1,08:15:32.479933937
2310.9,1,08:15:32.498952518
2310.8,1,08:15:32.708559007
2310.7,1,08:15:32.768904684
2310.7,2,08:15:32.894883806
2310.6,6,08:15:32.897698845
2310.5,3,08:15:32.900165604
2310.5,2,08:15:32.900706454
2310.5,2,08:15:32.901018422
2310.4,1,08:15:32.902176682
2310.4,1,08:15:32.902192369
2310.5,1,08:15:32.903694609
2310.4,2,08:15:32.904654095
2310.5,1,08:15:32.904791243
2310.5,2,08:15:32.906103468
2310.5,1,08:15:32.906682232
2310.6,1,08:15:33.015377434
2310.5,2,08:15:33.084536937
2310.5,1,08:15:33.098729142
2310.5,1,08:15:33.276060426
2310.6,1,08:15:33.276579041
2310.5,1,08:15:33.350638047
2310.7,1,08:15:33.429326342
2310.7,1,08:15:33.429586134
2310.7,1,08:15:33.430390134
2310.6,2,08:15:33.608248570
2310.6,1,08:15:33.632794433
2310.6,1,08:15:33.633142034
2310.5,1,08:15:33.715056265
2310.6,1,08:15:33.715467326
2310.4,2,08:15:33.715664236
2310.5,2,08:15:33.715664236
2310.5,2,08:15:33.716070897
2310.5,1,08:15:33.716452379
2310.4,2,08:15:33.763300337
2310.4,1,08:15:33.763939280
2310.4,1,08:15:33.785389523
2310.3,1,08:15:34.217234734
2310.3,3,08:15:34.218270489
2310.2,3,08:15:34.257223263
2310.1,2,08:15:34.257223263
2310.1,1,08:15:34.297811824
2310.0,1,08:15:34.319800403
2310.0,1,08:15:34.322754582
2310.0,1,08:15:34.323248816
2310.0,1,08:15:34.323478056
2309.9,1,08:15:34.347063845
2309.9,2,08:15:34.347075932
2310.0,1,08:15:34.348145688
2310.0,1,08:15:34.348183590
2310.0,1,08:15:34.379875760
2310.0,1,08:15:34.380057674
2310.1,1,08:15:34.414020137
2310.0,1,08:15:34.463172226
2310.0,1,08:15:34.463413505
2310.0,1,08:15:34.463935931
2309.9,1,08:15:34.515053429
2310.1,2,08:15:34.700474574
2310.0,1,08:15:34.700553449
2310.0,3,08:15:34.702457582
2310.0,3,08:15:34.779869330
2309.9,3,08:15:35.064897280
2309.9,1,08:15:35.073406018
2309.9,2,08:15:35.074436992
2309.8,2,08:15:35.260057908
2309.8,2,08:15:35.260327974
2309.9,1,08:15:35.260506384
2309.8,1,08:15:35.260964649
2309.9,2,08:15:35.263190771
2309.8,1,08:15:35.287173323
2309.8,1,08:15:35.327258622
2309.9,1,08:15:35.569391441
2309.9,2,08:15:35.569506206
2309.8,4,08:15:35.605558047
2309.8,1,08:15:35.605935424
2309.9,1,08:15:35.606964117
2309.9,1,08:15:35.607137852
2310.0,2,08:15:35.752101432
2309.9,3,08:15:35.752758033
2309.9,1,08:15:35.753391996
2309.8,2,08:15:35.848671921
2309.9,2,08:15:35.860193123
2309.8,1,08:15:35.860674307
2309.7,7,08:15:36.540196341
2309.7,1,08:15:36.541701644
2309.7,1,08:15:36.700194947
2309.7,1,08:15:36.700248391
2309.7,1,08:15:36.700603573
2309.7,1,08:15:36.700954690
2309.7,2,08:15:36.709028955
2309.7,1,08:15:36.709759040
2309.6,2,08:15:36.709880320
2309.7,2,08:15:36.710041680
2309.7,1,08:15:36.711387582
2309.8,1,08:15:36.875175323
2309.8,2,08:15:36.875246304
2309.8,1,08:15:36.876682624
2309.7,3,08:15:36.877119352
2309.8,1,08:15:36.877322291
2309.8,1,08:15:36.877363130
2309.8,1,08:15:36.877409883
2309.7,1,08:15:36.877770268
2309.8,1,08:15:36.897476959
2309.7,2,08:15:37.045413521
2309.7,1,08:15:37.045718740
2309.7,3,08:15:37.046204596
2309.7,1,08:15:37.046296806
2309.6,1,08:15:37.046360331
2309.7,1,08:15:37.210637116
2309.6,1,08:15:37.883966781
2309.7,1,08:15:37.886385075
2309.7,1,08:15:37.887728201
2309.5,1,08:15:38.360549905
2309.6,4,08:15:38.360549905
2309.7,1,08:15:38.361243771
2309.7,2,08:15:38.361648362
2309.8,1,08:15:38.362120179
2309.7,3,08:15:38.481236737
2309.7,1,08:15:38.481696433
2309.7,1,08:15:38.482646836
2309.8,1,08:15:39.882243096
2309.7,1,08:15:39.882749774
2309.7,2,08:15:40.064598169
2309.6,1,08:15:40.344465169
2309.6,1,08:15:40.388263727
2309.8,3,08:15:40.688495343
2309.7,2,08:15:41.026780468
2309.7,2,08:15:41.027741322
2309.7,1,08:15:41.027779505
2309.7,1,08:15:41.032085447
2309.7,1,08:15:41.034928759
2309.7,1,08:15:41.171767460
2309.8,2,08:15:41.172556830
2309.6,1,08:15:42.328395972
2309.7,1,08:15:42.331113220
2309.7,1,08:15:42.371803820
2309.7,1,08:15:42.919325453
2309.7,1,08:15:42.920061558
2309.6,3,08:15:42.930265173
2309.6,5,08:15:42.930629649
2309.6,1,08:15:43.284614105
2309.6,1,08:15:43.594904067
2309.6,2,08:15:43.860052844
2309.6,1,08:15:43.860616894
2309.6,3,08:15:43.861772984
2309.7,2,08:15:43.912836505
2309.7,1,08:15:44.345589924
2309.6,3,08:15:44.636544276
2309.6,4,08:15:44.637023291
2309.6,1,08:15:45.069556168
2309.7,2,08:15:45.069938812
2309.7,1,08:15:45.070476874
2309.6,1,08:15:45.215673350
2309.5,1,08:15:45.368222044
2309.5,9,08:15:45.369105864
2309.4,1,08:15:46.335956603
2309.4,1,08:15:46.936424525
2309.4,1,08:15:46.936687615
2309.6,2,08:15:47.904761495
2309.7,3,08:15:48.430235747
2309.8,7,08:15:48.430235747
2309.8,3,08:15:48.447745837
2309.8,2,08:15:48.447799281
2309.8,2,08:15:48.447860933
2309.8,6,08:15:48.447886025
2309.8,1,08:15:48.447970408
2309.8,3,08:15:48.448018824
2309.8,1,08:15:48.448316357
2309.8,3,08:15:48.448438414
2309.8,5,08:15:48.448543328
2309.8,1,08:15:48.448570558
2309.9,1,08:15:48.448613445
2309.9,5,08:15:48.448653509
2309.9,3,08:15:48.449734200
2309.8,1,08:15:48.449734200
2310.0,4,08:15:48.449982835
2310.0,1,08:15:48.450074831
2309.9,2,08:15:48.450868825
2310.0,1,08:15:48.450868825
2310.1,2,08:15:48.451756855
2310.0,1,08:15:48.451925543
2310.0,1,08:15:48.452752744
2310.0,1,08:15:48.457374715
2309.9,3,08:15:48.499860292
2310.1,1,08:15:48.592160268
2309.9,1,08:15:49.064375001
2310.1,2,08:15:49.231295082
2310.1,1,08:15:49.231526901
2310.0,1,08:15:49.357514975
2310.1,1,08:15:50.232477965
2310.1,1,08:15:50.232709032
2310.3,8,08:15:50.639662268
2310.2,4,08:15:50.639662268
2310.1,1,08:15:50.641359935
2310.1,1,08:15:50.641602900
2310.1,2,08:15:50.642585207
2310.1,1,08:15:50.642778277
2310.1,1,08:15:50.642904855
2310.1,3,08:15:50.644419068
2310.1,1,08:15:52.178664460
2309.9,4,08:15:52.382426535
2309.9,3,08:15:52.383389159
2309.9,1,08:15:53.147113987
2309.9,2,08:15:54.938922722
2309.9,1,08:15:54.958319788
2309.8,1,08:15:55.287622700
2309.9,1,08:15:55.528890661
2309.9,1,08:15:57.046310479
2310.0,1,08:15:58.873012897
2310.0,1,08:16:00.733904794
2310.0,1,08:16:00.747825100
2309.9,1,08:16:01.165908144
2309.9,1,08:16:01.315754081
2309.9,1,08:16:01.384170868
2310.0,1,08:16:02.653563698
2309.8,1,08:16:06.205592602
2309.8,1,08:16:06.552820535
2309.8,1,08:16:08.273992767
2309.8,1,08:16:08.274190141
2309.9,3,08:16:12.653447427
2309.9,1,08:16:12.653602271
2310.0,3,08:16:14.623812803
2309.9,1,08:16:15.171358567
2309.9,1,08:16:15.704387293
2309.8,1,08:16:17.662994744
2309.8,1,08:16:17.689758496
2309.9,2,08:16:18.146672653
2309.9,1,08:16:19.474290854
2309.8,1,08:16:19.906887142
2309.7,3,08:16:20.088699063
2309.6,3,08:16:20.088699063
2309.7,1,08:16:21.125779648
2309.7,1,08:16:21.126435398
2309.6,1,08:16:25.254223124
2309.8,2,08:16:29.167368849
2309.8,1,08:16:29.290376808
2309.9,1,08:16:29.882432809
2309.9,2,08:16:29.882740223
2309.8,1,08:16:40.130540382
2309.8,2,08:16:40.130834718
2309.9,2,08:16:40.131521499
2309.7,1,08:16:42.668904994
2309.8,1,08:16:42.733115224
2310.0,4,08:16:44.878029864
2310.0,1,08:16:44.981513321
2309.8,1,08:16:46.403710985
2309.9,1,08:16:46.403710985
2309.9,1,08:16:47.247270925
2309.9,1,08:16:47.932379049
2309.8,1,08:16:50.072682548
2309.8,1,08:16:50.104355173
2309.8,1,08:16:50.837549783
2309.7,1,08:16:51.840911735
2309.8,1,08:16:52.242952354
2309.8,3,08:16:55.361829530
2309.8,2,08:16:55.362214895
2309.9,2,08:16:55.365131299
2309.8,1,08:16:55.368418796
2310.1,1,08:16:59.145275380
2310.1,1,08:16:59.145360419
2310.1,1,08:16:59.212391281
2310.1,1,08:16:59.212713837
2310.1,1,08:16:59.213161581
2310.3,8,08:17:00.588187192
2310.2,1,08:17:00.588187192
2310.4,1,08:17:00.588187192
2310.4,1,08:17:00.622511431
2310.4,1,08:17:00.986993896
2310.4,1,08:17:00.987185983
2310.3,1,08:17:03.460718675
2310.2,1,08:17:05.865718446
2310.2,1,08:17:08.072531408
2310.2,1,08:17:10.252613407
2310.2,1,08:17:14.886891226
2310.3,5,08:17:16.752828836
2310.4,2,08:17:16.754724500
2310.4,1,08:17:16.780645550
2310.4,1,08:17:16.781015739
2310.4,1,08:17:16.781115998
2310.5,1,08:17:17.870221770
2310.4,1,08:17:18.911349811
2310.4,1,08:17:21.358483310
2310.3,1,08:17:23.640886967
2310.4,1,08:17:23.825915102
2310.5,1,08:17:30.315696919
2310.5,1,08:17:30.315940181
2310.5,1,08:17:30.884031625
2310.4,1,08:17:31.201311180
2310.5,1,08:17:35.423987229
2310.5,1,08:17:36.527797054
2310.6,1,08:17:37.531111629
2310.7,2,08:17:37.531126903
2310.5,1,08:17:37.531216060
2310.6,1,08:17:37.531891731
2310.7,1,08:17:39.259304209
2310.6,1,08:17:40.421389399
2310.7,1,08:17:46.297683406
2310.5,4,08:17:48.399123426
2310.5,1,08:17:52.314434029
2310.6,3,08:17:55.323255562
2310.7,1,08:17:56.221007976
2310.8,2,08:17:58.048768630
2311.0,1,08:17:58.062925741
2310.9,1,08:17:58.763897746
2310.8,1,08:17:58.764433898
2310.8,1,08:17:58.765031535
2310.6,2,08:18:01.104985230
2310.5,2,08:18:01.106504492
2310.6,2,08:18:01.131231068
2310.5,1,08:18:02.173190071
2310.5,1,08:18:09.734282185
2310.4,3,08:18:09.781289696
2310.5,1,08:18:09.795614904
2310.5,3,08:18:11.597860426
2310.4,2,08:18:11.877413818
2310.5,1,08:18:12.140624152
2310.4,1,08:18:15.725358823
2310.4,2,08:18:18.938118998
2310.3,5,08:18:19.513174053
2310.3,3,08:18:19.513201958
2310.3,1,08:18:19.513424407
2310.3,1,08:18:19.513515199
2310.4,3,08:18:19.514279420
2310.3,1,08:18:19.514390011
2310.3,1,08:18:19.514764988
2310.2,3,08:18:19.515671463
2310.2,1,08:18:19.646391160
2310.2,1,08:18:19.647134199
2310.2,1,08:18:20.703703547
2310.1,1,08:18:20.794580088
2310.1,1,08:18:20.794849261
2310.2,3,08:18:21.291225031
2310.2,1,08:18:21.311111869
2310.2,1,08:18:21.311516936
2310.2,1,08:18:22.401594165
2310.3,1,08:18:22.872322265
2310.2,1,08:18:23.250534675
2310.2,1,08:18:26.601434988
2310.3,5,08:18:26.607833520
2310.3,3,08:18:26.607860179
2310.3,3,08:18:26.607917058
2310.3,2,08:18:26.607952873
2310.3,3,08:18:26.624157622
2310.3,2,08:18:26.624499991
2310.3,1,08:18:27.308174752
2310.1,1,08:18:28.692844769
2310.2,2,08:18:34.419513095
2310.1,1,08:18:36.502308915
2310.0,7,08:18:36.503468886
2310.0,1,08:18:36.505845475
2310.1,1,08:18:40.492420527
2310.1,1,08:18:40.492744562
2310.1,2,08:18:42.629427416
2310.0,1,08:18:47.105541359
2310.1,1,08:18:47.124366314
2310.1,1,08:18:47.631523758
2310.1,1,08:18:47.632014248
2310.0,2,08:18:47.639152280
2310.1,1,08:18:49.008191150
2309.9,1,08:18:53.174049290
2309.9,3,08:18:53.174399393
2309.9,1,08:18:57.174850805
2309.9,1,08:18:57.174889417
2309.9,4,08:18:58.046019155
2309.9,1,08:18:59.125008367
2309.8,2,08:19:03.084568365
2309.7,2,08:19:03.806398113
2309.8,1,08:19:03.819949750
2309.8,1,08:19:05.456621281
2309.6,1,08:19:06.285504435
2309.5,2,08:19:06.285517913
2309.5,1,08:19:06.286404614
2309.5,1,08:19:06.287326498
2309.5,1,08:19:06.297086705
2309.5,2,08:19:06.531434863
2309.6,1,08:19:07.132065061
2309.5,1,08:19:08.102746954
2309.5,1,08:19:10.493549845
2309.5,2,08:19:10.494802718
2309.6,1,08:19:11.037833187
2309.7,3,08:19:11.896382329
2309.7,1,08:19:11.897759605
2309.6,1,08:19:15.851664250
2309.6,1,08:19:20.992762199
2309.7,1,08:19:22.391614229
2309.8,4,08:19:24.453481395
2309.8,1,08:19:24.454005998
2309.7,1,08:19:25.267393566
2309.5,2,08:19:25.347615083
2309.5,1,08:19:29.014569550
2309.4,1,08:19:29.014942802
2309.4,1,08:19:29.131459393
2309.4,1,08:19:29.131754437
2309.3,3,08:19:30.241396708
2309.2,1,08:19:30.241407607
2309.2,1,08:19:30.241414001
2309.2,1,08:19:30.242964765
2309.3,3,08:19:30.243390104
2309.3,2,08:19:30.243479774
2309.2,1,08:19:30.243543912
2309.3,8,08:19:30.243716927
2309.3,2,08:19:30.243867844
2309.3,2,08:19:30.243894568
2309.3,1,08:19:30.244147749
2309.3,1,08:19:30.244248243
2309.3,1,08:19:30.244303349
2309.3,2,08:19:30.244399082
2309.3,1,08:19:30.244978092
2309.3,1,08:19:30.245601823
2309.3,1,08:19:31.525162437
2309.4,1,08:19:32.006130540
2309.3,2,08:19:34.133634662
2309.3,1,08:19:34.283366710
2309.1,1,08:19:36.859099299
2309.2,1,08:19:36.938099513
2309.2,1,08:19:41.495766537
2309.2,1,08:19:42.076945371
2309.1,7,08:19:44.257823280
2309.0,1,08:19:44.516123118
2309.1,1,08:19:44.591493495
2308.9,1,08:19:46.938301835
2309.0,1,08:19:46.957305854
2309.0,3,08:19:46.957674140
2309.1,1,08:19:47.119271584
2309.1,5,08:19:50.742946597
2309.1,2,08:19:50.743821828
2309.1,1,08:19:50.743863355
2309.1,1,08:19:50.744214965
2309.2,1,08:19:51.014628855
2309.1,1,08:19:52.529048467
2309.0,1,08:19:54.046264208
2309.0,1,08:19:54.046294878
2308.9,2,08:19:54.094243433
2309.0,1,08:19:54.242854432
2309.0,1,08:19:54.444922004
2308.9,1,08:19:54.478334760
2308.8,1,08:19:55.346818943
2308.8,1,08:19:55.628717575
2308.9,1,08:19:55.804948578
2308.8,1,08:19:56.781292360
2308.8,1,08:19:57.990893672
2309.1,5,08:19:58.797144200
2309.0,2,08:19:58.797144200
2309.1,2,08:19:58.976443182
2309.0,1,08:19:59.827229053
2309.1,1,08:20:00.021981644
2309.1,1,08:20:00.046723164
2309.1,1,08:20:00.130840257
2309.1,3,08:20:00.171639026
2309.1,1,08:20:00.172520165
2309.1,1,08:20:00.257767444
2309.0,1,08:20:00.292916319
2309.1,1,08:20:00.295037046
2309.1,2,08:20:00.295306228
2309.0,1,08:20:00.425434581
2309.1,1,08:20:00.541137696
2309.1,1,08:20:00.651188447
2309.0,1,08:20:00.691078025
2309.0,1,08:20:00.691183483
2308.9,3,08:20:01.086402696
2308.8,6,08:20:01.151909033
2308.8,1,08:20:01.152200617
2308.7,2,08:20:01.161342903
2308.7,2,08:20:01.161407417
2308.7,1,08:20:01.176661637
2308.8,1,08:20:01.322897148
2308.5,2,08:20:02.532733337
2308.6,6,08:20:02.532733337
2308.5,4,08:20:02.532748896
2308.6,1,08:20:02.795999599
2308.6,3,08:20:03.005023519
2308.6,1,08:20:03.005075469
2308.6,1,08:20:03.030286253
2308.6,1,08:20:03.236719756
2308.6,3,08:20:03.387715920
2308.6,1,08:20:03.388734011
2308.6,2,08:20:03.388960915
2308.5,1,08:20:03.673695535
2308.5,2,08:20:03.674372569
2308.5,1,08:20:03.674564247
2308.5,1,08:20:03.776607800
2308.4,2,08:20:04.023531462
2308.4,1,08:20:04.023542371
2308.4,1,08:20:04.023786414
2308.5,1,08:20:04.414559363
2308.5,1,08:20:04.918020712
2308.5,2,08:20:04.918226765
2308.5,3,08:20:04.918363263
2308.6,2,08:20:04.992131912
2308.7,1,08:20:05.074851388
2308.6,1,08:20:05.320549457
2308.5,1,08:20:05.320549457
2308.4,2,08:20:07.579236084
2308.3,1,08:20:07.581015354
2308.3,1,08:20:07.601782141
2308.4,1,08:20:08.052101663
2308.4,2,08:20:08.052555445
2308.5,1,08:20:08.115031852
2308.3,2,08:20:09.444713196
2308.3,8,08:20:09.445500606
2308.3,2,08:20:09.446306328
2308.4,1,08:20:09.449031525
2308.3,3,08:20:10.100542135
2308.3,3,08:20:10.100626962
2308.4,1,08:20:10.100696156
2308.2,1,08:20:10.760349822
2308.4,1,08:20:10.798444838
2308.4,1,08:20:11.341254362
2308.4,3,08:20:11.341453882
2308.5,1,08:20:12.928215420
2308.4,1,08:20:12.928215420
2308.4,2,08:20:13.057644858
2308.3,1,08:20:13.521810157
2308.3,1,08:20:15.665016014
2308.4,1,08:20:17.218564141
2308.3,2,08:20:19.053451336
2308.3,2,08:20:19.053744593
2308.3,1,08:20:20.076911504
2308.4,1,08:20:20.248001251
2308.3,1,08:20:20.903500666
2308.3,2,08:20:21.789670316
2308.3,1,08:20:21.810797759
2308.3,1,08:20:21.811039335
2308.3,3,08:20:24.378688584
2308.3,2,08:20:26.465913291
2308.2,3,08:20:26.467033428
2308.2,1,08:20:26.467402706
2308.3,1,08:20:27.184020232
2308.2,1,08:20:28.161280085
2308.2,1,08:20:28.165731746
2308.2,1,08:20:28.166217244
2308.3,3,08:20:29.634929886
2308.3,1,08:20:29.635310865
2308.3,1,08:20:29.635645250
2308.3,1,08:20:30.087456752
2308.2,1,08:20:30.266231652
2308.1,2,08:20:31.567607388
2308.1,1,08:20:31.567794352
2308.1,1,08:20:32.996214330
2308.1,2,08:20:32.996466841
2308.2,2,08:20:34.287050892
2308.3,1,08:20:34.296768809
2308.2,1,08:20:34.397421521
2308.3,1,08:20:34.692377398
2308.2,1,08:20:34.833663393
2308.1,3,08:20:36.008575722
2308.1,2,08:20:37.801814792
2308.2,2,08:20:40.192356802
2308.3,2,08:20:40.443053298
2308.3,2,08:20:40.443299236
2308.3,3,08:20:40.443395478
2308.4,2,08:20:40.447096692
2308.4,1,08:20:40.470438749
2308.4,2,08:20:40.470755111
2308.4,1,08:20:40.567188471
2308.4,1,08:20:40.716459954
2308.2,2,08:20:42.665019181
2308.3,1,08:20:42.665333046
2308.2,1,08:20:43.186228773
2308.2,3,08:20:46.362252835
2308.2,2,08:20:46.363968164
2308.2,9,08:20:46.364005630
2308.2,4,08:20:48.360959368
2308.2,2,08:20:48.361080225
2308.2,3,08:20:48.361117723
2308.2,1,08:20:48.366945895
2308.3,1,08:20:49.693728645
2308.3,1,08:20:49.716094056
2308.3,1,08:20:50.543226168
2308.4,1,08:20:52.169632809
2308.4,1,08:20:53.202970575
2308.5,1,08:20:54.077794685
2308.5,4,08:20:56.164515451
2308.7,1,08:20:57.085241702
2309.0,1,08:20:57.303306337
2309.0,1,08:20:57.304082324
2308.9,1,08:20:57.416459236
2308.9,1,08:20:57.417251360
2309.0,1,08:20:58.301570271
2308.9,1,08:20:58.444304924
2309.0,1,08:20:59.411995724
2308.9,1,08:20:59.707780943
2309.0,1,08:21:00.508261484
2309.0,2,08:21:00.508397605
2309.1,1,08:21:00.511075438
2309.0,1,08:21:02.068802177
2308.9,2,08:21:02.069047238
2308.9,2,08:21:03.050007829
2308.8,1,08:21:03.725972058
2308.8,1,08:21:07.550930322
2308.8,2,08:21:07.551219870
2308.9,2,08:21:10.206738155
2309.0,3,08:21:10.324773308
2309.1,1,08:21:10.525793467
2309.0,1,08:21:10.528165182
2309.0,1,08:21:10.528568688
2309.0,1,08:21:10.966650106
2308.9,1,08:21:10.972155043
2309.0,1,08:21:10.985664643
2309.0,1,08:21:11.516615276
2309.0,1,08:21:11.517092761
2309.0,4,08:21:12.135519276
2308.9,2,08:21:12.692616313
2308.8,1,08:21:12.718194357
2308.8,1,08:21:13.129524654
2308.8,1,08:21:13.129793655
2308.8,1,08:21:13.129936755
2308.7,1,08:21:13.215166171
2308.6,2,08:21:13.215299204
2308.7,1,08:21:13.215299204
2308.6,1,08:21:13.869652406
2308.6,1,08:21:13.869966909
2308.7,1,08:21:14.230020627
2308.6,3,08:21:14.309468967
2308.5,1,08:21:14.314856608
2308.4,3,08:21:14.315466266
2308.5,2,08:21:14.430834228
2308.5,1,08:21:14.430883103
2308.6,1,08:21:16.014800620
2308.5,1,08:21:16.965529865
2308.5,1,08:21:16.965788725
2308.6,1,08:21:17.888892646
2308.6,1,08:21:17.991895684
2308.6,1,08:21:18.008053635
2308.6,1,08:21:18.015249994
2308.6,1,08:21:18.015599771
2308.6,1,08:21:18.111724667
2308.6,1,08:21:19.009464980
2308.6,1,08:21:20.093113282
2308.6,2,08:21:21.186520341
2308.6,1,08:21:21.488822840
2308.7,2,08:21:21.982731777
2308.7,2,08:21:21.982958056
2308.6,1,08:21:21.986464607
2308.6,1,08:21:23.250831573
2308.7,1,08:21:24.444842448
2308.6,1,08:21:24.448699412
2308.7,1,08:21:24.449545467
2308.7,1,08:21:24.457456640
2308.6,1,08:21:24.467979240
2308.6,1,08:21:24.474351419
2308.6,5,08:21:24.474915206
2308.6,1,08:21:24.492140961
2308.5,3,08:21:24.492345032
2308.5,1,08:21:24.492408791
2308.5,1,08:21:24.493671610
2308.5,1,08:21:24.512914602
2308.5,1,08:21:25.040667088
2308.4,1,08:21:25.198398102
2308.5,1,08:21:25.201688216
2308.4,1,08:21:25.204242414
2308.4,1,08:21:25.219277117
2308.3,1,08:21:25.227331302
2308.3,1,08:21:25.227931304
2308.4,1,08:21:25.228926188
2308.3,1,08:21:25.272939235
2308.3,1,08:21:25.312678889
2308.2,2,08:21:25.314971509
2308.2,2,08:21:25.315385528
2308.1,1,08:21:25.316753912
2308.1,2,08:21:25.316809552
2308.1,11,08:21:25.317002033
2308.1,1,08:21:25.317284169
2308.0,1,08:21:25.318064867
2308.0,1,08:21:25.341266905
2308.0,1,08:21:25.341518933
2308.1,1,08:21:25.341637468
2308.0,2,08:21:25.341837438
2308.2,1,08:21:25.343054135
2308.1,1,08:21:25.343482121
2308.1,1,08:21:25.349931035
2308.1,1,08:21:25.351695233
2308.1,1,08:21:25.385228469
2308.2,3,08:21:25.385872056
2308.0,1,08:21:25.395237554
2308.1,1,08:21:25.416573695
2308.0,1,08:21:25.456744994
2308.0,2,08:21:25.559824513
2308.1,1,08:21:25.575300156
2308.0,1,08:21:25.663446638
2308.0,1,08:21:25.663521478
2308.0,1,08:21:25.663899620
2308.1,1,08:21:25.798940534
2308.1,1,08:21:25.850973006
2308.1,1,08:21:26.161472676
2308.2,1,08:21:26.168642619
2308.2,1,08:21:26.168691154
2308.2,3,08:21:26.168914439
2308.3,1,08:21:26.169761806
2308.2,2,08:21:26.281998847
2308.2,2,08:21:26.322771681
2308.3,2,08:21:26.486963739
2308.3,2,08:21:26.487301586
2308.3,1,08:21:26.646997595
2308.3,2,08:21:26.654274453
2308.4,1,08:21:26.699213848
2308.4,1,08:21:26.699537314
2308.4,1,08:21:26.700296211
2308.3,1,08:21:26.786533701
2308.2,2,08:21:26.786759978
2308.3,1,08:21:26.808897701
2308.2,1,08:21:27.040059132
2308.3,2,08:21:27.133400032
2308.3,1,08:21:27.146267552
2308.3,1,08:21:27.150456608
2308.3,4,08:21:27.478339170
2308.4,4,08:21:28.102737673
2308.4,2,08:21:28.315785497
2308.5,2,08:21:28.827663457
2308.4,1,08:21:29.190426008
2308.5,7,08:21:30.073427097
2308.5,1,08:21:30.074406122
2308.5,1,08:21:30.075509296
2308.6,1,08:21:30.954306910
2308.6,2,08:21:30.954350233
2308.5,1,08:21:30.955437154
2308.4,1,08:21:30.970280288
2308.5,1,08:21:32.031656711
2308.5,5,08:21:32.031961523
2308.6,1,08:21:32.095286425
2308.7,1,08:21:32.254543571
2308.8,1,08:21:32.254543571
2308.7,1,08:21:32.356316596
2308.8,2,08:21:32.613389411
2308.9,1,08:21:32.615444725
2309.0,2,08:21:32.716196761
2309.0,3,08:21:32.924424244
2309.1,4,08:21:32.925993319
2309.1,1,08:21:32.934499084
2309.3,1,08:21:33.949634686
2309.4,1,08:21:33.958945382
2309.4,1,08:21:33.960595726
2309.4,4,08:21:33.964274225
2309.4,1,08:21:33.965680046
2309.5,1,08:21:33.967564752
2309.5,1,08:21:33.967649669
2309.6,1,08:21:33.971097450
2309.6,1,08:21:33.976150650
2309.6,1,08:21:34.041210697
2309.7,1,08:21:34.081529396
2309.7,1,08:21:34.082767687
2309.8,1,08:21:34.213431802
2309.7,2,08:21:34.340017321
2309.9,3,08:21:35.136342728
2309.8,2,08:21:35.897051915
2309.8,1,08:21:35.897636380
2309.8,3,08:21:36.259474602
2309.9,1,08:21:38.439915049
2309.8,1,08:21:38.511349490
2310.0,4,08:21:40.108730006
2310.0,1,08:21:40.178630804
2310.1,2,08:21:40.567303045
2310.2,1,08:21:40.632728453
2310.3,2,08:21:41.277155978
2310.3,1,08:21:41.277954716
2310.3,1,08:21:41.279916584
2310.3,1,08:21:41.635917408
2310.3,1,08:21:41.636199769
2310.3,1,08:21:41.647447844
2310.2,1,08:21:42.046765012
2310.3,1,08:21:42.282052197
2310.3,1,08:21:42.284156278
2310.3,1,08:21:42.779194461
2310.3,2,08:21:42.779463020
2310.3,3,08:21:43.350318839
2310.3,1,08:21:43.350350053
2310.3,1,08:21:43.817700355
2310.4,1,08:21:43.817700355
2310.3,1,08:21:43.818309334
2310.2,3,08:21:43.829884049
2310.1,4,08:21:44.674831614
2310.0,1,08:21:44.676111979
2310.0,2,08:21:44.687671415
2310.0,1,08:21:44.722362712
2310.0,1,08:21:46.246666306
2310.0,2,08:21:46.495746281
2310.1,1,08:21:47.686726513
2310.2,1,08:21:48.661210878
2310.3,5,08:21:49.817865475
2310.3,1,08:21:50.158207450
2310.4,1,08:21:50.238772122
2310.5,2,08:21:50.325395416
2310.5,1,08:21:50.374823307
2310.5,1,08:21:50.375311845
2310.5,1,08:21:50.417493530
2310.5,1,08:21:50.417833783
2310.4,2,08:21:51.775479527
2310.3,1,08:21:51.777890500
2310.4,1,08:21:51.974272293
2310.4,1,08:21:52.196499742
2310.3,1,08:21:52.500712201
2310.3,1,08:21:52.501876007
2310.3,1,08:21:52.502201683
2310.4,1,08:21:53.280576708
2310.3,1,08:21:53.423055862
2310.4,1,08:21:53.857713699
2310.4,1,08:21:54.013438086
2310.3,1,08:21:54.019062759
2310.5,2,08:21:55.427371759
2310.5,1,08:21:56.754017717
2310.5,1,08:21:56.964228410
2310.5,1,08:21:57.245740874
2310.5,1,08:21:59.289082617
2310.6,1,08:22:00.089115994
2310.6,1,08:22:00.089365714
2310.7,3,08:22:00.734169464
2310.9,2,08:22:00.742932642
2310.8,3,08:22:00.744706502
2310.8,2,08:22:00.745382897
2310.8,1,08:22:01.028212729
2310.7,1,08:22:01.049160232
2310.7,1,08:22:01.098443029
2310.6,2,08:22:01.242077644
2310.5,1,08:22:01.314182329
2310.6,2,08:22:02.790825634
2310.5,2,08:22:05.549952312
2310.6,1,08:22:06.361128956
2310.5,1,08:22:06.781111001
2310.6,1,08:22:07.668693579
2310.4,5,08:22:08.916822455
2310.4,1,08:22:08.942942219
2310.6,1,08:22:11.550391459
2310.6,1,08:22:11.673934448
2310.6,2,08:22:11.724126910
2310.6,1,08:22:12.617129435
2310.6,1,08:22:13.005897346
2310.7,1,08:22:13.006959563
2310.7,2,08:22:14.470812025
2310.6,2,08:22:14.653070494
2310.6,1,08:22:15.025791604
2310.6,2,08:22:15.026053293
2310.7,1,08:22:15.027322652
2310.7,1,08:22:16.397333624
2310.7,1,08:22:18.755167368
2310.7,1,08:22:18.755260672
2310.7,3,08:22:18.976070325
2310.6,3,08:22:21.607162329
2310.6,2,08:22:21.607208155
2310.7,1,08:22:22.065450433
2310.6,1,08:22:23.180837971
2310.4,1,08:22:23.191759993
2310.3,3,08:22:23.208037808
2310.2,1,08:22:23.225018575
2310.2,1,08:22:23.985608589
2310.4,2,08:22:24.983648225
2310.4,1,08:22:24.985169163
2310.3,1,08:22:25.295240382
2310.6,4,08:22:27.902980503
2310.5,6,08:22:27.902980503
2310.4,1,08:22:28.052313118
2310.4,1,08:22:28.052740448
2310.5,1,08:22:30.663415887
2310.5,1,08:22:30.663740905
2310.3,1,08:22:31.204136240
2310.2,1,08:22:31.205849411
2310.1,2,08:22:33.032669754
2310.2,1,08:22:33.038270478
2310.2,1,08:22:33.039511623
2310.3,3,08:22:34.539655312
2310.4,1,08:22:34.778499105
2310.4,1,08:22:34.779347154
2310.5,2,08:22:34.779848557
2310.4,2,08:22:34.793056435
2310.5,1,08:22:35.212703042
2310.5,1,08:22:35.213803736
2310.4,2,08:22:36.780571740
2310.5,1,08:22:37.364650646
2310.6,1,08:22:37.746026691
2310.7,1,08:22:38.302582774
2310.7,2,08:22:39.444663434
2310.7,1,08:22:41.327266444
2310.7,1,08:22:41.660857959
2310.7,2,08:22:44.670456976
2310.7,1,08:22:44.670861887
2310.7,3,08:22:45.670727296
2310.5,2,08:22:46.599913792
2310.5,1,08:22:46.600405923
2310.6,1,08:22:47.347478209
2310.6,1,08:22:47.746381330
2310.7,2,08:22:48.491191759
2310.8,2,08:22:48.561378495
2310.7,1,08:22:49.685475039
2310.7,1,08:22:57.354641650
2310.8,2,08:22:58.214079917
2310.9,1,08:22:58.292464020
2310.9,1,08:22:58.406241935
2310.9,1,08:22:58.406526008
2310.9,1,08:22:58.406581695
2310.8,1,08:22:58.636179851
2310.9,1,08:22:59.286567817
2310.9,1,08:23:00.098782091
2310.9,1,08:23:00.098862585
2310.8,2,08:23:02.229663580
2311.0,1,08:23:02.670697167
2311.0,1,08:23:03.053801133
2311.0,3,08:23:12.007803699
2311.0,3,08:23:12.008412546
2311.0,2,08:23:12.008451706
2310.9,1,08:23:12.009736682
2310.9,1,08:23:12.010527437
2311.0,3,08:23:12.010883105
2311.1,2,08:23:14.072602176
2311.1,3,08:23:14.072646299
2311.2,3,08:23:14.119758345
2311.3,1,08:23:14.269670134
2311.4,8,08:23:14.269682166
2311.5,8,08:23:14.269682166
2311.3,1,08:23:14.272567923
2311.4,1,08:23:14.273226829
2311.4,2,08:23:17.815561170
2311.3,5,08:23:17.996726878
2311.5,2,08:23:19.025754117
2311.5,1,08:23:20.066085587
2311.6,1,08:23:20.191714092
2311.5,4,08:23:20.811639327
2311.5,2,08:23:20.813552882
2311.7,3,08:23:23.038161131
2311.7,1,08:23:23.050687646
2311.7,1,08:23:23.050768339
2311.8,1,08:23:23.920040507
2311.7,1,08:23:23.955530452
2311.8,1,08:23:24.593263399
2311.9,1,08:23:25.366356756
2311.9,4,08:23:25.694200677
2311.8,1,08:23:25.694858396
2311.7,2,08:23:25.786817335
2311.9,1,08:23:26.070871336
2311.9,3,08:23:26.307713584
2311.9,1,08:23:27.015007929
2311.7,1,08:23:27.407843697
2311.8,1,08:23:27.516022479
2311.9,2,08:23:28.073361956
2312.0,3,08:23:28.074408149
2312.2,4,08:23:28.074427644
2312.3,9,08:23:28.074427644
2312.4,14,08:23:28.074427644
2312.1,8,08:23:28.074427644
2312.5,3,08:23:28.074427644
2312.0,7,08:23:28.074427644
2312.2,10,08:23:28.074427644
2312.5,2,08:23:28.074713739
2312.5,1,08:23:28.074720757
2312.2,1,08:23:28.077395109
2312.2,1,08:23:28.081229854
2312.2,1,08:23:28.081276306
2312.2,1,08:23:28.081570975
2312.1,6,08:23:28.081828970
2312.3,1,08:23:28.082054057
2312.2,1,08:23:28.084097845
2312.1,2,08:23:28.084299999
2312.1,1,08:23:28.085615693
2312.1,2,08:23:28.085650318
2312.1,1,08:23:28.086779556
2312.0,4,08:23:28.088114178
2312.1,3,08:23:28.088407249
2312.0,1,08:23:28.089109462
2312.0,1,08:23:28.089407036
2312.0,1,08:23:28.089437766
2312.0,1,08:23:28.128814266
2312.0,1,08:23:28.130530157
2312.0,1,08:23:28.263396122
2312.1,3,08:23:28.264231610
2312.1,1,08:23:28.264560952
2312.1,1,08:23:28.264698251
2312.0,1,08:23:28.598359854
2312.1,7,08:23:29.608775569
2312.1,15,08:23:29.609307294
2312.1,1,08:23:29.609356937
2312.1,3,08:23:29.609482111
2312.1,2,08:23:29.609519215
2312.0,2,08:23:29.610580450
2312.0,1,08:23:29.632650865
2312.0,3,08:23:29.741989316
2312.0,1,08:23:29.742474971
2312.0,1,08:23:29.742709004
2312.1,1,08:23:30.812045245
2312.1,2,08:23:31.806150036
2312.1,1,08:23:32.185311027
2312.0,1,08:23:32.185691495
2311.9,5,08:23:33.561756117
2311.9,1,08:23:33.562031805
2311.9,1,08:23:33.562127827
2311.9,1,08:23:33.594128502
2311.9,3,08:23:34.059073569
2311.9,1,08:23:34.059172592
2311.8,2,08:23:34.717219574
2311.8,1,08:23:34.748435376
2311.8,1,08:23:36.714439912
2311.7,3,08:23:38.341764384
2311.7,1,08:23:38.364341888
2311.7,3,08:23:38.364515674
2311.9,1,08:23:38.454411947
2311.7,1,08:23:39.001492323
2311.7,1,08:23:39.001679703
2311.6,3,08:23:39.060687135
2311.5,2,08:23:39.061075837
2311.5,1,08:23:39.061466763
2311.6,2,08:23:39.477428439
2311.5,1,08:23:40.139365167
2311.5,1,08:23:40.220077586
2311.6,1,08:23:40.241938613
2311.6,3,08:23:41.506182028
2311.7,5,08:23:41.506182028
2311.6,1,08:23:42.616620475
2311.7,3,08:23:42.970963968
2311.7,6,08:23:42.971086070
2311.7,1,08:23:43.213810974
2311.8,1,08:23:43.623161475
2311.9,1,08:23:45.561364471
2311.8,1,08:23:49.366109877
2311.8,1,08:23:49.367077371
2311.9,1,08:23:50.313336136
2311.6,1,08:23:52.227788176
2311.7,1,08:23:52.552280264
2311.6,1,08:23:52.885175471
2311.7,1,08:23:52.965940323
2311.8,1,08:23:53.672877566
2311.9,1,08:23:55.944653238
2312.0,1,08:23:56.700277612
2312.0,1,08:23:56.700733855
2312.0,1,08:23:57.068487293
2311.9,2,08:23:57.072858526
2311.9,1,08:23:57.073842210
2311.9,1,08:23:58.415411465
2312.0,1,08:24:00.439785755
2312.1,1,08:24:01.073144191
2312.1,1,08:24:01.073817538
2312.1,1,08:24:01.907361887
2312.2,9,08:24:02.024836262
2312.3,9,08:24:02.026574659
2312.3,1,08:24:02.027276826
2312.4,3,08:24:02.028096954
2312.3,2,08:24:02.041623365
2312.3,1,08:24:02.041663622
2312.4,1,08:24:02.042363852
2312.2,1,08:24:02.044283316
2312.2,1,08:24:02.064034334
2312.2,1,08:24:02.119208079
2312.3,2,08:24:02.119208079
2312.3,1,08:24:02.382020352
2312.1,2,08:24:02.568149639
2312.1,1,08:24:02.677678500
2312.2,1,08:24:02.677678500
2312.1,1,08:24:03.116483368
2312.0,2,08:24:03.504995263
2311.9,1,08:24:07.129766754
2311.8,1,08:24:07.682591795
2311.7,1,08:24:07.697971780
2311.7,1,08:24:08.060830061
2312.0,11,08:24:08.254246830
2312.2,11,08:24:08.254246830
2312.1,12,08:24:08.254246830
2311.9,4,08:24:08.254246830
2311.8,4,08:24:08.254246830
2312.2,2,08:24:08.256668491
2312.2,5,08:24:08.256954555
2312.2,3,08:24:08.257038160
2312.2,3,08:24:08.257101201
2312.2,1,08:24:08.257180063
2312.2,3,08:24:08.257180063
2312.2,1,08:24:08.257214870
2312.2,3,08:24:08.257293854
2312.2,1,08:24:08.257314904
2312.2,3,08:24:08.257363760
2312.2,3,08:24:08.257537373
2312.2,1,08:24:08.257537373
2312.2,3,08:24:08.257640351
2312.2,1,08:24:08.257713085
2312.2,3,08:24:08.257773956
2312.2,1,08:24:08.257829416
2312.2,1,08:24:08.258184477
2312.2,6,08:24:08.258423615
2312.2,3,08:24:08.258620255
2312.2,5,08:24:08.258755394
2312.2,2,08:24:08.258818972
2312.2,4,08:24:08.258907298
2312.2,1,08:24:08.260052457
2312.2,1,08:24:08.260364844
2312.2,1,08:24:08.260784480
2312.3,1,08:24:08.260855238
2312.3,1,08:24:08.261805017
2312.2,2,08:24:08.261859751
2312.3,2,08:24:08.261859751
2312.1,2,08:24:08.261859751
2312.1,1,08:24:08.261948962
2312.3,1,08:24:08.263158414
2312.3,1,08:24:08.267492539
2312.3,1,08:24:08.268159913
2312.3,1,08:24:08.277098784
2312.2,1,08:24:08.278691174
2312.2,1,08:24:08.282640060
2312.1,3,08:24:08.282973036
2312.1,1,08:24:08.286065267
2312.1,1,08:24:08.378981587
2312.3,3,08:24:08.682143653
2312.4,1,08:24:08.737153335
2312.4,1,08:24:08.782079122
2312.4,1,08:24:08.782119663
2312.4,1,08:24:08.782155482
2312.4,1,08:24:08.799740494
2312.3,2,08:24:09.033143075
2312.3,1,08:24:09.033500231
2312.3,1,08:24:09.195336253
2312.1,2,08:24:09.622857585
2311.9,1,08:24:11.273218815
2311.8,1,08:24:12.065495935
2311.8,2,08:24:12.065816594
2311.8,1,08:24:12.066250609
2311.8,1,08:24:12.066798201
2311.7,1,08:24:12.859281658
2311.8,1,08:24:12.903156172
2311.7,1,08:24:14.031588433
2311.7,1,08:24:14.269613068
2311.6,2,08:24:15.268255353
2311.6,1,08:24:16.684701837
2311.7,6,08:24:18.715989993
2311.7,1,08:24:18.716060654
2311.7,2,08:24:18.716158665
2311.8,1,08:24:18.815184123
2311.7,1,08:24:19.786739701
2311.8,1,08:24:20.233491948
2311.9,2,08:24:20.291552499
2311.8,2,08:24:20.292249101
2311.8,2,08:24:20.292323874
2311.8,1,08:24:20.292832464
2311.8,2,08:24:20.293520314
2311.9,1,08:24:20.293574494
2311.8,2,08:24:20.293778816
2311.8,1,08:24:20.299063706
2311.8,3,08:24:21.987570851
2311.7,1,08:24:22.230776251
2311.7,2,08:24:23.440420067
2311.6,2,08:24:23.442563032
2311.6,1,08:24:23.442641692
2311.6,1,08:24:24.057918728
2311.6,2,08:24:24.518770995
2311.7,3,08:24:24.927538007
2311.6,1,08:24:24.928261152
2311.6,3,08:24:25.002646492
2311.5,7,08:24:25.031831732
2311.7,2,08:24:26.690616037
2311.8,1,08:24:26.907791767
2311.7,1,08:24:26.908243331
2311.6,2,08:24:26.991023907
2311.7,1,08:24:27.376309544
2311.6,1,08:24:34.305492151
2311.5,4,08:24:34.312184573
2311.5,4,08:24:34.312456022
2311.4,1,08:24:34.313869695
2311.5,1,08:24:34.327462513
2311.5,1,08:24:34.339971674
2311.4,2,08:24:36.297419187
2311.4,1,08:24:36.297810513
2311.5,3,08:24:38.196493652
2311.6,1,08:24:38.271407303
2311.7,1,08:24:38.391759829
2311.5,2,08:24:39.728850837
2311.5,1,08:24:39.730144683
2311.6,3,08:24:41.456836689
2311.7,1,08:24:42.337053294
2311.7,2,08:24:42.337132089
2311.7,3,08:24:42.337298177
2311.7,1,08:24:42.553435702
2311.7,1,08:24:42.553642718
2311.8,1,08:24:47.312885441
2311.8,3,08:24:52.160426452
2311.7,3,08:24:52.160525420
2311.7,1,08:24:52.160525420
2311.7,3,08:24:52.160599841
2311.7,1,08:24:52.162471411
2311.6,1,08:24:52.212460319
2311.6,1,08:24:52.213449589
2311.6,2,08:24:52.213494132
2311.7,3,08:24:53.579588721
2311.7,1,08:24:53.580533832
2311.8,1,08:24:53.581507173
2311.7,1,08:24:55.204938101
2311.8,1,08:24:55.246102216
2311.8,1,08:24:55.435136778
2311.8,2,08:24:56.326775663
2311.8,2,08:24:56.986996299
2311.8,1,08:24:57.008502352
2311.7,1,08:24:57.695221956
2311.9,1,08:24:59.048762987
2311.9,1,08:24:59.049005149
2311.9,1,08:24:59.134788287
2311.9,1,08:24:59.312561998
2312.0,5,08:24:59.968401448
2312.0,1,08:24:59.968471430
2312.0,1,08:24:59.968636247
2312.0,1,08:25:00.106133286
2312.1,1,08:25:00.841210680
2312.1,1,08:25:01.468820761
2312.3,4,08:25:01.517420295
2312.2,6,08:25:01.517420295
2312.1,1,08:25:01.517420295
2312.4,8,08:25:01.517420295
2312.5,6,08:25:01.517420295
2312.3,1,08:25:02.302831738
2312.3,1,08:25:02.303065554
2312.4,2,08:25:02.956394336
2312.4,1,08:25:04.698450280
2312.4,1,08:25:05.315830898
2312.4,1,08:25:05.584358772
2312.4,3,08:25:05.814318377
2312.4,1,08:25:05.814623394
2312.5,1,08:25:06.052537271
2312.5,1,08:25:06.052568488
2312.4,3,08:25:06.413653637
2312.4,1,08:25:06.414190951
2312.4,1,08:25:07.013321968
2312.4,1,08:25:08.448235761
2312.4,1,08:25:08.826091213
2312.6,1,08:25:09.384451316
2312.6,2,08:25:09.384460186
2312.7,1,08:25:09.384460186
2312.4,1,08:25:09.404823615
2312.6,1,08:25:09.577852770
2312.6,1,08:25:10.279940697
2312.7,2,08:25:10.280718779
2312.8,4,08:25:10.283240881
2312.8,1,08:25:10.283254853
2312.8,5,08:25:10.283254853
2312.9,4,08:25:10.283254853
2314.3,6,08:25:10.283266546
2313.5,4,08:25:10.283266546
2314.4,10,08:25:10.283266546
2314.6,15,08:25:10.283266546
2313.6,9,08:25:10.283266546
2314.0,8,08:25:10.283266546
2313.8,8,08:25:10.283266546
2314.1,2,08:25:10.283266546
2313.7,9,08:25:10.283266546
2312.9,6,08:25:10.283266546
2314.2,10,08:25:10.283266546
2313.1,10,08:25:10.283266546
2313.9,10,08:25:10.283266546
2313.3,9,08:25:10.283266546
2314.5,7,08:25:10.283266546
2313.2,6,08:25:10.283266546
2313.0,12,08:25:10.283266546
2313.4,9,08:25:10.283266546
2314.6,1,08:25:10.284242780
2314.6,1,08:25:10.284252278
2314.6,2,08:25:10.284252278
2314.1,1,08:25:10.285402416
2313.2,2,08:25:10.290138338
2313.3,2,08:25:10.290138338
2313.0,1,08:25:10.290231263
2313.6,1,08:25:10.291596199
2313.8,1,08:25:10.291688777
2314.2,1,08:25:10.293157165
2314.1,1,08:25:10.293391592
2314.1,1,08:25:10.293680603
2314.0,1,08:25:10.293894341
2314.0,1,08:25:10.293980855
2314.1,1,08:25:10.298355465
2313.9,1,08:25:10.299699111
2313.9,1,08:25:10.300239833
2313.9,1,08:25:10.300441664
2313.6,1,08:25:10.300594626
2313.8,1,08:25:10.300974935
2313.9,1,08:25:10.300974935
2313.9,1,08:25:10.303542865
2313.6,3,08:25:10.303714919
2313.6,2,08:25:10.303850715
2313.8,1,08:25:10.303850715
2314.0,1,08:25:10.304569283
2314.2,1,08:25:10.307086386
2314.0,1,08:25:10.307174763
2314.2,1,08:25:10.307302714
2314.3,3,08:25:10.307302714
2314.0,1,08:25:10.307516350
2314.3,2,08:25:10.307575561
2314.3,5,08:25:10.307920006
2313.7,4,08:25:10.308196975
2313.9,1,08:25:10.309736174
2314.3,1,08:25:10.309736174
2313.8,1,08:25:10.315180819
2313.9,1,08:25:10.315284398
2313.8,1,08:25:10.315384796
2313.9,1,08:25:10.316238577
2313.7,3,08:25:10.320943456
2313.8,1,08:25:10.321723868
2313.9,1,08:25:10.321816469
2313.7,1,08:25:10.322592856
2313.7,1,08:25:10.322806899
2313.8,1,08:25:10.323166186
2313.6,2,08:25:10.324255843
2313.7,1,08:25:10.324722041
2313.7,1,08:25:10.324782502
2313.7,1,08:25:10.329366772
2313.7,2,08:25:10.331708752
2313.7,1,08:25:10.334959819
2313.7,1,08:25:10.335055417
2313.6,2,08:25:10.351081942
2313.6,1,08:25:10.351328379
2313.6,1,08:25:10.351609290
2313.6,1,08:25:10.352051219
2313.6,1,08:25:10.352181254
2313.6,1,08:25:10.352349299
2313.5,1,08:25:10.352482847
2313.6,1,08:25:10.352630972
2313.6,1,08:25:10.354739498
2313.6,1,08:25:10.354959447
2313.6,1,08:25:10.355012315
2313.5,2,08:25:10.372254667
2313.5,1,08:25:10.372493983
2313.5,2,08:25:10.372785065
2313.5,1,08:25:10.373136297
2313.5,1,08:25:10.381845807
2313.5,2,08:25:10.382128270
2313.6,2,08:25:10.401501436
2313.6,2,08:25:10.401786926
2313.7,1,08:25:10.417102588
2313.6,1,08:25:10.417529704
2313.6,1,08:25:10.417885084
2313.6,1,08:25:10.417958564
2313.7,1,08:25:10.423672330
2313.6,1,08:25:10.478511455
2313.6,1,08:25:10.478712102
2313.6,2,08:25:10.484209672
2313.6,1,08:25:10.544412956
2313.7,1,08:25:10.587605984
2313.7,2,08:25:10.587815563
2313.6,2,08:25:10.596738190
2313.6,1,08:25:10.619586686
2313.6,1,08:25:10.619798406
2313.5,1,08:25:10.644162468
2313.7,1,08:25:10.674186379
2313.7,1,08:25:10.700885512
2313.6,1,08:25:10.701235938
2313.7,1,08:25:10.701235938
2313.7,1,08:25:10.703993718
2313.6,1,08:25:10.769386591
2313.6,1,08:25:10.769800724
2313.6,1,08:25:10.770027800
2313.6,1,08:25:10.785780812
2313.6,2,08:25:10.785999172
2313.6,2,08:25:11.022812861
2313.7,1,08:25:11.053475822
2313.8,1,08:25:11.131339871
2313.7,1,08:25:11.131770523
2313.7,1,08:25:11.328741699
2313.7,1,08:25:11.329005760
2313.6,2,08:25:11.503443638
2313.6,2,08:25:11.503808926
2313.6,1,08:25:11.555531692
2313.5,1,08:25:11.656617529
2313.5,1,08:25:11.738562449
2313.5,2,08:25:11.780056609
2313.5,2,08:25:11.826971780
2313.6,1,08:25:12.138122767
2313.6,1,08:25:12.138310003
2313.6,2,08:25:12.249724439
2313.6,1,08:25:12.249976701
2313.6,1,08:25:12.570831305
2313.4,3,08:25:13.234473624
2313.4,1,08:25:13.234711815
2313.4,1,08:25:13.234870239
2313.4,2,08:25:13.235643549
2313.4,1,08:25:13.236527877
2313.4,3,08:25:13.928789536
2313.4,1,08:25:13.930055066
2313.4,1,08:25:13.930962249
2313.5,1,08:25:14.239467112
2313.4,3,08:25:14.296202802
2313.5,1,08:25:14.424112984
2313.3,6,08:25:15.173809777
2313.2,4,08:25:15.178543789
2313.2,1,08:25:15.179174466
2313.1,1,08:25:15.181198079
2313.2,2,08:25:15.182301110
2313.3,1,08:25:15.211063035
2313.2,2,08:25:15.211486483
2313.1,1,08:25:16.221143511
2313.2,1,08:25:17.120930406
2313.1,3,08:25:17.806161809
2313.1,2,08:25:17.806224347
2312.9,3,08:25:19.071388554
2312.9,2,08:25:19.071659300
2312.9,1,08:25:19.083552004
2313.0,1,08:25:19.638595057
2313.0,3,08:25:19.639072309
2313.0,1,08:25:19.662239307
2313.1,1,08:25:19.802287146
2313.2,1,08:25:20.720742435
2313.2,1,08:25:20.976555369
2313.2,1,08:25:20.981030010
2313.2,2,08:25:20.981241089
2313.2,2,08:25:20.981338733
2313.1,2,08:25:21.865773550
2313.1,1,08:25:21.866023728
2313.1,1,08:25:21.866057348
2313.1,1,08:25:21.866184007
2313.1,1,08:25:22.119025445
2313.1,1,08:25:22.119217539
2313.0,2,08:25:22.527814922
2312.9,1,08:25:22.894436842
2312.8,2,08:25:22.922096258
2312.8,1,08:25:22.953733405
2312.9,4,08:25:24.110389907
2313.0,1,08:25:24.824400823
2313.0,1,08:25:25.055326738
2312.9,1,08:25:26.384291797
2312.8,1,08:25:26.412234057
2312.8,1,08:25:26.514027039
2312.7,7,08:25:26.983487841
2312.6,3,08:25:26.983487841
2312.7,1,08:25:26.989358484
2312.6,1,08:25:27.021634189
2312.6,1,08:25:27.432150673
2312.7,2,08:25:30.692086211
2312.7,1,08:25:30.729023147
2312.6,1,08:25:30.759225935
2312.6,1,08:25:30.806950478
2312.6,1,08:25:30.807661629
2312.6,1,08:25:30.842194315
2312.5,1,08:25:31.008386277
2312.4,1,08:25:31.022026830
2312.4,1,08:25:32.129834072
2312.4,1,08:25:32.130474488
2312.5,1,08:25:34.653922145
2312.5,1,08:25:35.920446948
2312.3,1,08:25:36.014629923
2312.3,4,08:25:36.016285223
2312.4,3,08:25:36.048382027
2312.4,1,08:25:36.063005129
2312.4,1,08:25:38.852352023
2312.4,1,08:25:38.852606063
2312.5,2,08:25:39.276040169
2312.5,7,08:25:39.276566494
2312.6,1,08:25:39.278513070
2312.6,1,08:25:39.282710968
2312.6,1,08:25:39.289727289
2312.5,1,08:25:39.319805332
2312.7,1,08:25:39.483471592
2312.6,2,08:25:42.444731858
2312.5,1,08:25:42.449741766
2312.5,1,08:25:42.661851876
2312.4,1,08:25:43.839235495
2312.4,1,08:25:43.840014208
2312.3,1,08:25:44.585015386
2312.2,4,08:25:44.942696147
2312.2,4,08:25:44.942884030
2312.1,3,08:25:44.943673376
2312.0,4,08:25:44.944761475
2311.9,1,08:25:44.946407854
2312.0,3,08:25:44.956461394
2311.9,1,08:25:45.109875349
2312.1,2,08:25:45.885141751
2312.2,1,08:25:46.331570854
2312.2,2,08:25:46.331976593
2312.2,1,08:25:46.332056451
2312.2,1,08:25:46.332099578
2312.2,1,08:25:46.332399559
2312.2,5,08:25:46.332729523
2312.1,2,08:25:46.332895210
2312.1,1,08:25:46.333280872
2312.2,1,08:25:46.550998044
2312.0,1,08:25:47.630915480
2312.0,1,08:25:47.631215362
2312.1,1,08:25:47.773601284
2312.0,1,08:25:52.643018894
2312.0,1,08:25:52.870210861
2311.9,1,08:25:53.785166646
2311.7,2,08:25:54.594441222
2311.8,1,08:25:54.595966712
2311.9,1,08:25:55.129550391
2311.8,1,08:25:56.310671840
2311.8,1,08:25:57.529288728
2311.8,1,08:25:57.529568507
2311.8,1,08:25:57.529648524
2311.7,2,08:25:58.277069562
2311.7,2,08:25:58.295425529
2311.7,1,08:25:58.295667803
2311.8,1,08:25:58.298185657
2311.7,1,08:25:59.301420112
2311.5,2,08:26:02.903348060
2311.5,1,08:26:02.903564068
2311.5,1,08:26:03.714930828
2311.4,3,08:26:05.421898499
2311.5,1,08:26:05.857165903
2311.5,1,08:26:05.857359991
2311.5,1,08:26:05.857593182
2311.6,2,08:26:05.987759203
2311.7,1,08:26:07.809266051
2311.7,1,08:26:07.809867122
2311.9,1,08:26:08.027771888
2311.9,1,08:26:09.599742990
2311.8,1,08:26:11.016592295
2311.9,2,08:26:11.784425962
2311.7,2,08:26:12.689698536
2311.7,1,08:26:12.749760807
2311.7,1,08:26:14.171851185
2311.6,1,08:26:16.978067640
2311.5,1,08:26:18.552412640
2311.5,1,08:26:19.191420085
2311.5,1,08:26:19.191499549
2311.5,1,08:26:19.232010001
2311.4,4,08:26:21.339641078
2311.3,2,08:26:21.342924269
2311.4,2,08:26:21.346651976
2311.4,1,08:26:21.347005352
2311.4,1,08:26:23.660562490
2311.4,2,08:26:25.754573707
2311.5,1,08:26:26.055231691
2311.5,1,08:26:26.055454649
2311.6,1,08:26:27.526310136
2311.7,3,08:26:27.526421338
2311.8,1,08:26:27.528215810
2311.9,4,08:26:27.532034418
2311.9,1,08:26:27.534868373
2311.8,1,08:26:28.705062363
2312.0,1,08:26:29.640876259
2311.9,1,08:26:29.960509241
2312.0,3,08:26:32.773208508
2312.0,2,08:26:32.773314857
2312.1,1,08:26:32.774651348
2312.1,3,08:26:32.776503388
2312.1,1,08:26:32.776600942
2312.2,2,08:26:32.776931272
2312.1,1,08:26:32.784582162
2312.1,1,08:26:34.070988593
2312.1,1,08:26:34.071447728
2312.0,1,08:26:34.224275526
2312.0,3,08:26:34.224560571
2311.9,2,08:26:34.496916649
2311.8,1,08:26:35.188897089
2311.8,2,08:26:35.189187972
2311.8,1,08:26:38.200581813
2311.9,1,08:26:39.101654524
2311.9,2,08:26:39.102700100
2311.9,1,08:26:39.103366462
2312.0,1,08:26:39.217432330
2312.0,1,08:26:39.217597267
2312.1,1,08:26:40.816852763
2312.0,1,08:26:40.842461851
2312.0,2,08:26:40.842760213
2312.0,1,08:26:40.842985462
2312.0,1,08:26:43.448312544
2312.1,9,08:26:43.449244550
2312.1,1,08:26:43.450569956
2312.0,1,08:26:44.287065676
2311.9,1,08:26:44.613256993
2311.9,2,08:26:44.899318462
2312.0,2,08:26:44.899442321
2312.0,1,08:26:44.902349557
2312.1,1,08:26:44.904424315
2312.2,1,08:26:44.905412444
2312.2,1,08:26:44.906324728
2312.2,1,08:26:44.906421159
2312.2,2,08:26:44.909686927
2312.2,1,08:26:44.965978477
2312.2,1,08:26:44.966053509
2312.2,1,08:26:44.966535150
2312.3,1,08:26:44.966535150
2312.2,1,08:26:44.968258392
2312.2,1,08:26:44.973591463
2312.0,2,08:26:47.085796701
2312.1,1,08:26:47.351614960
2312.2,1,08:26:50.195809995
2312.1,1,08:26:50.577641088
2312.2,1,08:26:50.596982860
2312.1,1,08:26:50.597378830
2312.0,1,08:26:51.005938246
2311.9,1,08:26:51.071854727
2311.9,1,08:26:51.072081810
2311.8,2,08:26:51.073549097
2312.0,2,08:26:51.114937608
2311.9,1,08:26:51.115156063
2312.0,1,08:26:51.115692324
2312.1,1,08:26:51.723473927
2312.1,1,08:26:51.892967412
2312.3,1,08:26:53.212100934
2312.2,1,08:26:54.885498031
2312.2,1,08:26:54.885566039
2312.2,2,08:26:55.196217576
2312.1,3,08:26:55.542372516
2312.1,2,08:26:56.096440880
2312.0,2,08:26:56.548697633
2312.0,1,08:26:58.435937511
2312.1,3,08:26:58.531505851
2312.2,1,08:26:58.532248122
2312.1,2,08:26:58.532327180
2312.2,9,08:26:58.532728740
2312.3,1,08:26:58.534132450
2312.4,4,08:27:00.025819918
2312.5,2,08:27:03.002879745
2312.7,2,08:27:04.359353716
2312.6,4,08:27:04.359353716
2312.5,2,08:27:04.896427870
2312.5,1,08:27:04.896810101
2312.4,1,08:27:04.902986652
2312.5,2,08:27:04.919398669
2312.4,1,08:27:06.644461335
2312.6,2,08:27:06.891484144
2312.6,2,08:27:06.895090767
2312.7,1,08:27:06.896655751
2312.7,3,08:27:06.896962586
2312.6,1,08:27:07.722506669
2312.6,1,08:27:07.722791536
2312.4,1,08:27:08.265964971
2312.5,2,08:27:08.286777276
2312.6,1,08:27:10.099287774
2312.5,1,08:27:12.213027413
2312.5,2,08:27:12.237122797
2312.5,2,08:27:14.043953283
2312.6,2,08:27:14.743096696
2312.5,2,08:27:14.743096696
2312.6,1,08:27:14.995774769
2312.5,2,08:27:15.729877155
2312.3,1,08:27:17.926201027
2312.2,1,08:27:22.617644258
2312.2,3,08:27:23.294456224
2312.3,1,08:27:23.313568126
2312.3,1,08:27:23.313805913
2312.3,1,08:27:23.314248443
2312.2,2,08:27:23.366297607
2312.3,1,08:27:23.411128215
2312.5,1,08:27:24.311216213
2312.4,1,08:27:24.376596355
2312.4,1,08:27:25.715967822
2312.3,2,08:27:26.342263529
2312.3,2,08:27:26.422340317
2312.2,3,08:27:28.519956744
2312.1,7,08:27:28.520508400
2312.1,1,08:27:28.533662213
2312.1,2,08:27:28.533801234
2312.3,3,08:27:28.823926224
2312.3,4,08:27:28.823965168
2312.3,4,08:27:28.824030108
2312.2,1,08:27:28.824063439
2312.3,2,08:27:28.824087494
2312.3,6,08:27:28.824199222
2312.3,1,08:27:28.824243523
2312.3,2,08:27:28.825023760
2312.3,1,08:27:28.825023760
2312.3,3,08:27:28.825202729
2312.3,8,08:27:28.825202729
2312.3,1,08:27:28.827380226
2312.3,1,08:27:28.827440599
2312.3,1,08:27:31.088720318
2312.3,2,08:27:32.293076730
2312.2,2,08:27:33.035125613
2312.2,1,08:27:33.413794741
2312.1,1,08:27:35.068529303
2312.2,1,08:27:37.035767638
2312.1,1,08:27:37.205208837
2312.1,2,08:27:37.205335198
2312.1,1,08:27:37.207048272
2312.1,1,08:27:37.208167984
2312.0,1,08:27:38.038093769
2312.3,4,08:27:38.039118922
2312.2,4,08:27:38.039118922
2312.4,1,08:27:38.039118922
2312.2,1,08:27:38.040642339
2312.3,1,08:27:38.041591257
2311.8,1,08:27:38.637535324
2311.7,1,08:27:39.023379277
2311.7,1,08:27:39.024783506
2311.8,1,08:27:40.017366374
2312.0,5,08:27:44.384593771
2311.8,1,08:27:44.560761207
2311.9,4,08:27:44.560761207
2311.8,3,08:27:44.644462461
2311.9,1,08:27:45.589944360
2311.8,2,08:27:55.381575229
2311.8,2,08:27:55.381934451
2311.8,1,08:27:55.381982914
2311.7,1,08:27:55.391704572
2311.8,1,08:27:55.403530259
2311.7,1,08:27:55.411230897
2311.9,1,08:27:55.655369554
2312.0,2,08:27:55.659003806
2312.1,3,08:27:55.673371928
2312.2,1,08:27:55.674725108
2312.0,1,08:27:55.690239945
2312.0,1,08:27:55.702581160
2312.2,1,08:27:55.892931745
2312.3,1,08:27:55.918115676
2312.1,1,08:27:56.038360848
2312.0,2,08:27:58.853515239
2311.9,1,08:28:00.086809449
2312.0,4,08:28:01.322475331
2312.1,1,08:28:02.416693564
2312.1,2,08:28:02.416853097
2312.1,2,08:28:02.416976370
2312.1,1,08:28:03.488489038
2312.0,1,08:28:03.544770874
2312.0,1,08:28:03.544984661
2312.0,1,08:28:04.879621217
2311.9,1,08:28:06.455296840
2311.9,2,08:28:06.455398396
2311.9,1,08:28:06.455627160
2312.0,4,08:28:07.249111777
2311.9,2,08:28:07.249111777
2311.9,1,08:28:07.250368715
2312.0,1,08:28:07.251827825
2312.1,3,08:28:07.252232288
2312.0,4,08:28:10.314925378
2312.2,1,08:28:10.315040092
2312.1,1,08:28:10.318086696
2312.2,11,08:28:10.318798454
2312.2,1,08:28:10.320161429
2312.1,1,08:28:10.939587135
2312.3,1,08:28:12.617732769
2312.3,2,08:28:12.618267195
2312.3,3,08:28:12.618353757
2312.3,2,08:28:12.618489235
2312.2,1,08:28:12.738095802
2312.1,1,08:28:15.208568045
2312.1,2,08:28:17.693475039
2312.1,2,08:28:19.859582382
2312.0,1,08:28:19.937333702
2312.0,2,08:28:23.002987718
2312.2,1,08:28:23.936791199
2312.2,1,08:28:26.678201398
2312.2,2,08:28:27.038605465
2312.2,5,08:28:27.038818797
2312.2,1,08:28:27.063320570
2312.3,3,08:28:27.261530362
2312.3,1,08:28:27.265815252
2312.3,1,08:28:27.265900651
2312.2,1,08:28:29.990440883
2312.4,1,08:28:30.464109991
2312.4,1,08:28:30.464386236
2312.4,2,08:28:30.465334873
2312.3,1,08:28:32.525775386
2312.3,1,08:28:33.021281435
2312.4,1,08:28:33.486589635
2312.2,1,08:28:35.083727980
2312.2,3,08:28:35.084012171
2312.4,1,08:28:36.068341272
2312.2,2,08:28:38.374864682
2312.4,3,08:28:38.799491759
2312.4,1,08:28:38.799491759
2312.4,1,08:28:38.799772317
2312.3,1,08:28:41.074304589
2312.3,2,08:28:41.074510621
2312.4,1,08:28:41.788982301
2312.2,1,08:28:43.535797431
2312.3,1,08:28:44.210177130
2312.3,1,08:28:44.266835496
2312.3,2,08:28:44.806889316
2312.3,2,08:28:45.026355449
2312.3,1,08:28:46.115755672
2312.4,1,08:28:46.322229679
2312.4,2,08:28:47.077399515
2312.4,1,08:28:47.091625010
2312.5,4,08:28:49.931488238
2312.6,1,08:28:50.030542771
2312.6,4,08:28:50.030793486
2312.5,2,08:28:51.230484629
2312.4,7,08:28:53.092620881
2312.5,3,08:28:53.092620881
2312.4,1,08:28:53.093012973
2312.4,15,08:28:53.093362375
2312.4,3,08:28:53.093426354
2312.4,4,08:28:53.093483916
2312.4,1,08:28:53.093777036
2312.6,1,08:28:53.101575375
2312.7,1,08:28:53.149607182
2312.7,1,08:28:53.150094778
2312.6,3,08:28:53.173310192
2312.6,1,08:28:53.173657121
2312.7,4,08:28:55.958347152
2312.7,1,08:28:57.089990145
2312.8,1,08:28:58.148364355
2312.8,1,08:28:58.158957017
2312.7,1,08:28:58.164424214
2312.8,1,08:28:58.452580963
2312.8,1,08:28:58.517401796
2312.9,1,08:28:58.526810962
2312.9,1,08:28:58.527232487
2313.0,2,08:28:58.888900126
2313.0,2,08:28:58.908148939
2312.9,1,08:28:59.276743117
2312.9,1,08:28:59.276949271
2312.9,1,08:28:59.437556557
2313.0,1,08:28:59.442628233
2312.8,2,08:29:00.057260248
2312.8,2,08:29:00.057503808
2312.8,1,08:29:00.057612654
2312.8,1,08:29:00.601281674
2312.7,1,08:29:00.601698229
2312.7,1,08:29:00.768679565
2312.7,1,08:29:02.250195720
2312.6,2,08:29:03.359925548
2312.6,1,08:29:05.243139806
2312.6,1,08:29:05.243588523
2312.6,1,08:29:06.003090199
2312.5,2,08:29:06.945667698
2312.6,1,08:29:07.709271494
2312.5,1,08:29:08.445584816
2312.5,1,08:29:08.463660102
2312.5,3,08:29:08.463878797
2312.4,2,08:29:10.053738689
2312.4,2,08:29:10.054020778
2312.4,1,08:29:10.074856909
2312.4,1,08:29:15.186541225
2312.4,1,08:29:15.186770020
2312.4,5,08:29:15.289627023
2312.4,1,08:29:15.289683408
2312.4,1,08:29:15.289738738
2312.4,2,08:29:15.289875322
2312.3,1,08:29:15.290458829
2312.4,1,08:29:15.964261550
2312.4,1,08:29:15.964472658
2312.3,1,08:29:16.030345673
2312.3,1,08:29:16.030560538
2312.3,1,08:29:17.178175976
2312.4,2,08:29:17.178482113
2312.4,1,08:29:18.834304102
2312.4,1,08:29:19.026914131
2312.4,1,08:29:19.027148721
2312.5,1,08:29:20.653607573
2312.4,1,08:29:21.814470991
2312.4,1,08:29:22.547242817
2312.5,1,08:29:22.824398730
2312.5,1,08:29:24.180917835
2313.5,1,08:29:24.881882636
2313.3,4,08:29:24.881882636
2313.4,3,08:29:24.881882636
2312.8,7,08:29:24.881882636
2312.9,6,08:29:24.881882636
2312.6,2,08:29:24.881882636
2313.1,7,08:29:24.881882636
2313.2,6,08:29:24.881882636
2312.7,7,08:29:24.881882636
2313.0,7,08:29:24.881882636
2312.8,1,08:29:24.883045309
2312.8,1,08:29:24.883094306
2313.2,1,08:29:24.884892700
2313.2,1,08:29:24.885112330
2313.2,1,08:29:24.885746000
2313.0,3,08:29:25.031328255
2312.9,1,08:29:25.056528297
2312.8,1,08:29:25.067273845
2313.0,1,08:29:25.113500521
2312.7,2,08:29:25.135133228
2312.7,1,08:29:26.031022018
2312.4,1,08:29:26.731593547
2312.6,4,08:29:26.731593547
2312.5,1,08:29:26.731593547
2312.6,1,08:29:26.735960851
2312.6,1,08:29:26.758763053
2313.6,1,08:29:26.768366888
2312.8,6,08:29:26.768366888
2312.7,1,08:29:26.768366888
2312.9,7,08:29:26.768366888
2313.4,4,08:29:26.768366888
2313.3,4,08:29:26.768366888
2313.5,3,08:29:26.768366888
2313.0,8,08:29:26.768366888
2313.2,8,08:29:26.768366888
2313.1,8,08:29:26.768366888
2313.3,1,08:29:26.770589883
2313.3,1,08:29:26.770673197
2313.2,2,08:29:26.770968502
2313.2,2,08:29:26.771310093
2313.0,2,08:29:26.781395490
2313.4,1,08:29:26.989963378
2313.1,1,08:29:27.033695266
2313.0,1,08:29:27.273274771
2313.2,1,08:29:27.379850698
2312.9,2,08:29:29.452631747
2312.8,1,08:29:29.458126200
2312.8,4,08:29:29.458231129
2312.7,1,08:29:30.314271147
2312.6,1,08:29:30.314944069
2312.6,1,08:29:30.960847849
2312.5,2,08:29:31.412107551
2312.5,1,08:29:33.350856956
2312.5,1,08:29:33.351102573
2312.5,2,08:29:33.351168907
2312.5,1,08:29:34.896188621
2312.6,2,08:29:34.896695959
2312.7,2,08:29:35.146678962
2312.7,2,08:29:35.146969902
2312.7,1,08:29:35.147059689
2312.7,1,08:29:35.305781879
2312.7,1,08:29:35.306013085
2312.7,2,08:29:35.306141060
2312.6,1,08:29:35.306633425
2312.6,1,08:29:35.306684200
2312.5,1,08:29:35.983824274
2312.5,1,08:29:36.041010822
2312.4,1,08:29:37.168625654
2312.4,3,08:29:37.171736036
2312.3,1,08:29:37.507205215
2312.3,1,08:29:38.172117372
2312.4,3,08:29:40.750252175
2312.4,1,08:29:40.750503087
2312.4,1,08:29:41.035865347
2312.5,7,08:29:42.769487339
2312.6,1,08:29:42.769740217
2312.7,2,08:29:43.125723230
2312.7,1,08:29:43.126042481
2312.7,1,08:29:43.271141836
2312.6,1,08:29:43.277589460
2312.6,1,08:29:43.277836978
2312.5,1,08:29:45.129671471
2312.5,5,08:29:49.336775956
2312.4,3,08:29:49.337061830
2312.4,2,08:29:49.337145925
2312.3,3,08:29:51.238251545
2312.3,1,08:29:51.238284285
2312.0,1,08:29:51.645499896
2312.0,2,08:29:53.275185417
2312.0,16,08:29:54.789219907
2311.9,1,08:29:54.789514136
2311.9,1,08:29:54.789529548
2311.9,2,08:29:54.789710428
2311.8,3,08:29:54.789948437
2311.7,1,08:29:54.790650323
2311.7,1,08:29:54.790662134
2311.8,1,08:29:54.990273441
2311.8,1,08:29:54.990471508
2312.0,1,08:29:55.063607535
2311.6,1,08:29:55.160910903
2312.0,1,08:29:55.807950426
2312.0,7,08:29:56.134294774
2312.1,5,08:29:56.134880002
2312.2,1,08:29:56.142423825
2312.2,2,08:29:56.153509895
2312.2,1,08:29:56.154257653
2312.3,1,08:29:56.154513099
2312.4,1,08:29:56.372810617
2312.0,3,08:29:59.805893646
2312.0,1,08:29:59.805945070
2311.8,1,08:29:59.863193073
2311.7,2,08:29:59.950490222
2311.6,1,08:29:59.970037133
2311.4,1,08:29:59.970053108
2311.1,2,08:29:59.970053108
2311.5,1,08:29:59.970053108
2311.2,3,08:29:59.970053108
2311.0,3,08:29:59.970053108
2311.0,1,08:29:59.970099371
2311.0,1,08:29:59.970408913
2311.2,1,08:29:59.970581356
2311.1,1,08:29:59.970819654
2311.1,1,08:29:59.971165034
2311.5,1,08:30:00.218868184
2311.5,2,08:30:00.239953536
2311.1,1,08:30:00.245496066
2311.4,1,08:30:00.392812179
2311.4,1,08:30:00.405133434
2311.4,1,08:30:00.710822536
2311.5,3,08:30:00.711073175
2312.0,1,08:30:01.451987651
2311.9,1,08:30:01.614388528
2311.9,1,08:30:01.618971996
2312.0,2,08:30:01.642691540
2311.9,3,08:30:01.642691540
2312.0,1,08:30:01.662332911
2311.4,1,08:30:01.721149131
2311.4,11,08:30:01.721229859
2311.2,1,08:30:02.139736194
2311.2,3,08:30:02.642892927
2311.2,4,08:30:02.643010775
2311.3,2,08:30:02.643297242
2311.1,3,08:30:02.643297242
2311.1,3,08:30:02.865456649
2311.1,2,08:30:02.865561873
2311.0,2,08:30:02.866064773
2311.3,1,08:30:02.972786743
2311.2,1,08:30:02.976858204
2310.9,2,08:30:03.120509319
2310.9,1,08:30:03.578440226
2310.9,3,08:30:03.580936731
2310.4,1,08:30:03.684240601
2310.3,1,08:30:03.685663862
2310.3,2,08:30:03.686075240
2310.4,1,08:30:03.688488111
2310.1,1,08:30:03.817555897
2310.1,1,08:30:03.817568723
2310.4,1,08:30:03.828003942
2310.4,1,08:30:04.143265571
2310.4,1,08:30:04.143892582
2310.3,2,08:30:04.232098098
2310.3,1,08:30:04.232439796
2310.1,1,08:30:04.249664914
2310.1,1,08:30:04.398615746
2310.0,1,08:30:04.421035285
2310.0,1,08:30:04.421051867
2309.9,2,08:30:04.421051867
2309.7,2,08:30:04.421051867
2309.4,2,08:30:04.421106662
2309.5,1,08:30:04.421106662
2309.9,1,08:30:04.421397980
2309.8,1,08:30:04.422196860
2309.8,1,08:30:04.422466846
2309.9,3,08:30:04.422566567
2309.9,1,08:30:04.423896947
2309.8,1,08:30:04.429718090
2309.9,1,08:30:04.462626189
2310.0,2,08:30:04.462849637
2309.9,4,08:30:04.543128878
2309.9,1,08:30:04.716563667
2310.0,1,08:30:04.722890133
2309.9,1,08:30:04.743854850
2310.2,2,08:30:04.795250682
2310.3,3,08:30:04.802408631
2310.3,1,08:30:04.803327787
2310.4,1,08:30:04.803673949
2310.6,1,08:30:04.838339508
2310.6,2,08:30:04.838400507
2310.6,1,08:30:04.838992769
2310.6,1,08:30:04.839140836
2310.7,4,08:30:04.839459030
2310.8,5,08:30:04.839727532
2310.7,2,08:30:04.850160101
2310.6,3,08:30:04.850607329
2310.6,3,08:30:04.851155574
2310.5,1,08:30:04.852605436
2310.4,1,08:30:04.853125645
2310.2,1,08:30:04.889881979
2310.4,1,08:30:05.017820321
2310.4,1,08:30:05.021688021
2310.5,1,08:30:05.115341667
2310.5,1,08:30:05.115556769
2310.5,1,08:30:05.115944406
2310.3,4,08:30:05.290008221
2310.4,1,08:30:05.290821223
2310.4,3,08:30:05.723391355
2310.5,1,08:30:05.728972141
2310.6,2,08:30:05.729006926
2310.6,2,08:30:05.729216575
2310.7,3,08:30:05.766274594
2310.8,2,08:30:05.766619715
2310.9,1,08:30:05.951213391
2310.9,1,08:30:05.951527224
2311.0,1,08:30:05.983901172
2311.1,1,08:30:05.984464098
2311.2,3,08:30:05.984728036
2311.3,1,08:30:05.991772527
2311.3,1,08:30:05.993556371
2311.5,1,08:30:06.090149147
2311.9,3,08:30:06.090165128
2312.0,1,08:30:06.090165128
2311.8,3,08:30:06.090165128
2311.8,1,08:30:06.157982742
2311.5,1,08:30:06.189056516
2311.5,1,08:30:06.189123299
2311.4,1,08:30:06.251203063
2311.5,1,08:30:06.269578434
2311.2,1,08:30:06.374138938
2311.1,3,08:30:06.661002616
2311.3,1,08:30:06.853250709
2311.3,1,08:30:06.894442931
2311.0,1,08:30:07.227724711
2310.9,2,08:30:07.228186250
2310.9,2,08:30:07.228769510
2310.8,2,08:30:07.471811612
2310.7,1,08:30:07.472180215
2310.6,2,08:30:07.491652975
2310.5,1,08:30:07.502733488
2310.5,2,08:30:07.503047853
2310.4,2,08:30:07.504226367
2310.3,3,08:30:07.512307182
2310.2,3,08:30:07.573467238
2310.4,2,08:30:07.625771589
2310.5,2,08:30:07.774620005
2310.6,2,08:30:07.775007594
2310.6,1,08:30:08.001411180
2310.7,3,08:30:08.001618170
2310.6,1,08:30:08.001758064
2310.6,1,08:30:08.005632645
2310.8,1,08:30:08.006357830
2310.5,1,08:30:08.127030843
2310.8,1,08:30:08.324000682
2310.8,1,08:30:08.324028334
2310.8,3,08:30:08.516593730
2310.9,5,08:30:08.516992922
2311.0,3,08:30:08.517490990
2311.0,1,08:30:08.517592067
2310.7,4,08:30:08.841227396
2310.6,1,08:30:08.841523162
2310.6,2,08:30:08.841600729
2310.9,1,08:30:09.596848921
2310.6,1,08:30:10.466965318
2310.6,4,08:30:10.618892508
2310.5,1,08:30:10.619264906
2310.4,1,08:30:10.619588602
2310.6,1,08:30:10.651471944
2310.3,3,08:30:10.685635549
2310.3,1,08:30:10.685899149
2310.4,1,08:30:11.093867362
2310.4,1,08:30:11.208811935
2310.5,2,08:30:11.229526630
2310.5,2,08:30:11.229567391
2310.6,2,08:30:11.230144227
2310.7,2,08:30:11.262929705
2310.8,3,08:30:11.263202441
2310.8,1,08:30:11.263898528
2310.8,1,08:30:11.264274446
2310.9,1,08:30:11.313141444
2310.8,3,08:30:11.325712718
2310.8,1,08:30:11.326223973
2310.7,1,08:30:11.426369776
2310.6,2,08:30:11.426990550
2310.9,1,08:30:11.483887723
2310.5,1,08:30:11.523793518
2310.5,1,08:30:11.527118830
2310.4,1,08:30:11.783919702
2310.4,2,08:30:11.955469292
2310.4,1,08:30:11.955507368
2310.3,1,08:30:11.963309929
2310.3,3,08:30:11.963634620
2310.6,2,08:30:12.058883647
2310.7,1,08:30:12.155952902
2310.8,1,08:30:12.186316914
2310.8,2,08:30:12.193793753
2310.9,1,08:30:12.212654839
2311.0,1,08:30:12.279416243
2310.8,4,08:30:12.730076600
2311.0,1,08:30:12.782113209
2311.0,2,08:30:13.210145269
2310.8,3,08:30:13.470349724
2310.6,2,08:30:13.479143966
2310.5,1,08:30:13.549950748
2310.5,1,08:30:14.412326802
2310.4,1,08:30:14.417493914
2310.6,5,08:30:15.076574981
2310.7,3,08:30:15.076950211
2310.8,1,08:30:15.078056355
2310.7,1,08:30:15.078056355
2310.8,1,08:30:15.078545194
2310.9,1,08:30:15.080406742
2311.0,1,08:30:15.092383043
2311.1,1,08:30:15.092729419
2311.1,1,08:30:15.094719715
2311.2,1,08:30:15.094966555
2311.1,1,08:30:15.149109533
2311.1,2,08:30:15.149361544
2311.0,1,08:30:15.149876299
2311.1,1,08:30:15.294694753
2310.9,1,08:30:16.020204877
2310.5,3,08:30:16.221440756
2310.4,1,08:30:16.274411864
2310.4,1,08:30:16.275923267
2310.5,1,08:30:16.416970518
2310.5,1,08:30:16.417235825
2310.6,1,08:30:16.515235013
2310.6,1,08:30:16.517113259
2310.7,1,08:30:16.643753865
2310.8,1,08:30:16.933655545
2310.8,1,08:30:16.933983327
2310.8,2,08:30:16.946867609
2310.9,1,08:30:16.963493179
2310.9,1,08:30:16.963773465
2310.8,2,08:30:17.176445541
2310.8,2,08:30:17.176945813
2310.9,1,08:30:17.224844213
2310.8,1,08:30:17.275235189
2310.7,1,08:30:17.334046481
2311.0,3,08:30:17.882803278
2310.9,3,08:30:17.882803278
2311.0,2,08:30:17.884884853
2311.1,2,08:30:17.887054120
2311.0,1,08:30:17.888757123
2310.9,2,08:30:18.102455671
2310.9,1,08:30:18.102660076
2310.9,2,08:30:18.103408813
2311.0,1,08:30:18.220338371
2311.0,4,08:30:18.416772770
2311.1,1,08:30:18.417862882
2311.3,1,08:30:18.429777193
2311.4,1,08:30:18.431155300
2311.5,1,08:30:18.437587558
2311.6,1,08:30:18.447944755
2311.4,1,08:30:18.469789246
2311.4,1,08:30:18.511938724
2311.4,1,08:30:18.651829752
2311.3,1,08:30:19.187220625
2311.3,1,08:30:19.192472820
2311.2,1,08:30:19.482950101
2311.2,1,08:30:19.485922529
2311.0,4,08:30:20.421775984
2311.1,1,08:30:20.476061747
2311.2,1,08:30:20.476780626
2311.2,2,08:30:20.476857850
2311.3,1,08:30:20.504767722
2311.1,2,08:30:20.673377896
2311.1,3,08:30:21.420209296
2311.2,1,08:30:21.477271932
2311.3,1,08:30:21.668154733
2311.3,2,08:30:21.835509048
2311.4,2,08:30:21.876085064
2311.5,2,08:30:21.877095558
2311.7,1,08:30:21.896905131
2311.7,1,08:30:21.913290023
2311.4,1,08:30:22.100995513
2311.6,1,08:30:22.100995513
2311.5,1,08:30:22.101592159
2311.4,1,08:30:22.328436615
2311.4,1,08:30:22.972092348
2311.4,1,08:30:22.978740325
2311.3,2,08:30:22.979009278
2311.2,1,08:30:23.629766544
2311.2,1,08:30:23.629861173
2311.1,1,08:30:23.677628252
2311.0,1,08:30:23.708201984
2311.1,1,08:30:23.768636795
2311.1,1,08:30:23.768691817
2311.2,1,08:30:23.989260210
2311.2,1,08:30:24.000630801
2311.0,2,08:30:24.046270678
2310.9,2,08:30:24.193285362
2310.8,1,08:30:24.379660434
2310.8,2,08:30:24.380200679
2310.8,2,08:30:24.499994352
2310.7,1,08:30:24.566467579
2310.7,2,08:30:24.566602984
2310.6,1,08:30:24.568480304
2310.7,1,08:30:25.190626274
2310.9,1,08:30:25.263480852
2310.9,2,08:30:25.719993649
2310.8,4,08:30:26.862440274
2310.7,1,08:30:26.862807649
2310.6,1,08:30:27.201907759
2310.6,2,08:30:27.514286252
2310.4,1,08:30:27.650886587
2310.5,1,08:30:27.650886587
2310.6,2,08:30:27.658222185
2310.7,5,08:30:27.659575648
2310.8,2,08:30:27.660552651
2310.7,1,08:30:27.661669726
2310.7,2,08:30:27.848938333
2310.8,1,08:30:27.849079486
2310.8,1,08:30:27.854400631
2310.8,1,08:30:28.269242898
2310.8,1,08:30:28.303562210
2310.7,1,08:30:29.471775127
2310.6,2,08:30:29.551669611
2310.5,2,08:30:29.644928259
2310.6,3,08:30:29.739052907
2310.7,3,08:30:29.739544825
2310.8,1,08:30:30.392554270
2310.8,3,08:30:30.770193579
2310.9,3,08:30:30.770193579
2310.7,1,08:30:30.792403327
2310.5,1,08:30:31.683251095
2310.6,1,08:30:31.683251095
2310.6,1,08:30:31.684874199
2310.6,4,08:30:31.685729033
2310.7,1,08:30:31.707511424
2310.7,1,08:30:31.708402699
2310.7,1,08:30:31.825455586
2310.6,3,08:30:31.865187130
2310.6,1,08:30:31.865307644
2310.5,1,08:30:32.005739255
2310.5,2,08:30:32.006026256
2310.5,1,08:30:32.006437724
2310.5,1,08:30:32.006911359
2310.3,2,08:30:32.815202649
2310.3,1,08:30:32.815489263
2310.3,1,08:30:32.946442012
2310.3,1,08:30:32.947266678
2310.3,1,08:30:32.948002738
2310.2,4,08:30:33.182634816
2310.0,4,08:30:33.321209018
2310.0,5,08:30:33.603935257
2310.0,1,08:30:33.604219538
2309.9,1,08:30:34.010332606
2310.1,1,08:30:34.348226341
2309.9,1,08:30:35.061665688
2309.9,2,08:30:35.061980306
2309.8,2,08:30:35.162270134
2309.7,1,08:30:35.192234782
2309.8,4,08:30:35.393398799
2309.9,2,08:30:35.393398799
2309.7,2,08:30:35.396222249
2309.8,3,08:30:35.396364108
2309.9,2,08:30:35.984869931
2309.9,2,08:30:35.985102057
2309.9,1,08:30:35.985133292
2309.9,1,08:30:35.985437305
2309.9,1,08:30:36.244998122
2309.9,1,08:30:36.249353840
2309.9,2,08:30:37.670032787
2309.9,4,08:30:37.670386695
2309.9,1,08:30:37.670827523
2310.0,8,08:30:37.903080702
2310.1,1,08:30:37.903442376
2310.2,1,08:30:38.110508129
2310.2,1,08:30:38.263037685
2310.3,2,08:30:38.954813851
2310.4,1,08:30:38.956485740
2310.3,2,08:30:39.634807787
2310.3,2,08:30:39.635101243
2310.4,4,08:30:39.647059754
2310.4,1,08:30:39.647939043
2310.4,1,08:30:39.648916519
2310.4,1,08:30:39.665827576
2310.2,2,08:30:39.847980595
2310.0,2,08:30:40.011369385
2309.9,1,08:30:40.019129916
2310.0,1,08:30:40.117578678
2309.9,1,08:30:40.260205772
2309.8,1,08:30:40.305777023
2309.7,2,08:30:40.879125875
2309.7,1,08:30:40.879853643
2309.6,1,08:30:41.263653204
2309.6,1,08:30:41.263667476
2309.6,1,08:30:41.264241842
2309.6,1,08:30:41.627495816
2309.6,1,08:30:41.627715372
2309.7,1,08:30:41.710994924
2309.7,1,08:30:42.118703672
2309.7,1,08:30:42.118960368
2309.6,1,08:30:42.566720707
2309.5,1,08:30:42.569149900
2309.5,2,08:30:42.569477321
2309.7,7,08:30:43.298447047
2309.8,1,08:30:43.345955821
2309.8,2,08:30:43.346193502
2309.8,5,08:30:43.346275987
2309.8,1,08:30:43.346777289
2309.7,2,08:30:43.475535312
2309.6,1,08:30:43.723811209
2309.4,1,08:30:43.779115935
2309.6,1,08:30:43.971856958
2309.7,1,08:30:44.022970102
2309.7,1,08:30:44.023265273
2309.6,2,08:30:44.492982525
2309.6,1,08:30:44.497371266
2309.8,2,08:30:44.691877775
2309.8,2,08:30:44.693121592
2309.8,1,08:30:44.693782107
2309.6,1,08:30:44.976406780
2309.7,1,08:30:45.173503960
2309.5,2,08:30:45.485062716
2309.4,1,08:30:45.892032994
2309.4,2,08:30:45.892304936
2309.4,1,08:30:45.894151504
2309.5,1,08:30:46.167978364
2309.4,1,08:30:46.270063660
2309.4,2,08:30:47.027089136
2309.1,7,08:30:47.717239344
2309.2,3,08:30:47.717239344
2309.1,1,08:30:47.778226353
2309.2,1,08:30:47.797631018
