price,volume,timestamp
117.41,2,14:30:02.537143414
117.41,1,14:30:02.537576316
117.41,3,14:30:02.537685685
117.41,1,14:30:02.537706168
117.41,1,14:30:02.542052956
117.41,1,14:30:02.560411284
117.41,1,14:30:02.941376520
117.41,1,14:30:02.941638250
117.41,1,14:30:02.952081732
117.41,1,14:30:02.963983953
117.41,1,14:30:08.555838464
117.4,1,14:30:08.587264566
117.4,1,14:30:08.587441420
117.4,2,14:30:08.587441420
117.4,3,14:30:08.587441420
117.4,1,14:30:08.587939793
117.4,2,14:30:08.588101944
117.4,2,14:30:08.588730510
117.4,1,14:30:08.589308897
117.4,1,14:30:08.589898605
117.4,1,14:30:08.616584361
117.39,4,14:30:08.718083283
117.39,1,14:30:08.718101020
117.39,6,14:30:08.718101020
117.39,1,14:30:08.751783575
117.39,1,14:30:09.138331231
117.39,1,14:30:10.990294142
117.39,1,14:30:10.990603096
117.39,1,14:30:11.209485523
117.39,1,14:30:25.744647436
117.39,1,14:30:25.744759071
117.39,6,14:30:25.744782866
117.39,1,14:30:25.744782866
117.39,3,14:30:25.744782866
117.39,1,14:30:31.922217510
117.39,1,14:30:31.922344191
117.39,1,14:30:31.922374783
117.39,6,14:30:31.922374783
117.39,3,14:30:31.922374783
117.39,1,14:30:31.922622434
117.39,2,14:30:32.029924241
117.39,2,14:30:32.029940957
117.38,2,14:30:32.029940957
117.39,1,14:30:32.029940957
117.39,1,14:30:33.549318020
117.39,5,14:30:33.549318020
117.39,6,14:30:33.549318020
117.4,1,14:30:45.058205729
117.4,1,14:30:45.058529702
117.4,1,14:30:45.089542030
117.41,1,14:30:52.803593767
117.4,1,14:30:56.065479986
117.39,1,14:30:58.177050896
117.39,5,14:30:58.177150812
117.39,6,14:31:00.143255112
117.39,1,14:31:00.143323246
117.39,1,14:31:00.143340965
117.39,2,14:31:00.144014500
117.4,3,14:31:01.365029283
117.4,2,14:31:01.365029283
117.4,4,14:31:01.365029283
117.4,2,14:31:01.365216060
117.4,6,14:31:01.365216060
117.4,1,14:31:01.365216060
117.4,10,14:31:01.365216060
117.4,1,14:31:01.576293954
117.4,1,14:31:01.576567916
117.4,1,14:31:01.576716435
117.4,1,14:31:01.791406893
117.4,6,14:31:04.188224749
117.4,1,14:31:04.188224749
117.4,1,14:31:04.188295598
117.39,1,14:31:08.804531423
117.39,7,14:31:08.805276439
117.39,2,14:31:08.805276439
117.39,5,14:31:08.805276439
117.39,1,14:31:09.364254780
117.38,1,14:31:09.567197654
117.38,1,14:31:09.567226079
117.38,1,14:31:10.361602353
117.38,1,14:31:10.474250648
117.38,1,14:31:10.534421429
117.37,1,14:31:16.528265213
117.37,5,14:31:16.528265213
117.37,1,14:31:16.529766783
117.37,3,14:31:16.589654936
117.38,1,14:31:26.558447819
117.38,1,14:31:26.558466177
117.38,7,14:31:26.558466177
117.39,1,14:31:28.259973583
117.39,1,14:31:28.260183674
117.4,10,14:31:28.989028980
117.4,1,14:31:28.989138253
117.4,2,14:31:28.989188522
117.4,1,14:31:28.989188522
117.4,1,14:31:32.207680628
117.4,2,14:31:32.207680628
117.39,1,14:31:35.785246811
117.39,1,14:31:35.891058455
117.39,1,14:31:35.892295655
117.39,1,14:31:38.335176097
117.39,1,14:31:38.335648967
117.4,1,14:31:43.516954068
117.4,10,14:31:43.516954068
117.4,6,14:31:43.518638634
117.4,3,14:31:43.518638634
117.4,1,14:31:44.338227934
117.4,3,14:31:45.606187692
117.39,1,14:31:49.195858837
117.38,1,14:31:49.975668889
117.38,2,14:31:49.975983205
117.38,1,14:31:49.978620995
117.38,1,14:31:49.979068682
117.38,1,14:31:53.480847845
117.39,1,14:32:00.302132134
117.39,6,14:32:00.302465395
117.39,1,14:32:00.302911167
117.39,1,14:32:00.303948175
117.39,1,14:32:01.624015508
117.38,1,14:32:02.118963334
117.38,1,14:32:02.119056124
117.38,1,14:32:02.146314910
117.37,1,14:32:04.997771925
117.37,13,14:32:04.997787771
117.37,3,14:32:04.998341343
117.37,1,14:32:04.999032599
117.37,1,14:32:05.057109403
117.36,3,14:32:06.278379309
117.36,1,14:32:06.278379309
117.36,5,14:32:06.278379309
117.36,1,14:32:06.278658803
117.36,2,14:32:06.278767821
117.36,6,14:32:06.278785930
117.36,2,14:32:06.278785930
117.36,1,14:32:06.279195917
117.36,5,14:32:06.279195917
117.36,6,14:32:06.279320618
117.36,6,14:32:06.279361871
117.36,12,14:32:06.279361871
117.36,2,14:32:06.279377403
117.36,1,14:32:06.281634411
117.36,1,14:32:06.283948377
117.36,1,14:32:06.284148137
117.36,1,14:32:06.285386620
117.36,1,14:32:06.285823899
117.36,1,14:32:08.055521833
117.35,1,14:32:08.821764327
117.35,2,14:32:08.822386257
117.35,9,14:32:08.822386257
117.35,1,14:32:09.306781959
117.34,1,14:32:09.978948216
117.34,2,14:32:09.978948216
117.35,1,14:32:10.442156538
117.35,2,14:32:14.873290391
117.36,8,14:32:16.879603158
117.36,1,14:32:16.879603158
117.36,5,14:32:16.879603158
117.36,1,14:32:16.884677244
117.36,6,14:32:16.887537165
117.36,1,14:32:16.981087059
117.37,1,14:32:21.458665858
117.37,1,14:32:21.459225436
117.37,2,14:32:21.459225436
117.37,1,14:32:21.460388862
117.37,1,14:32:21.461089248
117.37,6,14:32:21.461089248
117.38,1,14:32:23.586426950
117.38,1,14:32:24.998257545
117.38,1,14:32:25.551048745
117.38,1,14:32:27.856199240
117.38,1,14:32:28.816411560
117.37,2,14:32:30.879045826
117.37,1,14:32:30.879045826
117.37,1,14:32:30.880261010
117.37,1,14:32:41.502656686
117.37,1,14:32:41.502671533
117.37,1,14:32:41.503551501
117.36,1,14:32:52.047403241
117.36,4,14:32:52.048136955
117.36,1,14:32:52.048136955
117.36,2,14:32:52.048136955
117.36,1,14:32:52.051298121
117.37,3,14:32:55.996283686
117.37,1,14:32:55.996366866
117.37,1,14:32:55.996719688
117.37,1,14:32:55.996852428
117.37,2,14:32:55.996852428
117.37,1,14:32:55.996866578
117.38,1,14:32:56.687881374
117.38,6,14:32:56.687881374
117.38,1,14:32:56.687970042
117.38,1,14:32:56.687991578
117.38,2,14:32:59.431420865
117.38,1,14:32:59.431420865
117.38,1,14:32:59.432008634
117.38,1,14:32:59.478859726
117.38,1,14:33:01.702872764
117.37,2,14:33:09.567930929
117.37,1,14:33:09.568071889
117.37,1,14:33:09.568106081
117.37,2,14:33:09.568106081
117.37,4,14:33:09.568106081
117.37,1,14:33:09.568122779
117.37,1,14:33:09.569338310
117.37,1,14:33:09.599595484
117.37,1,14:33:11.805411873
117.37,5,14:33:12.052799522
117.37,2,14:33:12.053209576
117.37,1,14:33:21.015177460
117.38,5,14:33:28.386371952
117.38,1,14:33:28.386371952
117.38,7,14:33:28.386371952
117.38,2,14:33:28.386371952
117.38,1,14:33:28.387377737
117.38,2,14:33:28.488553763
117.38,1,14:33:28.488702587
117.38,1,14:33:38.382158052
117.38,1,14:33:38.382808925
117.38,1,14:33:38.499764566
117.39,3,14:33:43.391025227
117.39,1,14:33:43.391054670
117.4,1,14:33:43.431807890
117.4,6,14:33:43.431807890
117.4,5,14:33:43.431850351
117.4,1,14:33:43.431945330
117.4,1,14:33:43.434157969
117.4,1,14:33:43.434434458
117.4,1,14:33:43.434984762
117.4,1,14:33:43.451204334
117.4,1,14:33:44.263858642
117.4,1,14:33:56.908648188
117.4,2,14:33:56.908648188
117.4,5,14:33:56.909174415
117.4,1,14:33:56.909174415
117.41,1,14:33:57.498868332
117.41,3,14:33:57.498953909
117.42,9,14:33:57.598920313
117.42,1,14:33:57.599033718
117.42,1,14:33:57.599146918
117.43,1,14:33:57.929392257
117.43,1,14:33:57.929510791
117.43,1,14:33:57.931282751
117.43,1,14:33:57.936989407
117.43,1,14:33:57.937430116
117.43,1,14:33:57.937650440
117.43,3,14:33:57.937823972
117.43,1,14:33:57.937874523
117.43,1,14:33:57.938988816
117.43,1,14:33:57.967473185
117.44,1,14:33:58.055618212
117.45,1,14:33:58.629613903
117.45,1,14:33:58.655391228
117.45,2,14:33:58.655429157
117.45,2,14:33:58.748402201
117.45,1,14:33:58.748402201
117.45,1,14:33:58.748480457
117.45,3,14:33:58.754619828
117.45,5,14:33:58.754619828
117.44,3,14:33:58.824671718
117.45,1,14:33:58.921761754
117.45,1,14:33:59.289713885
117.45,4,14:33:59.289713885
117.45,2,14:33:59.301005166
117.45,1,14:33:59.599153497
117.45,1,14:33:59.599178325
117.45,2,14:33:59.599178325
117.45,1,14:33:59.599539311
117.44,2,14:33:59.783985481
117.44,1,14:33:59.783985481
117.44,1,14:33:59.925605657
117.44,1,14:33:59.925919177
117.44,1,14:33:59.926538891
117.45,1,14:34:00.274880737
117.45,1,14:34:02.609314779
117.45,5,14:34:02.609314779
117.45,1,14:34:02.642056195
117.45,3,14:34:02.642269452
117.45,1,14:34:02.642269452
117.45,1,14:34:02.705576928
117.45,1,14:34:02.706515932
117.46,1,14:34:03.576382118
117.46,2,14:34:03.576382118
117.47,1,14:34:04.045665979
117.47,2,14:34:04.045771848
117.47,3,14:34:04.332926538
117.47,4,14:34:04.332926538
117.46,5,14:34:04.333218428
117.46,1,14:34:04.333234294
117.46,1,14:34:04.333286073
117.46,2,14:34:04.333286073
117.46,5,14:34:04.333286073
117.46,4,14:34:04.333286073
117.46,3,14:34:04.333286073
117.46,2,14:34:04.334296828
117.46,1,14:34:04.334334761
117.46,1,14:34:04.395125429
117.46,1,14:34:04.395237458
117.47,1,14:34:04.395270242
117.46,1,14:34:04.395270242
117.46,1,14:34:04.395877461
117.46,1,14:34:04.396141979
117.45,4,14:34:04.411598722
117.45,5,14:34:04.411598722
117.45,4,14:34:05.462741313
117.45,1,14:34:05.462741313
117.45,1,14:34:05.463443799
117.45,3,14:34:05.557313263
117.45,1,14:34:05.719997553
117.45,1,14:34:05.963209060
117.45,1,14:34:05.963302825
117.45,2,14:34:05.963513354
117.45,1,14:34:05.964824274
117.45,1,14:34:05.965030575
117.45,1,14:34:05.966252676
117.45,5,14:34:06.079225466
117.45,1,14:34:06.079225466
117.45,3,14:34:06.079903220
117.45,4,14:34:06.337111939
117.45,1,14:34:06.337111939
117.44,1,14:34:06.525343275
117.44,3,14:34:06.525408727
117.45,1,14:34:06.776167684
117.46,1,14:34:07.667720800
117.46,1,14:34:07.667825657
117.46,5,14:34:07.667848489
117.46,1,14:34:07.667848489
117.46,1,14:34:07.668916309
117.46,1,14:34:07.714660274
117.46,1,14:34:07.716634612
117.46,2,14:34:07.894215704
117.46,1,14:34:07.894215704
117.46,1,14:34:07.909268679
117.47,5,14:34:07.960243987
117.47,1,14:34:07.960335312
117.47,1,14:34:07.960352797
117.47,1,14:34:07.961307240
117.47,1,14:34:07.961926719
117.47,3,14:34:08.143229246
117.47,2,14:34:08.155708577
117.47,1,14:34:08.155708577
117.47,1,14:34:08.663721552
117.47,4,14:34:08.663721552
117.47,3,14:34:08.664195846
117.47,1,14:34:09.009762217
117.47,1,14:34:09.009846767
117.48,1,14:34:10.139427639
117.48,3,14:34:10.139498733
117.48,1,14:34:10.141786771
117.48,1,14:34:10.211355001
117.47,4,14:34:11.633179949
117.46,1,14:34:11.675412065
117.46,1,14:34:11.675487767
117.47,4,14:34:11.723481632
117.47,2,14:34:11.732765453
117.47,4,14:34:12.262736779
117.47,3,14:34:12.262736779
117.47,1,14:34:12.262871609
117.46,2,14:34:12.274984518
117.47,1,14:34:12.625548850
117.47,2,14:34:12.655187896
117.47,1,14:34:12.655187896
117.47,1,14:34:12.655390051
117.47,1,14:34:12.655503817
117.47,1,14:34:14.026565669
117.47,1,14:34:14.783734272
117.47,1,14:34:14.783802238
117.47,1,14:34:14.916497280
117.47,1,14:34:14.916601715
117.46,1,14:34:17.182967529
117.45,1,14:34:19.014257372
117.45,1,14:34:19.014399878
117.45,2,14:34:19.017090800
117.45,5,14:34:19.192876838
117.45,1,14:34:19.193000249
117.45,1,14:34:19.193031411
117.45,1,14:34:19.193417577
117.45,3,14:34:19.255044664
117.45,1,14:34:19.465132292
117.45,1,14:34:19.490909086
117.45,1,14:34:19.907697532
117.46,1,14:34:20.138730797
117.46,1,14:34:20.138811783
117.46,1,14:34:20.201163277
117.46,3,14:34:20.201910454
117.46,1,14:34:20.229437252
117.46,1,14:34:20.231038391
117.46,1,14:34:20.400974794
117.45,1,14:34:23.825913842
117.45,1,14:34:23.829147842
117.45,1,14:34:24.742384163
117.45,5,14:34:25.525672417
117.45,1,14:34:25.525672417
117.44,1,14:34:27.010223487
117.44,1,14:34:27.199544337
117.45,1,14:34:27.202947768
117.45,2,14:34:27.203918485
117.45,1,14:34:27.205065719
117.45,1,14:34:27.206735926
117.45,1,14:34:27.207234258
117.45,1,14:34:27.424672573
117.45,1,14:34:27.595396236
117.46,1,14:34:27.837059172
117.46,6,14:34:29.237109713
117.46,2,14:34:29.237109713
117.46,1,14:34:29.237109713
117.46,7,14:34:29.237109713
117.46,1,14:34:29.237125059
117.46,1,14:34:29.238828573
117.46,1,14:34:29.239204921
117.46,1,14:34:29.239772839
117.45,1,14:34:29.359246373
117.45,2,14:34:29.359326002
117.46,1,14:34:30.384928543
117.46,5,14:34:30.385028239
117.46,1,14:34:30.385046451
117.45,1,14:34:33.414645757
117.45,3,14:34:33.414645757
117.44,1,14:34:33.518652669
117.44,2,14:34:33.518652669
117.44,1,14:34:33.519112106
117.44,1,14:34:33.558898194
117.46,1,14:34:34.931092022
117.46,1,14:34:34.931108943
117.46,1,14:34:34.968865684
117.46,1,14:34:34.969279725
117.46,1,14:34:34.971629304
117.46,5,14:34:35.080702777
117.46,2,14:34:35.362794906
117.46,1,14:34:35.363099341
117.46,1,14:34:35.363417494
117.46,1,14:34:37.466145576
117.46,1,14:34:37.466675623
117.47,1,14:34:40.155708273
117.47,1,14:34:40.155843924
117.47,5,14:34:40.155876010
117.47,1,14:34:40.155876010
117.47,7,14:34:40.155876010
117.47,6,14:34:40.155876010
117.47,2,14:34:40.155876010
117.47,1,14:34:40.156746365
117.47,12,14:34:40.157011648
117.46,5,14:34:40.288752153
117.46,1,14:34:40.288752153
117.46,6,14:34:41.332905140
117.46,1,14:34:41.332931940
117.46,9,14:34:41.333249895
117.45,1,14:34:41.379069469
117.45,1,14:34:41.379168304
117.45,1,14:34:41.379185677
117.46,1,14:34:41.379619427
117.46,1,14:34:41.379844345
117.46,1,14:34:43.228176725
117.46,5,14:34:43.228176725
117.47,1,14:34:43.274627291
117.47,5,14:34:43.274627291
117.47,1,14:34:43.275906459
117.47,1,14:34:43.281139419
117.47,6,14:34:51.006442517
117.47,1,14:34:51.006466065
117.47,2,14:34:51.051549753
117.46,1,14:34:57.014174499
117.47,1,14:34:57.934877125
117.47,5,14:34:57.934903614
117.47,1,14:34:57.934903614
117.47,6,14:34:57.934903614
117.47,3,14:34:58.099132223
117.46,6,14:34:59.777427792
117.46,1,14:34:59.777427792
117.47,1,14:35:00.146770346
117.47,4,14:35:00.909400877
117.47,1,14:35:00.909400877
117.47,1,14:35:00.909523362
117.47,1,14:35:00.910106793
117.47,2,14:35:00.910140217
117.47,1,14:35:00.910140217
117.47,1,14:35:01.904607850
117.47,1,14:35:07.398291885
117.47,2,14:35:07.398291885
117.47,1,14:35:07.398394532
117.47,1,14:35:09.103164238
117.47,1,14:35:09.153382070
117.47,3,14:35:09.973245013
117.47,1,14:35:10.131161069
117.46,5,14:35:10.715606950
117.46,1,14:35:10.715606950
117.46,6,14:35:10.715696922
117.46,1,14:35:10.715712503
117.46,3,14:35:10.715712503
117.45,3,14:35:10.847066730
117.46,1,14:35:11.166857581
117.45,3,14:35:11.479870212
117.45,5,14:35:11.479966279
117.45,1,14:35:11.479980728
117.45,2,14:35:11.484103211
117.45,5,14:35:11.484267117
117.45,3,14:35:11.484267117
117.45,1,14:35:11.484267117
117.45,1,14:35:11.484285765
117.45,5,14:35:11.485013396
117.45,1,14:35:11.485738842
117.45,3,14:35:11.485760099
117.45,4,14:35:11.486658905
117.45,1,14:35:11.486658905
117.45,1,14:35:11.495952374
117.45,1,14:35:11.498283725
117.45,1,14:35:11.511147547
117.44,1,14:35:11.886997873
117.44,3,14:35:11.887015706
117.44,1,14:35:11.887015706
117.45,1,14:35:13.379875404
117.45,1,14:35:15.404254672
117.45,1,14:35:16.762463447
117.44,1,14:35:19.872978014
117.44,1,14:35:19.936593247
117.44,1,14:35:19.937807327
117.45,1,14:35:20.146204004
117.44,1,14:35:20.269986544
117.44,1,14:35:20.270004425
117.44,4,14:35:20.270004425
117.44,1,14:35:21.845123095
117.43,2,14:35:22.432225873
117.43,2,14:35:22.432362455
117.43,1,14:35:22.433348016
117.43,1,14:35:22.433424973
117.43,1,14:35:22.434367030
117.44,1,14:35:23.300671966
117.44,2,14:35:23.300697829
117.44,2,14:35:23.311339324
117.44,1,14:35:23.311339324
117.44,1,14:35:24.445127696
117.44,1,14:35:25.857888743
117.44,1,14:35:25.862898691
117.44,1,14:35:25.863415228
117.43,1,14:35:27.505772517
117.43,1,14:35:27.745139646
117.42,1,14:35:28.772050635
117.42,1,14:35:29.064498670
117.42,6,14:35:29.064805932
117.42,1,14:35:29.064834393
117.43,2,14:35:29.064834393
117.43,5,14:35:29.064834393
117.43,1,14:35:29.064834393
117.43,4,14:35:29.064834393
117.43,6,14:35:29.064834393
117.44,1,14:35:29.064856610
117.43,1,14:35:29.064856610
117.44,6,14:35:29.064856610
117.43,2,14:35:29.064856610
117.43,8,14:35:29.064856610
117.44,5,14:35:29.064856610
117.44,1,14:35:29.065034909
117.44,7,14:35:29.065050212
117.44,1,14:35:29.065050212
117.44,1,14:35:29.065072810
117.43,1,14:35:29.066187510
117.43,1,14:35:29.790477261
117.43,4,14:35:29.790477261
117.43,1,14:35:29.790922679
117.43,1,14:35:29.791133498
117.43,5,14:35:30.231172985
117.44,2,14:35:30.431930192
117.44,1,14:35:30.478601501
117.44,1,14:35:31.520923379
117.44,1,14:35:31.866281920
117.44,1,14:35:31.866524337
117.44,2,14:35:31.866643374
117.44,1,14:35:32.541671040
117.44,1,14:35:33.284438689
117.44,1,14:35:34.023764960
117.43,1,14:35:34.247776252
117.43,5,14:35:34.247776252
117.43,1,14:35:34.253046167
117.43,1,14:35:34.253909255
117.42,2,14:35:35.795586923
117.42,1,14:35:35.798536456
117.41,1,14:35:37.489589958
117.4,1,14:35:37.679987869
117.4,1,14:35:37.680003750
117.39,4,14:35:37.715831509
117.39,1,14:35:37.715882278
117.39,1,14:35:37.716963087
117.4,1,14:35:37.726025464
117.39,1,14:35:38.126262626
117.39,1,14:35:38.126848572
117.39,1,14:35:38.140187967
117.38,1,14:35:38.560140638
117.38,1,14:35:38.582370047
117.38,1,14:35:38.660916640
117.38,4,14:35:38.713830802
117.38,2,14:35:38.714395611
117.38,1,14:35:38.715809913
117.38,1,14:35:38.716254540
117.38,4,14:35:38.717101753
117.38,1,14:35:38.717629580
117.37,1,14:35:38.884443825
117.37,1,14:35:39.162114229
117.38,1,14:35:39.663899381
117.38,2,14:35:39.663899381
117.38,5,14:35:39.663899381
117.38,2,14:35:39.665644185
117.38,1,14:35:39.666534499
117.38,1,14:35:39.666632441
117.39,1,14:35:39.865347251
117.4,5,14:35:40.122413325
117.4,1,14:35:40.122429427
117.4,2,14:35:40.122429427
117.4,2,14:35:40.125162673
117.4,1,14:35:40.125162673
117.4,1,14:35:40.126189815
117.4,1,14:35:40.136561352
117.4,1,14:35:41.943012744
117.39,1,14:35:42.658595677
117.39,1,14:35:42.659907690
117.39,1,14:35:42.661224194
117.39,1,14:35:42.671332296
117.39,1,14:35:42.912413554
117.39,1,14:35:43.158649729
117.4,1,14:35:43.197166457
117.4,1,14:35:43.197263242
117.4,1,14:35:43.197284251
117.4,7,14:35:43.197284251
117.4,1,14:35:43.297883597
117.4,1,14:35:43.298244154
117.41,1,14:35:43.319583796
117.41,1,14:35:43.319599626
117.41,1,14:35:43.320380048
117.41,1,14:35:43.525908490
117.41,1,14:35:43.532271416
117.41,1,14:35:43.532621803
117.41,1,14:35:43.532859691
117.41,1,14:35:43.533403422
117.42,2,14:35:45.029837989
117.42,1,14:35:45.029862137
117.42,3,14:35:45.029862137
117.42,1,14:35:45.030657672
117.42,1,14:35:45.031586125
117.42,1,14:35:45.032075440
117.41,1,14:35:45.108568689
117.4,1,14:35:45.611860710
117.4,1,14:35:46.647054734
117.4,1,14:35:46.647155873
117.4,4,14:35:46.647528324
117.4,2,14:35:46.647528324
117.4,1,14:35:46.647528324
117.39,1,14:35:46.649523411
117.39,5,14:35:46.669974337
117.39,1,14:35:46.976301539
117.37,1,14:35:47.622778360
117.37,1,14:35:47.622967522
117.37,1,14:35:47.624603857
117.37,3,14:35:47.624603857
117.37,2,14:35:47.624603857
117.37,5,14:35:47.624621284
117.37,4,14:35:47.624621284
117.37,5,14:35:47.625950848
117.37,1,14:35:47.625950848
117.37,1,14:35:47.626562691
117.37,1,14:35:47.627092472
117.37,6,14:35:47.627960160
117.37,1,14:35:47.627960160
117.37,2,14:35:47.631066168
117.37,1,14:35:47.631066168
117.37,1,14:35:47.632978270
117.37,1,14:35:47.634446204
117.37,1,14:35:47.635155715
117.37,1,14:35:47.635903292
117.37,1,14:35:47.639103875
117.37,1,14:35:47.644062415
117.37,1,14:35:47.646846864
117.37,1,14:35:47.668326357
117.36,2,14:35:47.678935069
117.36,2,14:35:47.680075452
117.36,1,14:35:47.680075452
117.36,5,14:35:47.680131884
117.36,4,14:35:47.680147990
117.36,1,14:35:47.680178684
117.36,3,14:35:47.680178684
117.35,1,14:35:47.702214863
117.36,1,14:35:47.763819523
117.36,2,14:35:47.772503996
117.36,1,14:35:47.772503996
117.36,5,14:35:48.091964798
117.35,4,14:35:48.153727179
117.35,16,14:35:48.153727179
117.35,4,14:35:48.154130637
117.35,1,14:35:48.154130637
117.35,5,14:35:48.165502159
117.35,1,14:35:48.165502159
117.35,1,14:35:48.165524002
117.35,5,14:35:48.165524002
117.35,7,14:35:48.165524002
117.35,1,14:35:48.177685994
117.35,4,14:35:48.177701251
117.35,2,14:35:48.177701251
117.35,3,14:35:48.177701251
117.35,2,14:35:48.201125894
117.34,1,14:35:48.208477434
117.34,1,14:35:48.209514416
117.34,1,14:35:48.212695421
117.34,1,14:35:48.213991887
117.34,1,14:35:48.213992558
117.35,2,14:35:48.299507717
117.34,2,14:35:48.396664284
117.34,2,14:35:48.409798112
117.34,1,14:35:48.416349083
117.34,1,14:35:48.418771341
117.33,5,14:35:48.616971989
117.33,1,14:35:48.650083050
117.33,2,14:35:48.855031096
117.33,2,14:35:48.858642289
117.33,1,14:35:48.858642289
117.33,1,14:35:48.858745582
117.33,5,14:35:48.858792299
117.33,2,14:35:48.971584977
117.33,1,14:35:48.999683725
117.33,3,14:35:48.999683725
117.33,5,14:35:48.999825024
117.33,1,14:35:49.000893746
117.34,1,14:35:49.001477878
117.34,2,14:35:49.001624658
117.34,3,14:35:49.002079995
117.34,1,14:35:49.002666107
117.33,1,14:35:49.013687596
117.34,5,14:35:49.191975072
117.34,1,14:35:49.192105913
117.33,1,14:35:49.389397094
117.33,1,14:35:49.389419877
117.33,2,14:35:49.389419877
117.33,8,14:35:49.417781893
117.33,5,14:35:49.418117922
117.34,1,14:35:49.511356000
117.35,1,14:35:49.548346006
117.36,1,14:35:49.568972666
117.36,4,14:35:49.569058458
117.36,1,14:35:49.569177399
117.36,1,14:35:49.569278768
117.36,1,14:35:49.571094968
117.36,1,14:35:49.572487655
117.36,1,14:35:49.572647240
117.35,1,14:35:49.596438954
117.35,2,14:35:49.596438954
117.35,1,14:35:49.597072906
117.35,2,14:35:49.609146724
117.35,1,14:35:49.612373650
117.35,1,14:35:49.612990197
117.35,3,14:35:49.613381352
117.35,2,14:35:49.613498593
117.35,2,14:35:49.622552123
117.36,1,14:35:49.650756004
117.35,1,14:35:49.699142097
117.35,1,14:35:49.699158456
117.35,1,14:35:49.700689251
117.35,1,14:35:49.701010899
117.35,2,14:35:49.701125488
117.35,1,14:35:49.701620786
117.35,1,14:35:49.801012415
117.35,5,14:35:49.810933071
117.35,2,14:35:49.821336477
117.35,1,14:35:49.840813328
117.36,2,14:35:50.352299808
117.36,1,14:35:50.352354694
117.36,1,14:35:50.370813760
117.36,1,14:35:50.371030950
117.36,1,14:35:50.777572613
117.35,1,14:35:50.950001129
117.35,2,14:35:50.950001129
117.35,5,14:35:50.950016534
117.36,1,14:35:51.018626510
117.36,1,14:35:51.018727080
117.36,1,14:35:51.020178428
117.36,2,14:35:51.020518710
117.36,1,14:35:51.020655699
117.36,1,14:35:51.025261573
117.35,5,14:35:51.173978020
117.35,2,14:35:51.174131927
117.35,1,14:35:51.174303809
117.34,1,14:35:51.192195633
117.34,1,14:35:51.192266129
117.34,1,14:35:51.198403824
117.33,1,14:35:51.365348472
117.33,1,14:35:51.365532666
117.33,1,14:35:51.365865716
117.33,4,14:35:51.365865716
117.33,1,14:35:51.366083434
117.33,1,14:35:51.367302461
117.33,1,14:35:51.369151659
117.33,1,14:35:51.371148547
117.33,1,14:35:51.375710243
117.34,1,14:35:51.485701117
117.34,7,14:35:51.486365815
117.34,1,14:35:51.489876782
117.34,3,14:35:51.490684756
117.34,2,14:35:51.490822462
117.34,2,14:35:51.496655279
117.34,1,14:35:51.522994336
117.34,1,14:35:51.523016672
117.34,13,14:35:51.525820901
117.34,1,14:35:51.548881991
117.34,1,14:35:51.549320573
117.34,1,14:35:51.549413504
117.34,1,14:35:51.562853568
117.34,1,14:35:51.577361884
117.34,3,14:35:51.577696047
117.34,1,14:35:51.577972799
117.35,1,14:35:51.871394092
117.36,1,14:35:51.872781638
117.36,3,14:35:51.873658520
117.36,4,14:35:51.873681521
117.36,1,14:35:51.874500276
117.36,1,14:35:51.874693582
117.36,2,14:35:51.875268787
117.36,1,14:35:51.879993930
117.36,1,14:35:51.880254845
117.36,1,14:35:51.880689068
117.36,2,14:35:51.892948249
117.36,1,14:35:51.893157012
117.35,1,14:35:52.056272724
117.35,2,14:35:52.056272724
117.35,1,14:35:52.163110949
117.35,1,14:35:52.166746507
117.35,1,14:35:52.172591495
117.35,1,14:35:52.174476285
117.35,1,14:35:52.185971668
117.35,1,14:35:52.186068672
117.35,1,14:35:52.611414072
117.35,1,14:35:52.611507748
117.35,1,14:35:52.611610555
117.36,1,14:35:53.312335980
117.37,1,14:35:53.993981336
117.37,1,14:35:54.328536625
117.37,1,14:35:54.335325942
117.37,1,14:35:54.646837276
117.37,1,14:35:55.233105702
117.37,1,14:35:55.233203849
117.37,1,14:35:55.233994665
117.37,1,14:35:55.241500743
117.37,1,14:35:56.159776590
117.37,1,14:35:56.160750551
117.37,1,14:35:56.175937483
117.37,1,14:35:56.198578517
117.38,1,14:35:57.364344626
117.38,1,14:35:57.364924898
117.39,1,14:35:58.230347854
117.39,2,14:35:58.230347854
117.39,1,14:35:58.231557526
117.39,5,14:35:58.231557526
117.39,1,14:35:58.232138191
117.39,1,14:35:58.232943585
117.39,1,14:35:58.234177745
117.39,4,14:35:58.234177745
117.37,1,14:35:59.927077808
117.37,5,14:35:59.927077808
117.37,1,14:36:00.084712318
117.36,3,14:36:00.693327856
117.36,1,14:36:00.693427926
117.36,1,14:36:00.998325285
117.36,5,14:36:01.461447271
117.36,1,14:36:01.461537249
117.36,3,14:36:01.461537249
117.36,4,14:36:01.829452271
117.35,1,14:36:02.528514469
117.35,2,14:36:02.529032449
117.35,1,14:36:02.604363825
117.36,1,14:36:03.047962567
117.37,1,14:36:03.408031975
117.37,1,14:36:03.408142711
117.37,1,14:36:03.475721093
117.37,1,14:36:03.475805654
117.37,1,14:36:03.476084850
117.37,2,14:36:04.342974731
117.37,1,14:36:04.343012329
117.38,1,14:36:04.719361849
117.37,1,14:36:05.869181358
117.37,1,14:36:06.957262447
117.37,2,14:36:07.176443355
117.37,5,14:36:07.176443355
117.37,3,14:36:07.176443355
117.37,1,14:36:07.176443355
117.37,1,14:36:07.176615422
117.37,2,14:36:07.177651164
117.37,3,14:36:07.177669085
117.37,2,14:36:07.177721376
117.37,1,14:36:07.177949895
117.37,1,14:36:07.178685433
117.37,4,14:36:07.178685433
117.37,1,14:36:07.179448744
117.37,1,14:36:07.179468200
117.37,1,14:36:07.181351755
117.38,8,14:36:07.624767731
117.38,1,14:36:08.038697890
117.38,1,14:36:08.038715829
117.38,1,14:36:08.205235369
117.38,5,14:36:08.205446881
117.38,1,14:36:08.209317832
117.38,1,14:36:09.730381610
117.38,1,14:36:10.756123246
117.38,5,14:36:10.756123246
117.38,1,14:36:10.766635220
117.38,1,14:36:11.022596389
117.38,1,14:36:11.022668546
117.38,3,14:36:11.128036547
117.39,1,14:36:11.820981432
117.39,1,14:36:11.821419252
117.39,15,14:36:11.827583272
117.39,1,14:36:11.857104430
117.39,6,14:36:11.857104430
117.4,1,14:36:12.828876707
117.4,4,14:36:12.828876707
117.4,1,14:36:12.831491339
117.41,1,14:36:13.348547569
117.41,1,14:36:13.355707548
117.41,1,14:36:13.357131643
117.4,1,14:36:14.841481380
117.39,5,14:36:15.008418095
117.39,1,14:36:15.063054500
117.39,1,14:36:16.360197634
117.39,1,14:36:16.360323524
117.39,1,14:36:16.362106928
117.4,1,14:36:17.879344021
117.4,1,14:36:17.879513093
117.4,5,14:36:17.879513093
117.4,1,14:36:17.881588981
117.4,6,14:36:17.884885507
117.4,1,14:36:19.063192402
117.4,1,14:36:19.063524246
117.4,5,14:36:19.063540844
117.4,1,14:36:19.063540844
117.41,1,14:36:19.063555350
117.4,5,14:36:19.063555350
117.4,1,14:36:19.063555350
117.41,1,14:36:19.063570387
117.41,1,14:36:19.063585913
117.41,2,14:36:19.063585913
117.41,6,14:36:19.063585913
117.41,5,14:36:19.063585913
117.41,1,14:36:19.063601564
117.41,5,14:36:19.063601564
117.41,2,14:36:19.063601564
117.41,3,14:36:19.063616335
117.41,2,14:36:19.063616335
117.4,1,14:36:19.065547842
117.4,1,14:36:19.066150692
117.4,2,14:36:19.066150692
117.4,1,14:36:19.089918900
117.4,1,14:36:19.112265161
117.4,5,14:36:20.200176968
117.39,1,14:36:27.574613816
117.39,1,14:36:27.574750308
117.4,1,14:36:27.575792708
117.4,2,14:36:27.575792708
117.4,5,14:36:27.575792708
117.4,1,14:36:27.576002039
117.4,1,14:36:27.578374072
117.4,5,14:36:27.578374072
117.4,1,14:36:27.579410830
117.4,1,14:36:27.579495987
117.4,1,14:36:27.579543022
117.4,1,14:36:27.579565889
117.4,5,14:36:27.592615146
117.4,1,14:36:28.327519436
117.4,1,14:36:30.701089377
117.4,1,14:36:30.702324419
117.4,1,14:36:31.243891975
117.4,2,14:36:31.243891975
117.4,1,14:36:31.243996529
117.4,1,14:36:31.244033812
117.4,5,14:36:31.244033812
117.39,1,14:36:32.278473810
117.39,2,14:36:32.278497441
117.39,1,14:36:32.280053921
117.39,1,14:36:32.305208004
117.39,1,14:36:32.305316919
117.39,1,14:36:32.306273334
117.39,1,14:36:32.306858013
117.39,1,14:36:32.312695221
117.39,2,14:36:32.312695221
117.39,2,14:36:32.312772488
117.39,1,14:36:32.383650272
117.39,2,14:36:32.384080902
117.39,1,14:36:32.930734057
117.39,1,14:36:32.931324034
117.39,1,14:36:37.045806967
117.39,8,14:36:37.045917485
117.39,1,14:36:37.045984953
117.39,1,14:36:37.066212264
117.4,5,14:36:37.213055020
117.4,1,14:36:37.213312122
117.4,2,14:36:37.213832670
117.4,7,14:36:37.213864475
117.4,1,14:36:37.213864475
117.4,1,14:36:37.525159870
117.4,1,14:36:38.998923120
117.4,4,14:36:39.789700090
117.4,1,14:36:39.789700090
117.4,1,14:36:39.789772964
117.4,1,14:36:43.993837313
117.4,5,14:36:43.993837313
117.4,6,14:36:43.994091441
117.4,1,14:36:44.005885727
117.41,1,14:36:44.670785751
117.41,1,14:36:44.875780118
117.41,1,14:36:44.877080802
117.42,2,14:36:45.210122680
117.42,1,14:36:45.397488092
117.42,1,14:36:45.397598910
117.43,1,14:36:45.858950053
117.43,1,14:36:45.966230385
117.43,1,14:36:45.966246128
117.43,1,14:36:46.080913213
117.43,1,14:36:46.081316090
117.42,1,14:36:46.565183481
117.42,1,14:36:46.570273871
117.42,1,14:36:46.572968272
117.43,1,14:36:46.974541102
117.43,1,14:36:46.975287764
117.43,1,14:36:46.976814243
117.42,1,14:36:47.459371013
117.42,1,14:36:47.459464674
117.42,1,14:36:47.459488520
117.42,1,14:36:47.460204395
117.42,15,14:36:47.460696056
117.42,1,14:36:47.461191600
117.42,2,14:36:47.461191600
117.42,1,14:36:47.461470592
117.42,1,14:36:47.613528027
117.42,1,14:36:47.614855310
117.42,5,14:36:48.232377953
117.42,1,14:36:48.232599857
117.42,6,14:36:48.232949751
117.42,2,14:36:48.233124593
117.42,5,14:36:48.233124593
117.42,1,14:36:48.233124593
117.42,1,14:36:48.233165767
117.42,1,14:36:48.234847368
117.42,1,14:36:48.235817794
117.42,1,14:36:48.236040574
117.42,1,14:36:48.240354879
117.42,5,14:36:48.358714988
117.42,1,14:36:48.358784274
117.43,2,14:36:48.716962731
117.43,2,14:36:48.915396376
117.43,1,14:36:48.915396376
117.43,3,14:36:48.915396376
117.43,10,14:36:48.916398778
117.44,1,14:36:49.010157353
117.44,1,14:36:49.010282483
117.44,2,14:36:49.010376249
117.44,1,14:36:49.010376249
117.44,1,14:36:49.011779496
117.44,1,14:36:49.012222229
117.44,1,14:36:49.058895677
117.44,1,14:36:49.059997505
117.44,1,14:36:49.060342888
117.44,1,14:36:49.069805908
117.44,1,14:36:49.736292673
117.44,1,14:36:49.759876412
117.44,1,14:36:49.854108967
117.44,1,14:36:49.933380115
117.44,1,14:36:50.010818286
117.44,1,14:36:50.010930281
117.44,1,14:36:50.010962844
117.44,1,14:36:50.027297796
117.44,1,14:36:50.027311280
117.44,1,14:36:50.027404784
117.44,1,14:36:50.039614690
117.43,1,14:36:50.072005139
117.43,1,14:36:50.284507927
117.43,1,14:36:50.286332549
117.43,1,14:36:50.288833604
117.42,1,14:36:52.046361320
117.42,1,14:36:52.047826778
117.42,1,14:36:52.076466514
117.42,1,14:36:52.101835897
117.42,1,14:36:52.106706568
117.42,1,14:36:52.624592366
117.42,1,14:36:53.449164232
117.41,1,14:36:54.706038179
117.41,2,14:36:54.706369288
117.41,1,14:36:54.706369288
117.41,3,14:36:54.706571039
117.41,1,14:36:55.047571083
117.41,1,14:36:56.885277920
117.41,1,14:36:56.889198493
117.4,5,14:36:59.314921429
117.4,1,14:36:59.314921429
117.4,1,14:36:59.315009356
117.4,1,14:37:00.457568051
117.4,2,14:37:00.457822759
117.39,1,14:37:01.316864439
117.4,6,14:37:02.612688142
117.4,1,14:37:02.612780366
117.4,1,14:37:03.124825987
117.4,1,14:37:03.292277524
117.4,1,14:37:03.314744021
117.4,1,14:37:03.314842289
117.4,1,14:37:03.635963930
117.39,1,14:37:05.341898261
117.4,1,14:37:06.093822300
117.4,1,14:37:08.712602327
117.4,5,14:37:08.712683319
117.4,1,14:37:08.712711741
117.4,1,14:37:08.912918688
117.4,1,14:37:10.279889593
117.4,1,14:37:10.280500401
117.39,1,14:37:13.878757920
117.39,1,14:37:14.432257141
117.4,1,14:37:16.527208572
117.4,1,14:37:16.527231593
117.4,1,14:37:16.529428068
117.39,2,14:37:18.324878366
117.38,1,14:37:22.171955275
117.38,1,14:37:22.172353156
117.37,1,14:37:22.173727718
117.38,1,14:37:22.173787372
117.37,2,14:37:22.173788397
117.37,4,14:37:22.173788397
117.37,1,14:37:22.173978744
117.37,1,14:37:22.174475001
117.37,1,14:37:22.175380066
117.37,1,14:37:22.175420002
117.36,5,14:37:22.175665770
117.36,3,14:37:22.175665770
117.37,1,14:37:22.175883925
117.37,1,14:37:22.175899611
117.37,1,14:37:22.175930148
117.36,1,14:37:22.175950594
117.36,1,14:37:22.176205918
117.37,2,14:37:22.176323294
117.36,1,14:37:22.177132068
117.36,2,14:37:22.177147114
117.36,1,14:37:22.177147114
117.36,1,14:37:22.177164567
117.36,4,14:37:22.177178570
117.36,6,14:37:22.177199739
117.36,1,14:37:22.179304827
117.36,1,14:37:22.179575308
117.36,6,14:37:22.179575308
117.36,7,14:37:22.179575308
117.36,1,14:37:22.180279889
117.36,1,14:37:22.180299389
117.36,1,14:37:22.180410002
117.36,1,14:37:22.180734539
117.36,1,14:37:22.181249508
117.36,1,14:37:22.181467511
117.36,1,14:37:22.182223706
117.36,3,14:37:22.188485567
117.36,1,14:37:22.188485567
117.36,5,14:37:22.188485567
117.37,1,14:37:22.209320845
117.37,1,14:37:22.270071483
117.37,1,14:37:22.270437179
117.38,2,14:37:22.309823707
117.38,5,14:37:22.309823707
117.38,2,14:37:22.309907010
117.38,1,14:37:22.382004360
117.38,1,14:37:22.497406883
117.38,1,14:37:24.321649810
117.37,1,14:37:25.472042983
117.37,1,14:37:26.673236607
117.38,1,14:37:27.361152185
117.38,4,14:37:27.364663542
117.38,1,14:37:27.364663542
117.39,1,14:37:28.261230853
117.39,1,14:37:28.261306251
117.39,1,14:37:28.261910711
117.39,1,14:37:28.262947905
117.39,1,14:37:28.279384241
117.39,1,14:37:28.695972067
117.4,2,14:37:29.375724040
117.4,1,14:37:34.820452816
117.4,1,14:37:34.820684787
117.4,2,14:37:34.820824939
117.4,1,14:37:34.820824939
117.39,1,14:37:36.741214344
117.39,1,14:37:37.168295742
117.4,1,14:37:41.056498403
117.41,1,14:37:42.805636754
117.41,2,14:37:42.805636754
117.4,1,14:37:45.556708323
117.4,2,14:37:45.556708323
117.4,1,14:37:47.055274724
117.4,6,14:37:47.055659284
117.4,1,14:37:47.055659284
117.4,1,14:37:49.705552707
117.4,1,14:37:49.705824422
117.4,5,14:37:55.173339645
117.4,1,14:37:55.173362752
117.4,1,14:37:55.175343512
117.4,5,14:37:58.264681058
117.41,2,14:38:00.102755869
117.41,3,14:38:00.103374764
117.41,1,14:38:00.103374764
117.41,1,14:38:01.587720983
117.42,2,14:38:01.635700233
117.42,1,14:38:01.635739747
117.43,6,14:38:01.687495212
117.43,1,14:38:01.723538298
117.44,1,14:38:02.102293424
117.44,2,14:38:02.102293424
117.44,1,14:38:02.108058648
117.44,1,14:38:02.108625761
117.44,1,14:38:02.112334993
117.45,6,14:38:02.630160437
117.45,1,14:38:02.630160437
117.45,1,14:38:02.630883172
117.45,4,14:38:02.632153396
117.45,1,14:38:02.632758429
117.45,1,14:38:02.841937270
117.44,1,14:38:03.044090526
117.44,1,14:38:03.852589902
117.44,4,14:38:03.852789947
117.44,1,14:38:03.856789640
117.44,1,14:38:03.975543040
117.44,1,14:38:06.404338218
117.44,2,14:38:06.442190383
117.45,1,14:38:06.880120891
117.45,1,14:38:06.880879796
117.45,1,14:38:06.881948304
117.45,1,14:38:06.883112895
117.45,5,14:38:07.093439190
117.45,1,14:38:08.976220599
117.45,2,14:38:08.976220599
117.45,1,14:38:08.976309066
117.45,1,14:38:08.978621746
117.45,5,14:38:08.978621746
117.45,2,14:38:09.260720767
117.45,6,14:38:09.261669797
117.45,1,14:38:10.036029938
117.45,1,14:38:10.036148818
117.45,5,14:38:10.036148818
117.44,1,14:38:10.084866632
117.45,1,14:38:10.124824275
117.44,1,14:38:12.243077661
117.44,3,14:38:12.243462335
117.44,1,14:38:12.243501791
117.44,2,14:38:12.243501791
117.44,5,14:38:12.247732985
117.44,1,14:38:12.247732985
117.44,1,14:38:12.295883538
117.44,1,14:38:12.436719187
117.44,3,14:38:12.814965478
117.44,1,14:38:13.374977029
117.44,7,14:38:14.562818360
117.44,13,14:38:14.563327114
117.44,10,14:38:15.253454672
117.44,6,14:38:15.254002383
117.44,2,14:38:15.254046918
117.44,1,14:38:15.254068565
117.44,2,14:38:15.254068565
117.44,3,14:38:15.254068565
117.44,4,14:38:15.264642407
117.44,1,14:38:15.264758807
117.44,1,14:38:15.264780739
117.44,3,14:38:15.264780739
117.44,7,14:38:15.264780739
117.44,6,14:38:15.276054513
117.44,14,14:38:15.276054513
117.45,1,14:38:15.284311096
117.45,1,14:38:15.284396069
117.45,2,14:38:15.284959527
117.45,5,14:38:15.284959527
117.44,6,14:38:15.287032007
117.44,1,14:38:15.287032007
117.45,7,14:38:15.287032007
117.45,1,14:38:15.287032007
117.44,5,14:38:15.287048528
117.45,1,14:38:15.288987652
117.45,1,14:38:15.289895622
117.45,1,14:38:15.294203497
117.44,3,14:38:15.300475046
117.45,5,14:38:15.308850451
117.45,1,14:38:15.308948550
117.45,2,14:38:15.308972963
117.45,1,14:38:15.308972963
117.45,1,14:38:15.309310755
117.45,1,14:38:15.312139776
117.45,9,14:38:15.312534228
117.45,2,14:38:16.309405224
117.45,1,14:38:16.309505330
117.45,3,14:38:16.309646827
117.45,1,14:38:16.309767048
117.46,1,14:38:16.409073745
117.46,6,14:38:16.409156858
117.46,1,14:38:16.409187351
117.45,1,14:38:16.422562205
117.45,2,14:38:16.422562205
117.45,5,14:38:16.422667997
117.45,1,14:38:16.422686077
117.45,6,14:38:16.422686077
117.45,3,14:38:16.422686077
117.46,1,14:38:17.406741683
117.46,3,14:38:17.406808848
117.46,1,14:38:17.569255335
117.46,1,14:38:17.569340909
117.46,2,14:38:17.569674877
117.46,1,14:38:18.142637625
117.46,1,14:38:18.142720747
117.46,1,14:38:18.144095511
117.45,1,14:38:19.474507693
117.45,1,14:38:19.474607271
117.45,3,14:38:19.474629684
117.45,1,14:38:19.474629684
117.46,1,14:38:20.341848927
117.46,1,14:38:20.411505748
117.45,1,14:38:21.052038794
117.45,1,14:38:21.089472205
117.46,1,14:38:21.353910986
117.46,1,14:38:21.353993684
117.45,1,14:38:21.456181677
117.45,5,14:38:21.456212564
117.45,1,14:38:21.456212564
117.44,1,14:38:21.620610054
117.44,2,14:38:21.620610054
117.44,1,14:38:22.232498059
117.44,1,14:38:23.335756416
117.44,1,14:38:23.825549695
117.44,1,14:38:24.187354561
117.44,5,14:38:24.187354561
117.44,1,14:38:24.200676769
117.44,1,14:38:24.202695615
117.44,1,14:38:24.523815684
117.44,2,14:38:24.901487008
117.44,2,14:38:24.901547718
117.44,5,14:38:28.794166445
117.44,1,14:38:28.794166445
117.44,1,14:38:28.794300823
117.44,1,14:38:28.794320093
117.44,1,14:38:28.822458254
117.45,1,14:38:29.316678014
117.46,1,14:38:30.247482394
117.46,4,14:38:30.932914595
117.45,1,14:38:31.164671692
117.45,1,14:38:32.340572390
117.44,3,14:38:33.634873762
117.44,1,14:38:33.634873762
117.44,1,14:38:33.970079248
117.44,2,14:38:34.806416433
117.44,4,14:38:34.806815271
117.45,1,14:38:35.617987463
117.45,1,14:38:35.618561228
117.45,5,14:38:35.618561228
117.45,1,14:38:35.618689939
117.46,1,14:38:36.247484260
117.46,3,14:38:36.256541570
117.46,3,14:38:36.256649658
117.46,1,14:38:36.521781254
117.45,2,14:38:36.628790098
117.45,1,14:38:36.629479026
117.45,1,14:38:36.630416380
117.45,1,14:38:36.630547924
117.45,3,14:38:36.630568033
117.45,1,14:38:36.632389280
117.45,1,14:38:36.633024429
117.45,2,14:38:36.633024429
117.45,2,14:38:36.633548524
117.45,1,14:38:36.659992677
117.46,1,14:38:36.689716204
117.47,1,14:38:38.577780678
117.47,4,14:38:38.578599605
117.47,1,14:38:38.578614712
117.47,4,14:38:38.578614712
117.47,2,14:38:38.578628764
117.47,1,14:38:38.578628764
117.47,1,14:38:38.578645029
117.47,1,14:38:38.581146906
117.48,1,14:38:38.812906298
117.48,10,14:38:38.814269594
117.48,4,14:38:38.819159933
117.48,1,14:38:38.819619704
117.49,1,14:38:39.085619608
117.49,3,14:38:39.085688377
117.49,4,14:38:39.382270629
117.49,2,14:38:39.382748635
117.49,1,14:38:39.382984590
117.49,3,14:38:40.378295026
117.49,1,14:38:40.378886037
117.5,1,14:38:40.760651383
117.5,3,14:38:40.760729174
117.49,1,14:38:41.474385878
117.49,3,14:38:41.474864242
117.49,4,14:38:42.019356507
117.49,1,14:38:42.019435585
117.48,1,14:38:42.423038223
117.48,4,14:38:42.423038223
117.48,1,14:38:42.423922642
117.48,1,14:38:42.424074108
117.49,1,14:38:42.904835495
117.49,6,14:38:42.904920457
117.49,1,14:38:42.906089366
117.49,3,14:38:43.870694233
117.49,1,14:38:43.870937027
117.49,1,14:38:45.068861201
117.49,1,14:38:45.069023114
117.49,6,14:38:45.069037934
117.49,1,14:38:45.069037934
117.49,5,14:38:45.069052091
117.49,1,14:38:45.069052091
117.49,9,14:38:45.069067216
117.5,1,14:38:45.069067216
117.5,1,14:38:45.069081243
117.5,6,14:38:45.069081243
117.5,6,14:38:45.069095873
117.5,5,14:38:45.069095873
117.5,1,14:38:45.069095873
117.5,4,14:38:45.069120990
117.49,1,14:38:46.187157966
117.49,2,14:38:46.187222006
117.49,1,14:38:46.187240694
117.49,1,14:38:46.188033366
117.49,4,14:38:50.846952162
117.49,1,14:38:50.846952162
117.49,1,14:38:51.179272740
117.49,5,14:38:51.179293563
117.49,1,14:38:51.179293563
117.49,2,14:38:51.179293563
117.49,3,14:38:51.179293563
117.49,1,14:38:51.180254541
117.49,1,14:38:52.808744232
117.49,1,14:38:52.808834690
117.49,1,14:38:52.808850209
117.49,1,14:38:52.809324075
117.5,1,14:38:53.889222161
117.5,2,14:38:53.889291376
117.5,2,14:38:54.798540702
117.5,1,14:38:54.798950913
117.5,1,14:38:54.799102635
117.5,6,14:38:54.799102635
117.5,1,14:38:54.799117447
117.49,1,14:38:55.606528617
117.49,1,14:38:55.606826956
117.49,1,14:38:55.607000137
117.49,1,14:38:55.611775119
117.49,1,14:38:55.614255085
117.49,1,14:38:55.632905573
117.49,1,14:38:57.176044483
117.49,1,14:38:57.176163389
117.49,1,14:38:57.176190288
117.49,3,14:38:57.176590463
117.48,1,14:39:00.014141206
117.48,4,14:39:00.014327776
117.48,1,14:39:00.014327776
117.48,1,14:39:00.015034259
117.48,1,14:39:00.016102613
117.48,1,14:39:00.017086798
117.48,1,14:39:00.017697585
117.48,1,14:39:00.150405075
117.48,1,14:39:00.151228118
117.48,2,14:39:00.152024572
117.48,1,14:39:00.215187899
117.48,2,14:39:00.215509073
117.49,4,14:39:01.132632536
117.49,5,14:39:01.132632536
117.49,2,14:39:01.133102080
117.48,1,14:39:03.917526233
117.48,1,14:39:03.917825775
117.48,1,14:39:05.966342035
117.48,1,14:39:07.218642030
117.48,1,14:39:07.242619702
117.48,45,14:39:07.249996669
117.48,1,14:39:08.890147404
117.48,1,14:39:08.890503145
117.48,4,14:39:08.890609707
117.48,1,14:39:08.890629589
117.48,1,14:39:08.891902577
117.48,1,14:39:08.892957117
117.48,1,14:39:08.900416365
117.48,1,14:39:08.913840689
117.48,1,14:39:08.941635746
117.49,1,14:39:09.702734926
117.49,1,14:39:09.703613700
117.49,1,14:39:09.703629120
117.49,1,14:39:09.705090246
117.49,1,14:39:09.705114764
117.49,1,14:39:09.706401115
117.5,1,14:39:10.313994627
117.5,1,14:39:10.314074239
117.5,1,14:39:10.383148341
117.5,2,14:39:12.043026842
117.5,1,14:39:12.043185549
117.5,1,14:39:12.043858790
117.5,3,14:39:12.044051699
117.5,1,14:39:12.044192429
117.5,1,14:39:12.044771964
117.5,1,14:39:12.117042377
117.5,2,14:39:13.256716189
117.5,1,14:39:13.256716189
117.5,1,14:39:14.732133213
117.5,1,14:39:14.732148928
117.5,4,14:39:14.732148928
117.51,1,14:39:14.732427200
117.51,3,14:39:14.732441967
117.51,2,14:39:14.732456637
117.51,1,14:39:14.732498799
117.51,2,14:39:14.732534246
117.51,3,14:39:14.732549299
117.51,2,14:39:14.751712612
117.51,1,14:39:14.751712612
117.51,1,14:39:14.751787383
117.51,1,14:39:14.752224113
117.51,8,14:39:14.752341694
117.51,4,14:39:14.752341694
117.51,1,14:39:14.752341694
117.51,1,14:39:14.753272102
117.51,6,14:39:14.753804874
117.51,1,14:39:14.777099005
117.51,1,14:39:14.777200452
117.51,4,14:39:14.777242392
117.51,1,14:39:14.777242392
117.51,3,14:39:15.685983552
117.51,1,14:39:15.686021475
117.52,4,14:39:15.686361251
117.52,1,14:39:15.686361251
117.52,1,14:39:15.686375324
117.52,1,14:39:15.686390633
117.52,3,14:39:15.686575999
117.52,1,14:39:15.697163529
117.52,1,14:39:15.697182564
117.52,1,14:39:15.697516670
117.52,4,14:39:15.708352800
117.52,2,14:39:15.708352800
117.52,1,14:39:15.709928344
117.52,1,14:39:15.711437069
117.52,1,14:39:15.895820344
117.52,1,14:39:15.895948062
117.52,1,14:39:15.896154855
117.52,5,14:39:15.906527900
117.52,11,14:39:15.906527900
117.52,4,14:39:15.906609269
117.52,4,14:39:15.907018608
117.52,5,14:39:15.907018608
117.52,3,14:39:15.907018608
117.52,2,14:39:15.907161996
117.52,7,14:39:15.907199043
117.52,1,14:39:15.909377816
117.52,2,14:39:15.909831540
117.52,1,14:39:15.909895972
117.52,1,14:39:15.910546967
117.52,1,14:39:15.910751545
117.52,1,14:39:15.911242364
117.52,1,14:39:16.001979392
117.53,1,14:39:16.588394202
117.53,8,14:39:16.589050525
117.53,1,14:39:16.589050525
117.53,1,14:39:16.591093569
117.53,1,14:39:17.241428164
117.53,1,14:39:17.358899875
117.53,1,14:39:17.359294960
117.53,1,14:39:17.360738050
117.53,1,14:39:18.553775617
117.53,1,14:39:18.554057111
117.53,1,14:39:18.568309071
117.53,4,14:39:19.258782794
117.53,1,14:39:19.258796615
117.53,1,14:39:19.258878836
117.53,1,14:39:19.258905872
117.53,5,14:39:19.258905872
117.53,7,14:39:19.259612253
117.53,25,14:39:19.259612253
117.53,1,14:39:19.268400762
117.52,1,14:39:19.907954824
117.52,1,14:39:19.908428088
117.52,1,14:39:20.557419344
117.53,2,14:39:21.358176403
117.52,1,14:39:21.837020784
117.52,1,14:39:21.837628413
117.52,1,14:39:21.838022959
117.52,2,14:39:21.838985221
117.52,1,14:39:21.839288708
117.52,2,14:39:21.839356757
117.53,2,14:39:21.933326336
117.53,1,14:39:21.933326336
117.53,2,14:39:21.933340528
117.53,5,14:39:21.933985548
117.53,4,14:39:21.933985548
117.53,1,14:39:21.933985548
117.53,1,14:39:21.934006111
117.53,2,14:39:21.934006111
117.54,2,14:39:21.944080597
117.54,2,14:39:21.955168259
117.54,1,14:39:21.955168259
117.54,3,14:39:21.955168259
117.53,1,14:39:22.147716893
117.54,1,14:39:22.775954607
117.54,4,14:39:22.775954607
117.54,3,14:39:22.775968837
117.54,1,14:39:22.775997023
117.54,1,14:39:22.776961614
117.54,5,14:39:22.777227995
117.54,8,14:39:22.777227995
117.54,2,14:39:22.777251073
117.54,1,14:39:22.778213085
117.54,1,14:39:22.778246524
117.54,1,14:39:22.778387347
117.54,1,14:39:22.778644227
117.54,3,14:39:22.778953859
117.53,1,14:39:23.746286025
117.53,6,14:39:23.746286025
117.54,1,14:39:23.782559832
117.53,1,14:39:23.885040108
117.53,1,14:39:24.538026121
117.54,1,14:39:25.727662291
117.54,1,14:39:25.727858107
117.55,1,14:39:27.900345697
117.55,1,14:39:27.900630225
117.55,1,14:39:27.900734177
117.55,2,14:39:27.900734177
117.55,2,14:39:27.901637903
117.55,9,14:39:27.901662076
117.55,9,14:39:27.901809952
117.55,18,14:39:27.902164255
117.55,1,14:39:27.902292691
117.55,1,14:39:27.903015519
117.54,1,14:39:29.799605657
117.55,1,14:39:30.498308369
117.55,1,14:39:30.498333301
117.55,3,14:39:30.498333301
117.55,3,14:39:30.498472113
117.55,1,14:39:30.498488011
117.55,1,14:39:30.498547051
117.55,1,14:39:30.525447181
117.55,1,14:39:30.542509149
117.55,1,14:39:30.542842716
117.55,2,14:39:30.542842716
117.55,1,14:39:30.621441768
117.56,1,14:39:31.556216544
117.56,1,14:39:31.557298874
117.56,1,14:39:31.557397717
117.56,4,14:39:31.557434872
117.56,1,14:39:31.682696241
117.56,2,14:39:31.682696241
117.56,4,14:39:31.682755713
117.56,5,14:39:32.123136111
117.56,6,14:39:32.123218444
117.57,1,14:39:32.656024690
117.57,2,14:39:32.656409893
117.57,3,14:39:32.895378406
117.57,1,14:39:33.341353305
117.58,1,14:39:33.423984744
117.58,5,14:39:33.423984744
117.58,4,14:39:33.435554394
117.58,2,14:39:33.809908306
117.58,1,14:39:33.810787291
117.58,1,14:39:33.820107869
117.58,1,14:39:33.829718835
117.58,5,14:39:33.829791936
117.58,1,14:39:33.842312526
117.58,5,14:39:33.842381335
117.58,1,14:39:34.544036259
117.58,1,14:39:34.544070886
117.59,20,14:39:35.607347312
117.59,1,14:39:35.607347312
117.59,28,14:39:35.607931103
117.59,1,14:39:35.608394738
117.59,1,14:39:35.630668152
117.59,2,14:39:35.630791675
117.59,1,14:39:35.630791675
117.58,1,14:39:36.281033473
117.58,1,14:39:36.717709386
117.58,1,14:39:37.845875909
117.58,3,14:39:37.845940782
117.57,5,14:39:37.912063649
117.57,6,14:39:37.912063649
117.57,3,14:39:37.912063649
117.57,1,14:39:37.912063649
117.57,1,14:39:37.915428330
117.57,1,14:39:37.915787108
117.57,9,14:39:37.917288691
117.57,1,14:39:37.976109101
117.57,1,14:39:37.986742107
117.57,1,14:39:38.022878593
117.58,1,14:39:39.483842692
117.58,6,14:39:39.483842692
117.58,1,14:39:39.483860292
117.58,2,14:39:39.728777318
117.58,1,14:39:39.728777318
117.58,4,14:39:39.728841882
117.58,1,14:39:39.729139415
117.58,1,14:39:39.810091299
117.58,1,14:39:39.810361331
117.58,1,14:39:39.810400333
117.58,5,14:39:40.112112991
117.59,3,14:39:40.836221132
117.59,1,14:39:40.836221132
117.59,4,14:39:40.836221132
117.59,1,14:39:40.836343602
117.59,1,14:39:40.836762290
117.59,1,14:39:40.836890463
117.59,1,14:39:40.837400216
117.59,3,14:39:40.837649711
117.6,1,14:39:40.961757477
117.6,3,14:39:40.961899368
117.6,1,14:39:40.984731530
117.6,1,14:39:40.984809369
117.6,1,14:39:40.984835059
117.6,1,14:39:40.985115693
117.6,1,14:39:40.985235382
117.6,1,14:39:40.985367334
117.6,1,14:39:41.841750177
117.6,2,14:39:41.841828145
117.6,1,14:39:41.841848830
117.6,20,14:39:41.841848830
117.6,1,14:39:41.842450746
117.6,3,14:39:41.842529697
117.6,3,14:39:41.842782522
117.6,3,14:39:41.842946314
117.6,1,14:39:41.843164922
117.6,6,14:39:41.843260707
117.6,9,14:39:41.843606841
117.6,1,14:39:41.903258217
117.6,1,14:39:41.903273417
117.6,3,14:39:41.903273417
117.59,3,14:39:42.608992222
117.59,3,14:39:42.609286961
117.59,1,14:39:42.609286961
117.59,1,14:39:42.609387787
117.59,2,14:39:42.609407911
117.59,1,14:39:42.609407911
117.59,1,14:39:43.434089458
117.59,3,14:39:43.434089458
117.59,2,14:39:43.434089458
117.59,3,14:39:43.434697365
117.59,1,14:39:43.445237037
117.59,1,14:39:43.445533955
117.59,1,14:39:43.483245831
117.58,1,14:39:44.631508768
117.58,1,14:39:44.752056957
117.58,1,14:39:44.826516151
117.58,1,14:39:45.147103909
117.58,1,14:39:45.151962622
117.58,1,14:39:45.240533350
117.58,1,14:39:45.660033691
117.59,1,14:39:46.653315821
117.59,1,14:39:46.653894188
117.59,1,14:39:46.654711410
117.59,1,14:39:46.655106840
117.59,2,14:39:47.391328659
117.58,1,14:39:48.360079600
117.58,6,14:39:48.865392695
117.58,1,14:39:48.865392695
117.58,2,14:39:48.887715670
117.58,1,14:39:49.160393308
117.58,1,14:39:49.160993029
117.59,1,14:39:49.563382281
117.59,1,14:39:49.563865745
117.59,6,14:39:49.563865745
117.59,1,14:39:49.599394577
117.59,2,14:39:51.429164173
117.59,3,14:39:51.429181768
117.59,8,14:39:51.429181768
117.59,2,14:39:51.429511629
117.59,1,14:39:51.429527677
117.59,1,14:39:51.604049696
117.6,1,14:39:51.654740471
117.6,1,14:39:51.657653093
117.6,1,14:39:51.657762677
117.6,1,14:39:51.659906919
117.59,1,14:39:51.677014365
117.6,1,14:39:51.683468230
117.6,1,14:39:52.205179597
117.6,1,14:39:52.205256301
117.6,1,14:39:52.531494297
117.6,1,14:39:52.532280115
117.6,1,14:39:52.553496646
117.6,1,14:39:52.553674559
117.6,1,14:39:53.257133681
117.59,1,14:39:54.977232604
117.59,1,14:39:54.977741977
117.59,3,14:39:54.977741977
117.59,1,14:39:54.977937983
117.59,1,14:39:55.001504955
117.59,1,14:39:55.067337824
117.59,1,14:39:55.067761097
117.58,2,14:39:55.179791414
117.56,1,14:39:55.946902631
117.56,5,14:39:55.947102301
117.56,1,14:39:55.947194835
117.56,1,14:39:55.947210138
117.56,1,14:39:55.947347968
117.56,1,14:39:55.947364608
117.56,1,14:39:55.947495712
117.56,1,14:39:55.948386913
117.56,1,14:39:55.948426251
117.56,6,14:39:55.948729861
117.56,1,14:39:55.962919124
117.57,1,14:39:56.127748294
117.57,4,14:39:56.131036237
117.57,4,14:39:56.131153987
117.57,1,14:39:56.131170640
117.57,2,14:39:56.131364982
117.57,2,14:39:56.131705788
117.57,1,14:39:56.131705788
117.57,1,14:39:56.148604134
117.56,1,14:39:56.249284475
117.56,1,14:39:56.249474363
117.56,1,14:39:56.249783005
117.56,2,14:39:56.249783005
117.56,1,14:39:56.249900272
117.56,1,14:39:56.251602271
117.57,1,14:39:56.535582239
117.57,6,14:39:56.535582239
117.57,1,14:39:56.535861090
117.58,1,14:39:56.535886831
117.57,7,14:39:56.535886831
117.57,5,14:39:56.535886831
117.57,2,14:39:56.535886831
117.57,3,14:39:56.535886831
117.57,1,14:39:56.535886831
117.58,5,14:39:56.535911327
117.58,1,14:39:56.535911327
117.58,6,14:39:56.535911327
117.57,1,14:39:56.537462708
117.57,1,14:39:56.537842035
117.57,1,14:39:56.538517677
117.57,1,14:39:56.539040912
117.57,1,14:39:56.672677952
117.57,2,14:39:56.672692744
117.57,1,14:39:56.709236974
117.57,2,14:39:56.709236974
117.56,1,14:39:56.805747600
117.57,1,14:39:56.807244188
117.56,3,14:39:57.402196808
117.56,2,14:39:57.402314968
117.56,1,14:39:57.402314968
117.56,6,14:39:57.402341355
117.56,1,14:39:57.402341355
117.56,5,14:39:57.402341355
117.56,1,14:39:57.403418231
117.56,1,14:39:57.403433536
117.56,1,14:39:57.403548096
117.56,1,14:39:57.405071562
117.56,3,14:39:57.808946541
117.56,1,14:39:57.809532124
117.56,1,14:39:57.812083592
117.56,1,14:39:57.812358030
117.56,1,14:39:57.912478441
117.56,5,14:39:59.212105831
117.56,1,14:39:59.213061015
117.55,1,14:39:59.447425639
117.55,5,14:39:59.447425639
117.55,1,14:39:59.462265533
117.56,1,14:40:00.021470401
117.56,1,14:40:00.021733454
117.56,1,14:40:00.204696285
117.56,1,14:40:00.204710249
117.56,7,14:40:00.204788019
117.56,1,14:40:00.204808489
117.56,6,14:40:00.204808489
117.56,2,14:40:00.204808489
117.56,2,14:40:00.205169771
117.56,3,14:40:00.205324294
117.56,1,14:40:00.205324294
117.56,2,14:40:00.205438181
117.56,1,14:40:01.133837276
117.56,1,14:40:01.262125576
117.56,1,14:40:01.262222072
117.56,1,14:40:01.262855121
117.56,1,14:40:01.332199466
117.56,2,14:40:01.332666324
117.56,1,14:40:01.333352659
117.56,6,14:40:01.333352659
117.57,1,14:40:01.472827696
117.57,1,14:40:01.473371028
117.57,1,14:40:01.473963342
117.57,3,14:40:01.473963342
117.57,4,14:40:01.473963342
117.57,15,14:40:01.474116365
117.57,1,14:40:01.474144749
117.57,1,14:40:01.474162515
117.57,1,14:40:01.479007040
117.57,5,14:40:01.549757247
117.57,1,14:40:01.549786252
117.57,3,14:40:01.550253464
117.57,1,14:40:02.294124755
117.57,1,14:40:02.514832246
117.57,1,14:40:04.279146974
117.56,1,14:40:06.508120375
117.56,2,14:40:10.367787094
117.56,1,14:40:15.651084390
117.56,1,14:40:15.651291155
117.56,6,14:40:15.651556837
117.56,1,14:40:15.651556837
117.56,1,14:40:15.651653106
117.56,4,14:40:15.651685180
117.56,1,14:40:15.651685180
117.56,1,14:40:15.787071770
117.56,1,14:40:16.680531575
117.56,1,14:40:17.943755105
117.55,1,14:40:20.529465189
117.55,1,14:40:20.529601544
117.55,1,14:40:20.529617892
117.55,6,14:40:20.529652597
117.55,2,14:40:20.529652597
117.55,1,14:40:20.529652597
117.55,1,14:40:21.105400874
117.55,2,14:40:21.108032852
117.55,2,14:40:21.108298475
117.55,1,14:40:21.108407918
117.55,1,14:40:21.108539052
117.55,1,14:40:21.128422118
117.55,1,14:40:21.128763359
117.55,1,14:40:21.128869924
117.55,1,14:40:21.688430603
117.56,1,14:40:21.947962379
117.56,3,14:40:21.947962379
117.56,2,14:40:21.948071889
117.56,1,14:40:21.948071889
117.56,1,14:40:21.950098612
117.56,1,14:40:21.952153804
117.57,1,14:40:22.175850845
117.57,1,14:40:22.176395181
117.57,1,14:40:25.122799520
117.57,1,14:40:25.122912310
117.57,1,14:40:25.122945004
117.57,2,14:40:25.122945004
117.57,1,14:40:25.123373185
117.57,3,14:40:25.123478998
117.57,1,14:40:25.124105208
117.57,1,14:40:25.817656742
117.57,1,14:40:25.817756447
117.57,1,14:40:25.817782294
117.58,1,14:40:27.773971732
117.58,1,14:40:27.774088560
117.58,1,14:40:27.774631138
117.58,2,14:40:27.774631138
117.58,1,14:40:27.797872613
117.58,1,14:40:28.663182383
117.58,1,14:40:28.800506789
117.59,1,14:40:29.885092995
117.59,1,14:40:29.885205353
117.59,1,14:40:29.885425253
117.59,1,14:40:29.885607859
117.59,6,14:40:29.885607859
117.59,3,14:40:29.885607859
117.6,4,14:40:29.886479281
117.6,1,14:40:29.886479281
117.6,1,14:40:29.887085979
117.6,3,14:40:29.887346478
117.6,3,14:40:29.888328797
117.6,1,14:40:29.888328797
117.59,1,14:40:29.905162202
117.59,7,14:40:31.224683899
117.59,1,14:40:31.224683899
117.59,5,14:40:31.225205298
117.59,6,14:40:31.537253998
117.59,1,14:40:31.537624483
117.59,1,14:40:31.824331299
117.59,5,14:40:31.824404213
117.58,1,14:40:35.325230953
117.58,1,14:40:35.325246901
117.58,2,14:40:35.473109291
117.58,1,14:40:35.474839277
117.58,1,14:40:35.479524035
117.57,1,14:40:35.712985142
117.57,4,14:40:35.713081056
117.57,1,14:40:35.713657981
117.57,1,14:40:36.234478048
117.56,1,14:40:37.909809335
117.56,1,14:40:37.910431619
117.56,1,14:40:37.911288081
117.56,2,14:40:39.075824903
117.56,1,14:40:39.465125073
117.57,1,14:40:40.430766661
117.57,5,14:40:40.430766661
117.58,1,14:40:40.566437889
117.58,1,14:40:40.567984522
117.57,1,14:40:42.401066680
117.57,1,14:40:42.401435423
117.57,1,14:40:44.279694658
117.57,1,14:40:44.280684556
117.57,5,14:40:44.280723701
117.57,1,14:40:44.280723701
117.57,1,14:40:45.339290643
117.56,1,14:40:49.236419145
117.55,1,14:40:51.244662271
117.55,1,14:40:51.669993973
117.55,1,14:40:51.670098191
117.55,1,14:40:51.671229659
117.55,1,14:40:51.671746551
117.54,5,14:40:53.040586078
117.54,1,14:40:53.040586078
117.54,1,14:40:53.041513689
117.54,1,14:40:53.041894208
117.54,1,14:40:53.069266767
117.54,1,14:40:53.160609933
117.54,1,14:40:53.171443350
117.54,1,14:40:53.662059505
117.55,1,14:40:55.258777207
117.55,1,14:40:55.258860528
117.55,1,14:40:55.716748302
117.55,1,14:40:56.052428292
117.55,5,14:40:56.052428292
117.54,1,14:40:57.243143720
117.54,5,14:40:57.243253310
117.54,1,14:40:57.243281595
117.54,5,14:40:57.243281595
117.54,2,14:40:57.243281595
117.54,1,14:40:57.243902225
117.54,1,14:40:57.266959486
117.56,5,14:40:57.673910925
117.56,1,14:40:57.673910925
117.56,6,14:40:57.673910925
117.56,1,14:40:57.673990048
117.56,1,14:40:57.683716966
117.56,1,14:40:57.683808096
117.56,1,14:40:57.693668972
117.57,1,14:40:57.770832970
117.57,4,14:40:57.845882854
117.57,1,14:40:57.845882854
117.57,1,14:40:57.847677496
117.56,1,14:40:57.847677496
117.57,1,14:40:57.848438364
117.58,1,14:40:58.881448457
117.58,1,14:40:58.882577589
117.58,3,14:40:58.882615938
117.58,1,14:40:58.882615938
117.58,1,14:40:58.883757376
117.58,1,14:40:58.884570418
117.58,1,14:40:58.884596873
117.58,1,14:40:58.884753830
117.58,2,14:40:58.885189551
117.58,1,14:40:58.885189551
117.58,1,14:40:58.885310502
117.58,1,14:40:58.886131916
117.58,4,14:40:58.886398453
117.58,1,14:40:58.888237427
117.58,3,14:40:58.888237427
117.58,1,14:40:59.109456314
117.59,1,14:40:59.503518413
117.59,1,14:40:59.503612848
117.59,1,14:40:59.681267610
117.6,1,14:40:59.698456785
117.6,1,14:40:59.698803204
117.6,1,14:40:59.698854327
117.6,5,14:40:59.698854327
117.6,1,14:40:59.713802659
117.6,1,14:40:59.715434949
117.6,1,14:40:59.716379009
117.6,1,14:40:59.716404321
117.6,1,14:40:59.722332275
117.6,1,14:40:59.722853707
117.6,1,14:40:59.743424167
117.6,1,14:40:59.759512670
117.6,8,14:41:00.004426253
117.6,1,14:41:00.005009492
117.6,1,14:41:00.087225802
117.6,1,14:41:00.087630756
117.6,1,14:41:00.313246738
117.6,1,14:41:00.771743821
117.6,1,14:41:00.775609719
117.6,11,14:41:00.775624490
117.6,6,14:41:00.775704570
117.6,1,14:41:00.776717325
117.6,1,14:41:00.778813080
117.6,1,14:41:01.246515841
117.6,5,14:41:01.246604177
117.61,3,14:41:01.246625070
117.61,2,14:41:01.246997410
117.61,1,14:41:01.248096010
117.6,4,14:41:01.248650026
117.6,1,14:41:01.248650026
117.6,1,14:41:01.249259590
117.59,1,14:41:01.250355989
117.59,4,14:41:01.250355989
117.59,1,14:41:01.251468008
117.59,1,14:41:01.251482085
117.59,1,14:41:01.251561000
117.59,1,14:41:01.251580351
117.59,2,14:41:01.533818592
117.6,1,14:41:01.921728334
117.6,1,14:41:02.482124150
117.6,1,14:41:02.482580057
117.61,1,14:41:02.822185913
117.61,1,14:41:02.822282498
117.61,1,14:41:02.823099899
117.61,4,14:41:03.604612353
117.6,1,14:41:03.644196564
117.6,3,14:41:03.644849339
117.6,2,14:41:03.648465086
117.59,1,14:41:04.167579140
117.59,1,14:41:04.167671914
117.59,1,14:41:04.168083007
117.59,1,14:41:04.169239942
117.59,1,14:41:04.169796302
117.59,1,14:41:04.556706737
117.59,1,14:41:04.560868806
117.6,1,14:41:04.822024717
117.6,1,14:41:04.822146895
117.6,1,14:41:04.822451016
117.6,1,14:41:04.822577932
117.6,1,14:41:04.822607180
117.6,6,14:41:04.822607180
117.6,5,14:41:04.822607180
117.61,1,14:41:04.824191510
117.6,1,14:41:04.824568362
117.6,1,14:41:04.824583262
117.6,1,14:41:04.859316746
117.6,1,14:41:05.142331429
117.6,3,14:41:05.142473042
117.6,1,14:41:05.142473042
117.61,1,14:41:05.536474389
117.61,1,14:41:05.536673550
117.61,6,14:41:05.536687266
117.61,5,14:41:05.536702168
117.61,1,14:41:05.536702168
117.61,1,14:41:05.536717432
117.62,4,14:41:05.536732764
117.62,1,14:41:05.536732764
117.62,5,14:41:05.536747074
117.62,1,14:41:05.536747074
117.62,1,14:41:05.536761381
117.62,4,14:41:05.536778107
117.62,6,14:41:05.536798101
117.62,1,14:41:05.536798101
117.62,1,14:41:05.536811152
117.62,1,14:41:05.536824714
117.62,7,14:41:05.536838676
117.62,2,14:41:05.536855595
117.62,1,14:41:06.371340072
117.61,1,14:41:06.673260102
117.61,1,14:41:06.735040220
117.61,5,14:41:06.735132389
117.61,1,14:41:07.807752982
117.6,6,14:41:08.729459543
117.6,1,14:41:08.729483870
117.6,1,14:41:08.729733079
117.6,1,14:41:08.735453053
117.6,2,14:41:09.022661450
117.6,5,14:41:09.023791666
117.6,1,14:41:09.023791666
117.6,8,14:41:09.665953887
117.6,1,14:41:10.129478138
117.6,2,14:41:10.129506461
117.6,1,14:41:10.130224983
117.6,3,14:41:10.130224983
117.6,1,14:41:10.130846996
117.6,1,14:41:10.130876483
117.59,1,14:41:10.278480578
117.59,1,14:41:10.278577265
117.59,1,14:41:10.278599207
117.59,5,14:41:10.278599207
117.59,20,14:41:10.279193241
117.6,1,14:41:11.035037686
117.6,1,14:41:11.035808153
117.61,1,14:41:11.104607574
117.61,1,14:41:11.104827019
117.61,1,14:41:11.104925307
117.61,9,14:41:11.105089650
117.61,1,14:41:11.105089650
117.61,1,14:41:11.105825649
117.61,2,14:41:11.106274104
117.61,1,14:41:11.107481443
117.61,1,14:41:14.152906368
117.61,3,14:41:14.153272515
117.61,1,14:41:14.153380883
117.61,1,14:41:14.358857332
117.61,1,14:41:15.456623155
117.62,1,14:41:15.467407538
117.62,5,14:41:15.467407538
117.62,1,14:41:15.472998993
117.62,1,14:41:15.475708086
117.63,2,14:41:15.725426203
117.63,1,14:41:15.725635569
117.63,1,14:41:15.725652823
117.63,2,14:41:15.725652823
117.63,1,14:41:15.725806531
117.63,5,14:41:15.726518359
117.63,4,14:41:15.726540368
117.63,1,14:41:15.726554608
117.63,1,14:41:15.726573889
117.63,1,14:41:15.727959900
117.63,1,14:41:15.858669036
117.62,1,14:41:16.475152854
117.62,3,14:41:16.475152854
117.62,1,14:41:16.496213418
117.61,6,14:41:17.655597979
117.61,1,14:41:17.655597979
117.61,2,14:41:17.655934456
117.61,3,14:41:17.655934456
117.61,1,14:41:17.656583747
117.62,2,14:41:18.405195645
117.62,1,14:41:18.405195645
117.63,1,14:41:19.292629493
117.63,1,14:41:19.292712758
117.63,1,14:41:19.292880932
117.63,5,14:41:19.294548552
117.63,1,14:41:19.294548552
117.63,1,14:41:19.294860160
117.63,3,14:41:19.295318306
117.63,1,14:41:19.298519639
117.63,1,14:41:19.500166862
117.63,1,14:41:20.945698816
117.63,1,14:41:20.946219770
117.63,1,14:41:20.946440659
117.63,3,14:41:20.946440659
117.63,1,14:41:20.946982144
117.63,1,14:41:21.259122975
117.63,1,14:41:21.259239240
117.63,1,14:41:21.259881342
117.63,5,14:41:21.259881342
117.63,1,14:41:22.056893914
117.63,4,14:41:22.056926932
117.63,2,14:41:22.056926932
117.63,1,14:41:22.056926932
117.64,1,14:41:22.354161426
117.64,3,14:41:22.354161426
117.64,1,14:41:22.354285080
117.64,1,14:41:22.354895527
117.64,1,14:41:23.162538340
117.64,1,14:41:23.162795215
117.64,5,14:41:23.162958512
117.65,1,14:41:23.281836122
117.65,1,14:41:23.296913834
117.66,1,14:41:24.277542047
117.65,5,14:41:24.280633514
117.65,4,14:41:24.280633514
117.65,1,14:41:24.280633514
117.65,5,14:41:24.280739232
117.66,1,14:41:24.527818124
117.66,1,14:41:24.562301686
117.66,1,14:41:24.562508899
117.66,2,14:41:24.800632865
117.66,2,14:41:24.800757970
117.66,1,14:41:24.853814249
117.66,1,14:41:24.854144130
117.68,1,14:41:26.683727129
117.68,2,14:41:26.683799836
117.68,2,14:41:26.859536183
117.68,1,14:41:26.859536183
117.69,1,14:41:27.118173226
117.69,1,14:41:27.118253455
117.69,1,14:41:27.118268953
117.69,1,14:41:27.340502390
117.69,1,14:41:27.363008864
117.69,1,14:41:27.386641165
117.69,1,14:41:27.387091716
117.68,1,14:41:27.438913525
117.68,1,14:41:27.439479210
117.68,2,14:41:27.439479210
117.68,3,14:41:27.439479210
117.68,1,14:41:27.440280214
117.68,1,14:41:27.441163302
117.68,1,14:41:27.458288941
117.68,1,14:41:27.899430173
117.68,1,14:41:28.258022487
117.67,1,14:41:28.622158630
117.67,2,14:41:28.622221129
117.67,2,14:41:28.622337442
117.67,2,14:41:28.622351417
117.67,1,14:41:28.622351417
117.67,1,14:41:28.622371026
117.67,1,14:41:29.029525311
117.67,2,14:41:29.029525311
117.68,1,14:41:29.030808695
117.68,1,14:41:29.030822181
117.68,1,14:41:29.031032894
117.68,1,14:41:29.031141361
117.68,1,14:41:29.031190164
117.68,2,14:41:29.031450449
117.68,1,14:41:29.031450449
117.68,1,14:41:29.031491683
117.68,7,14:41:29.031491683
117.68,1,14:41:29.031534028
117.68,3,14:41:29.031577571
117.68,1,14:41:29.031869127
117.68,2,14:41:29.031924522
117.68,1,14:41:29.031939610
117.68,4,14:41:29.031959104
117.68,1,14:41:29.033594825
117.68,1,14:41:29.033695007
117.68,1,14:41:29.033920494
117.68,1,14:41:29.033951838
117.68,1,14:41:29.033968110
117.68,1,14:41:29.034002922
117.68,1,14:41:29.034212482
117.68,1,14:41:29.034246425
117.67,5,14:41:29.049661133
117.67,2,14:41:29.055189334
117.66,1,14:41:30.604788088
117.66,1,14:41:31.047979821
117.66,1,14:41:31.048137224
117.66,4,14:41:31.048238503
117.66,3,14:41:31.049171229
117.66,1,14:41:31.049171229
117.66,3,14:41:31.049404903
117.66,1,14:41:31.049725634
117.65,1,14:41:31.628453073
117.65,4,14:41:31.628884228
117.65,1,14:41:31.628899440
117.65,1,14:41:31.630607855
117.65,1,14:41:32.447659751
117.65,1,14:41:32.447688707
117.65,3,14:41:32.448376903
117.65,11,14:41:32.448435546
117.66,1,14:41:32.523919285
117.66,1,14:41:32.523936580
117.66,1,14:41:32.524321982
117.66,2,14:41:32.524321982
117.66,1,14:41:32.524424529
117.66,1,14:41:32.524442311
117.66,6,14:41:32.524897210
117.66,1,14:41:32.524897210
117.66,1,14:41:32.524912014
117.66,7,14:41:32.525013763
117.66,1,14:41:32.526299574
117.66,1,14:41:32.526734889
117.66,1,14:41:32.526829804
117.66,1,14:41:32.527658344
117.66,1,14:41:32.528095183
117.66,1,14:41:32.528317227
117.66,1,14:41:32.532118923
117.66,2,14:41:32.532247656
117.66,1,14:41:32.533774087
117.65,1,14:41:32.545576161
117.65,1,14:41:32.595241803
117.64,5,14:41:33.897132085
117.64,1,14:41:33.897132085
117.64,1,14:41:33.897226607
117.64,1,14:41:33.897654310
117.64,1,14:41:33.898364916
117.64,1,14:41:34.153505340
117.64,1,14:41:34.162007016
117.64,1,14:41:34.612882042
117.63,2,14:41:35.631203111
117.63,5,14:41:35.631203111
117.64,1,14:41:35.740034002
117.64,4,14:41:35.740122693
117.64,4,14:41:35.741390957
117.64,1,14:41:35.741390957
117.64,1,14:41:35.742566627
117.64,1,14:41:35.742581600
117.64,5,14:41:35.743865717
117.65,4,14:41:35.744723428
117.65,1,14:41:35.744723428
117.65,1,14:41:35.746013495
117.65,2,14:41:35.746027062
117.64,1,14:41:35.746230816
117.64,1,14:41:35.746581383
117.65,3,14:41:35.747188415
117.65,2,14:41:35.747188415
117.65,2,14:41:35.748339298
117.64,1,14:41:35.749331217
117.64,1,14:41:35.749346699
117.64,1,14:41:35.799638944
117.65,2,14:41:36.514482539
117.65,3,14:41:36.514482539
117.65,8,14:41:36.514747630
117.65,1,14:41:36.515380327
117.65,2,14:41:36.515380327
117.65,1,14:41:36.570192095
117.65,2,14:41:36.570268444
117.65,10,14:41:36.595354951
117.65,1,14:41:36.604566825
117.65,1,14:41:36.604674588
117.65,1,14:41:36.605018880
117.65,1,14:41:36.606021884
117.65,1,14:41:36.606363880
117.65,1,14:41:36.607880708
117.66,2,14:41:37.344189031
117.66,1,14:41:37.344189031
117.66,1,14:41:37.344251514
117.66,1,14:41:37.344700980
117.66,1,14:41:37.345402006
117.66,1,14:41:37.345988355
117.66,1,14:41:37.347944104
117.66,1,14:41:37.348353809
117.66,1,14:41:37.483939031
117.66,1,14:41:37.484794589
117.67,1,14:41:38.699328605
117.67,1,14:41:39.064179673
117.66,1,14:41:40.261295460
117.66,1,14:41:40.262045549
117.66,1,14:41:40.263960911
117.66,1,14:41:41.162516127
117.66,1,14:41:41.162863237
117.66,1,14:41:42.137545910
117.66,4,14:41:42.137818001
117.66,1,14:41:42.627333809
117.65,10,14:41:44.066793463
117.65,5,14:41:44.066793463
117.65,1,14:41:44.066877041
117.65,1,14:41:44.066897255
117.65,1,14:41:44.088754567
117.66,1,14:41:44.501442458
117.66,1,14:41:44.816666240
117.66,1,14:41:44.816718883
117.66,1,14:41:44.817141951
117.66,8,14:41:44.817157449
117.66,5,14:41:44.817520210
117.67,1,14:41:44.823057630
117.67,3,14:41:44.823074443
117.67,2,14:41:44.823074443
117.67,5,14:41:44.823074443
117.67,2,14:41:44.823091137
117.67,1,14:41:44.823538647
117.67,3,14:41:44.823664571
117.67,1,14:41:44.823694612
117.67,1,14:41:44.823897108
117.67,1,14:41:44.824063159
117.67,1,14:41:44.824094842
117.67,1,14:41:44.824391910
117.67,1,14:41:44.824417844
117.67,2,14:41:44.824632972
117.67,3,14:41:44.825374976
117.67,1,14:41:44.826349989
117.67,1,14:41:44.827402728
117.67,1,14:41:44.836302680
117.67,1,14:41:44.836583636
117.67,1,14:41:44.836680580
117.67,1,14:41:44.836771790
117.67,1,14:41:44.837434576
117.66,1,14:41:45.018240020
117.66,1,14:41:45.018736724
117.66,1,14:41:45.018860541
117.66,3,14:41:45.018860541
117.66,2,14:41:45.018860541
117.66,1,14:41:45.019493356
117.67,1,14:41:46.041510211
117.67,1,14:41:46.042020576
117.67,1,14:41:46.314253734
117.67,5,14:41:46.314445824
117.67,1,14:41:46.314445824
117.67,5,14:41:46.315243000
117.67,1,14:41:46.315759729
117.68,1,14:41:47.473720280
117.68,1,14:41:47.473741163
117.68,2,14:41:47.473741163
117.68,1,14:41:47.473926263
117.68,3,14:41:47.473926263
117.69,1,14:41:47.588176746
117.69,2,14:41:47.609487946
117.69,1,14:41:47.615287407
117.69,1,14:41:47.619946003
117.7,1,14:41:48.603683871
117.7,4,14:41:48.603683871
117.7,1,14:41:48.603831276
117.7,1,14:41:48.603935087
117.7,5,14:41:48.604821029
117.7,1,14:41:48.605001774
117.7,2,14:41:48.605017243
117.7,3,14:41:48.605035767
117.7,1,14:41:48.639756951
117.7,4,14:41:48.639756951
117.7,1,14:41:49.236939093
117.7,1,14:41:49.237491906
117.7,1,14:41:49.237507691
117.71,5,14:41:49.667022389
117.71,1,14:41:49.667133193
117.71,1,14:41:49.668171082
117.71,1,14:41:49.673484486
117.71,4,14:41:49.714055262
117.71,1,14:41:49.726227128
117.71,1,14:41:49.824059187
117.71,1,14:41:49.824150259
117.71,1,14:41:49.824194486
117.71,1,14:41:49.824473717
117.71,1,14:41:50.053949499
117.7,1,14:41:50.387059258
117.7,1,14:41:50.406818623
117.7,2,14:41:50.410997122
117.7,1,14:41:50.411260376
117.7,1,14:41:50.411368888
117.7,2,14:41:50.411368888
117.7,1,14:41:50.411708235
117.71,5,14:41:50.785951949
117.71,1,14:41:50.785951949
117.71,2,14:41:50.786902840
117.71,1,14:41:50.786902840
117.71,1,14:41:50.949027170
117.71,1,14:41:51.070750622
117.71,2,14:41:51.070750622
117.7,1,14:41:51.270569765
117.7,5,14:41:51.270569765
117.7,3,14:41:51.271173173
117.7,1,14:41:51.271314356
117.7,2,14:41:51.271314356
117.71,5,14:41:51.301284056
117.71,1,14:41:51.301284056
117.71,12,14:41:51.301284056
117.71,4,14:41:51.301284056
117.71,4,14:41:51.301442552
117.71,1,14:41:51.301678738
117.71,1,14:41:51.301787544
117.71,1,14:41:51.303653050
117.71,1,14:41:51.307800973
117.71,1,14:41:51.318261366
117.7,5,14:41:51.363317540
117.7,4,14:41:51.363435803
117.7,2,14:41:51.363455300
117.7,1,14:41:51.363455300
117.7,3,14:41:51.363455300
117.7,1,14:41:51.383986344
117.71,1,14:41:51.574679403
117.71,1,14:41:51.574704859
117.71,1,14:41:51.612046176
117.71,4,14:41:52.356100223
117.71,4,14:41:52.356121983
117.71,1,14:41:52.356121983
117.71,2,14:41:52.356121983
117.69,1,14:41:53.434767122
117.69,2,14:41:53.435156785
117.69,1,14:41:53.435319105
117.69,1,14:41:53.435851879
117.68,1,14:41:55.505553093
117.68,2,14:41:55.505718084
117.68,1,14:41:55.506744247
117.68,1,14:41:55.508178527
117.68,1,14:41:55.508533980
117.68,1,14:41:55.513400709
117.68,1,14:41:55.523514049
117.68,1,14:41:55.525649193
117.68,1,14:41:55.526906581
117.68,1,14:41:55.527263041
117.68,1,14:41:55.528207774
117.68,1,14:41:55.530311481
117.68,3,14:41:55.532508154
117.67,2,14:41:57.903145150
117.67,3,14:41:58.120354712
117.67,1,14:41:58.120426843
117.68,1,14:41:58.372750280
117.68,4,14:41:58.373241215
117.68,1,14:41:58.373241215
117.68,1,14:41:58.373256066
117.68,3,14:41:58.373256066
117.68,5,14:41:58.373256066
117.68,1,14:41:58.373281209
117.69,1,14:41:58.458575402
117.69,4,14:41:58.458591332
117.69,1,14:41:58.458664559
117.69,1,14:41:58.460598009
117.69,3,14:41:58.460613423
117.69,1,14:41:58.461174344
117.68,1,14:41:59.252199982
117.68,5,14:41:59.252299632
117.68,1,14:41:59.252339232
117.68,5,14:41:59.252339232
117.68,1,14:41:59.252634524
117.68,2,14:41:59.281082453
117.68,1,14:41:59.453771455
117.68,1,14:41:59.454044402
117.68,1,14:41:59.528190900
117.68,1,14:42:00.848397472
117.68,9,14:42:00.848750192
117.68,1,14:42:00.848750192
117.68,7,14:42:00.848863843
117.68,3,14:42:00.848884367
117.68,7,14:42:00.848884367
117.69,3,14:42:01.298403100
117.69,2,14:42:01.298403100
117.69,7,14:42:01.298734412
117.69,1,14:42:01.298824399
117.69,1,14:42:01.299050063
117.69,2,14:42:01.326598696
117.69,3,14:42:01.426835044
117.69,4,14:42:01.453808464
117.69,1,14:42:01.633526772
117.69,1,14:42:02.096818216
117.69,1,14:42:02.096902274
117.69,1,14:42:02.096916552
117.69,1,14:42:02.198378145
117.69,5,14:42:02.762354186
117.69,1,14:42:02.762354186
117.69,1,14:42:02.762437575
117.69,1,14:42:02.762702996
117.69,3,14:42:02.875587005
117.69,1,14:42:03.151807379
117.69,1,14:42:03.152148821
117.69,1,14:42:03.297721703
117.69,1,14:42:03.531773011
117.69,2,14:42:04.211025182
117.68,1,14:42:04.414736465
117.68,4,14:42:04.414736465
117.68,1,14:42:04.414821784
117.68,5,14:42:04.414844856
117.68,2,14:42:04.414844856
117.68,1,14:42:04.414844856
117.68,1,14:42:04.415276715
117.68,4,14:42:04.415276715
117.68,9,14:42:04.416038609
117.68,1,14:42:05.429665804
117.68,1,14:42:05.467691418
117.68,1,14:42:05.467888202
117.69,1,14:42:05.744518206
117.69,2,14:42:05.744622807
117.69,1,14:42:05.744760916
117.69,2,14:42:05.745942223
117.69,2,14:42:05.772024874
117.68,1,14:42:08.149029004
117.68,1,14:42:08.149067412
117.68,2,14:42:08.149067412
117.68,1,14:42:08.149575892
117.68,2,14:42:08.152937161
117.67,1,14:42:08.202872067
117.67,4,14:42:08.203007475
117.67,1,14:42:09.223748330
117.67,4,14:42:09.223748330
117.67,1,14:42:09.224340720
117.66,1,14:42:09.679953041
117.66,1,14:42:09.888040058
117.66,5,14:42:09.888139788
117.66,5,14:42:09.888168739
117.66,1,14:42:09.888168739
117.67,1,14:42:10.746158537
117.67,1,14:42:10.855373304
117.67,1,14:42:10.855664017
117.67,1,14:42:11.239869384
117.68,1,14:42:11.942621907
117.68,1,14:42:11.943286057
117.68,1,14:42:12.947421634
117.68,1,14:42:12.947518172
117.67,1,14:42:12.947536527
117.68,4,14:42:12.947536527
117.68,2,14:42:13.799324558
117.68,1,14:42:13.799324558
117.68,1,14:42:13.799773487
117.68,1,14:42:13.800533968
117.68,1,14:42:13.827481185
117.68,1,14:42:14.827725319
117.68,1,14:42:14.827820003
117.68,1,14:42:14.827838003
117.68,4,14:42:14.827838003
117.68,3,14:42:14.827838003
117.67,1,14:42:15.790036564
117.67,1,14:42:15.790171504
117.67,5,14:42:15.790195911
117.67,1,14:42:15.790195911
117.67,2,14:42:15.790195911
117.67,4,14:42:15.790195911
117.67,7,14:42:15.790195911
117.67,9,14:42:15.790210228
117.67,1,14:42:15.790210228
117.67,9,14:42:15.790728297
117.67,1,14:42:15.954955838
117.67,1,14:42:15.959335715
117.67,3,14:42:15.959335715
117.67,1,14:42:15.982498994
117.67,1,14:42:16.416637064
117.68,1,14:42:16.812497037
117.68,4,14:42:16.812497037
117.69,4,14:42:17.894821938
117.69,1,14:42:17.895130560
117.69,2,14:42:17.895219973
117.69,1,14:42:17.895350105
117.69,1,14:42:17.895480265
117.69,4,14:42:17.895480265
117.69,1,14:42:17.919624103
117.69,1,14:42:17.919698877
117.69,1,14:42:17.919998292
117.69,1,14:42:18.320408115
117.69,1,14:42:18.320833440
117.69,1,14:42:18.321193898
117.69,1,14:42:18.329447901
117.68,1,14:42:20.228172891
117.68,1,14:42:20.228716233
117.68,1,14:42:20.567766906
117.68,4,14:42:20.567766906
117.68,1,14:42:20.570619291
117.68,1,14:42:21.039574632
117.67,1,14:42:21.447981674
117.67,1,14:42:21.448488569
117.67,3,14:42:21.448790037
117.67,3,14:42:21.448890783
117.67,1,14:42:21.449563796
117.67,1,14:42:21.449721168
117.67,1,14:42:21.475401345
117.68,1,14:42:21.617227147
117.68,1,14:42:21.617301467
117.68,6,14:42:21.617318548
117.68,1,14:42:21.617663390
117.68,1,14:42:21.617793866
117.68,1,14:42:21.617823780
117.68,2,14:42:21.617823780
117.67,1,14:42:22.913998579
117.68,1,14:42:23.737870275
117.68,4,14:42:23.737870275
117.68,2,14:42:23.831847942
117.69,1,14:42:24.228686921
117.69,1,14:42:24.229335713
117.69,1,14:42:24.229527900
117.69,1,14:42:24.230080501
117.68,1,14:42:24.567839342
117.68,1,14:42:24.568022224
117.68,1,14:42:24.568036506
117.68,4,14:42:24.568053069
117.68,2,14:42:24.568160762
117.68,4,14:42:24.568175959
117.68,1,14:42:24.569838134
117.68,1,14:42:25.123781345
117.67,1,14:42:25.871186541
117.67,1,14:42:25.871259081
117.68,1,14:42:26.530475096
117.67,1,14:42:27.133894421
117.67,8,14:42:27.134227475
117.67,1,14:42:27.134328028
117.67,6,14:42:27.134558025
117.67,1,14:42:27.134663487
117.67,1,14:42:27.145967131
117.66,1,14:42:27.517630508
117.66,1,14:42:27.517645173
117.66,5,14:42:27.517645173
117.66,5,14:42:27.517660294
117.66,1,14:42:27.517660294
117.66,1,14:42:27.517682956
117.66,2,14:42:27.517682956
117.67,1,14:42:27.580883046
117.67,1,14:42:27.580947718
117.66,5,14:42:28.104689749
117.66,1,14:42:28.104689749
117.66,1,14:42:28.105933243
117.66,1,14:42:28.106777210
117.66,1,14:42:28.107741203
117.66,3,14:42:28.110005316
117.66,1,14:42:28.125052351
117.65,2,14:42:29.026614959
117.65,11,14:42:29.474373019
117.66,1,14:42:30.136778806
117.66,1,14:42:31.245253089
117.66,8,14:42:31.245343341
117.66,1,14:42:31.527271137
117.66,1,14:42:31.527290049
117.66,1,14:42:31.527841233
117.65,10,14:42:36.033758405
117.65,1,14:42:36.054385902
117.65,1,14:42:36.054728398
117.65,1,14:42:37.373460576
117.65,1,14:42:37.373542620
117.65,1,14:42:37.377297479
117.65,3,14:42:37.377396368
117.65,1,14:42:37.377396368
117.65,7,14:42:37.377754326
117.65,1,14:42:37.378581260
117.65,1,14:42:37.379417451
117.65,1,14:42:37.380290285
117.65,1,14:42:37.455452254
117.65,1,14:42:37.455470913
117.65,1,14:42:37.519139180
117.65,1,14:42:37.597317989
117.64,1,14:42:38.421458402
117.64,2,14:42:38.421708042
117.64,7,14:42:38.421708042
117.64,1,14:42:38.421723047
117.64,1,14:42:38.422937676
117.64,2,14:42:38.422937676
117.64,5,14:42:38.678302858
117.64,1,14:42:38.678378928
117.65,1,14:42:40.057166977
117.65,7,14:42:41.138914699
117.65,1,14:42:41.139772373
117.65,1,14:42:41.178839780
117.65,1,14:42:41.423762776
117.65,2,14:42:41.424437990
117.65,1,14:42:41.424611356
117.65,3,14:42:41.424730498
117.65,1,14:42:42.215475338
117.65,1,14:42:42.428485502
117.64,2,14:42:43.620335894
117.64,1,14:42:43.620434723
117.64,1,14:42:45.567552603
117.65,1,14:42:45.661018129
117.65,1,14:42:45.661523515
117.65,1,14:42:45.829479681
117.65,1,14:42:46.174119476
117.65,2,14:42:46.179067791
117.65,1,14:42:46.293490474
117.65,1,14:42:46.428494279
117.65,1,14:42:47.002218865
117.65,1,14:42:47.148079585
117.64,1,14:42:49.038301433
117.64,1,14:42:49.038449419
117.63,1,14:42:49.425583159
117.63,1,14:42:49.426091078
117.63,1,14:42:49.427030697
117.63,1,14:42:49.430855920
117.63,1,14:42:49.431374550
117.64,3,14:42:49.485078754
117.64,1,14:42:49.524256652
117.64,1,14:42:49.524272546
117.64,1,14:42:49.585958364
117.64,1,14:42:50.923876048
117.64,2,14:42:50.924218822
117.64,1,14:42:50.924661548
117.64,1,14:42:50.924772889
117.64,2,14:42:50.924772889
117.64,1,14:42:51.211054109
117.64,1,14:42:51.212658316
117.64,1,14:42:51.269742616
117.64,8,14:42:52.659142395
117.64,2,14:42:52.659142395
117.64,1,14:42:52.659142395
117.64,1,14:42:52.659236926
117.64,2,14:42:52.659254954
117.65,1,14:42:52.707990916
117.65,1,14:42:52.708603363
117.65,1,14:42:52.709257962
117.65,1,14:42:52.721800612
117.65,2,14:42:52.721889156
117.65,1,14:42:52.721918861
117.65,1,14:42:52.724501695
117.65,1,14:42:52.725847383
117.65,2,14:42:52.761208036
117.65,1,14:42:53.150294100
117.65,1,14:42:53.196854466
117.65,1,14:42:53.196963374
117.65,1,14:42:53.197000302
117.65,5,14:42:54.513634692
117.65,1,14:42:54.514394614
117.65,1,14:42:54.853856781
117.65,1,14:42:54.854089674
117.65,1,14:42:54.854303075
117.65,1,14:42:56.861152985
117.66,1,14:42:58.580055986
117.66,1,14:42:58.601256165
117.66,5,14:42:58.601256165
117.66,1,14:42:58.601353080
117.66,1,14:42:58.613322593
117.67,1,14:42:58.979226075
117.67,1,14:42:58.979346747
117.67,1,14:42:59.014750602
117.68,1,14:42:59.853389969
117.68,1,14:42:59.854248190
117.68,8,14:42:59.854654003
117.68,1,14:42:59.855201344
117.68,1,14:42:59.859216599
117.68,1,14:42:59.859592746
117.68,1,14:42:59.860071724
117.69,1,14:43:00.911815711
117.69,1,14:43:00.912319691
117.68,1,14:43:01.504339031
117.68,1,14:43:01.504437742
117.68,1,14:43:01.504461186
117.68,2,14:43:01.504769329
117.68,1,14:43:01.530552097
117.67,1,14:43:04.649275047
117.67,1,14:43:04.650819270
117.67,1,14:43:04.657121342
117.67,1,14:43:04.680965486
117.67,1,14:43:04.681283182
117.68,1,14:43:07.257668655
117.68,1,14:43:07.257731017
117.67,1,14:43:07.656477226
117.67,1,14:43:07.949204433
117.67,1,14:43:09.125579345
117.67,1,14:43:09.126173549
117.67,1,14:43:09.126931839
117.67,1,14:43:09.200007189
117.66,1,14:43:09.969163929
117.66,5,14:43:10.196066356
117.66,1,14:43:10.198552190
117.66,1,14:43:10.695530143
117.66,1,14:43:10.696030578
117.67,1,14:43:11.800762445
117.67,1,14:43:12.785599013
117.67,1,14:43:12.786067137
117.66,1,14:43:16.970581368
117.66,6,14:43:16.970581368
117.66,8,14:43:16.970721615
117.66,1,14:43:16.970721615
117.66,1,14:43:17.107687731
117.66,2,14:43:17.108263525
117.66,1,14:43:17.117759838
117.66,1,14:43:17.118114788
117.66,1,14:43:17.190550530
117.66,1,14:43:17.190625353
117.66,1,14:43:17.190984645
117.66,1,14:43:17.280006419
117.67,1,14:43:17.648461889
117.67,6,14:43:17.648461889
117.67,1,14:43:18.290601734
117.68,1,14:43:19.611119062
117.68,1,14:43:19.659359399
117.68,1,14:43:19.762316798
117.68,2,14:43:20.472024696
117.68,5,14:43:20.472024696
117.68,1,14:43:20.780174667
117.68,3,14:43:20.871422140
117.68,4,14:43:20.893800634
117.68,1,14:43:20.894846529
117.68,1,14:43:20.895207121
117.68,1,14:43:20.895315504
117.68,1,14:43:21.815099877
117.68,1,14:43:24.084554766
117.68,2,14:43:24.084554766
117.68,1,14:43:26.190907247
117.68,1,14:43:26.190989597
117.68,1,14:43:26.330599272
117.68,1,14:43:28.387524143
117.68,1,14:43:28.832856725
117.69,1,14:43:33.192662161
117.69,2,14:43:33.192662161
117.68,15,14:43:34.390652167
117.68,1,14:43:34.390652167
117.68,2,14:43:34.390728881
117.69,1,14:43:35.991085845
117.69,1,14:43:35.991205803
117.69,1,14:43:35.991230830
117.69,8,14:43:35.991230830
117.69,1,14:43:35.997344563
117.69,2,14:43:36.030507917
117.68,1,14:43:36.983904054
117.68,1,14:43:38.343213503
117.69,1,14:43:39.845666275
117.69,1,14:43:39.845742450
117.69,1,14:43:39.850246041
117.7,1,14:43:43.245877385
117.7,1,14:43:43.247285565
117.7,4,14:43:43.247285565
117.7,1,14:43:43.249633382
117.7,2,14:43:43.251907502
117.71,1,14:43:47.715039925
117.71,2,14:43:47.715039925
117.71,1,14:43:47.715530082
117.71,6,14:43:47.744787436
117.71,1,14:43:47.744787436
117.71,1,14:43:48.213960607
117.71,5,14:43:48.213960607
117.71,1,14:43:48.228073689
117.72,1,14:43:48.319937844
117.72,1,14:43:48.319991880
117.72,5,14:43:48.320362532
117.72,2,14:43:48.320382212
117.72,1,14:43:48.320627268
117.72,1,14:43:48.320648007
117.72,1,14:43:48.321621884
117.72,1,14:43:48.324115092
117.72,1,14:43:48.903242624
117.72,5,14:43:49.410352998
117.72,1,14:43:49.876849704
117.72,1,14:43:49.876958574
117.72,1,14:43:49.877071696
117.72,6,14:43:49.877649527
117.72,1,14:43:50.762470148
117.72,2,14:43:50.762603968
117.72,1,14:43:50.762603968
117.72,4,14:43:50.762603968
117.72,1,14:43:50.762862733
117.72,1,14:43:50.763104518
117.72,1,14:43:50.763218239
117.72,1,14:43:50.763276947
117.72,1,14:43:50.763411427
117.72,1,14:43:50.763800684
117.72,2,14:43:50.764266284
117.72,1,14:43:50.764281647
117.72,1,14:43:51.050326958
117.72,1,14:43:51.072910526
117.72,6,14:43:51.072997805
117.72,1,14:43:51.072997805
117.72,2,14:43:51.424123209
117.72,1,14:43:51.542411932
117.72,1,14:43:51.542502876
117.72,6,14:43:51.542520646
117.72,1,14:43:51.542520646
117.72,1,14:43:51.546236950
117.72,1,14:43:51.714752094
117.72,1,14:43:55.980616711
117.72,2,14:43:55.980616711
117.72,1,14:43:56.653220688
117.71,1,14:43:58.755664745
117.71,1,14:43:59.058694558
117.71,1,14:43:59.058800007
117.71,2,14:43:59.058823050
117.71,1,14:43:59.081242406
117.71,3,14:43:59.081323667
117.71,1,14:43:59.100240398
117.71,1,14:43:59.100255953
117.7,1,14:43:59.468810019
117.7,1,14:44:01.021206906
117.7,1,14:44:01.191116736
117.7,1,14:44:01.687123991
117.7,6,14:44:01.687138454
117.7,1,14:44:01.687138454
117.7,1,14:44:01.687152909
117.69,6,14:44:01.687152909
117.69,1,14:44:01.687166682
117.69,5,14:44:01.687181059
117.69,1,14:44:01.687181059
117.69,4,14:44:01.687181059
117.69,2,14:44:01.687181059
117.69,2,14:44:01.687195718
117.69,2,14:44:01.687345499
117.69,4,14:44:01.687362712
117.69,4,14:44:01.687381477
117.69,4,14:44:01.687395507
117.69,1,14:44:01.687409030
117.69,1,14:44:01.688090415
117.69,9,14:44:01.688491538
117.69,4,14:44:01.688538965
117.69,9,14:44:01.688637176
117.69,3,14:44:01.688836162
117.69,8,14:44:01.688854917
117.69,5,14:44:01.688891701
117.69,4,14:44:01.688962497
117.69,1,14:44:01.688988949
117.69,1,14:44:01.689775710
117.69,1,14:44:01.691010752
117.68,1,14:44:01.708355750
117.69,1,14:44:01.718912468
117.69,1,14:44:01.719169078
117.69,1,14:44:01.719675975
117.69,1,14:44:01.719946979
117.69,3,14:44:01.719946979
117.69,1,14:44:01.720056175
117.69,1,14:44:01.727859024
117.7,3,14:44:01.747784750
117.69,2,14:44:02.168618226
117.69,1,14:44:02.168618226
117.69,1,14:44:02.168878660
117.69,2,14:44:02.168987867
117.69,1,14:44:02.168987867
117.69,1,14:44:02.318441454
117.69,1,14:44:03.960942932
117.69,1,14:44:03.961065082
117.69,2,14:44:03.961094903
117.69,1,14:44:03.961094903
117.69,1,14:44:04.511514440
117.68,1,14:44:04.550093408
117.68,1,14:44:04.550231542
117.68,6,14:44:04.550247997
117.68,1,14:44:04.550247997
117.68,5,14:44:04.550247997
117.68,1,14:44:04.550274835
117.68,4,14:44:04.550274835
117.68,2,14:44:04.550274835
117.68,2,14:44:04.550952332
117.69,1,14:44:05.096807790
117.69,5,14:44:05.096833841
117.69,1,14:44:05.096833841
117.69,1,14:44:05.097414500
117.7,1,14:44:06.455491551
117.7,3,14:44:07.552654195
117.7,5,14:44:07.552654195
117.7,1,14:44:07.552654195
117.7,5,14:44:07.553686534
117.69,1,14:44:09.701884454
117.69,1,14:44:09.702445088
117.69,2,14:44:09.702975481
117.69,1,14:44:09.702991042
117.69,4,14:44:09.702991042
117.69,2,14:44:09.703175417
117.69,2,14:44:09.703551234
117.69,1,14:44:09.703551234
117.69,1,14:44:09.735290096
117.69,7,14:44:10.011821062
117.69,1,14:44:10.011912281
117.69,1,14:44:10.135823811
117.69,1,14:44:10.786007310
117.69,1,14:44:10.786106926
117.69,1,14:44:10.786133873
117.69,5,14:44:10.786133873
117.69,1,14:44:13.074685948
117.69,1,14:44:13.074765378
117.69,5,14:44:13.074789999
117.69,1,14:44:13.074789999
117.69,1,14:44:13.075551084
117.69,1,14:44:13.530332125
117.69,1,14:44:13.901350078
117.69,1,14:44:14.162566897
117.68,2,14:44:15.877996251
117.68,5,14:44:15.878019246
117.68,1,14:44:15.878019246
117.68,1,14:44:15.878927629
117.68,3,14:44:15.878942893
117.68,2,14:44:15.878942893
117.68,4,14:44:15.878957319
117.68,2,14:44:15.878957319
117.68,3,14:44:15.878971690
117.68,1,14:44:15.878971690
117.68,1,14:44:15.878990782
117.67,1,14:44:15.907685037
117.67,1,14:44:15.907703863
117.67,1,14:44:15.908301588
117.67,1,14:44:15.908329766
117.67,1,14:44:15.908904761
117.67,1,14:44:15.909341902
117.68,1,14:44:16.590538756
117.68,2,14:44:16.590969771
117.68,5,14:44:16.590969771
117.68,1,14:44:17.644129777
117.68,3,14:44:17.644129777
117.68,4,14:44:17.644129777
117.68,3,14:44:17.644144279
117.68,1,14:44:17.644655876
117.68,7,14:44:17.823540705
117.68,1,14:44:17.823563578
117.68,1,14:44:18.114504376
117.67,2,14:44:18.149167200
117.67,1,14:44:18.149291612
117.67,1,14:44:18.149306393
117.68,1,14:44:18.241182651
117.68,2,14:44:18.241182651
117.68,11,14:44:20.728430643
117.68,1,14:44:20.728535469
117.68,1,14:44:20.728566458
117.68,7,14:44:20.728566458
117.68,2,14:44:20.728566458
117.68,10,14:44:20.728566458
117.68,1,14:44:20.907718346
117.68,1,14:44:20.907821640
117.68,5,14:44:20.908049767
117.68,1,14:44:20.908049767
117.68,1,14:44:21.023908713
117.68,1,14:44:23.351463104
117.68,1,14:44:23.351710229
117.68,1,14:44:23.351753638
117.68,1,14:44:23.378181041
117.68,1,14:44:23.507307491
117.67,1,14:44:24.159287084
117.67,5,14:44:24.159396181
117.67,1,14:44:24.159433217
117.67,4,14:44:24.159433217
117.67,6,14:44:24.159433217
117.67,17,14:44:24.159433217
117.67,4,14:44:24.220745874
117.67,1,14:44:24.272306107
117.67,1,14:44:24.272598625
117.67,1,14:44:24.272722291
117.68,1,14:44:26.807684987
117.68,1,14:44:26.807781700
117.68,1,14:44:26.807800830
117.68,9,14:44:26.808162886
117.68,1,14:44:26.808162886
117.68,1,14:44:27.451277835
117.68,1,14:44:27.451373236
117.68,1,14:44:28.272646670
117.68,2,14:44:29.272845161
117.68,2,14:44:29.273395026
117.68,1,14:44:29.273573678
117.68,1,14:44:29.273681707
117.67,1,14:44:32.425829666
117.66,1,14:44:32.900880980
117.66,1,14:44:32.901294467
117.66,4,14:44:32.901934806
117.66,1,14:44:32.901949900
117.66,1,14:44:32.931198883
117.66,2,14:44:33.482260063
117.66,1,14:44:33.622521264
117.66,1,14:44:33.622536199
117.66,1,14:44:35.267522272
117.66,1,14:44:35.267893823
117.66,1,14:44:35.268145564
117.66,1,14:44:35.823997200
117.66,1,14:44:35.824386380
117.66,1,14:44:37.381627033
117.66,2,14:44:37.381718902
117.66,1,14:44:37.392592724
117.67,1,14:44:37.636230634
117.67,1,14:44:37.636786124
117.67,2,14:44:37.802348071
117.67,1,14:44:39.637450973
117.67,2,14:44:40.383876693
117.67,3,14:44:40.400963879
117.66,1,14:44:41.930711664
117.67,2,14:44:46.509037546
117.67,5,14:44:46.509037546
117.67,7,14:44:46.509065574
117.67,1,14:44:46.509065574
117.67,1,14:44:46.522400367
117.67,1,14:44:46.535349828
117.68,1,14:44:46.620140557
117.68,1,14:44:46.764064086
117.67,3,14:44:47.036523848
117.67,2,14:44:47.036624874
117.67,1,14:44:47.036651034
117.67,5,14:44:47.036651034
117.67,1,14:44:47.537551911
117.67,1,14:44:47.537653388
117.67,1,14:44:47.537681632
117.67,2,14:44:47.537681632
117.67,4,14:44:47.537681632
117.67,7,14:44:47.537681632
117.67,5,14:44:47.537681632
117.67,2,14:44:48.036837364
117.67,1,14:44:48.036837364
117.67,1,14:44:48.036921154
117.68,2,14:44:48.063069418
117.68,1,14:44:48.063069418
117.68,1,14:44:48.091104510
117.68,3,14:44:48.114265251
117.68,1,14:44:48.114361055
117.68,5,14:44:48.114361055
117.68,1,14:44:48.123652731
117.68,1,14:44:48.283170102
117.69,1,14:44:48.735248717
117.69,2,14:44:48.735584963
117.69,1,14:44:48.735767541
117.69,1,14:44:48.813457017
117.69,6,14:44:48.813457017
117.69,1,14:44:48.813471820
117.69,2,14:44:48.813527952
117.7,1,14:44:49.129543141
117.7,4,14:44:50.116828209
117.7,1,14:44:50.421811357
117.7,1,14:44:50.421875517
117.7,1,14:44:50.608857624
117.7,1,14:44:51.528768383
117.7,6,14:44:51.528768383
117.7,1,14:44:51.528855593
117.7,1,14:44:51.528871132
117.7,4,14:44:52.654051489
117.7,2,14:44:52.654051489
117.7,1,14:44:52.676916483
117.7,3,14:44:52.676991760
117.7,2,14:44:52.677189519
117.7,2,14:44:52.677691420
117.7,1,14:44:52.677789945
117.7,1,14:44:52.819852731
117.7,1,14:44:52.820004141
117.7,1,14:44:53.962421583
117.7,1,14:44:53.962761962
117.69,2,14:44:55.366303300
117.69,1,14:44:55.366303300
117.69,6,14:44:55.366384421
117.69,1,14:44:55.366406245
117.69,11,14:44:55.366406245
117.69,1,14:44:56.186009189
117.69,1,14:44:56.186134834
117.69,4,14:44:56.186163865
117.68,3,14:44:56.186163865
117.68,1,14:44:56.186163865
117.69,1,14:44:56.187843799
117.7,1,14:44:56.755216173
117.7,6,14:44:56.755216173
117.7,1,14:44:56.762380811
117.71,2,14:44:58.091485303
117.71,1,14:44:58.091485303
117.71,1,14:44:58.173969337
117.71,3,14:44:58.173969337
117.7,2,14:44:58.481371414
117.7,1,14:44:58.481371414
117.7,2,14:44:58.482072978
117.71,4,14:44:58.675948692
117.71,1,14:44:58.698560061
117.71,1,14:44:58.698635971
117.71,1,14:44:58.698650451
117.71,1,14:44:58.766275529
117.71,1,14:44:58.766369113
117.71,1,14:44:58.766384617
117.71,1,14:44:58.788963726
117.71,2,14:44:58.788963726
117.7,1,14:44:59.545468689
117.7,1,14:44:59.638337472
117.71,1,14:44:59.638439756
117.71,6,14:44:59.638470895
117.71,5,14:44:59.638470895
117.71,1,14:44:59.638470895
117.71,4,14:44:59.638470895
117.7,5,14:45:00.385286679
117.7,2,14:45:00.385286679
117.7,1,14:45:00.385286679
117.7,3,14:45:00.385940224
117.7,1,14:45:00.770551098
117.7,1,14:45:00.770565299
117.7,1,14:45:00.770580320
117.7,1,14:45:00.770595750
117.7,5,14:45:00.772031448
117.7,1,14:45:00.772817451
117.7,1,14:45:00.773545780
117.7,1,14:45:00.773564875
117.7,1,14:45:00.774875945
117.69,1,14:45:01.440185950
117.69,1,14:45:01.440301761
117.69,2,14:45:01.440325396
117.69,1,14:45:01.440325396
117.69,5,14:45:01.440325396
117.69,6,14:45:01.440325396
117.69,2,14:45:01.440340593
117.7,1,14:45:01.530241586
117.7,1,14:45:01.530333071
117.7,1,14:45:01.530371170
117.7,5,14:45:01.530371170
117.7,2,14:45:01.919289777
117.7,1,14:45:01.919289777
117.7,1,14:45:01.923590408
117.7,1,14:45:02.154676508
117.7,1,14:45:03.291667592
117.7,1,14:45:03.338148747
117.69,1,14:45:06.394230659
117.68,4,14:45:07.257080642
117.68,1,14:45:07.257080642
117.68,1,14:45:08.287747896
117.68,2,14:45:08.468595954
117.67,1,14:45:09.294402944
117.67,5,14:45:09.295067468
117.67,1,14:45:09.295573702
117.67,1,14:45:09.305430546
117.67,1,14:45:09.317758498
117.68,2,14:45:10.947391280
117.68,1,14:45:10.947391280
117.68,6,14:45:10.948094875
117.68,1,14:45:10.948139752
117.68,1,14:45:10.948266250
117.68,1,14:45:10.948280412
117.68,3,14:45:10.948294412
117.68,1,14:45:11.207895460
117.69,1,14:45:11.618038361
117.69,1,14:45:11.618131238
117.69,1,14:45:11.618147840
117.69,6,14:45:11.618147840
117.69,4,14:45:11.618526057
117.69,1,14:45:11.618526057
117.69,1,14:45:11.618868066
117.69,1,14:45:11.905829065
117.69,1,14:45:11.905905138
117.69,1,14:45:13.021670154
117.69,1,14:45:13.022202438
117.69,1,14:45:13.022576038
117.69,1,14:45:13.023123628
117.69,1,14:45:13.023800337
117.68,1,14:45:14.148484474
117.68,1,14:45:14.149097890
117.68,1,14:45:14.982133899
117.68,4,14:45:15.143380553
117.68,1,14:45:15.143395522
117.69,1,14:45:15.829777457
117.69,1,14:45:15.830299340
117.69,4,14:45:15.830356336
117.69,1,14:45:15.830356336
117.69,1,14:45:15.830533545
117.69,1,14:45:15.830893833
117.69,1,14:45:15.831073571
117.69,1,14:45:15.831107548
117.69,1,14:45:15.833573582
117.69,1,14:45:16.176441930
117.69,1,14:45:16.176745592
117.68,1,14:45:16.891249136
117.68,5,14:45:16.891802090
117.69,1,14:45:17.050202205
117.68,1,14:45:19.788041255
117.67,1,14:45:22.234492443
117.67,3,14:45:22.234740549
117.67,2,14:45:22.235421302
117.68,1,14:45:22.706562790
117.68,3,14:45:22.706731181
117.68,1,14:45:22.706731181
117.68,1,14:45:22.706837189
117.68,4,14:45:22.707703342
117.68,1,14:45:22.707735666
117.68,2,14:45:22.707735666
117.68,1,14:45:22.707750415
117.68,1,14:45:22.707769180
117.68,6,14:45:22.970308390
117.68,2,14:45:22.970308390
117.68,1,14:45:22.970321891
117.68,1,14:45:22.970336198
117.69,1,14:45:23.384704047
117.69,6,14:45:23.384785589
117.69,1,14:45:23.496449346
117.68,1,14:45:26.023712805
117.68,3,14:45:26.023802056
117.68,2,14:45:26.024245335
117.68,1,14:45:26.024245335
117.68,6,14:45:26.024736705
117.68,7,14:45:26.024736705
117.68,4,14:45:26.024736705
117.68,1,14:45:26.033414999
117.68,1,14:45:26.034489767
117.68,1,14:45:26.216360740
117.69,5,14:45:27.570320102
117.69,1,14:45:27.570320102
117.69,1,14:45:27.570923685
117.69,1,14:45:27.610803648
117.69,2,14:45:27.665788064
117.69,1,14:45:28.490867673
117.69,1,14:45:28.491210255
117.69,1,14:45:29.376395024
117.69,1,14:45:29.734939374
117.69,1,14:45:29.736259990
117.69,1,14:45:29.845347955
117.69,1,14:45:29.852976333
117.69,1,14:45:30.144204686
117.69,1,14:45:30.411640061
117.69,1,14:45:30.412003322
117.69,2,14:45:31.606964578
117.69,7,14:45:31.607073345
117.69,1,14:45:33.686287638
117.69,1,14:45:33.686461679
117.69,1,14:45:33.686476649
117.69,6,14:45:33.686491078
117.69,1,14:45:33.686491078
117.69,1,14:45:33.686513001
117.69,5,14:45:33.687399893
117.69,1,14:45:33.687643541
117.7,1,14:45:34.562072915
117.7,1,14:45:34.562260937
117.7,1,14:45:34.562276211
117.7,1,14:45:34.564488721
117.7,6,14:45:34.564504855
117.71,1,14:45:36.074647327
117.71,1,14:45:36.074737848
117.71,1,14:45:36.074841487
117.71,1,14:45:36.078795749
117.71,4,14:45:36.433109409
117.7,1,14:45:36.629342874
117.7,4,14:45:36.629342874
117.7,1,14:45:37.317339694
117.7,11,14:45:37.317339694
117.7,1,14:45:37.317437963
117.7,6,14:45:37.317463326
117.7,1,14:45:37.317463326
117.7,1,14:45:38.286213875
117.7,1,14:45:38.308984090
117.69,1,14:45:39.807946506
117.69,1,14:45:39.859970914
117.69,1,14:45:41.531253780
117.69,1,14:45:41.531342983
117.69,1,14:45:41.531360695
117.69,6,14:45:41.531360695
117.69,5,14:45:48.414937239
117.69,1,14:45:48.415041735
117.69,1,14:45:48.415065338
117.69,8,14:45:48.415065338
117.69,1,14:45:48.763190411
117.69,2,14:45:49.686538803
117.69,1,14:45:50.023794156
117.69,1,14:45:50.023981310
117.7,6,14:45:51.592265175
117.7,1,14:45:51.592369450
117.7,1,14:45:51.592387162
117.7,2,14:45:51.593474176
117.7,2,14:45:54.284435965
117.69,6,14:45:54.390029783
117.69,1,14:45:54.390134595
117.69,4,14:45:54.390160301
117.69,1,14:45:54.390160301
117.69,2,14:45:54.390160301
117.69,2,14:45:55.478988419
117.69,9,14:45:55.479077926
117.69,25,14:45:55.479263286
117.69,1,14:45:55.479263286
117.69,1,14:45:55.479394104
117.7,1,14:45:55.514381185
117.7,2,14:45:55.580671910
117.7,2,14:45:55.580768808
117.69,2,14:45:56.690105805
117.69,1,14:45:56.690105805
117.69,6,14:45:56.690105805
117.69,6,14:45:56.691833135
117.69,1,14:45:56.692102527
117.7,6,14:46:00.272212284
117.7,3,14:46:00.711447468
117.7,1,14:46:00.711447468
117.7,1,14:46:00.739608980
117.7,3,14:46:02.014915324
117.7,6,14:46:02.014915324
117.7,1,14:46:02.124579880
117.69,1,14:46:03.231346248
117.69,1,14:46:03.231418063
117.69,1,14:46:03.231537826
117.69,1,14:46:03.232525988
117.69,1,14:46:03.232600760
117.69,1,14:46:03.232615915
117.69,2,14:46:03.234128144
117.69,1,14:46:03.239666886
117.69,1,14:46:04.739377722
117.69,5,14:46:04.739377722
117.69,2,14:46:04.739478332
117.69,1,14:46:04.739478332
117.69,1,14:46:04.742901578
117.69,1,14:46:05.344454852
117.7,1,14:46:06.944660833
117.7,1,14:46:06.944749143
117.7,1,14:46:06.944766634
117.7,1,14:46:06.944841530
