bidVolume,bidPrice,askVolume,askPrice,timestamp
18,117.94,43,117.95,08:45:00.007371073
17,117.94,43,117.95,08:45:00.007438766
17,117.94,42,117.95,08:45:00.007539294
17,117.94,43,117.95,08:45:00.010927493
17,117.94,41,117.95,08:45:00.041272531
17,117.94,43,117.95,08:45:00.047108435
17,117.94,41,117.95,08:45:00.103611687
13,117.94,41,117.95,08:45:00.128209428
32,117.94,41,117.95,08:45:00.145186323
33,117.94,41,117.95,08:45:00.145451644
33,117.94,42,117.95,08:45:00.274532935
33,117.94,43,117.95,08:45:00.274717383
36,117.94,43,117.95,08:45:00.292031970
36,117.94,42,117.95,08:45:00.292201580
38,117.94,42,117.95,08:45:00.292264888
39,117.94,42,117.95,08:45:00.293725073
39,117.94,41,117.95,08:45:00.293896420
39,117.94,40,117.95,08:45:00.299043869
39,117.94,41,117.95,08:45:00.301060339
38,117.94,41,117.95,08:45:00.301195897
38,117.94,40,117.95,08:45:00.304395754
39,117.94,40,117.95,08:45:00.304534371
40,117.94,40,117.95,08:45:00.304702874
40,117.94,41,117.95,08:45:00.336083935
39,117.94,41,117.95,08:45:00.336220043
38,117.94,41,117.95,08:45:00.497834798
36,117.94,41,117.95,08:45:00.515382639
37,117.94,41,117.95,08:45:00.766694497
38,117.94,41,117.95,08:45:00.766868138
39,117.94,41,117.95,08:45:00.766929917
38,117.94,41,117.95,08:45:00.767033267
38,117.94,45,117.95,08:45:01.231158936
38,117.94,44,117.95,08:45:01.262561159
39,117.94,44,117.95,08:45:01.262659818
39,117.94,41,117.95,08:45:01.262751031
39,117.94,37,117.95,08:45:01.262801187
45,117.94,37,117.95,08:45:01.262801187
47,117.94,37,117.95,08:45:01.262823581
48,117.94,37,117.95,08:45:01.262887651
48,117.94,35,117.95,08:45:01.265129989
48,117.94,28,117.95,08:45:01.265310375
48,117.94,29,117.95,08:45:01.265946065
48,117.94,28,117.95,08:45:01.266335681
47,117.94,28,117.95,08:45:01.266401556
47,117.94,29,117.95,08:45:01.266492922
46,117.94,29,117.95,08:45:01.266711139
46,117.94,28,117.95,08:45:01.266781462
47,117.94,28,117.95,08:45:01.266931738
46,117.94,28,117.95,08:45:01.267088842
47,117.94,28,117.95,08:45:01.268450889
46,117.94,28,117.95,08:45:01.268755814
46,117.94,29,117.95,08:45:01.269927368
46,117.94,28,117.95,08:45:01.271468663
46,117.94,29,117.95,08:45:01.273926783
47,117.94,29,117.95,08:45:01.274078088
47,117.94,28,117.95,08:45:01.275589754
46,117.94,28,117.95,08:45:01.291579686
46,117.94,29,117.95,08:45:01.291700932
46,117.94,28,117.95,08:45:01.449408760
46,117.94,29,117.95,08:45:01.482324943
46,117.94,26,117.95,08:45:01.490092929
46,117.94,25,117.95,08:45:01.490282208
47,117.94,25,117.95,08:45:01.490350688
47,117.94,27,117.95,08:45:01.500916883
47,117.94,28,117.95,08:45:01.501088173
46,117.94,28,117.95,08:45:01.501154147
49,117.94,28,117.95,08:45:01.683578925
49,117.94,27,117.95,08:45:01.683764592
49,117.94,23,117.95,08:45:01.804468753
50,117.94,23,117.95,08:45:01.804618646
50,117.94,24,117.95,08:45:01.863520585
49,117.94,24,117.95,08:45:01.863707856
49,117.94,23,117.95,08:45:02.005854317
50,117.94,23,117.95,08:45:02.006036177
50,117.94,24,117.95,08:45:02.248252030
49,117.94,24,117.95,08:45:02.248413060
49,117.94,23,117.95,08:45:02.265224550
51,117.94,23,117.95,08:45:02.325394966
52,117.94,23,117.95,08:45:02.325549472
52,117.94,22,117.95,08:45:02.589263088
52,117.94,21,117.95,08:45:02.589408678
52,117.94,20,117.95,08:45:02.594955369
52,117.94,18,117.95,08:45:02.598892746
52,117.94,17,117.95,08:45:02.599490620
62,117.94,17,117.95,08:45:02.599490620
62,117.94,16,117.95,08:45:02.599605228
62,117.94,14,117.95,08:45:02.599605228
62,117.94,9,117.95,08:45:02.599731558
62,117.94,6,117.95,08:45:02.600253736
62,117.94,5,117.95,08:45:02.600253736
62,117.94,4,117.95,08:45:02.600253736
62,117.94,3,117.95,08:45:02.600253736
62,117.94,2,117.95,08:45:02.600253736
67,117.94,2,117.95,08:45:02.600377493
67,117.94,1,117.95,08:45:02.600377493
67,117.94,74,117.96,08:45:02.600396421
69,117.94,74,117.96,08:45:02.600396421
71,117.94,74,117.96,08:45:02.600396421
1,117.95,74,117.96,08:45:02.600591051
1,117.95,67,117.96,08:45:02.600911291
2,117.95,67,117.96,08:45:02.600911291
3,117.95,67,117.96,08:45:02.600911291
3,117.95,66,117.96,08:45:02.600911291
4,117.95,66,117.96,08:45:02.600911291
3,117.95,66,117.96,08:45:02.601037317
5,117.95,66,117.96,08:45:02.601037317
6,117.95,66,117.96,08:45:02.601037317
5,117.95,66,117.96,08:45:02.601256354
3,117.95,66,117.96,08:45:02.601270779
5,117.95,66,117.96,08:45:02.601441410
6,117.95,66,117.96,08:45:02.610325685
7,117.95,66,117.96,08:45:02.610395281
6,117.95,66,117.96,08:45:02.628792515
5,117.95,66,117.96,08:45:02.628937622
4,117.95,66,117.96,08:45:02.629007808
3,117.95,66,117.96,08:45:02.641667704
3,117.95,68,117.96,08:45:02.641848971
4,117.95,68,117.96,08:45:02.673862294
6,117.95,68,117.96,08:45:02.675287487
7,117.95,68,117.96,08:45:02.675423406
8,117.95,68,117.96,08:45:02.675592866
8,117.95,66,117.96,08:45:02.675770911
9,117.95,66,117.96,08:45:02.675909515
8,117.95,66,117.96,08:45:02.708369114
7,117.95,66,117.96,08:45:02.708497728
6,117.95,66,117.96,08:45:02.708650675
4,117.95,66,117.96,08:45:02.709631855
3,117.95,66,117.96,08:45:02.776140654
1,117.95,66,117.96,08:45:02.783990915
52,117.94,66,117.96,08:45:02.784182687
52,117.94,2,117.95,08:45:02.784264470
52,117.94,6,117.95,08:45:02.784554420
52,117.94,4,117.95,08:45:02.784934120
52,117.94,66,117.96,08:45:02.784934120
10,117.95,66,117.96,08:45:02.784934120
10,117.95,73,117.96,08:45:02.785011787
9,117.95,73,117.96,08:45:02.785026555
11,117.95,73,117.96,08:45:02.785229492
11,117.95,66,117.96,08:45:02.785229492
11,117.95,72,117.96,08:45:02.785302420
9,117.95,72,117.96,08:45:02.786325446
52,117.94,72,117.96,08:45:02.791520537
52,117.94,66,117.96,08:45:02.791798311
62,117.94,66,117.96,08:45:02.844205324
63,117.94,66,117.96,08:45:03.184955863
1,117.95,66,117.96,08:45:03.304571745
2,117.95,66,117.96,08:45:03.304824673
4,117.95,66,117.96,08:45:03.304824673
6,117.95,66,117.96,08:45:03.484834546
5,117.95,66,117.96,08:45:03.627397100
4,117.95,66,117.96,08:45:03.627465407
2,117.95,66,117.96,08:45:03.627689330
1,117.95,66,117.96,08:45:03.631528729
61,117.94,66,117.96,08:45:03.631755567
61,117.94,71,117.96,08:45:03.631821865
61,117.94,1,117.95,08:45:03.632428297
61,117.94,2,117.95,08:45:03.632610549
61,117.94,3,117.95,08:45:03.632687212
61,117.94,2,117.95,08:45:03.636167145
61,117.94,3,117.95,08:45:03.664141406
65,117.94,3,117.95,08:45:03.804098512
65,117.94,2,117.95,08:45:03.804261244
65,117.94,1,117.95,08:45:03.804420201
65,117.94,4,117.95,08:45:03.841118938
65,117.94,11,117.95,08:45:03.841356811
65,117.94,13,117.95,08:45:03.843421927
65,117.94,15,117.95,08:45:03.843486759
65,117.94,16,117.95,08:45:03.843555204
65,117.94,17,117.95,08:45:03.843640761
60,117.94,17,117.95,08:45:03.843640761
58,117.94,17,117.95,08:45:03.843640761
58,117.94,18,117.95,08:45:03.843814055
48,117.94,18,117.95,08:45:03.843897312
38,117.94,18,117.95,08:45:03.844064035
38,117.94,17,117.95,08:45:03.844064035
37,117.94,17,117.95,08:45:03.844159507
37,117.94,22,117.95,08:45:03.844264944
37,117.94,24,117.95,08:45:03.844264944
37,117.94,23,117.95,08:45:03.844329910
37,117.94,24,117.95,08:45:03.844588652
37,117.94,25,117.95,08:45:03.844720365
37,117.94,26,117.95,08:45:03.844828067
37,117.94,25,117.95,08:45:03.845340511
37,117.94,26,117.95,08:45:03.845512652
37,117.94,25,117.95,08:45:03.848483111
37,117.94,24,117.95,08:45:03.848548119
37,117.94,23,117.95,08:45:03.848662698
37,117.94,18,117.95,08:45:03.848832231
37,117.94,16,117.95,08:45:03.848904892
38,117.94,16,117.95,08:45:03.859041031
38,117.94,15,117.95,08:45:03.910999516
35,117.94,15,117.95,08:45:03.955035200
34,117.94,15,117.95,08:45:03.956833305
34,117.94,16,117.95,08:45:03.958850833
34,117.94,17,117.95,08:45:03.959459508
34,117.94,22,117.95,08:45:03.959616039
34,117.94,24,117.95,08:45:03.959774686
34,117.94,25,117.95,08:45:03.959847443
33,117.94,25,117.95,08:45:03.959931240
35,117.94,25,117.95,08:45:03.994780478
36,117.94,25,117.95,08:45:04.030837268
36,117.94,24,117.95,08:45:04.110443393
36,117.94,25,117.95,08:45:04.127606240
35,117.94,25,117.95,08:45:04.301597282
35,117.94,26,117.95,08:45:04.301776124
35,117.94,27,117.95,08:45:04.301897029
35,117.94,26,117.95,08:45:04.312092594
36,117.94,26,117.95,08:45:04.630503090
36,117.94,25,117.95,08:45:04.766217689
36,117.94,26,117.95,08:45:04.871910771
36,117.94,27,117.95,08:45:04.871982816
36,117.94,31,117.95,08:45:04.871982816
36,117.94,32,117.95,08:45:04.872071001
34,117.94,32,117.95,08:45:04.872071001
33,117.94,32,117.95,08:45:04.872084924
27,117.94,32,117.95,08:45:04.872190700
27,117.94,42,117.95,08:45:04.872216568
27,117.94,47,117.95,08:45:04.872216568
27,117.94,49,117.95,08:45:04.872276611
25,117.94,49,117.95,08:45:04.873257998
24,117.94,49,117.95,08:45:04.876639472
25,117.94,49,117.95,08:45:04.876804460
24,117.94,49,117.95,08:45:04.878419259
24,117.94,39,117.95,08:45:04.883183068
25,117.94,39,117.95,08:45:04.883348927
25,117.94,41,117.95,08:45:04.884025290
25,117.94,39,117.95,08:45:04.884260394
24,117.94,39,117.95,08:45:04.884861595
25,117.94,39,117.95,08:45:04.885132324
26,117.94,39,117.95,08:45:04.885238612
26,117.94,38,117.95,08:45:04.891414805
25,117.94,38,117.95,08:45:04.901934006
26,117.94,38,117.95,08:45:04.940975825
26,117.94,40,117.95,08:45:04.951527206
26,117.94,38,117.95,08:45:05.049032762
26,117.94,39,117.95,08:45:05.066238513
27,117.94,39,117.95,08:45:05.107987530
27,117.94,38,117.95,08:45:05.108063954
28,117.94,38,117.95,08:45:05.108063954
28,117.94,34,117.95,08:45:05.108169578
27,117.94,34,117.95,08:45:05.108234848
26,117.94,34,117.95,08:45:05.117996359
27,117.94,34,117.95,08:45:05.223658406
27,117.94,44,117.95,08:45:05.325700264
25,117.94,44,117.95,08:45:05.385019271
24,117.94,44,117.95,08:45:05.387146832
26,117.94,44,117.95,08:45:05.436785395
26,117.94,47,117.95,08:45:05.501481038
25,117.94,47,117.95,08:45:05.527090206
25,117.94,48,117.95,08:45:05.527332401
25,117.94,47,117.95,08:45:05.828131097
26,117.94,47,117.95,08:45:06.045678109
26,117.94,37,117.95,08:45:06.174272335
24,117.94,37,117.95,08:45:06.302072907
22,117.94,37,117.95,08:45:06.302141002
21,117.94,37,117.95,08:45:06.302331091
21,117.94,38,117.95,08:45:06.302331091
21,117.94,48,117.95,08:45:06.302406896
21,117.94,52,117.95,08:45:06.302406896
23,117.94,52,117.95,08:45:06.302420717
21,117.94,52,117.95,08:45:06.505504160
20,117.94,52,117.95,08:45:06.726623962
19,117.94,52,117.95,08:45:06.726623962
17,117.94,52,117.95,08:45:06.726638125
19,117.94,52,117.95,08:45:06.727198248
18,117.94,52,117.95,08:45:06.727547354
16,117.94,52,117.95,08:45:06.730858338
18,117.94,52,117.95,08:45:06.731105330
20,117.94,52,117.95,08:45:06.733705600
18,117.94,52,117.95,08:45:06.743355748
16,117.94,52,117.95,08:45:06.744027961
18,117.94,52,117.95,08:45:06.744186688
19,117.94,52,117.95,08:45:06.747035441
21,117.94,52,117.95,08:45:06.747108325
22,117.94,52,117.95,08:45:06.747355572
21,117.94,52,117.95,08:45:06.747596657
22,117.94,52,117.95,08:45:06.747596657
23,117.94,52,117.95,08:45:06.747774327
24,117.94,52,117.95,08:45:06.749031495
25,117.94,52,117.95,08:45:06.749186138
24,117.94,52,117.95,08:45:06.751072104
23,117.94,52,117.95,08:45:06.751306063
22,117.94,52,117.95,08:45:06.751602309
23,117.94,52,117.95,08:45:06.753374797
24,117.94,52,117.95,08:45:06.753439600
25,117.94,52,117.95,08:45:06.753694423
26,117.94,52,117.95,08:45:06.753770547
25,117.94,52,117.95,08:45:06.754831136
23,117.94,52,117.95,08:45:06.754902966
22,117.94,52,117.95,08:45:06.754992367
21,117.94,52,117.95,08:45:06.754992367
20,117.94,52,117.95,08:45:06.756271919
21,117.94,52,117.95,08:45:06.761307352
20,117.94,52,117.95,08:45:06.761473682
19,117.94,52,117.95,08:45:06.785608412
19,117.94,54,117.95,08:45:06.802234620
19,117.94,55,117.95,08:45:06.802459294
18,117.94,55,117.95,08:45:06.856979288
18,117.94,54,117.95,08:45:06.934925644
17,117.94,54,117.95,08:45:06.969866558
16,117.94,54,117.95,08:45:06.970339311
14,117.94,54,117.95,08:45:06.970339311
14,117.94,56,117.95,08:45:06.970829397
13,117.94,56,117.95,08:45:06.971081179
12,117.94,56,117.95,08:45:06.971323745
12,117.94,58,117.95,08:45:06.971323745
11,117.94,58,117.95,08:45:06.971737095
8,117.94,58,117.95,08:45:06.971737095
4,117.94,58,117.95,08:45:06.971737095
3,117.94,58,117.95,08:45:06.971737095
2,117.94,58,117.95,08:45:06.971737095
76,117.93,58,117.95,08:45:06.971840174
70,117.93,58,117.95,08:45:06.971861722
65,117.93,58,117.95,08:45:06.971861722
65,117.93,8,117.94,08:45:06.971931182
65,117.93,10,117.94,08:45:06.972049816
55,117.93,10,117.94,08:45:06.972223930
55,117.93,12,117.94,08:45:06.972223930
55,117.93,13,117.94,08:45:06.972223930
55,117.93,15,117.94,08:45:06.972531850
55,117.93,7,117.94,08:45:06.993183581
55,117.93,8,117.94,08:45:07.009614428
54,117.93,8,117.94,08:45:07.010446149
54,117.93,15,117.94,08:45:07.010613217
48,117.93,15,117.94,08:45:07.010920511
45,117.93,15,117.94,08:45:07.010920511
45,117.93,16,117.94,08:45:07.011030155
45,117.93,14,117.94,08:45:07.011491479
45,117.93,13,117.94,08:45:07.011621380
47,117.93,13,117.94,08:45:07.011683057
51,117.93,13,117.94,08:45:07.049922217
51,117.93,6,117.94,08:45:07.052401174
51,117.93,5,117.94,08:45:07.052574503
51,117.93,3,117.94,08:45:07.073742096
51,117.93,4,117.94,08:45:07.343549593
51,117.93,11,117.94,08:45:07.343709590
51,117.93,13,117.94,08:45:07.343866012
51,117.93,11,117.94,08:45:07.380539157
52,117.93,11,117.94,08:45:07.420686888
53,117.93,11,117.94,08:45:07.420858667
53,117.93,10,117.94,08:45:07.421013851
53,117.93,14,117.94,08:45:07.470486548
52,117.93,14,117.94,08:45:07.588923671
58,117.93,14,117.94,08:45:08.047350728
58,117.93,7,117.94,08:45:08.047502557
58,117.93,9,117.94,08:45:08.318901050
58,117.93,10,117.94,08:45:08.318982032
58,117.93,17,117.94,08:45:08.319214066
58,117.93,19,117.94,08:45:08.319355834
56,117.93,19,117.94,08:45:08.422142666
56,117.93,20,117.94,08:45:08.601525363
56,117.93,21,117.94,08:45:08.601607747
56,117.93,24,117.94,08:45:08.601607747
56,117.93,25,117.94,08:45:08.601620754
55,117.93,25,117.94,08:45:08.601711759
55,117.93,24,117.94,08:45:08.601946117
55,117.93,21,117.94,08:45:08.601946117
52,117.93,21,117.94,08:45:08.602228882
50,117.93,21,117.94,08:45:08.602228882
45,117.93,21,117.94,08:45:08.602311150
45,117.93,28,117.94,08:45:08.602311150
45,117.93,30,117.94,08:45:08.602386757
45,117.93,31,117.94,08:45:08.603197448
45,117.93,30,117.94,08:45:08.603373166
45,117.93,28,117.94,08:45:08.603557592
41,117.93,28,117.94,08:45:08.603704448
41,117.93,30,117.94,08:45:08.603979812
41,117.93,32,117.94,08:45:08.604059303
41,117.93,33,117.94,08:45:08.604059303
41,117.93,32,117.94,08:45:08.604281146
41,117.93,30,117.94,08:45:08.604985316
39,117.93,30,117.94,08:45:08.605117469
39,117.93,31,117.94,08:45:08.605648275
39,117.93,32,117.94,08:45:08.605712169
39,117.93,35,117.94,08:45:08.605840624
39,117.93,36,117.94,08:45:08.606057900
39,117.93,35,117.94,08:45:08.606176921
39,117.93,34,117.94,08:45:08.606432665
39,117.93,33,117.94,08:45:08.606606563
39,117.93,34,117.94,08:45:08.607449768
39,117.93,33,117.94,08:45:08.607609026
39,117.93,34,117.94,08:45:08.607945310
39,117.93,33,117.94,08:45:08.608880285
39,117.93,34,117.94,08:45:08.609585105
32,117.93,34,117.94,08:45:08.609732871
32,117.93,36,117.94,08:45:08.609888916
32,117.93,34,117.94,08:45:08.610089315
32,117.93,33,117.94,08:45:08.610218336
32,117.93,34,117.94,08:45:08.610872857
32,117.93,33,117.94,08:45:08.611190588
32,117.93,30,117.94,08:45:08.611447260
32,117.93,33,117.94,08:45:08.613939671
32,117.93,34,117.94,08:45:08.613939671
32,117.93,38,117.94,08:45:08.614096951
31,117.93,38,117.94,08:45:08.614165610
31,117.93,40,117.94,08:45:08.614243982
30,117.93,40,117.94,08:45:08.614368116
30,117.93,46,117.94,08:45:08.614467844
28,117.93,46,117.94,08:45:08.616403548
26,117.93,46,117.94,08:45:08.617293676
26,117.93,55,117.94,08:45:08.618802916
25,117.93,55,117.94,08:45:08.618984801
22,117.93,55,117.94,08:45:08.620845324
20,117.93,55,117.94,08:45:08.624998589
19,117.93,55,117.94,08:45:08.625013942
18,117.93,55,117.94,08:45:08.625113593
16,117.93,55,117.94,08:45:08.636192927
16,117.93,57,117.94,08:45:08.695353955
16,117.93,59,117.94,08:45:08.695428957
16,117.93,61,117.94,08:45:08.695538710
15,117.93,61,117.94,08:45:08.882656602
15,117.93,59,117.94,08:45:08.882843761
16,117.93,59,117.94,08:45:08.998630659
17,117.93,59,117.94,08:45:08.998810124
18,117.93,59,117.94,08:45:09.002988278
20,117.93,59,117.94,08:45:09.003342336
21,117.93,59,117.94,08:45:09.003411433
23,117.93,59,117.94,08:45:09.003680658
23,117.93,58,117.94,08:45:09.003836271
24,117.93,58,117.94,08:45:09.007290250
25,117.93,58,117.94,08:45:09.026052625
26,117.93,58,117.94,08:45:09.026195393
25,117.93,58,117.94,08:45:09.052807321
24,117.93,58,117.94,08:45:09.053039219
23,117.93,58,117.94,08:45:09.053196553
24,117.93,58,117.94,08:45:09.057039715
25,117.93,58,117.94,08:45:09.057290230
26,117.93,58,117.94,08:45:09.058575778
25,117.93,58,117.94,08:45:09.063849429
24,117.93,58,117.94,08:45:09.064003327
23,117.93,58,117.94,08:45:09.064075256
22,117.93,58,117.94,08:45:09.090473966
21,117.93,58,117.94,08:45:09.094993608
19,117.93,58,117.94,08:45:09.095339808
18,117.93,58,117.94,08:45:09.095446196
16,117.93,58,117.94,08:45:09.095446196
15,117.93,58,117.94,08:45:09.099463710
11,117.93,58,117.94,08:45:09.100036324
12,117.93,58,117.94,08:45:09.120262000
13,117.93,58,117.94,08:45:09.120404775
14,117.93,58,117.94,08:45:09.120496324
16,117.93,58,117.94,08:45:09.120588692
18,117.93,58,117.94,08:45:09.120588692
19,117.93,58,117.94,08:45:09.120659348
21,117.93,58,117.94,08:45:09.120732324
23,117.93,58,117.94,08:45:09.137384008
23,117.93,59,117.94,08:45:09.246837583
21,117.93,59,117.94,08:45:09.346371595
20,117.93,59,117.94,08:45:09.346649611
19,117.93,59,117.94,08:45:09.348602388
19,117.93,61,117.94,08:45:09.349995564
18,117.93,61,117.94,08:45:09.412104014
18,117.93,64,117.94,08:45:09.495775768
16,117.93,64,117.94,08:45:09.503140186
15,117.93,64,117.94,08:45:09.660891536
13,117.93,64,117.94,08:45:09.660957860
13,117.93,62,117.94,08:45:09.663895307
13,117.93,61,117.94,08:45:09.663895307
13,117.93,57,117.94,08:45:09.663970690
13,117.93,55,117.94,08:45:09.663984232
15,117.93,55,117.94,08:45:09.664143004
18,117.93,55,117.94,08:45:09.664143004
21,117.93,55,117.94,08:45:09.664143004
22,117.93,55,117.94,08:45:09.664248261
24,117.93,55,117.94,08:45:09.664248261
24,117.93,56,117.94,08:45:09.664248261
23,117.93,56,117.94,08:45:09.664595723
23,117.93,59,117.94,08:45:09.664595723
20,117.93,59,117.94,08:45:09.664721589
21,117.93,59,117.94,08:45:09.675822852
22,117.93,59,117.94,08:45:09.676038260
21,117.93,59,117.94,08:45:09.676151191
20,117.93,59,117.94,08:45:09.759744238
20,117.93,56,117.94,08:45:09.759802456
20,117.93,57,117.94,08:45:09.785963207
20,117.93,59,117.94,08:45:09.786126282
18,117.93,59,117.94,08:45:09.786234650
15,117.93,59,117.94,08:45:09.789857384
15,117.93,60,117.94,08:45:09.790282877
13,117.93,60,117.94,08:45:09.791128496
12,117.93,60,117.94,08:45:09.791128496
12,117.93,61,117.94,08:45:09.791310743
12,117.93,63,117.94,08:45:09.791468548
13,117.93,63,117.94,08:45:09.853753688
14,117.93,63,117.94,08:45:09.853878585
16,117.93,63,117.94,08:45:09.854035196
17,117.93,63,117.94,08:45:09.854112276
16,117.93,63,117.94,08:45:09.906918341
16,117.93,61,117.94,08:45:09.908239292
18,117.93,61,117.94,08:45:10.449713357
19,117.93,61,117.94,08:45:10.449777085
20,117.93,61,117.94,08:45:10.449850352
21,117.93,61,117.94,08:45:10.449921008
22,117.93,61,117.94,08:45:10.450040159
23,117.93,61,117.94,08:45:10.450150831
24,117.93,61,117.94,08:45:10.450150831
24,117.93,60,117.94,08:45:10.450150831
24,117.93,58,117.94,08:45:10.450150831
23,117.93,58,117.94,08:45:10.450242025
22,117.93,58,117.94,08:45:10.450388732
21,117.93,58,117.94,08:45:10.450503859
22,117.93,58,117.94,08:45:10.451099189
23,117.93,58,117.94,08:45:10.451385333
23,117.93,57,117.94,08:45:10.452098827
23,117.93,56,117.94,08:45:10.452167291
23,117.93,47,117.94,08:45:10.454536480
24,117.93,47,117.94,08:45:10.454792909
23,117.93,47,117.94,08:45:10.458134798
22,117.93,47,117.94,08:45:10.458280548
21,117.93,47,117.94,08:45:10.458419434
23,117.93,47,117.94,08:45:10.458656925
24,117.93,47,117.94,08:45:10.458830567
26,117.93,47,117.94,08:45:10.458894375
26,117.93,41,117.94,08:45:10.463175447
31,117.93,41,117.94,08:45:10.463675460
31,117.93,39,117.94,08:45:10.463774321
33,117.93,39,117.94,08:45:10.463845872
34,117.93,39,117.94,08:45:10.471280428
34,117.93,38,117.94,08:45:10.471434543
34,117.93,35,117.94,08:45:10.533689933
34,117.93,31,117.94,08:45:10.572932590
34,117.93,29,117.94,08:45:10.572996932
34,117.93,22,117.94,08:45:10.596090984
34,117.93,21,117.94,08:45:10.812653516
35,117.93,21,117.94,08:45:10.812839148
35,117.93,20,117.94,08:45:10.812918188
35,117.93,19,117.94,08:45:10.813896175
35,117.93,17,117.94,08:45:10.813968161
42,117.93,17,117.94,08:45:10.814037575
46,117.93,17,117.94,08:45:10.814037575
53,117.93,17,117.94,08:45:10.814105374
55,117.93,17,117.94,08:45:10.814208315
48,117.93,17,117.94,08:45:10.814336322
48,117.93,18,117.94,08:45:10.857481932
46,117.93,18,117.94,08:45:10.857862556
46,117.93,19,117.94,08:45:10.870465274
46,117.93,21,117.94,08:45:10.870616298
46,117.93,22,117.94,08:45:10.871385487
39,117.93,22,117.94,08:45:10.871385487
35,117.93,22,117.94,08:45:10.871385487
35,117.93,24,117.94,08:45:10.871523433
34,117.93,24,117.94,08:45:10.871715881
34,117.93,22,117.94,08:45:10.871790755
34,117.93,21,117.94,08:45:10.871895557
34,117.93,22,117.94,08:45:10.872030531
34,117.93,21,117.94,08:45:10.872325494
34,117.93,19,117.94,08:45:10.898066974
34,117.93,20,117.94,08:45:10.919631364
34,117.93,21,117.94,08:45:10.923754379
34,117.93,22,117.94,08:45:10.923830270
34,117.93,21,117.94,08:45:10.929215389
34,117.93,20,117.94,08:45:10.931811513
34,117.93,19,117.94,08:45:10.962841595
34,117.93,18,117.94,08:45:10.963180753
35,117.93,18,117.94,08:45:10.963349133
35,117.93,17,117.94,08:45:10.963484106
42,117.93,17,117.94,08:45:10.971494620
46,117.93,17,117.94,08:45:10.971560559
48,117.93,17,117.94,08:45:11.236318650
48,117.93,18,117.94,08:45:11.330317273
48,117.93,17,117.94,08:45:11.351770846
48,117.93,14,117.94,08:45:11.491225351
48,117.93,16,117.94,08:45:11.502048876
49,117.93,16,117.94,08:45:11.564747576
50,117.93,16,117.94,08:45:11.696448031
50,117.93,17,117.94,08:45:11.713024494
50,117.93,18,117.94,08:45:11.713131957
50,117.93,20,117.94,08:45:11.713272485
50,117.93,19,117.94,08:45:11.713344375
50,117.93,20,117.94,08:45:11.713457953
43,117.93,20,117.94,08:45:11.713529915
39,117.93,20,117.94,08:45:11.713623960
39,117.93,22,117.94,08:45:11.713623960
38,117.93,22,117.94,08:45:11.714041159
38,117.93,20,117.94,08:45:11.714360084
38,117.93,21,117.94,08:45:11.714855610
38,117.93,22,117.94,08:45:11.715044774
38,117.93,23,117.94,08:45:11.715121658
38,117.93,24,117.94,08:45:11.715191159
38,117.93,25,117.94,08:45:11.715436851
38,117.93,24,117.94,08:45:11.715726448
38,117.93,23,117.94,08:45:11.715870821
38,117.93,22,117.94,08:45:11.716145372
38,117.93,21,117.94,08:45:11.716603865
38,117.93,23,117.94,08:45:11.717125292
38,117.93,21,117.94,08:45:11.717340440
38,117.93,22,117.94,08:45:11.726453231
39,117.93,22,117.94,08:45:11.761281363
39,117.93,23,117.94,08:45:11.774736968
39,117.93,22,117.94,08:45:11.775111863
39,117.93,23,117.94,08:45:11.781271312
39,117.93,22,117.94,08:45:11.783860754
39,117.93,21,117.94,08:45:11.783998334
39,117.93,20,117.94,08:45:11.826491533
39,117.93,19,117.94,08:45:11.826653725
39,117.93,18,117.94,08:45:11.831386615
39,117.93,16,117.94,08:45:11.831532349
40,117.93,16,117.94,08:45:11.831710781
41,117.93,16,117.94,08:45:11.843667055
41,117.93,18,117.94,08:45:11.951307554
41,117.93,19,117.94,08:45:11.951430255
41,117.93,20,117.94,08:45:11.951505941
41,117.93,22,117.94,08:45:11.951579272
41,117.93,23,117.94,08:45:11.951646469
40,117.93,23,117.94,08:45:11.951727941
40,117.93,24,117.94,08:45:11.951855956
40,117.93,25,117.94,08:45:11.955381488
39,117.93,25,117.94,08:45:11.955523737
39,117.93,23,117.94,08:45:12.082838556
39,117.93,25,117.94,08:45:12.198521716
42,117.93,25,117.94,08:45:12.284466746
42,117.93,24,117.94,08:45:12.296998825
42,117.93,23,117.94,08:45:12.512924327
42,117.93,21,117.94,08:45:12.515751173
42,117.93,20,117.94,08:45:12.569542185
42,117.93,18,117.94,08:45:12.569879724
42,117.93,17,117.94,08:45:12.625068694
43,117.93,17,117.94,08:45:12.625239347
43,117.93,16,117.94,08:45:12.625611961
43,117.93,17,117.94,08:45:12.654648797
43,117.93,16,117.94,08:45:12.654944064
43,117.93,17,117.94,08:45:12.659031629
43,117.93,18,117.94,08:45:12.659183379
43,117.93,19,117.94,08:45:12.669945462
43,117.93,18,117.94,08:45:12.670091900
43,117.93,19,117.94,08:45:12.670212320
43,117.93,18,117.94,08:45:12.694131273
43,117.93,17,117.94,08:45:12.694268967
43,117.93,16,117.94,08:45:12.695952629
43,117.93,14,117.94,08:45:12.816483807
44,117.93,14,117.94,08:45:12.817935285
43,117.93,14,117.94,08:45:12.818088596
43,117.93,15,117.94,08:45:12.846227193
43,117.93,16,117.94,08:45:12.846365807
43,117.93,17,117.94,08:45:12.846434316
43,117.93,19,117.94,08:45:12.846516054
43,117.93,20,117.94,08:45:12.846516054
43,117.93,21,117.94,08:45:12.846586076
42,117.93,21,117.94,08:45:12.846721292
42,117.93,20,117.94,08:45:12.850197802
42,117.93,21,117.94,08:45:12.850970521
42,117.93,20,117.94,08:45:12.853769329
42,117.93,19,117.94,08:45:12.879863117
42,117.93,18,117.94,08:45:12.884107515
42,117.93,17,117.94,08:45:12.888455965
43,117.93,17,117.94,08:45:12.888620619
43,117.93,18,117.94,08:45:12.920371114
43,117.93,19,117.94,08:45:12.924502259
43,117.93,18,117.94,08:45:12.926984857
43,117.93,17,117.94,08:45:12.927182431
43,117.93,18,117.94,08:45:13.344343953
43,117.93,19,117.94,08:45:13.344517562
43,117.93,20,117.94,08:45:13.344658478
43,117.93,21,117.94,08:45:13.344733054
42,117.93,21,117.94,08:45:13.344841403
42,117.93,22,117.94,08:45:13.345535264
42,117.93,23,117.94,08:45:13.355724801
42,117.93,25,117.94,08:45:13.358179461
42,117.93,24,117.94,08:45:13.592900939
42,117.93,25,117.94,08:45:13.617767762
42,117.93,26,117.94,08:45:13.617836901
42,117.93,25,117.94,08:45:13.617977221
42,117.93,24,117.94,08:45:13.618045806
42,117.93,23,117.94,08:45:13.618125239
42,117.93,24,117.94,08:45:13.618779624
42,117.93,25,117.94,08:45:13.618845828
42,117.93,26,117.94,08:45:13.618915147
42,117.93,25,117.94,08:45:13.620589283
42,117.93,24,117.94,08:45:13.620692511
42,117.93,23,117.94,08:45:13.620758480
42,117.93,22,117.94,08:45:13.620863555
42,117.93,24,117.94,08:45:13.622048940
42,117.93,28,117.94,08:45:13.622127785
42,117.93,29,117.94,08:45:13.622195125
42,117.93,30,117.94,08:45:13.622299669
42,117.93,29,117.94,08:45:13.623021624
42,117.93,28,117.94,08:45:13.623163720
42,117.93,29,117.94,08:45:13.623266277
42,117.93,30,117.94,08:45:13.623384411
42,117.93,29,117.94,08:45:13.623638616
42,117.93,28,117.94,08:45:13.623769019
42,117.93,26,117.94,08:45:13.628050126
42,117.93,27,117.94,08:45:13.634724852
42,117.93,26,117.94,08:45:13.640990755
42,117.93,27,117.94,08:45:13.702520937
42,117.93,28,117.94,08:45:13.706232391
42,117.93,29,117.94,08:45:13.706532410
42,117.93,28,117.94,08:45:13.718270706
42,117.93,27,117.94,08:45:13.718336684
42,117.93,26,117.94,08:45:13.718433196
42,117.93,28,117.94,08:45:13.778478889
42,117.93,29,117.94,08:45:13.790999515
42,117.93,30,117.94,08:45:14.134034733
40,117.93,30,117.94,08:45:14.311440861
35,117.93,30,117.94,08:45:14.311506551
35,117.93,29,117.94,08:45:14.311612848
35,117.93,30,117.94,08:45:14.585118363
35,117.93,38,117.94,08:45:14.765531141
33,117.93,38,117.94,08:45:14.765704837
33,117.93,39,117.94,08:45:14.765922908
32,117.93,39,117.94,08:45:14.765990108
30,117.93,39,117.94,08:45:14.766282565
28,117.93,39,117.94,08:45:14.766525717
28,117.93,50,117.94,08:45:14.766631586
28,117.93,51,117.94,08:45:14.766862418
27,117.93,51,117.94,08:45:14.770002198
27,117.93,52,117.94,08:45:14.803697654
27,117.93,53,117.94,08:45:14.840930977
28,117.93,53,117.94,08:45:14.870496904
29,117.93,53,117.94,08:45:14.870667716
30,117.93,53,117.94,08:45:14.875473835
32,117.93,53,117.94,08:45:14.875473835
32,117.93,42,117.94,08:45:14.876009646
32,117.93,34,117.94,08:45:14.876420876
32,117.93,33,117.94,08:45:14.876536637
32,117.93,32,117.94,08:45:14.876611972
32,117.93,31,117.94,08:45:14.876683636
32,117.93,29,117.94,08:45:14.879524363
32,117.93,30,117.94,08:45:14.879683749
32,117.93,31,117.94,08:45:14.879829445
32,117.93,30,117.94,08:45:14.880648203
32,117.93,29,117.94,08:45:14.880789552
32,117.93,30,117.94,08:45:14.905738458
32,117.93,31,117.94,08:45:14.905884906
33,117.93,31,117.94,08:45:15.099544975
31,117.93,31,117.94,08:45:15.178353805
29,117.93,31,117.94,08:45:15.180760113
29,117.93,32,117.94,08:45:15.180910907
29,117.93,31,117.94,08:45:15.181069860
31,117.93,31,117.94,08:45:15.220728046
31,117.93,30,117.94,08:45:15.312390526
31,117.93,29,117.94,08:45:15.312487791
31,117.93,31,117.94,08:45:15.328061700
31,117.93,29,117.94,08:45:15.548594927
31,117.93,30,117.94,08:45:15.640380795
31,117.93,31,117.94,08:45:15.640530779
31,117.93,30,117.94,08:45:15.775551929
31,117.93,29,117.94,08:45:15.775654838
38,117.93,29,117.94,08:45:15.784695745
38,117.93,30,117.94,08:45:15.843318490
38,117.93,31,117.94,08:45:15.843420033
38,117.93,30,117.94,08:45:15.848863799
38,117.93,29,117.94,08:45:15.976339620
38,117.93,28,117.94,08:45:16.144136491
38,117.93,30,117.94,08:45:16.215646265
38,117.93,28,117.94,08:45:16.293913171
38,117.93,29,117.94,08:45:16.294074698
38,117.93,28,117.94,08:45:16.332502534
38,117.93,27,117.94,08:45:16.396475307
38,117.93,23,117.94,08:45:16.761374854
38,117.93,21,117.94,08:45:16.761488285
38,117.93,20,117.94,08:45:16.761736835
38,117.93,21,117.94,08:45:17.028217863
38,117.93,22,117.94,08:45:17.028824820
38,117.93,33,117.94,08:45:17.029566173
38,117.93,34,117.94,08:45:17.029566173
38,117.93,41,117.94,08:45:17.029879202
38,117.93,43,117.94,08:45:17.030111160
37,117.93,43,117.94,08:45:17.030293654
38,117.93,43,117.94,08:45:17.041090449
38,117.93,41,117.94,08:45:17.072051240
38,117.93,30,117.94,08:45:17.072212674
38,117.93,29,117.94,08:45:17.072281595
38,117.93,22,117.94,08:45:17.072384389
38,117.93,20,117.94,08:45:17.167686148
39,117.93,20,117.94,08:45:17.167825092
38,117.93,20,117.94,08:45:17.167931593
38,117.93,22,117.94,08:45:17.168953984
38,117.93,20,117.94,08:45:17.169119574
38,117.93,21,117.94,08:45:17.169369897
38,117.93,22,117.94,08:45:17.169512861
38,117.93,23,117.94,08:45:17.169706582
38,117.93,22,117.94,08:45:17.169777737
38,117.93,21,117.94,08:45:17.170011382
38,117.93,22,117.94,08:45:17.170091987
38,117.93,21,117.94,08:45:17.170197894
38,117.93,22,117.94,08:45:17.170467617
38,117.93,23,117.94,08:45:17.170709032
38,117.93,22,117.94,08:45:17.170709032
38,117.93,21,117.94,08:45:17.170780418
38,117.93,20,117.94,08:45:17.170932479
38,117.93,22,117.94,08:45:17.174019619
38,117.93,26,117.94,08:45:17.174095894
38,117.93,28,117.94,08:45:17.174165792
38,117.93,29,117.94,08:45:17.174234048
38,117.93,28,117.94,08:45:17.174356387
38,117.93,26,117.94,08:45:17.175458527
38,117.93,28,117.94,08:45:17.178036362
38,117.93,26,117.94,08:45:17.178704839
39,117.93,26,117.94,08:45:17.192679069
39,117.93,24,117.94,08:45:17.235453490
39,117.93,20,117.94,08:45:17.235517420
39,117.93,21,117.94,08:45:17.244163933
39,117.93,20,117.94,08:45:17.249448284
39,117.93,19,117.94,08:45:17.998806679
39,117.93,18,117.94,08:45:17.998869802
39,117.93,17,117.94,08:45:17.998979453
39,117.93,16,117.94,08:45:18.000043395
39,117.93,15,117.94,08:45:18.000246594
40,117.93,15,117.94,08:45:18.000320489
42,117.93,15,117.94,08:45:18.000428291
43,117.93,15,117.94,08:45:18.010480399
42,117.93,15,117.94,08:45:18.011228927
40,117.93,15,117.94,08:45:18.012971992
40,117.93,17,117.94,08:45:18.016170726
40,117.93,18,117.94,08:45:18.016312117
40,117.93,19,117.94,08:45:18.016753685
40,117.93,20,117.94,08:45:18.018329203
40,117.93,19,117.94,08:45:18.018998551
40,117.93,20,117.94,08:45:18.020185843
40,117.93,21,117.94,08:45:18.020283734
39,117.93,21,117.94,08:45:18.020438179
39,117.93,22,117.94,08:45:18.020854632
39,117.93,21,117.94,08:45:18.066537590
39,117.93,20,117.94,08:45:18.066684356
39,117.93,19,117.94,08:45:18.066831637
39,117.93,20,117.94,08:45:18.107677048
39,117.93,21,117.94,08:45:18.107938987
39,117.93,20,117.94,08:45:18.112430721
39,117.93,19,117.94,08:45:18.112569669
39,117.93,20,117.94,08:45:18.235401930
39,117.93,21,117.94,08:45:18.235487908
39,117.93,20,117.94,08:45:18.248528715
39,117.93,19,117.94,08:45:18.248619809
39,117.93,18,117.94,08:45:18.251166006
40,117.93,18,117.94,08:45:18.251314134
40,117.93,17,117.94,08:45:18.459891726
40,117.93,18,117.94,08:45:18.463319922
40,117.93,17,117.94,08:45:18.464084299
40,117.93,19,117.94,08:45:19.351687161
40,117.93,20,117.94,08:45:19.832022929
40,117.93,19,117.94,08:45:19.832240635
40,117.93,21,117.94,08:45:19.832743712
40,117.93,23,117.94,08:45:19.832810961
40,117.93,24,117.94,08:45:19.833030356
39,117.93,24,117.94,08:45:19.835389426
39,117.93,25,117.94,08:45:19.836974254
39,117.93,29,117.94,08:45:19.838485891
39,117.93,31,117.94,08:45:19.838554435
39,117.93,32,117.94,08:45:19.838621703
39,117.93,31,117.94,08:45:19.849991078
42,117.93,31,117.94,08:45:19.850205212
42,117.93,32,117.94,08:45:20.173453638
42,117.93,31,117.94,08:45:20.176094735
42,117.93,32,117.94,08:45:20.235139067
41,117.93,32,117.94,08:45:20.678316360
39,117.93,32,117.94,08:45:20.680424861
41,117.93,32,117.94,08:45:20.717568841
41,117.93,31,117.94,08:45:20.717712435
41,117.93,29,117.94,08:45:21.288509594
41,117.93,28,117.94,08:45:21.316610905
41,117.93,26,117.94,08:45:21.317455390
41,117.93,25,117.94,08:45:21.317553687
41,117.93,23,117.94,08:45:21.320204342
41,117.93,24,117.94,08:45:21.326852857
41,117.93,23,117.94,08:45:21.330986931
41,117.93,24,117.94,08:45:21.340284413
41,117.93,25,117.94,08:45:21.340576471
41,117.93,24,117.94,08:45:21.344392212
41,117.93,23,117.94,08:45:21.344537814
41,117.93,24,117.94,08:45:21.350420525
41,117.93,25,117.94,08:45:21.350568531
41,117.93,26,117.94,08:45:21.350732390
41,117.93,27,117.94,08:45:21.371898493
41,117.93,26,117.94,08:45:21.379993918
41,117.93,25,117.94,08:45:21.380137144
41,117.93,24,117.94,08:45:21.384553957
41,117.93,23,117.94,08:45:21.385948298
41,117.93,19,117.94,08:45:21.403557052
42,117.93,19,117.94,08:45:21.433961692
43,117.93,19,117.94,08:45:21.434147395
43,117.93,23,117.94,08:45:22.224007572
43,117.93,24,117.94,08:45:22.224085390
43,117.93,25,117.94,08:45:22.224085390
43,117.93,27,117.94,08:45:22.224099248
43,117.93,26,117.94,08:45:22.224221463
43,117.93,28,117.94,08:45:22.224299402
42,117.93,28,117.94,08:45:22.224380394
42,117.93,26,117.94,08:45:22.224380394
42,117.93,27,117.94,08:45:22.224529361
42,117.93,28,117.94,08:45:22.224683151
42,117.93,35,117.94,08:45:22.226389615
41,117.93,35,117.94,08:45:22.226389615
41,117.93,40,117.94,08:45:22.226495137
34,117.93,40,117.94,08:45:22.226512254
31,117.93,40,117.94,08:45:22.226512254
31,117.93,46,117.94,08:45:22.226512254
31,117.93,50,117.94,08:45:22.226512254
31,117.93,54,117.94,08:45:22.226512254
31,117.93,56,117.94,08:45:22.226512254
31,117.93,55,117.94,08:45:22.226567745
31,117.93,56,117.94,08:45:22.226720860
31,117.93,57,117.94,08:45:22.226791900
31,117.93,58,117.94,08:45:22.226855621
31,117.93,57,117.94,08:45:22.227359357
31,117.93,56,117.94,08:45:22.227525710
32,117.93,56,117.94,08:45:22.227769838
32,117.93,52,117.94,08:45:22.228041400
32,117.93,46,117.94,08:45:22.228041400
32,117.93,45,117.94,08:45:22.228158987
32,117.93,38,117.94,08:45:22.228401016
32,117.93,34,117.94,08:45:22.228401016
32,117.93,36,117.94,08:45:22.228629768
32,117.93,34,117.94,08:45:22.228948558
32,117.93,35,117.94,08:45:22.229507709
32,117.93,36,117.94,08:45:22.229620381
32,117.93,35,117.94,08:45:22.229790180
32,117.93,34,117.94,08:45:22.229861428
32,117.93,35,117.94,08:45:22.230558944
32,117.93,36,117.94,08:45:22.230625843
32,117.93,35,117.94,08:45:22.230823353
32,117.93,34,117.94,08:45:22.230890053
32,117.93,35,117.94,08:45:22.231038150
32,117.93,36,117.94,08:45:22.231116598
32,117.93,35,117.94,08:45:22.231221712
32,117.93,34,117.94,08:45:22.231290521
32,117.93,36,117.94,08:45:22.231419779
32,117.93,34,117.94,08:45:22.231598569
32,117.93,35,117.94,08:45:22.232080450
32,117.93,36,117.94,08:45:22.232249903
32,117.93,35,117.94,08:45:22.232374632
32,117.93,36,117.94,08:45:22.232507237
32,117.93,37,117.94,08:45:22.232819768
32,117.93,41,117.94,08:45:22.235279452
32,117.93,40,117.94,08:45:22.264472650
32,117.93,41,117.94,08:45:22.265872279
32,117.93,42,117.94,08:45:22.271143213
32,117.93,41,117.94,08:45:22.334368153
32,117.93,36,117.94,08:45:22.334368153
32,117.93,34,117.94,08:45:22.334440793
32,117.93,33,117.94,08:45:22.334518335
32,117.93,32,117.94,08:45:22.334585362
32,117.93,33,117.94,08:45:22.341212532
32,117.93,34,117.94,08:45:22.341399923
32,117.93,33,117.94,08:45:22.351043831
32,117.93,32,117.94,08:45:22.351113226
32,117.93,33,117.94,08:45:22.361790254
32,117.93,34,117.94,08:45:22.361938629
32,117.93,35,117.94,08:45:22.427255743
32,117.93,34,117.94,08:45:22.427400165
32,117.93,35,117.94,08:45:22.642421272
30,117.93,35,117.94,08:45:22.760681971
30,117.93,36,117.94,08:45:22.760826499
30,117.93,35,117.94,08:45:22.760969399
29,117.93,35,117.94,08:45:22.763085876
31,117.93,35,117.94,08:45:22.800349700
31,117.93,36,117.94,08:45:23.095421489
31,117.93,35,117.94,08:45:23.392967845
31,117.93,34,117.94,08:45:23.393039378
31,117.93,35,117.94,08:45:23.393168178
31,117.93,34,117.94,08:45:23.394275902
31,117.93,35,117.94,08:45:23.395561633
31,117.93,36,117.94,08:45:23.395695172
31,117.93,35,117.94,08:45:23.398401826
31,117.93,34,117.94,08:45:23.398558696
31,117.93,35,117.94,08:45:23.400906535
31,117.93,36,117.94,08:45:23.402624076
31,117.93,35,117.94,08:45:23.666625052
31,117.93,34,117.94,08:45:23.666752098
31,117.93,36,117.94,08:45:23.668981024
30,117.93,36,117.94,08:45:23.748629911
29,117.93,36,117.94,08:45:23.842479428
29,117.93,34,117.94,08:45:24.227961424
29,117.93,36,117.94,08:45:24.326221914
38,117.93,36,117.94,08:45:24.487982990
48,117.93,36,117.94,08:45:24.487982990
55,117.93,36,117.94,08:45:24.488132503
55,117.93,32,117.94,08:45:24.488350468
55,117.93,30,117.94,08:45:24.488350468
48,117.93,30,117.94,08:45:24.488350468
48,117.93,26,117.94,08:45:24.488507045
49,117.93,26,117.94,08:45:24.488525175
49,117.93,24,117.94,08:45:24.488637345
49,117.93,23,117.94,08:45:24.488702107
48,117.93,23,117.94,08:45:24.488702107
48,117.93,25,117.94,08:45:24.550326668
48,117.93,26,117.94,08:45:24.550716847
48,117.93,25,117.94,08:45:24.552891083
48,117.93,23,117.94,08:45:24.559300697
49,117.93,23,117.94,08:45:24.945340668
48,117.93,23,117.94,08:45:25.000087470
47,117.93,23,117.94,08:45:25.000348359
46,117.93,23,117.94,08:45:25.000373054
45,117.93,23,117.94,08:45:25.000373054
39,117.93,23,117.94,08:45:25.000373054
38,117.93,23,117.94,08:45:25.000373054
37,117.93,23,117.94,08:45:25.000393066
35,117.93,23,117.94,08:45:25.000393066
34,117.93,23,117.94,08:45:25.000393066
33,117.93,23,117.94,08:45:25.000393066
32,117.93,23,117.94,08:45:25.000393066
31,117.93,23,117.94,08:45:25.000393066
28,117.93,23,117.94,08:45:25.000393066
27,117.93,23,117.94,08:45:25.000393066
26,117.93,23,117.94,08:45:25.000874394
24,117.93,23,117.94,08:45:25.000889150
23,117.93,23,117.94,08:45:25.000889150
22,117.93,23,117.94,08:45:25.000908041
20,117.93,23,117.94,08:45:25.000908041
11,117.93,23,117.94,08:45:25.000908041
1,117.93,23,117.94,08:45:25.000922089
66,117.92,23,117.94,08:45:25.000938006
66,117.92,25,117.94,08:45:25.000956297
66,117.92,26,117.94,08:45:25.000956297
66,117.92,28,117.94,08:45:25.000956297
66,117.92,32,117.94,08:45:25.000956297
66,117.92,36,117.94,08:45:25.000978393
59,117.92,36,117.94,08:45:25.000978393
61,117.92,36,117.94,08:45:25.000978393
61,117.92,41,117.94,08:45:25.000978393
62,117.92,41,117.94,08:45:25.000978393
62,117.92,42,117.94,08:45:25.000993138
62,117.92,50,117.94,08:45:25.000993138
62,117.92,53,117.94,08:45:25.001011196
62,117.92,55,117.94,08:45:25.001011196
62,117.92,58,117.94,08:45:25.001011196
62,117.92,65,117.94,08:45:25.001011196
62,117.92,68,117.94,08:45:25.001404922
68,117.92,68,117.94,08:45:25.001404922
73,117.92,68,117.94,08:45:25.001438823
71,117.92,68,117.94,08:45:25.001438823
3,117.93,68,117.94,08:45:25.001438823
3,117.93,77,117.94,08:45:25.001472192
4,117.93,77,117.94,08:45:25.001472192
5,117.93,77,117.94,08:45:25.001472192
8,117.93,77,117.94,08:45:25.001473744
8,117.93,68,117.94,08:45:25.001473744
9,117.93,68,117.94,08:45:25.001473744
11,117.93,68,117.94,08:45:25.001725862
12,117.93,68,117.94,08:45:25.001725862
13,117.93,68,117.94,08:45:25.001738726
12,117.93,68,117.94,08:45:25.011603860
11,117.93,68,117.94,08:45:25.011673405
10,117.93,68,117.94,08:45:25.011827351
12,117.93,68,117.94,08:45:25.037967926
14,117.93,68,117.94,08:45:25.038146248
11,117.93,68,117.94,08:45:25.043515525
10,117.93,68,117.94,08:45:25.043607915
9,117.93,68,117.94,08:45:25.043625560
6,117.93,68,117.94,08:45:25.043625560
4,117.93,68,117.94,08:45:25.043625560
4,117.93,72,117.94,08:45:25.043857425
2,117.93,72,117.94,08:45:25.043857425
71,117.92,72,117.94,08:45:25.044032587
71,117.92,9,117.93,08:45:25.066106771
71,117.92,8,117.93,08:45:25.075411148
74,117.92,8,117.93,08:45:25.075607069
74,117.92,11,117.93,08:45:25.102340677
74,117.92,14,117.93,08:45:25.102474766
71,117.92,14,117.93,08:45:25.102660729
71,117.92,15,117.93,08:45:25.102739397
71,117.92,16,117.93,08:45:25.186780142
64,117.92,16,117.93,08:45:25.196102789
64,117.92,17,117.93,08:45:25.196236194
64,117.92,20,117.93,08:45:25.196399320
64,117.92,21,117.93,08:45:25.196627890
64,117.92,23,117.93,08:45:25.196716957
57,117.92,23,117.93,08:45:25.196716957
55,117.92,23,117.93,08:45:25.196716957
55,117.92,25,117.93,08:45:25.196787018
55,117.92,27,117.93,08:45:25.196862430
55,117.92,28,117.93,08:45:25.196933566
51,117.92,28,117.93,08:45:25.197003425
45,117.92,28,117.93,08:45:25.197092580
40,117.92,28,117.93,08:45:25.197172427
40,117.92,27,117.93,08:45:25.197172427
40,117.92,24,117.93,08:45:25.197242315
40,117.92,26,117.93,08:45:25.197313617
40,117.92,27,117.93,08:45:25.197427563
40,117.92,25,117.93,08:45:25.225394450
40,117.92,24,117.93,08:45:25.225519116
45,117.92,24,117.93,08:45:25.225624812
47,117.92,24,117.93,08:45:25.264556930
48,117.92,24,117.93,08:45:25.275916816
48,117.92,22,117.93,08:45:25.484472550
48,117.92,21,117.93,08:45:25.484571366
48,117.92,20,117.93,08:45:25.484640723
48,117.92,18,117.93,08:45:25.484704793
48,117.92,16,117.93,08:45:25.484777721
48,117.92,14,117.93,08:45:25.494958281
48,117.92,15,117.93,08:45:25.586812227
54,117.92,15,117.93,08:45:25.586980394
54,117.92,18,117.93,08:45:25.587062771
54,117.92,19,117.93,08:45:25.697176914
54,117.92,18,117.93,08:45:25.701365289
54,117.92,15,117.93,08:45:25.787498490
54,117.92,17,117.93,08:45:25.843347627
54,117.92,18,117.93,08:45:25.843515099
49,117.92,18,117.93,08:45:25.896593673
49,117.92,20,117.93,08:45:25.896818488
49,117.92,21,117.93,08:45:25.896887014
49,117.92,22,117.93,08:45:25.897094792
49,117.92,23,117.93,08:45:25.897094792
51,117.92,23,117.93,08:45:26.120396630
51,117.92,22,117.93,08:45:26.120560862
51,117.92,21,117.93,08:45:26.120628349
52,117.92,21,117.93,08:45:26.120693194
52,117.92,19,117.93,08:45:26.131997325
52,117.92,18,117.93,08:45:26.132272044
52,117.92,17,117.93,08:45:26.132272044
52,117.92,19,117.93,08:45:26.470336713
51,117.92,19,117.93,08:45:26.471387315
51,117.92,17,117.93,08:45:27.040361541
51,117.92,16,117.93,08:45:27.116166250
51,117.92,18,117.93,08:45:27.192197950
51,117.92,19,117.93,08:45:27.192261217
51,117.92,20,117.93,08:45:27.192331157
51,117.92,21,117.93,08:45:27.192403077
51,117.92,22,117.93,08:45:27.192486265
51,117.92,23,117.93,08:45:27.192588998
51,117.92,22,117.93,08:45:27.194478563
51,117.92,21,117.93,08:45:27.194546538
51,117.92,22,117.93,08:45:27.197039557
51,117.92,21,117.93,08:45:27.197578446
51,117.92,22,117.93,08:45:27.198318957
51,117.92,23,117.93,08:45:27.200976460
51,117.92,25,117.93,08:45:27.201231240
51,117.92,26,117.93,08:45:27.201340647
51,117.92,34,117.93,08:45:27.202374139
51,117.92,36,117.93,08:45:27.202507534
43,117.92,36,117.93,08:45:27.203212340
41,117.92,36,117.93,08:45:27.203440544
40,117.92,36,117.93,08:45:27.203567024
40,117.92,37,117.93,08:45:27.203781947
30,117.92,37,117.93,08:45:27.203781947
29,117.92,37,117.93,08:45:27.203931779
29,117.92,38,117.93,08:45:27.204015599
29,117.92,47,117.93,08:45:27.204263280
29,117.92,49,117.93,08:45:27.204280089
29,117.92,55,117.93,08:45:27.205727362
27,117.92,55,117.93,08:45:27.206609924
28,117.92,55,117.93,08:45:27.211228424
29,117.92,55,117.93,08:45:27.213047565
28,117.92,55,117.93,08:45:27.240084724
27,117.92,55,117.93,08:45:27.240669346
26,117.92,55,117.93,08:45:27.515695920
25,117.92,55,117.93,08:45:27.649322964
27,117.92,55,117.93,08:45:27.702756646
26,117.92,55,117.93,08:45:27.967551133
26,117.92,56,117.93,08:45:27.985208588
26,117.92,55,117.93,08:45:28.028958528
26,117.92,53,117.93,08:45:28.029734556
26,117.92,52,117.93,08:45:28.518060073
26,117.92,46,117.93,08:45:28.518329830
26,117.92,45,117.93,08:45:28.518481430
27,117.92,45,117.93,08:45:28.531527633
27,117.92,36,117.93,08:45:28.531642001
26,117.92,36,117.93,08:45:28.532046698
26,117.92,37,117.93,08:45:28.533061234
26,117.92,38,117.93,08:45:28.533406172
26,117.92,39,117.93,08:45:28.539114082
26,117.92,48,117.93,08:45:28.635143882
24,117.92,48,117.93,08:45:28.636756338
25,117.92,48,117.93,08:45:28.641034005
26,117.92,48,117.93,08:45:28.641177846
26,117.92,47,117.93,08:45:28.774991246
25,117.92,47,117.93,08:45:29.007785803
26,117.92,47,117.93,08:45:29.022751765
26,117.92,49,117.93,08:45:29.121788353
25,117.92,49,117.93,08:45:29.405131972
26,117.92,49,117.93,08:45:29.409789518
27,117.92,49,117.93,08:45:30.069411297
30,117.92,49,117.93,08:45:30.302588150
29,117.92,49,117.93,08:45:30.778445222
28,117.92,49,117.93,08:45:30.778509216
28,117.92,50,117.93,08:45:30.779039877
28,117.92,49,117.93,08:45:30.779254857
28,117.92,55,117.93,08:45:30.779697711
28,117.92,56,117.93,08:45:30.779837746
28,117.92,55,117.93,08:45:30.780030609
28,117.92,56,117.93,08:45:30.780170939
26,117.92,56,117.93,08:45:30.780807764
26,117.92,57,117.93,08:45:30.783339574
27,117.92,57,117.93,08:45:30.786411854
27,117.92,56,117.93,08:45:30.786550861
28,117.92,56,117.93,08:45:30.786694861
27,117.92,56,117.93,08:45:30.847281596
28,117.92,56,117.93,08:45:30.883794122
27,117.92,56,117.93,08:45:30.891682415
26,117.92,56,117.93,08:45:30.896361941
26,117.92,55,117.93,08:45:31.031417258
27,117.92,55,117.93,08:45:31.076906713
28,117.92,55,117.93,08:45:31.085071568
27,117.92,55,117.93,08:45:31.159472326
26,117.92,55,117.93,08:45:31.159535264
27,117.92,55,117.93,08:45:31.264313480
28,117.92,55,117.93,08:45:31.289137595
27,117.92,55,117.93,08:45:31.292899617
26,117.92,55,117.93,08:45:31.293174844
28,117.92,55,117.93,08:45:31.598508146
28,117.92,46,117.93,08:45:31.602957375
28,117.92,45,117.93,08:45:31.603102773
29,117.92,45,117.93,08:45:31.603790859
29,117.92,46,117.93,08:45:31.603892494
29,117.92,40,117.93,08:45:31.603970667
28,117.92,40,117.93,08:45:31.604038043
28,117.92,41,117.93,08:45:31.604108485
28,117.92,40,117.93,08:45:31.604750762
28,117.92,39,117.93,08:45:32.334389771
28,117.92,38,117.93,08:45:32.334484875
28,117.92,39,117.93,08:45:32.334660009
28,117.92,40,117.93,08:45:32.334808895
28,117.92,39,117.93,08:45:32.342802855
28,117.92,38,117.93,08:45:32.345489585
28,117.92,40,117.93,08:45:32.722107833
28,117.92,50,117.93,08:45:32.722166614
26,117.92,50,117.93,08:45:32.789844491
27,117.92,50,117.93,08:45:32.791925046
28,117.92,50,117.93,08:45:32.792077059
28,117.92,48,117.93,08:45:32.822941497
28,117.92,50,117.93,08:45:32.823193551
28,117.92,51,117.93,08:45:32.823379112
27,117.92,51,117.93,08:45:33.112446630
26,117.92,51,117.93,08:45:33.112509238
26,117.92,52,117.93,08:45:33.112969691
26,117.92,51,117.93,08:45:33.113190578
26,117.92,50,117.93,08:45:33.113454489
26,117.92,56,117.93,08:45:33.114115275
26,117.92,57,117.93,08:45:33.114481707
26,117.92,58,117.93,08:45:33.114481707
26,117.92,57,117.93,08:45:33.114682295
26,117.92,58,117.93,08:45:33.117019187
24,117.92,58,117.93,08:45:33.119502968
23,117.92,58,117.93,08:45:33.121334755
22,117.92,58,117.93,08:45:33.125573069
24,117.92,58,117.93,08:45:33.128211119
22,117.92,58,117.93,08:45:33.129529921
23,117.92,58,117.93,08:45:33.145381300
23,117.92,57,117.93,08:45:33.145531200
24,117.92,57,117.93,08:45:33.145638512
23,117.92,57,117.93,08:45:33.167618617
25,117.92,57,117.93,08:45:33.176712048
26,117.92,57,117.93,08:45:33.176850269
25,117.92,57,117.93,08:45:33.188779157
24,117.92,57,117.93,08:45:33.192905753
24,117.92,56,117.93,08:45:33.193712079
22,117.92,56,117.93,08:45:33.201932515
22,117.92,57,117.93,08:45:33.202169981
22,117.92,58,117.93,08:45:33.202346243
22,117.92,62,117.93,08:45:33.405251601
22,117.92,63,117.93,08:45:33.405456455
22,117.92,62,117.93,08:45:33.565972827
22,117.92,61,117.93,08:45:33.566957655
24,117.92,61,117.93,08:45:33.820548067
25,117.92,61,117.93,08:45:33.823558289
26,117.92,61,117.93,08:45:33.823620810
28,117.92,61,117.93,08:45:33.823803404
28,117.92,60,117.93,08:45:33.824804992
28,117.92,58,117.93,08:45:33.825364342
28,117.92,52,117.93,08:45:33.828905156
29,117.92,52,117.93,08:45:33.829019114
28,117.92,52,117.93,08:45:33.829185741
28,117.92,54,117.93,08:45:34.121583232
28,117.92,52,117.93,08:45:34.182827052
28,117.92,42,117.93,08:45:34.183031315
29,117.92,42,117.93,08:45:34.187295686
31,117.92,42,117.93,08:45:34.187472064
30,117.92,42,117.93,08:45:34.211356742
29,117.92,42,117.93,08:45:34.211356742
28,117.92,42,117.93,08:45:34.211421917
28,117.92,44,117.93,08:45:34.211535018
27,117.92,44,117.93,08:45:34.211615169
28,117.92,44,117.93,08:45:34.211615169
29,117.92,44,117.93,08:45:34.211695335
29,117.92,51,117.93,08:45:34.211695335
29,117.92,53,117.93,08:45:34.211765959
29,117.92,51,117.93,08:45:34.211842925
29,117.92,52,117.93,08:45:34.219124808
29,117.92,53,117.93,08:45:34.219276415
29,117.92,52,117.93,08:45:34.252092982
29,117.92,51,117.93,08:45:34.252226029
29,117.92,52,117.93,08:45:34.326076587
29,117.92,53,117.93,08:45:34.331575035
29,117.92,54,117.93,08:45:34.331731115
29,117.92,52,117.93,08:45:34.411797931
28,117.92,52,117.93,08:45:34.440549727
28,117.92,51,117.93,08:45:36.772641385
28,117.92,50,117.93,08:45:36.772702452
29,117.92,50,117.93,08:45:36.772800866
29,117.92,51,117.93,08:45:36.775110698
28,117.92,51,117.93,08:45:36.775276570
28,117.92,52,117.93,08:45:36.775349727
28,117.92,51,117.93,08:45:36.782011564
28,117.92,50,117.93,08:45:36.782176271
29,117.92,50,117.93,08:45:36.782243106
30,117.92,50,117.93,08:45:36.782405634
30,117.92,51,117.93,08:45:36.793809038
29,117.92,51,117.93,08:45:36.793978081
29,117.92,52,117.93,08:45:36.794043239
29,117.92,51,117.93,08:45:36.840783183
29,117.92,50,117.93,08:45:36.840898692
29,117.92,51,117.93,08:45:36.875951096
29,117.92,52,117.93,08:45:36.878155904
28,117.92,52,117.93,08:45:36.994243539
27,117.92,52,117.93,08:45:37.046537223
26,117.92,52,117.93,08:45:37.049004117
24,117.92,52,117.93,08:45:37.049077199
22,117.92,52,117.93,08:45:37.049217720
20,117.92,52,117.93,08:45:37.049388923
21,117.92,52,117.93,08:45:37.049548318
23,117.92,52,117.93,08:45:37.049725040
25,117.92,52,117.93,08:45:37.049791476
27,117.92,52,117.93,08:45:37.049900510
25,117.92,52,117.93,08:45:37.053945967
26,117.92,52,117.93,08:45:38.069514799
26,117.92,47,117.93,08:45:38.320042579
26,117.92,46,117.93,08:45:38.320274912
27,117.92,46,117.93,08:45:38.320274912
28,117.92,46,117.93,08:45:38.320356672
28,117.92,39,117.93,08:45:38.320356672
28,117.92,38,117.93,08:45:38.320370358
27,117.92,38,117.93,08:45:38.320460120
30,117.92,38,117.93,08:45:38.320523755
30,117.92,39,117.93,08:45:38.621769315
30,117.92,40,117.93,08:45:38.621902045
30,117.92,41,117.93,08:45:38.622003385
27,117.92,41,117.93,08:45:38.656717399
27,117.92,40,117.93,08:45:38.767160698
28,117.92,40,117.93,08:45:38.767278042
29,117.92,40,117.93,08:45:38.767438726
29,117.92,39,117.93,08:45:38.767584410
29,117.92,40,117.93,08:45:38.776067476
28,117.92,40,117.93,08:45:38.776243131
28,117.92,41,117.93,08:45:38.776324259
28,117.92,42,117.93,08:45:38.776324259
28,117.92,41,117.93,08:45:38.788637904
28,117.92,40,117.93,08:45:38.788751004
28,117.92,41,117.93,08:45:38.797456445
28,117.92,42,117.93,08:45:38.797913255
27,117.92,42,117.93,08:45:39.950747299
27,117.92,41,117.93,08:45:39.950802003
27,117.92,40,117.93,08:45:40.062413586
28,117.92,40,117.93,08:45:40.181874272
28,117.92,39,117.93,08:45:40.182063587
29,117.92,39,117.93,08:45:40.182126342
29,117.92,38,117.93,08:45:40.182240000
29,117.92,39,117.93,08:45:40.195037581
29,117.92,40,117.93,08:45:40.201558377
28,117.92,40,117.93,08:45:40.201706083
28,117.92,39,117.93,08:45:40.217559823
28,117.92,38,117.93,08:45:40.217719362
29,117.92,38,117.93,08:45:40.217787881
30,117.92,38,117.93,08:45:40.219904237
39,117.92,38,117.93,08:45:40.227158710
39,117.92,36,117.93,08:45:40.227230085
39,117.92,28,117.93,08:45:40.227230085
39,117.92,26,117.93,08:45:40.227298658
39,117.92,24,117.93,08:45:40.227667039
46,117.92,24,117.93,08:45:40.228285599
46,117.92,23,117.93,08:45:40.229269285
46,117.92,22,117.93,08:45:40.229360456
47,117.92,22,117.93,08:45:40.229424829
48,117.92,22,117.93,08:45:40.229573070
49,117.92,22,117.93,08:45:40.229680488
49,117.92,21,117.93,08:45:40.231590371
59,117.92,21,117.93,08:45:40.232165158
59,117.92,20,117.93,08:45:40.232343167
59,117.92,19,117.93,08:45:40.232463170
59,117.92,18,117.93,08:45:40.232463170
65,117.92,18,117.93,08:45:40.232858888
65,117.92,15,117.93,08:45:40.232858888
65,117.92,12,117.93,08:45:40.233014522
65,117.92,11,117.93,08:45:40.233042772
65,117.92,10,117.93,08:45:40.233042772
65,117.92,8,117.93,08:45:40.233042772
65,117.92,7,117.93,08:45:40.233042772
65,117.92,5,117.93,08:45:40.233042772
65,117.92,4,117.93,08:45:40.233042772
65,117.92,2,117.93,08:45:40.233057565
65,117.92,1,117.93,08:45:40.233500242
65,117.92,86,117.94,08:45:40.233500242
15,117.93,86,117.94,08:45:40.233645154
15,117.93,78,117.94,08:45:40.233861318
18,117.93,78,117.94,08:45:40.233880377
19,117.93,78,117.94,08:45:40.233903873
19,117.93,82,117.94,08:45:40.233903873
21,117.93,82,117.94,08:45:40.234186833
18,117.93,82,117.94,08:45:40.234186833
18,117.93,72,117.94,08:45:40.234186833
18,117.93,68,117.94,08:45:40.234427028
18,117.93,72,117.94,08:45:40.234427028
17,117.93,72,117.94,08:45:40.234454961
2,117.93,72,117.94,08:45:40.234454961
4,117.93,72,117.94,08:45:40.234671414
2,117.93,72,117.94,08:45:40.234671414
72,117.92,72,117.94,08:45:40.234853767
65,117.92,72,117.94,08:45:40.234853767
65,117.92,7,117.93,08:45:40.234853767
65,117.92,9,117.93,08:45:40.235073489
65,117.92,2,117.93,08:45:40.235179895
58,117.92,2,117.93,08:45:40.235256433
58,117.92,77,117.94,08:45:40.235355901
2,117.93,77,117.94,08:45:40.237540636
3,117.93,77,117.94,08:45:40.237854668
5,117.93,77,117.94,08:45:40.237965476
5,117.93,68,117.94,08:45:40.238085015
3,117.93,68,117.94,08:45:40.238187749
5,117.93,68,117.94,08:45:40.238390428
7,117.93,68,117.94,08:45:40.238492523
9,117.93,68,117.94,08:45:40.238507550
9,117.93,64,117.94,08:45:40.238777451
10,117.93,64,117.94,08:45:40.239883091
11,117.93,64,117.94,08:45:40.245028619
11,117.93,63,117.94,08:45:40.245300199
10,117.93,63,117.94,08:45:40.245969290
11,117.93,63,117.94,08:45:40.246705058
13,117.93,63,117.94,08:45:40.246859968
14,117.93,63,117.94,08:45:40.247297212
14,117.93,61,117.94,08:45:40.252189707
14,117.93,56,117.94,08:45:40.252644664
14,117.93,54,117.94,08:45:40.252644664
14,117.93,52,117.94,08:45:40.252644664
21,117.93,52,117.94,08:45:40.252644664
21,117.93,49,117.94,08:45:40.252644664
22,117.93,49,117.94,08:45:40.252961425
21,117.93,49,117.94,08:45:40.254993770
19,117.93,49,117.94,08:45:40.254993770
17,117.93,49,117.94,08:45:40.254993770
15,117.93,49,117.94,08:45:40.255127060
13,117.93,49,117.94,08:45:40.255141910
12,117.93,49,117.94,08:45:40.255141910
11,117.93,49,117.94,08:45:40.255141910
9,117.93,49,117.94,08:45:40.255158311
8,117.93,49,117.94,08:45:40.255158311
1,117.93,49,117.94,08:45:40.255158311
71,117.92,49,117.94,08:45:40.255158311
71,117.92,58,117.94,08:45:40.255314871
64,117.92,58,117.94,08:45:40.255411165
64,117.92,65,117.94,08:45:40.255432223
64,117.92,66,117.94,08:45:40.255596733
2,117.93,66,117.94,08:45:40.265903063
6,117.93,66,117.94,08:45:40.266109075
6,117.93,73,117.94,08:45:40.266184767
6,117.93,83,117.94,08:45:40.266184767
6,117.93,74,117.94,08:45:40.266259414
6,117.93,78,117.94,08:45:40.266405191
8,117.93,78,117.94,08:45:40.266569424
6,117.93,78,117.94,08:45:40.273423257
6,117.93,77,117.94,08:45:40.277968185
4,117.93,77,117.94,08:45:40.286434358
65,117.92,77,117.94,08:45:40.286434358
65,117.92,4,117.93,08:45:40.286434358
65,117.92,2,117.93,08:45:40.286740755
72,117.92,2,117.93,08:45:40.286947109
72,117.92,77,117.94,08:45:40.287222684
2,117.93,77,117.94,08:45:40.287391340
2,117.93,73,117.94,08:45:40.287479983
4,117.93,73,117.94,08:45:40.287637475
5,117.93,73,117.94,08:45:40.302930998
6,117.93,73,117.94,08:45:40.303105964
9,117.93,73,117.94,08:45:40.303364660
10,117.93,73,117.94,08:45:40.306417696
12,117.93,73,117.94,08:45:40.306594599
12,117.93,72,117.94,08:45:40.306672851
10,117.93,72,117.94,08:45:40.308144946
8,117.93,72,117.94,08:45:40.308273224
7,117.93,72,117.94,08:45:40.308293580
6,117.93,72,117.94,08:45:40.308293580
3,117.93,72,117.94,08:45:40.308293580
2,117.93,72,117.94,08:45:40.308293580
68,117.92,72,117.94,08:45:40.308293580
68,117.92,76,117.94,08:45:40.308440222
68,117.92,77,117.94,08:45:40.318505087
68,117.92,79,117.94,08:45:40.318654623
68,117.92,1,117.93,08:45:40.332780249
68,117.92,11,117.93,08:45:40.333491637
68,117.92,12,117.93,08:45:40.333774117
68,117.92,13,117.93,08:45:40.335428394
68,117.92,12,117.93,08:45:40.337610054
68,117.92,11,117.93,08:45:40.337678937
60,117.92,11,117.93,08:45:40.338485602
60,117.92,12,117.93,08:45:40.338611967
60,117.92,13,117.93,08:45:40.339335473
60,117.92,15,117.93,08:45:40.339468465
61,117.92,15,117.93,08:45:40.346460893
61,117.92,14,117.93,08:45:40.346630373
65,117.92,14,117.93,08:45:40.346694618
65,117.92,12,117.93,08:45:40.346767923
66,117.92,12,117.93,08:45:40.360848865
66,117.92,11,117.93,08:45:40.360984657
68,117.92,11,117.93,08:45:40.375171998
68,117.92,10,117.93,08:45:40.380081611
68,117.92,9,117.93,08:45:40.381337184
68,117.92,8,117.93,08:45:40.383919589
66,117.92,8,117.93,08:45:40.444247902
66,117.92,3,117.93,08:45:40.444857454
66,117.92,2,117.93,08:45:40.448911672
66,117.92,89,117.94,08:45:40.449085838
73,117.92,89,117.94,08:45:40.449289403
1,117.93,89,117.94,08:45:40.449398341
4,117.93,89,117.94,08:45:40.449580714
6,117.93,89,117.94,08:45:40.449668763
6,117.93,79,117.94,08:45:40.449683675
10,117.93,79,117.94,08:45:40.449746353
9,117.93,79,117.94,08:45:40.467984370
6,117.93,79,117.94,08:45:40.468097724
4,117.93,79,117.94,08:45:40.468097724
72,117.92,79,117.94,08:45:40.468113487
72,117.92,77,117.94,08:45:40.468186722
102,117.92,77,117.94,08:45:40.469103675
102,117.92,70,117.94,08:45:40.469262619
102,117.92,79,117.94,08:45:40.469420705
102,117.92,10,117.93,08:45:40.492221971
102,117.92,11,117.93,08:45:40.492551724
102,117.92,12,117.93,08:45:40.492864076
102,117.92,11,117.93,08:45:40.496846618
102,117.92,10,117.93,08:45:40.496992240
102,117.92,9,117.93,08:45:40.521421034
102,117.92,13,117.93,08:45:40.605303624
102,117.92,14,117.93,08:45:40.605374337
102,117.92,16,117.93,08:45:40.605374337
101,117.92,16,117.93,08:45:40.605465505
101,117.92,18,117.93,08:45:40.605465505
101,117.92,20,117.93,08:45:40.605465505
101,117.92,21,117.93,08:45:40.605570851
101,117.92,22,117.93,08:45:40.605652097
97,117.92,22,117.93,08:45:40.606276055
97,117.92,26,117.93,08:45:40.607430534
91,117.92,26,117.93,08:45:40.607430534
81,117.92,26,117.93,08:45:40.607506656
74,117.92,26,117.93,08:45:40.607617619
74,117.92,30,117.93,08:45:40.607769030
74,117.92,26,117.93,08:45:40.608011222
74,117.92,36,117.93,08:45:40.609955886
74,117.92,34,117.93,08:45:40.610231989
74,117.92,25,117.93,08:45:40.616967082
74,117.92,23,117.93,08:45:40.616981360
69,117.92,23,117.93,08:45:40.617122822
69,117.92,13,117.93,08:45:40.617222154
69,117.92,12,117.93,08:45:40.617378352
64,117.92,12,117.93,08:45:40.617499125
64,117.92,10,117.93,08:45:40.617574931
64,117.92,11,117.93,08:45:40.617829001
64,117.92,10,117.93,08:45:40.617978028
64,117.92,11,117.93,08:45:40.618054489
64,117.92,13,117.93,08:45:40.618054489
64,117.92,14,117.93,08:45:40.618206035
64,117.92,13,117.93,08:45:40.618309490
64,117.92,11,117.93,08:45:40.618309490
64,117.92,12,117.93,08:45:40.619018713
64,117.92,13,117.93,08:45:40.619109682
64,117.92,14,117.93,08:45:40.619109682
64,117.92,13,117.93,08:45:40.619191624
64,117.92,14,117.93,08:45:40.619263234
64,117.92,13,117.93,08:45:40.619335713
64,117.92,14,117.93,08:45:40.619609167
64,117.92,15,117.93,08:45:40.619729893
64,117.92,14,117.93,08:45:40.619800136
64,117.92,13,117.93,08:45:40.619905419
64,117.92,15,117.93,08:45:40.620251402
64,117.92,13,117.93,08:45:40.620436421
64,117.92,14,117.93,08:45:40.621491511
64,117.92,13,117.93,08:45:40.621661044
64,117.92,14,117.93,08:45:40.622388733
64,117.92,13,117.93,08:45:40.622517862
64,117.92,12,117.93,08:45:40.623262496
64,117.92,11,117.93,08:45:40.623791705
64,117.92,10,117.93,08:45:40.623949121
64,117.92,9,117.93,08:45:40.624023845
64,117.92,5,117.93,08:45:40.624357224
64,117.92,6,117.93,08:45:40.624427292
64,117.92,5,117.93,08:45:40.624497804
64,117.92,6,117.93,08:45:40.624604079
64,117.92,7,117.93,08:45:40.624604079
64,117.92,8,117.93,08:45:40.624667989
64,117.92,7,117.93,08:45:40.628722399
64,117.92,6,117.93,08:45:40.628920598
64,117.92,5,117.93,08:45:40.629513016
64,117.92,3,117.93,08:45:40.629616322
64,117.92,2,117.93,08:45:40.629708719
67,117.92,2,117.93,08:45:40.629913118
67,117.92,10,117.93,08:45:40.636312263
67,117.92,9,117.93,08:45:40.636477456
67,117.92,8,117.93,08:45:40.636477456
66,117.92,8,117.93,08:45:40.638250345
64,117.92,8,117.93,08:45:40.639479512
64,117.92,7,117.93,08:45:40.664826040
64,117.92,5,117.93,08:45:40.666024974
64,117.92,6,117.93,08:45:40.674882245
64,117.92,7,117.93,08:45:40.675028012
64,117.92,8,117.93,08:45:40.675174664
64,117.92,9,117.93,08:45:40.675283877
64,117.92,11,117.93,08:45:40.675357294
64,117.92,12,117.93,08:45:40.675488680
64,117.92,13,117.93,08:45:40.677701274
66,117.92,13,117.93,08:45:40.689340142
64,117.92,13,117.93,08:45:40.708875116
70,117.92,13,117.93,08:45:40.709031129
70,117.92,12,117.93,08:45:40.709209660
70,117.92,11,117.93,08:45:40.709275382
70,117.92,10,117.93,08:45:40.709354610
70,117.92,9,117.93,08:45:40.736908845
71,117.92,9,117.93,08:45:40.778735858
71,117.92,8,117.93,08:45:40.834524698
71,117.92,7,117.93,08:45:40.834588654
71,117.92,5,117.93,08:45:40.834683755
81,117.92,5,117.93,08:45:40.838403666
83,117.92,5,117.93,08:45:40.938396857
84,117.92,5,117.93,08:45:41.435401199
84,117.92,3,117.93,08:45:41.598820306
84,117.92,87,117.94,08:45:41.598903838
1,117.93,87,117.94,08:45:41.599281631
2,117.93,87,117.94,08:45:41.599452376
2,117.93,83,117.94,08:45:41.599558945
2,117.93,74,117.94,08:45:41.599691095
4,117.93,74,117.94,08:45:41.599691095
5,117.93,74,117.94,08:45:41.599691095
6,117.93,74,117.94,08:45:41.599751899
6,117.93,73,117.94,08:45:41.599833715
5,117.93,73,117.94,08:45:41.602906908
4,117.93,73,117.94,08:45:41.603045615
3,117.93,73,117.94,08:45:41.605843636
5,117.93,73,117.94,08:45:41.609661781
6,117.93,73,117.94,08:45:41.609845534
8,117.93,73,117.94,08:45:41.609909976
8,117.93,66,117.94,08:45:41.610884295
8,117.93,58,117.94,08:45:41.611329053
10,117.93,58,117.94,08:45:41.611433149
8,117.93,58,117.94,08:45:41.617126291
7,117.93,58,117.94,08:45:41.618301042
8,117.93,58,117.94,08:45:41.663229432
10,117.93,58,117.94,08:45:41.663394293
11,117.93,58,117.94,08:45:41.663497070
10,117.93,58,117.94,08:45:41.715778326
9,117.93,58,117.94,08:45:41.716183318
10,117.93,58,117.94,08:45:41.769295997
11,117.93,58,117.94,08:45:41.769434271
12,117.93,58,117.94,08:45:41.769799168
13,117.93,58,117.94,08:45:41.875629422
12,117.93,58,117.94,08:45:42.062019996
11,117.93,58,117.94,08:45:42.062160716
10,117.93,58,117.94,08:45:42.062230082
9,117.93,58,117.94,08:45:42.062313825
7,117.93,58,117.94,08:45:42.062565739
8,117.93,58,117.94,08:45:42.064826864
9,117.93,58,117.94,08:45:42.064988621
11,117.93,58,117.94,08:45:42.065058474
13,117.93,58,117.94,08:45:42.065279439
14,117.93,58,117.94,08:45:42.065626854
15,117.93,58,117.94,08:45:42.068255691
16,117.93,58,117.94,08:45:42.069693530
19,117.93,58,117.94,08:45:42.324285373
19,117.93,59,117.94,08:45:42.331596499
19,117.93,60,117.94,08:45:42.331766808
18,117.93,60,117.94,08:45:42.441616782
17,117.93,60,117.94,08:45:42.441716546
16,117.93,60,117.94,08:45:42.441815355
14,117.93,60,117.94,08:45:42.442915345
15,117.93,60,117.94,08:45:42.470862197
16,117.93,60,117.94,08:45:42.471086335
17,117.93,60,117.94,08:45:42.471191333
18,117.93,60,117.94,08:45:42.471360101
17,117.93,60,117.94,08:45:42.505873931
17,117.93,59,117.94,08:45:42.565455611
19,117.93,59,117.94,08:45:42.616012371
19,117.93,60,117.94,08:45:42.641565582
19,117.93,61,117.94,08:45:42.641739921
18,117.93,61,117.94,08:45:42.672236250
17,117.93,61,117.94,08:45:42.716704954
16,117.93,61,117.94,08:45:42.990149962
16,117.93,60,117.94,08:45:42.992166265
17,117.93,60,117.94,08:45:42.996509693
18,117.93,60,117.94,08:45:42.996773523
19,117.93,60,117.94,08:45:42.996996488
20,117.93,60,117.94,08:45:43.000951172
21,117.93,60,117.94,08:45:43.001088730
21,117.93,56,117.94,08:45:43.001405030
28,117.93,56,117.94,08:45:43.004420328
28,117.93,46,117.94,08:45:43.004604798
29,117.93,46,117.94,08:45:43.004666795
30,117.93,46,117.94,08:45:43.050114385
31,117.93,46,117.94,08:45:43.057479570
30,117.93,46,117.94,08:45:43.117328095
29,117.93,46,117.94,08:45:43.121882578
28,117.93,46,117.94,08:45:43.242846039
21,117.93,46,117.94,08:45:43.600232691
20,117.93,46,117.94,08:45:43.600448509
19,117.93,46,117.94,08:45:43.600519987
18,117.93,46,117.94,08:45:43.600585453
17,117.93,46,117.94,08:45:43.600703494
16,117.93,46,117.94,08:45:43.604561133
20,117.93,46,117.94,08:45:43.992515957
24,117.93,46,117.94,08:45:43.997758942
25,117.93,46,117.94,08:45:43.997858224
32,117.93,46,117.94,08:45:43.997885811
32,117.93,41,117.94,08:45:43.997885811
36,117.93,41,117.94,08:45:43.997901203
37,117.93,41,117.94,08:45:43.997901203
43,117.93,41,117.94,08:45:43.998051152
50,117.93,41,117.94,08:45:43.998051152
49,117.93,41,117.94,08:45:43.998231476
51,117.93,41,117.94,08:45:43.998231476
51,117.93,40,117.94,08:45:43.998231476
44,117.93,40,117.94,08:45:43.998489473
45,117.93,40,117.94,08:45:44.072765679
44,117.93,40,117.94,08:45:44.174442351
45,117.93,40,117.94,08:45:44.207831020
45,117.93,39,117.94,08:45:44.329410839
45,117.93,38,117.94,08:45:44.329519918
46,117.93,38,117.94,08:45:44.329703115
47,117.93,38,117.94,08:45:44.340792160
48,117.93,38,117.94,08:45:44.517152451
46,117.93,38,117.94,08:45:44.978522441
46,117.93,37,117.94,08:45:45.059853875
48,117.93,37,117.94,08:45:45.059979965
53,117.93,37,117.94,08:45:45.060303005
55,117.93,37,117.94,08:45:45.060374899
57,117.93,37,117.94,08:45:45.096103068
58,117.93,37,117.94,08:45:45.104030512
58,117.93,35,117.94,08:45:45.473409578
58,117.93,33,117.94,08:45:45.473409578
58,117.93,32,117.94,08:45:45.473493966
58,117.93,31,117.94,08:45:45.473493966
58,117.93,29,117.94,08:45:45.473668235
59,117.93,29,117.94,08:45:45.473860398
59,117.93,28,117.94,08:45:45.473860398
58,117.93,28,117.94,08:45:45.474013524
59,117.93,28,117.94,08:45:45.474087243
58,117.93,28,117.94,08:45:45.563903308
58,117.93,29,117.94,08:45:45.564065362
58,117.93,30,117.94,08:45:45.564241647
58,117.93,32,117.94,08:45:45.564321061
59,117.93,32,117.94,08:45:45.610273935
61,117.93,32,117.94,08:45:45.641440353
61,117.93,31,117.94,08:45:45.641582559
61,117.93,30,117.94,08:45:45.641727355
61,117.93,31,117.94,08:45:45.804012204
61,117.93,32,117.94,08:45:45.804167791
61,117.93,34,117.94,08:45:45.837150431
59,117.93,34,117.94,08:45:45.837318899
52,117.93,34,117.94,08:45:45.840653863
48,117.93,34,117.94,08:45:45.841215044
42,117.93,34,117.94,08:45:45.841303703
37,117.93,34,117.94,08:45:46.013653461
35,117.93,34,117.94,08:45:46.013727653
43,117.93,34,117.94,08:45:46.088027536
44,117.93,34,117.94,08:45:46.088195975
44,117.93,33,117.94,08:45:46.090400402
45,117.93,33,117.94,08:45:46.090540885
45,117.93,32,117.94,08:45:46.090540885
45,117.93,33,117.94,08:45:46.090606415
45,117.93,34,117.94,08:45:46.090747319
45,117.93,33,117.94,08:45:46.091140024
45,117.93,34,117.94,08:45:46.091322139
44,117.93,34,117.94,08:45:46.092449587
43,117.93,34,117.94,08:45:46.092873396
44,117.93,34,117.94,08:45:46.094505772
45,117.93,34,117.94,08:45:46.094709625
45,117.93,33,117.94,08:45:46.094775433
45,117.93,34,117.94,08:45:46.094919106
45,117.93,33,117.94,08:45:46.098765663
45,117.93,34,117.94,08:45:46.098913709
44,117.93,34,117.94,08:45:46.101871489
45,117.93,34,117.94,08:45:46.158588056
45,117.93,32,117.94,08:45:46.237620244
45,117.93,29,117.94,08:45:46.332421589
45,117.93,31,117.94,08:45:46.343741546
44,117.93,31,117.94,08:45:46.359639382
43,117.93,31,117.94,08:45:46.359706640
43,117.93,33,117.94,08:45:46.361464411
44,117.93,33,117.94,08:45:46.380243516
43,117.93,33,117.94,08:45:46.427982453
43,117.93,36,117.94,08:45:47.024203088
43,117.93,37,117.94,08:45:48.454784349
43,117.93,38,117.94,08:45:48.465777203
43,117.93,48,117.94,08:45:48.485173741
49,117.93,48,117.94,08:45:48.992733378
50,117.93,48,117.94,08:45:49.178088730
51,117.93,48,117.94,08:45:49.459550253
50,117.93,48,117.94,08:45:49.459752596
51,117.93,48,117.94,08:45:49.467825275
51,117.93,46,117.94,08:45:49.467922360
50,117.93,46,117.94,08:45:49.472180799
51,117.93,46,117.94,08:45:49.528001224
52,117.93,46,117.94,08:45:49.534929213
52,117.93,45,117.94,08:45:49.535584025
52,117.93,46,117.94,08:45:49.535796358
57,117.93,46,117.94,08:45:49.536066729
67,117.93,46,117.94,08:45:49.536141196
69,117.93,46,117.94,08:45:49.536218889
69,117.93,45,117.94,08:45:49.536297148
69,117.93,44,117.94,08:45:49.536398655
69,117.93,46,117.94,08:45:49.537019637
69,117.93,44,117.94,08:45:49.537292030
69,117.93,45,117.94,08:45:49.537755159
69,117.93,46,117.94,08:45:49.537821435
69,117.93,47,117.94,08:45:49.537941997
69,117.93,46,117.94,08:45:49.538053415
69,117.93,45,117.94,08:45:49.538201614
69,117.93,46,117.94,08:45:49.538464599
69,117.93,47,117.94,08:45:49.538602874
68,117.93,47,117.94,08:45:49.538932055
67,117.93,47,117.94,08:45:49.539523443
68,117.93,47,117.94,08:45:49.539782595
67,117.93,47,117.94,08:45:49.539991853
68,117.93,47,117.94,08:45:49.540255638
68,117.93,46,117.94,08:45:49.540358339
68,117.93,47,117.94,08:45:49.540514377
68,117.93,46,117.94,08:45:49.540655897
69,117.93,46,117.94,08:45:49.540731094
69,117.93,45,117.94,08:45:49.540809113
69,117.93,44,117.94,08:45:49.540809113
69,117.93,47,117.94,08:45:49.541414079
69,117.93,44,117.94,08:45:49.541583368
70,117.93,44,117.94,08:45:49.542487409
70,117.93,45,117.94,08:45:49.544281629
69,117.93,45,117.94,08:45:49.544686277
69,117.93,47,117.94,08:45:49.544752886
59,117.93,47,117.94,08:45:49.545723193
58,117.93,47,117.94,08:45:49.545865094
57,117.93,47,117.94,08:45:49.546831714
55,117.93,47,117.94,08:45:49.546946027
50,117.93,47,117.94,08:45:49.546946027
50,117.93,49,117.94,08:45:49.547290360
50,117.93,47,117.94,08:45:49.552042280
50,117.93,48,117.94,08:45:49.554479795
50,117.93,47,117.94,08:45:49.564494362
50,117.93,49,117.94,08:45:49.640294870
50,117.93,47,117.94,08:45:50.955189659
50,117.93,49,117.94,08:45:51.043698223
46,117.93,49,117.94,08:45:51.044113093
45,117.93,49,117.94,08:45:51.117863496
44,117.93,49,117.94,08:45:51.117863496
43,117.93,49,117.94,08:45:51.118052150
41,117.93,49,117.94,08:45:51.118052150
39,117.93,49,117.94,08:45:51.118052150
37,117.93,49,117.94,08:45:51.118052150
36,117.93,49,117.94,08:45:51.118066395
33,117.93,49,117.94,08:45:51.118305992
31,117.93,49,117.94,08:45:51.118333653
30,117.93,49,117.94,08:45:51.118333653
30,117.93,53,117.94,08:45:51.118333653
30,117.93,63,117.94,08:45:51.118333653
30,117.93,68,117.94,08:45:51.118333653
29,117.93,68,117.94,08:45:51.118468482
29,117.93,70,117.94,08:45:51.118590826
27,117.93,70,117.94,08:45:51.118590826
27,117.93,71,117.94,08:45:51.118900197
26,117.93,71,117.94,08:45:51.118915656
25,117.93,71,117.94,08:45:51.118929937
24,117.93,71,117.94,08:45:51.118944129
23,117.93,71,117.94,08:45:51.118958078
22,117.93,71,117.94,08:45:51.118972398
21,117.93,71,117.94,08:45:51.118985393
19,117.93,71,117.94,08:45:51.118999912
18,117.93,71,117.94,08:45:51.119013374
17,117.93,71,117.94,08:45:51.119028024
16,117.93,71,117.94,08:45:51.119061636
15,117.93,71,117.94,08:45:51.119117442
12,117.93,71,117.94,08:45:51.119133009
7,117.93,71,117.94,08:45:51.119133009
4,117.93,71,117.94,08:45:51.119147819
1,117.93,71,117.94,08:45:51.119165989
1,117.93,78,117.94,08:45:51.119165989
75,117.92,78,117.94,08:45:51.119189255
75,117.92,13,117.93,08:45:51.119189255
75,117.92,14,117.93,08:45:51.119222379
75,117.92,15,117.93,08:45:51.119412100
76,117.92,15,117.93,08:45:51.119464099
76,117.92,7,117.93,08:45:51.119480429
76,117.92,9,117.93,08:45:51.119494736
76,117.92,8,117.93,08:45:51.119517366
76,117.92,18,117.93,08:45:51.119534807
69,117.92,18,117.93,08:45:51.119534807
69,117.92,17,117.93,08:45:51.119534807
69,117.92,12,117.93,08:45:51.119701166
69,117.92,10,117.93,08:45:51.119981835
69,117.92,9,117.93,08:45:51.119996349
69,117.92,7,117.93,08:45:51.120014106
69,117.92,6,117.93,08:45:51.120014106
69,117.92,84,117.94,08:45:51.120109623
1,117.93,84,117.94,08:45:51.120109623
5,117.93,84,117.94,08:45:51.120109623
7,117.93,84,117.94,08:45:51.120872663
22,117.93,84,117.94,08:45:51.120872663
21,117.93,84,117.94,08:45:51.120872663
17,117.93,84,117.94,08:45:51.120872663
17,117.93,83,117.94,08:45:51.120895844
17,117.93,73,117.94,08:45:51.120895844
15,117.93,73,117.94,08:45:51.120895844
11,117.93,73,117.94,08:45:51.120895844
9,117.93,73,117.94,08:45:51.120992896
8,117.93,73,117.94,08:45:51.121257423
7,117.93,73,117.94,08:45:51.121271887
4,117.93,73,117.94,08:45:51.121395466
76,117.92,73,117.94,08:45:51.121411267
66,117.92,73,117.94,08:45:51.121647532
66,117.92,1,117.93,08:45:51.121647532
66,117.92,10,117.93,08:45:51.121647532
66,117.92,13,117.93,08:45:51.121647532
66,117.92,14,117.93,08:45:51.121668691
66,117.92,15,117.93,08:45:51.121668691
66,117.92,16,117.93,08:45:51.121801597
59,117.92,16,117.93,08:45:51.121932115
53,117.92,16,117.93,08:45:51.121932115
53,117.92,15,117.93,08:45:51.121957212
53,117.92,12,117.93,08:45:51.121957212
50,117.92,12,117.93,08:45:51.122090110
50,117.92,11,117.93,08:45:51.122290185
50,117.92,5,117.93,08:45:51.122310931
54,117.92,5,117.93,08:45:51.123325260
54,117.92,2,117.93,08:45:51.123907850
54,117.92,9,117.93,08:45:51.128516744
54,117.92,11,117.93,08:45:51.128751428
54,117.92,12,117.93,08:45:51.128917092
54,117.92,14,117.93,08:45:51.129182452
52,117.92,14,117.93,08:45:51.129322410
39,117.92,14,117.93,08:45:51.129484724
34,117.92,14,117.93,08:45:51.129678330
34,117.92,16,117.93,08:45:51.129867310
34,117.92,26,117.93,08:45:51.130145156
34,117.92,27,117.93,08:45:51.130217646
34,117.92,26,117.93,08:45:51.130318663
37,117.92,26,117.93,08:45:51.130510340
37,117.92,25,117.93,08:45:51.130510340
38,117.92,25,117.93,08:45:51.131376131
38,117.92,23,117.93,08:45:51.131640851
38,117.92,21,117.93,08:45:51.132463494
38,117.92,22,117.93,08:45:51.133360581
38,117.92,23,117.93,08:45:51.133522174
38,117.92,24,117.93,08:45:51.133753061
38,117.92,25,117.93,08:45:51.133819800
38,117.92,24,117.93,08:45:51.134020475
38,117.92,23,117.93,08:45:51.134099979
38,117.92,24,117.93,08:45:51.134335696
38,117.92,25,117.93,08:45:51.134454225
38,117.92,24,117.93,08:45:51.135388407
38,117.92,23,117.93,08:45:51.135456081
38,117.92,22,117.93,08:45:51.135640628
38,117.92,12,117.93,08:45:51.136662729
38,117.92,11,117.93,08:45:51.137337139
38,117.92,12,117.93,08:45:51.137609759
38,117.92,13,117.93,08:45:51.138832338
38,117.92,14,117.93,08:45:51.139082430
38,117.92,15,117.93,08:45:51.139311994
37,117.92,15,117.93,08:45:51.139311994
37,117.92,14,117.93,08:45:51.140387041
37,117.92,13,117.93,08:45:51.140464178
37,117.92,14,117.93,08:45:51.140645511
37,117.92,13,117.93,08:45:51.140645511
37,117.92,12,117.93,08:45:51.140810138
34,117.92,12,117.93,08:45:51.140876301
34,117.92,13,117.93,08:45:51.141321708
34,117.92,14,117.93,08:45:51.141534432
35,117.92,14,117.93,08:45:51.141661807
36,117.92,14,117.93,08:45:51.141661807
38,117.92,14,117.93,08:45:51.141859731
38,117.92,15,117.93,08:45:51.141859731
38,117.92,14,117.93,08:45:51.142554735
38,117.92,15,117.93,08:45:51.143007775
39,117.92,15,117.93,08:45:51.143425182
39,117.92,14,117.93,08:45:51.151324976
39,117.92,13,117.93,08:45:51.151480077
39,117.92,12,117.93,08:45:51.152127014
39,117.92,11,117.93,08:45:51.152263625
39,117.92,12,117.93,08:45:51.158774641
39,117.92,13,117.93,08:45:51.158893402
39,117.92,14,117.93,08:45:51.159033963
43,117.92,14,117.93,08:45:51.160360644
43,117.92,15,117.93,08:45:51.163589970
43,117.92,17,117.93,08:45:51.163735109
42,117.92,17,117.93,08:45:51.164864679
42,117.92,16,117.93,08:45:51.185445796
42,117.92,20,117.93,08:45:51.185928098
42,117.92,21,117.93,08:45:51.186158538
42,117.92,23,117.93,08:45:51.186243337
42,117.92,22,117.93,08:45:51.186313187
42,117.92,23,117.93,08:45:51.190109357
40,117.92,23,117.93,08:45:51.204261469
40,117.92,22,117.93,08:45:51.204407019
40,117.92,23,117.93,08:45:51.235650675
40,117.92,25,117.93,08:45:51.235820786
40,117.92,35,117.93,08:45:51.239326518
36,117.92,35,117.93,08:45:51.239508036
27,117.92,35,117.93,08:45:51.243255822
27,117.92,36,117.93,08:45:51.243441429
27,117.92,35,117.93,08:45:51.271542411
28,117.92,35,117.93,08:45:51.271691794
29,117.92,35,117.93,08:45:51.271862297
28,117.92,35,117.93,08:45:51.288077134
29,117.92,35,117.93,08:45:51.426477102
29,117.92,34,117.93,08:45:51.452183139
29,117.92,33,117.93,08:45:51.452529212
29,117.92,31,117.93,08:45:51.452801958
33,117.92,31,117.93,08:45:51.452946079
33,117.92,21,117.93,08:45:51.453349526
34,117.92,21,117.93,08:45:51.453349526
34,117.92,17,117.93,08:45:51.453466287
34,117.92,16,117.93,08:45:51.453583503
34,117.92,15,117.93,08:45:51.453583503
34,117.92,13,117.93,08:45:51.453583503
34,117.92,11,117.93,08:45:51.453701118
35,117.92,11,117.93,08:45:51.453799349
41,117.92,11,117.93,08:45:51.453903323
45,117.92,11,117.93,08:45:51.453903323
45,117.92,10,117.93,08:45:51.453903323
52,117.92,10,117.93,08:45:51.453903323
56,117.92,10,117.93,08:45:51.453990424
59,117.92,10,117.93,08:45:51.453990424
59,117.92,9,117.93,08:45:51.453990424
59,117.92,2,117.93,08:45:51.454139636
59,117.92,85,117.94,08:45:51.454139636
52,117.92,85,117.94,08:45:51.454205099
59,117.92,85,117.94,08:45:51.454362443
63,117.92,85,117.94,08:45:51.454587088
70,117.92,85,117.94,08:45:51.454600082
70,117.92,84,117.94,08:45:51.455997498
69,117.92,84,117.94,08:45:51.463448529
70,117.92,84,117.94,08:45:51.565681223
69,117.92,84,117.94,08:45:51.566614057
78,117.92,84,117.94,08:45:51.604018324
79,117.92,84,117.94,08:45:52.067624635
2,117.93,84,117.94,08:45:52.304976461
2,117.93,74,117.94,08:45:52.305267454
11,117.93,74,117.94,08:45:52.338662433
13,117.93,74,117.94,08:45:52.338953457
15,117.93,74,117.94,08:45:52.338953457
16,117.93,74,117.94,08:45:52.388831878
17,117.93,74,117.94,08:45:52.389018108
37,117.93,74,117.94,08:45:52.878404565
37,117.93,69,117.94,08:45:52.911523801
37,117.93,67,117.94,08:45:52.911598639
37,117.93,63,117.94,08:45:52.911598639
38,117.93,63,117.94,08:45:52.911664501
38,117.93,53,117.94,08:45:52.911729964
39,117.93,53,117.94,08:45:52.911829033
41,117.93,53,117.94,08:45:52.911902463
42,117.93,53,117.94,08:45:52.912742891
42,117.93,51,117.94,08:45:52.913079411
43,117.93,51,117.94,08:45:52.913630055
43,117.93,49,117.94,08:45:52.913630055
44,117.93,49,117.94,08:45:52.913700945
43,117.93,49,117.94,08:45:52.913970710
44,117.93,49,117.94,08:45:52.914251437
43,117.93,49,117.94,08:45:52.914760157
42,117.93,49,117.94,08:45:52.915020899
43,117.93,49,117.94,08:45:52.915621475
44,117.93,49,117.94,08:45:52.915808463
45,117.93,49,117.94,08:45:52.915884646
44,117.93,49,117.94,08:45:52.915951007
45,117.93,49,117.94,08:45:52.916072479
46,117.93,49,117.94,08:45:52.916246172
45,117.93,49,117.94,08:45:52.916399932
45,117.93,47,117.94,08:45:52.916540757
45,117.93,46,117.94,08:45:52.916613484
46,117.93,46,117.94,08:45:52.916683044
48,117.93,46,117.94,08:45:52.916836988
47,117.93,46,117.94,08:45:52.916911784
47,117.93,48,117.94,08:45:52.917017823
47,117.93,49,117.94,08:45:52.917178082
47,117.93,50,117.94,08:45:52.917244104
47,117.93,49,117.94,08:45:52.917534750
47,117.93,47,117.94,08:45:52.917672834
47,117.93,49,117.94,08:45:52.917877483
47,117.93,50,117.94,08:45:52.918025576
46,117.93,50,117.94,08:45:52.918697213
44,117.93,50,117.94,08:45:52.919068871
45,117.93,50,117.94,08:45:52.919485066
44,117.93,50,117.94,08:45:52.919871011
45,117.93,50,117.94,08:45:52.920034211
46,117.93,50,117.94,08:45:52.920288181
46,117.93,49,117.94,08:45:52.920500019
47,117.93,49,117.94,08:45:52.920601391
48,117.93,49,117.94,08:45:52.920676518
48,117.93,47,117.94,08:45:52.920676518
47,117.93,47,117.94,08:45:52.920796959
47,117.93,46,117.94,08:45:52.921789938
47,117.93,47,117.94,08:45:52.924223412
47,117.93,46,117.94,08:45:52.926192265
47,117.93,47,117.94,08:45:52.934883967
47,117.93,48,117.94,08:45:52.935573087
47,117.93,49,117.94,08:45:52.937620123
46,117.93,49,117.94,08:45:52.937762270
45,117.93,49,117.94,08:45:53.030014253
44,117.93,49,117.94,08:45:53.074707603
45,117.93,49,117.94,08:45:53.174306924
46,117.93,49,117.94,08:45:53.174482871
46,117.93,48,117.94,08:45:53.174622957
47,117.93,48,117.94,08:45:53.174802423
47,117.93,47,117.94,08:45:53.174876119
47,117.93,46,117.94,08:45:53.174944525
48,117.93,46,117.94,08:45:53.175089837
49,117.93,46,117.94,08:45:53.199754674
49,117.93,47,117.94,08:45:53.226340846
49,117.93,48,117.94,08:45:53.226496504
49,117.93,47,117.94,08:45:53.227786249
49,117.93,46,117.94,08:45:53.227898250
49,117.93,47,117.94,08:45:53.229764959
49,117.93,48,117.94,08:45:53.229903756
48,117.93,48,117.94,08:45:53.230062943
48,117.93,49,117.94,08:45:53.230136729
47,117.93,49,117.94,08:45:53.230810523
48,117.93,49,117.94,08:45:53.237733228
48,117.93,48,117.94,08:45:53.237904282
49,117.93,48,117.94,08:45:53.237978643
49,117.93,47,117.94,08:45:53.237978643
49,117.93,49,117.94,08:45:53.242888944
48,117.93,49,117.94,08:45:53.243025525
47,117.93,49,117.94,08:45:53.243161020
48,117.93,49,117.94,08:45:53.259675112
47,117.93,49,117.94,08:45:53.373932764
46,117.93,49,117.94,08:45:53.374932847
45,117.93,49,117.94,08:45:53.375090783
47,117.93,49,117.94,08:45:53.930869521
48,117.93,49,117.94,08:45:53.981627487
43,117.93,49,117.94,08:45:53.991871415
42,117.93,49,117.94,08:45:54.072728875
43,117.93,49,117.94,08:45:54.115205365
44,117.93,49,117.94,08:45:54.115306306
44,117.93,47,117.94,08:45:54.115374306
44,117.93,46,117.94,08:45:54.115476347
44,117.93,47,117.94,08:45:54.119085465
44,117.93,49,117.94,08:45:54.119220460
43,117.93,49,117.94,08:45:54.119360059
44,117.93,49,117.94,08:45:54.130938109
44,117.93,47,117.94,08:45:54.131094247
44,117.93,46,117.94,08:45:54.131221015
44,117.93,48,117.94,08:45:54.131792566
44,117.93,49,117.94,08:45:54.132101501
43,117.93,49,117.94,08:45:54.132172566
44,117.93,49,117.94,08:45:54.135293432
44,117.93,48,117.94,08:45:54.135908935
44,117.93,46,117.94,08:45:54.136449383
45,117.93,46,117.94,08:45:54.136591680
45,117.93,47,117.94,08:45:54.137289798
45,117.93,49,117.94,08:45:54.137435382
44,117.93,49,117.94,08:45:54.137577747
45,117.93,49,117.94,08:45:54.140072385
45,117.93,48,117.94,08:45:54.140139735
45,117.93,49,117.94,08:45:54.227312112
44,117.93,49,117.94,08:45:54.227439858
43,117.93,49,117.94,08:45:54.227581651
45,117.93,49,117.94,08:45:54.403560192
45,117.93,48,117.94,08:45:54.403623376
45,117.93,46,117.94,08:45:54.403694800
45,117.93,47,117.94,08:45:54.403867990
45,117.93,48,117.94,08:45:54.404005955
46,117.93,48,117.94,08:45:54.404617001
46,117.93,47,117.94,08:45:54.404757167
46,117.93,46,117.94,08:45:54.404896047
47,117.93,46,117.94,08:45:54.406079761
47,117.93,48,117.94,08:45:54.406147832
46,117.93,48,117.94,08:45:54.406246897
48,117.93,48,117.94,08:45:54.406309064
48,117.93,49,117.94,08:45:54.406376596
48,117.93,47,117.94,08:45:54.406537137
48,117.93,46,117.94,08:45:54.406610122
48,117.93,47,117.94,08:45:54.406775451
48,117.93,46,117.94,08:45:54.407222765
48,117.93,47,117.94,08:45:54.407395725
48,117.93,48,117.94,08:45:54.407706464
46,117.93,48,117.94,08:45:54.407850791
46,117.93,47,117.94,08:45:54.408237699
46,117.93,48,117.94,08:45:54.408519075
46,117.93,49,117.94,08:45:54.408678377
46,117.93,48,117.94,08:45:54.409633170
46,117.93,47,117.94,08:45:54.409811244
46,117.93,48,117.94,08:45:54.410044616
46,117.93,47,117.94,08:45:54.410162994
46,117.93,46,117.94,08:45:54.410233195
47,117.93,46,117.94,08:45:54.410335416
46,117.93,46,117.94,08:45:54.414619122
46,117.93,47,117.94,08:45:54.447108985
46,117.93,48,117.94,08:45:54.447255782
46,117.93,49,117.94,08:45:54.447405926
44,117.93,49,117.94,08:45:54.448787701
45,117.93,49,117.94,08:45:54.472894712
44,117.93,49,117.94,08:45:54.473072888
46,117.93,49,117.94,08:45:54.473136350
47,117.93,49,117.94,08:45:54.473273387
47,117.93,48,117.94,08:45:54.473344612
47,117.93,47,117.94,08:45:54.473448449
47,117.93,46,117.94,08:45:54.473725646
47,117.93,47,117.94,08:45:54.484728208
47,117.93,48,117.94,08:45:54.485218246
47,117.93,49,117.94,08:45:54.485369948
46,117.93,49,117.94,08:45:54.582242088
45,117.93,49,117.94,08:45:54.583388933
44,117.93,49,117.94,08:45:54.614377583
44,117.93,51,117.94,08:45:54.615787628
42,117.93,51,117.94,08:45:54.615867108
41,117.93,51,117.94,08:45:54.616288888
39,117.93,51,117.94,08:45:54.616512574
37,117.93,51,117.94,08:45:54.624074799
38,117.93,51,117.94,08:45:54.624210166
39,117.93,51,117.94,08:45:54.624355325
40,117.93,51,117.94,08:45:54.625142850
41,117.93,51,117.94,08:45:54.625219877
42,117.93,51,117.94,08:45:54.625289842
43,117.93,51,117.94,08:45:54.625431957
43,117.93,49,117.94,08:45:54.626434901
42,117.93,49,117.94,08:45:54.628522150
41,117.93,49,117.94,08:45:54.628660934
43,117.93,49,117.94,08:45:54.663299014
44,117.93,49,117.94,08:45:54.663464114
45,117.93,49,117.94,08:45:55.023236428
44,117.93,49,117.94,08:45:55.058160017
43,117.93,49,117.94,08:45:55.058391359
42,117.93,49,117.94,08:45:55.058573464
41,117.93,49,117.94,08:45:55.059706430
42,117.93,49,117.94,08:45:55.173424309
43,117.93,49,117.94,08:45:55.173879739
44,117.93,49,117.94,08:45:55.178003852
45,117.93,49,117.94,08:45:55.178175812
46,117.93,49,117.94,08:45:55.178243375
45,117.93,49,117.94,08:45:55.178310472
45,117.93,48,117.94,08:45:55.184534849
45,117.93,49,117.94,08:45:55.186189350
44,117.93,49,117.94,08:45:55.186493094
43,117.93,49,117.94,08:45:55.189182695
42,117.93,49,117.94,08:45:55.305671632
40,117.93,49,117.94,08:45:55.405960340
41,117.93,49,117.94,08:45:55.443431358
40,117.93,49,117.94,08:45:55.448987718
39,117.93,49,117.94,08:45:55.960244991
39,117.93,51,117.94,08:45:56.161112053
38,117.93,51,117.94,08:45:56.161724619
37,117.93,51,117.94,08:45:56.164828254
36,117.93,51,117.94,08:45:56.164984777
35,117.93,51,117.94,08:45:56.165160809
34,117.93,51,117.94,08:45:56.166765531
33,117.93,51,117.94,08:45:56.167640500
32,117.93,51,117.94,08:45:56.170291916
30,117.93,51,117.94,08:45:56.255091521
30,117.93,55,117.94,08:45:56.255760434
30,117.93,56,117.94,08:45:56.255949892
29,117.93,56,117.94,08:45:56.256635323
27,117.93,56,117.94,08:45:56.606882306
27,117.93,66,117.94,08:45:56.953364967
27,117.93,73,117.94,08:45:56.953465071
27,117.93,76,117.94,08:45:56.953538626
27,117.93,78,117.94,08:45:56.953538626
26,117.93,78,117.94,08:45:56.953655080
25,117.93,78,117.94,08:45:56.953764926
21,117.93,78,117.94,08:45:56.953784395
20,117.93,78,117.94,08:45:56.953784395
19,117.93,78,117.94,08:45:56.953784395
19,117.93,81,117.94,08:45:56.953784395
12,117.93,81,117.94,08:45:56.954032434
84,117.92,81,117.94,08:45:56.954164845
84,117.92,1,117.93,08:45:56.954164845
84,117.92,5,117.93,08:45:56.954327358
84,117.92,9,117.93,08:45:56.954364823
84,117.92,18,117.93,08:45:56.954364823
84,117.92,20,117.93,08:45:56.954507780
84,117.92,16,117.93,08:45:56.954726301
84,117.92,7,117.93,08:45:56.954833771
81,117.92,7,117.93,08:45:56.954963196
77,117.92,7,117.93,08:45:56.954963196
70,117.92,7,117.93,08:45:56.954985770
71,117.92,7,117.93,08:45:56.955114535
71,117.92,5,117.93,08:45:56.955114535
71,117.92,4,117.93,08:45:56.955179867
71,117.92,2,117.93,08:45:56.955195149
71,117.92,1,117.93,08:45:56.955698026
71,117.92,91,117.94,08:45:56.955698026
3,117.93,91,117.94,08:45:56.955698026
79,117.92,91,117.94,08:45:56.956233389
79,117.92,90,117.94,08:45:56.956233389
86,117.92,90,117.94,08:45:56.956233389
86,117.92,81,117.94,08:45:56.956233389
7,117.93,81,117.94,08:45:56.956233389
9,117.93,81,117.94,08:45:56.956538691
2,117.93,81,117.94,08:45:56.957332790
3,117.93,81,117.94,08:45:56.957445624
4,117.93,81,117.94,08:45:56.957580601
5,117.93,81,117.94,08:45:56.958505343
6,117.93,81,117.94,08:45:56.958886552
4,117.93,81,117.94,08:45:56.959374597
3,117.93,81,117.94,08:45:56.959479300
2,117.93,81,117.94,08:45:56.959574977
1,117.93,81,117.94,08:45:56.959596971
86,117.92,81,117.94,08:45:56.959596971
86,117.92,9,117.93,08:45:56.959596971
86,117.92,10,117.93,08:45:56.959734372
79,117.92,10,117.93,08:45:56.959853302
79,117.92,11,117.93,08:45:56.959949322
79,117.92,2,117.93,08:45:56.960061047
79,117.92,1,117.93,08:45:56.960061047
79,117.92,85,117.94,08:45:56.960738797
3,117.93,85,117.94,08:45:56.960738797
5,117.93,85,117.94,08:45:56.960889437
3,117.93,85,117.94,08:45:56.961030487
79,117.92,85,117.94,08:45:56.961478662
2,117.93,85,117.94,08:45:56.962607564
3,117.93,85,117.94,08:45:56.962801619
5,117.93,85,117.94,08:45:56.962870617
6,117.93,85,117.94,08:45:56.963160977
4,117.93,85,117.94,08:45:56.963836267
2,117.93,85,117.94,08:45:56.964019058
6,117.93,85,117.94,08:45:56.964408126
7,117.93,85,117.94,08:45:56.966951174
9,117.93,85,117.94,08:45:56.967265533
10,117.93,85,117.94,08:45:56.968165180
11,117.93,85,117.94,08:45:56.968335890
10,117.93,85,117.94,08:45:56.971074285
10,117.93,81,117.94,08:45:57.011265511
9,117.93,81,117.94,08:45:57.021393038
7,117.93,81,117.94,08:45:57.021732631
6,117.93,81,117.94,08:45:57.021864689
7,117.93,81,117.94,08:45:57.033397661
10,117.93,81,117.94,08:45:57.033465916
12,117.93,81,117.94,08:45:57.037736093
14,117.93,81,117.94,08:45:57.063463626
14,117.93,82,117.94,08:45:57.086685086
14,117.93,84,117.94,08:45:57.086859304
14,117.93,82,117.94,08:45:57.564143279
30,117.93,82,117.94,08:45:57.878828079
30,117.93,79,117.94,08:45:58.598959779
31,117.93,79,117.94,08:45:58.781069874
32,117.93,79,117.94,08:45:58.781312766
33,117.93,79,117.94,08:45:58.781379352
33,117.93,75,117.94,08:45:58.781488955
35,117.93,75,117.94,08:45:58.781558093
35,117.93,65,117.94,08:45:58.781836129
35,117.93,62,117.94,08:45:58.781836129
35,117.93,55,117.94,08:45:58.781836129
35,117.93,53,117.94,08:45:58.781902628
36,117.93,53,117.94,08:45:58.782091732
36,117.93,52,117.94,08:45:58.782169025
36,117.93,51,117.94,08:45:58.782169025
36,117.93,50,117.94,08:45:58.782274609
37,117.93,50,117.94,08:45:58.782274609
37,117.93,48,117.94,08:45:58.782274609
37,117.93,47,117.94,08:45:58.782341575
38,117.93,47,117.94,08:45:58.782413731
38,117.93,48,117.94,08:45:58.783243991
38,117.93,50,117.94,08:45:58.783449351
37,117.93,50,117.94,08:45:58.783931264
35,117.93,50,117.94,08:45:58.784642124
35,117.93,52,117.94,08:45:58.785440476
36,117.93,52,117.94,08:45:58.785508044
35,117.93,52,117.94,08:45:58.785630812
36,117.93,52,117.94,08:45:58.787927194
35,117.93,52,117.94,08:45:58.788075344
34,117.93,52,117.94,08:45:58.788622364
35,117.93,52,117.94,08:45:58.790150271
34,117.93,52,117.94,08:45:58.806864689
35,117.93,52,117.94,08:45:58.826566814
36,117.93,52,117.94,08:45:58.850343822
35,117.93,52,117.94,08:45:58.851523789
34,117.93,52,117.94,08:45:58.928337348
33,117.93,52,117.94,08:45:58.928491837
32,117.93,52,117.94,08:45:59.442855857
31,117.93,52,117.94,08:45:59.510023125
29,117.93,52,117.94,08:45:59.510089585
29,117.93,63,117.94,08:45:59.510089585
28,117.93,63,117.94,08:45:59.510180897
27,117.93,63,117.94,08:45:59.510180897
27,117.93,67,117.94,08:45:59.510196164
27,117.93,74,117.94,08:45:59.510196164
27,117.93,76,117.94,08:45:59.510196164
25,117.93,76,117.94,08:45:59.510196164
25,117.93,78,117.94,08:45:59.510289566
24,117.93,78,117.94,08:45:59.510369243
21,117.93,78,117.94,08:45:59.510448312
23,117.93,78,117.94,08:45:59.516498151
21,117.93,78,117.94,08:45:59.516788061
23,117.93,78,117.94,08:45:59.518531775
21,117.93,78,117.94,08:45:59.518861375
20,117.93,78,117.94,08:45:59.524429131
18,117.93,78,117.94,08:45:59.524751163
18,117.93,83,117.94,08:45:59.524818843
17,117.93,83,117.94,08:45:59.525333703
8,117.93,83,117.94,08:45:59.525348151
1,117.93,83,117.94,08:45:59.527499539
59,117.92,83,117.94,08:45:59.527577535
59,117.92,92,117.94,08:45:59.527842774
59,117.92,87,117.94,08:45:59.527842774
60,117.92,87,117.94,08:45:59.556988892
60,117.92,1,117.93,08:45:59.591697529
60,117.92,3,117.93,08:45:59.591914582
60,117.92,4,117.93,08:45:59.591998879
60,117.92,9,117.93,08:45:59.592013116
53,117.92,9,117.93,08:45:59.592085199
53,117.92,16,117.93,08:45:59.592155484
53,117.92,18,117.93,08:45:59.592313992
44,117.92,18,117.93,08:45:59.592313992
43,117.92,18,117.93,08:45:59.592482076
43,117.92,20,117.93,08:45:59.592667925
43,117.92,21,117.93,08:45:59.593116929
41,117.92,21,117.93,08:45:59.649948335
39,117.92,21,117.93,08:45:59.652173310
39,117.92,20,117.93,08:45:59.667395111
39,117.92,18,117.93,08:45:59.667467630
39,117.92,16,117.93,08:45:59.667574868
39,117.92,9,117.93,08:45:59.667662733
39,117.92,7,117.93,08:45:59.667861037
46,117.92,7,117.93,08:45:59.668344995
46,117.92,9,117.93,08:45:59.671063102
46,117.92,10,117.93,08:45:59.671267700
39,117.92,10,117.93,08:45:59.671337773
39,117.92,12,117.93,08:45:59.671337773
32,117.92,12,117.93,08:45:59.672959204
32,117.92,19,117.93,08:45:59.673074476
32,117.92,20,117.93,08:45:59.675452792
32,117.92,21,117.93,08:45:59.675723911
32,117.92,22,117.93,08:45:59.675865745
32,117.92,23,117.93,08:45:59.675936958
32,117.92,32,117.93,08:45:59.679730965
32,117.92,33,117.93,08:45:59.679871519
28,117.92,33,117.93,08:45:59.679994066
22,117.92,33,117.93,08:45:59.679994066
21,117.92,33,117.93,08:45:59.680160306
23,117.92,33,117.93,08:45:59.688699468
27,117.92,33,117.93,08:45:59.688871406
27,117.92,32,117.93,08:45:59.690111998
26,117.92,32,117.93,08:45:59.691313649
25,117.92,32,117.93,08:45:59.691391254
26,117.92,32,117.93,08:45:59.720234689
27,117.92,32,117.93,08:45:59.720408087
27,117.92,23,117.93,08:45:59.720523453
27,117.92,22,117.93,08:45:59.720676993
27,117.92,21,117.93,08:45:59.728670789
27,117.92,22,117.93,08:45:59.731090227
27,117.92,23,117.93,08:45:59.767794268
27,117.92,22,117.93,08:45:59.776647708
27,117.92,21,117.93,08:45:59.776812281
26,117.92,21,117.93,08:45:59.776871218
26,117.92,22,117.93,08:45:59.776979660
26,117.92,21,117.93,08:45:59.789042429
34,117.92,21,117.93,08:45:59.789192311
36,117.92,21,117.93,08:45:59.789291841
36,117.92,25,117.93,08:45:59.830370738
40,117.92,25,117.93,08:45:59.985309002
40,117.92,26,117.93,08:45:59.995064131
40,117.92,27,117.93,08:46:00.010224726
38,117.92,27,117.93,08:46:00.010292019
37,117.92,27,117.93,08:46:00.010292019
37,117.92,36,117.93,08:46:00.010365009
29,117.92,36,117.93,08:46:00.010365009
28,117.92,36,117.93,08:46:00.010591952
27,117.92,36,117.93,08:46:00.010605680
27,117.92,48,117.93,08:46:00.011124997
25,117.92,48,117.93,08:46:00.011515861
21,117.92,48,117.93,08:46:00.011515861
21,117.92,56,117.93,08:46:00.011988050
21,117.92,65,117.93,08:46:00.012650714
21,117.92,66,117.93,08:46:00.012650714
20,117.92,66,117.93,08:46:00.013507255
19,117.92,66,117.93,08:46:00.013668199
18,117.92,66,117.93,08:46:00.013688621
17,117.92,66,117.93,08:46:00.013711710
16,117.92,66,117.93,08:46:00.013857132
14,117.92,66,117.93,08:46:00.013857132
13,117.92,66,117.93,08:46:00.013871916
12,117.92,66,117.93,08:46:00.013871916
11,117.92,66,117.93,08:46:00.013871916
7,117.92,66,117.93,08:46:00.013888147
6,117.92,66,117.93,08:46:00.013888147
4,117.92,66,117.93,08:46:00.013902121
84,117.91,66,117.93,08:46:00.013970552
84,117.91,1,117.92,08:46:00.014408675
87,117.91,1,117.92,08:46:00.014462282
88,117.91,1,117.92,08:46:00.014624111
88,117.91,3,117.92,08:46:00.014624111
88,117.91,2,117.92,08:46:00.015000960
88,117.91,3,117.92,08:46:00.015000960
88,117.91,4,117.92,08:46:00.015000960
88,117.91,12,117.92,08:46:00.015000960
88,117.91,16,117.92,08:46:00.015026333
88,117.91,18,117.92,08:46:00.015026333
88,117.91,16,117.92,08:46:00.015026333
88,117.91,14,117.92,08:46:00.016068715
88,117.91,10,117.92,08:46:00.016155209
88,117.91,2,117.92,08:46:00.016297151
88,117.91,1,117.92,08:46:00.017951860
88,117.91,8,117.92,08:46:00.025749276
87,117.91,8,117.92,08:46:00.026139346
87,117.91,9,117.92,08:46:00.026401582
88,117.91,9,117.92,08:46:00.026467714
87,117.91,9,117.92,08:46:00.026633784
87,117.91,8,117.92,08:46:00.027670920
87,117.91,10,117.92,08:46:00.031601327
87,117.91,12,117.92,08:46:00.031661256
88,117.91,12,117.92,08:46:00.031762568
88,117.91,10,117.92,08:46:00.037524967
88,117.91,8,117.92,08:46:00.037691709
87,117.91,8,117.92,08:46:00.037757921
87,117.91,9,117.92,08:46:00.038381588
87,117.91,10,117.92,08:46:00.040075004
87,117.91,11,117.92,08:46:00.040911823
87,117.91,10,117.92,08:46:00.046004869
87,117.91,9,117.92,08:46:00.052163466
87,117.91,7,117.92,08:46:00.052163466
88,117.91,7,117.92,08:46:00.052394490
88,117.91,2,117.92,08:46:00.052476718
88,117.91,1,117.92,08:46:00.052476718
88,117.91,71,117.93,08:46:00.052584684
88,117.91,1,117.92,08:46:00.052584684
88,117.91,71,117.93,08:46:00.055056879
88,117.91,70,117.93,08:46:00.055339465
87,117.91,70,117.93,08:46:00.059656385
86,117.91,70,117.93,08:46:00.092848293
20,117.92,70,117.93,08:46:00.143765445
20,117.92,61,117.93,08:46:00.143958199
20,117.92,64,117.93,08:46:00.144333537
20,117.92,71,117.93,08:46:00.144494132
18,117.92,71,117.93,08:46:00.237145751
16,117.92,71,117.93,08:46:00.237396954
15,117.92,71,117.93,08:46:00.237498157
15,117.92,77,117.93,08:46:00.237572026
13,117.92,77,117.93,08:46:00.237588468
12,117.92,77,117.93,08:46:00.237732105
11,117.92,77,117.93,08:46:00.237732105
10,117.92,77,117.93,08:46:00.238151847
