bidVolume,bidPrice,askVolume,askPrice,timestamp
97,5252.25,35,5252.5,09:15:00.006313507
97,5252.25,35,5252.5,09:15:00.011093754
97,5252.25,35,5252.5,09:15:00.011101364
97,5252.25,35,5252.5,09:15:00.011195087
97,5252.25,36,5252.5,09:15:00.013434774
97,5252.25,37,5252.5,09:15:00.037653934
98,5252.25,37,5252.5,09:15:00.062140821
98,5252.25,36,5252.5,09:15:00.111170101
98,5252.25,30,5252.5,09:15:00.111660060
98,5252.25,29,5252.5,09:15:00.111760266
98,5252.25,76,5252.75,09:15:00.112132216
98,5252.25,76,5252.75,09:15:00.112132216
98,5252.25,76,5252.75,09:15:00.112132216
98,5252.25,76,5252.75,09:15:00.112132216
99,5252.25,76,5252.75,09:15:00.112132216
1,5252.5,76,5252.75,09:15:00.112133759
1,5252.5,76,5252.75,09:15:00.112139516
2,5252.5,76,5252.75,09:15:00.112167190
4,5252.5,76,5252.75,09:15:00.112178531
7,5252.5,76,5252.75,09:15:00.112215101
10,5252.5,76,5252.75,09:15:00.112224346
14,5252.5,76,5252.75,09:15:00.112230388
15,5252.5,76,5252.75,09:15:00.112243745
16,5252.5,76,5252.75,09:15:00.112270107
16,5252.5,76,5252.75,09:15:00.112274619
16,5252.5,76,5252.75,09:15:00.112300015
16,5252.5,76,5252.75,09:15:00.112306060
16,5252.5,76,5252.75,09:15:00.112311602
16,5252.5,76,5252.75,09:15:00.112319577
16,5252.5,76,5252.75,09:15:00.112339760
16,5252.5,76,5252.75,09:15:00.112344518
16,5252.5,76,5252.75,09:15:00.112349552
17,5252.5,76,5252.75,09:15:00.112361424
18,5252.5,76,5252.75,09:15:00.112373924
18,5252.5,76,5252.75,09:15:00.112407421
19,5252.5,76,5252.75,09:15:00.112413018
19,5252.5,76,5252.75,09:15:00.112421245
19,5252.5,75,5252.75,09:15:00.112441946
20,5252.5,75,5252.75,09:15:00.112446711
21,5252.5,75,5252.75,09:15:00.112452276
21,5252.5,73,5252.75,09:15:00.112468414
22,5252.5,73,5252.75,09:15:00.112489314
23,5252.5,73,5252.75,09:15:00.112496683
23,5252.5,74,5252.75,09:15:00.112511878
23,5252.5,75,5252.75,09:15:00.112519450
23,5252.5,74,5252.75,09:15:00.112526067
24,5252.5,74,5252.75,09:15:00.112548973
24,5252.5,75,5252.75,09:15:00.112554929
35,5252.5,75,5252.75,09:15:00.112574465
36,5252.5,75,5252.75,09:15:00.112583336
36,5252.5,75,5252.75,09:15:00.112606079
36,5252.5,75,5252.75,09:15:00.112606079
36,5252.5,75,5252.75,09:15:00.112615222
36,5252.5,75,5252.75,09:15:00.112615222
34,5252.5,75,5252.75,09:15:00.112828580
35,5252.5,75,5252.75,09:15:00.112828580
35,5252.5,75,5252.75,09:15:00.112828580
35,5252.5,75,5252.75,09:15:00.112828580
36,5252.5,75,5252.75,09:15:00.112828580
35,5252.5,75,5252.75,09:15:00.112828580
35,5252.5,76,5252.75,09:15:00.112828580
36,5252.5,76,5252.75,09:15:00.112828580
36,5252.5,76,5252.75,09:15:00.112828580
36,5252.5,76,5252.75,09:15:00.112828580
36,5252.5,76,5252.75,09:15:00.112828580
36,5252.5,76,5252.75,09:15:00.112828580
36,5252.5,76,5252.75,09:15:00.112828580
36,5252.5,76,5252.75,09:15:00.112828580
36,5252.5,78,5252.75,09:15:00.112828580
36,5252.5,78,5252.75,09:15:00.112829783
36,5252.5,78,5252.75,09:15:00.112829783
36,5252.5,78,5252.75,09:15:00.112852932
36,5252.5,78,5252.75,09:15:00.112861933
36,5252.5,78,5252.75,09:15:00.112868327
36,5252.5,78,5252.75,09:15:00.112874811
36,5252.5,78,5252.75,09:15:00.112896683
35,5252.5,78,5252.75,09:15:00.112902526
34,5252.5,78,5252.75,09:15:00.112914446
32,5252.5,78,5252.75,09:15:00.112939714
31,5252.5,78,5252.75,09:15:00.112945049
31,5252.5,78,5252.75,09:15:00.112951286
30,5252.5,78,5252.75,09:15:00.113254082
30,5252.5,78,5252.75,09:15:00.113406191
29,5252.5,78,5252.75,09:15:00.113612930
29,5252.5,78,5252.75,09:15:00.113623005
29,5252.5,77,5252.75,09:15:00.113941305
30,5252.5,77,5252.75,09:15:00.113980353
32,5252.5,77,5252.75,09:15:00.114075011
30,5252.5,77,5252.75,09:15:00.114202239
29,5252.5,77,5252.75,09:15:00.114263677
29,5252.5,78,5252.75,09:15:00.114809365
29,5252.5,79,5252.75,09:15:00.118583236
29,5252.5,79,5252.75,09:15:00.120668737
29,5252.5,80,5252.75,09:15:00.121747981
18,5252.5,80,5252.75,09:15:00.123029162
17,5252.5,80,5252.75,09:15:00.123137667
17,5252.5,80,5252.75,09:15:00.123410588
17,5252.5,80,5252.75,09:15:00.123419458
17,5252.5,80,5252.75,09:15:00.123429151
17,5252.5,80,5252.75,09:15:00.123444892
17,5252.5,80,5252.75,09:15:00.123537102
17,5252.5,80,5252.75,09:15:00.126717298
16,5252.5,80,5252.75,09:15:00.131088358
16,5252.5,80,5252.75,09:15:00.131212508
15,5252.5,80,5252.75,09:15:00.131219398
15,5252.5,79,5252.75,09:15:00.136762364
15,5252.5,79,5252.75,09:15:00.136762364
18,5252.5,79,5252.75,09:15:00.172665727
15,5252.5,79,5252.75,09:15:00.172791439
12,5252.5,79,5252.75,09:15:00.196359918
12,5252.5,79,5252.75,09:15:00.207261567
11,5252.5,79,5252.75,09:15:00.209727070
8,5252.5,79,5252.75,09:15:00.209783862
8,5252.5,79,5252.75,09:15:00.210096652
8,5252.5,79,5252.75,09:15:00.210096652
8,5252.5,79,5252.75,09:15:00.210127402
8,5252.5,79,5252.75,09:15:00.210127402
8,5252.5,79,5252.75,09:15:00.210162791
8,5252.5,79,5252.75,09:15:00.210162791
8,5252.5,79,5252.75,09:15:00.210190174
8,5252.5,79,5252.75,09:15:00.210190174
8,5252.5,79,5252.75,09:15:00.210270845
8,5252.5,79,5252.75,09:15:00.210270845
8,5252.5,79,5252.75,09:15:00.210277238
8,5252.5,79,5252.75,09:15:00.210277238
12,5252.5,79,5252.75,09:15:00.210418563
13,5252.5,79,5252.75,09:15:00.212250100
12,5252.5,79,5252.75,09:15:00.224876374
12,5252.5,79,5252.75,09:15:00.231357580
12,5252.5,79,5252.75,09:15:00.231474449
15,5252.5,79,5252.75,09:15:00.263996164
26,5252.5,79,5252.75,09:15:00.264363548
29,5252.5,79,5252.75,09:15:00.264463198
30,5252.5,79,5252.75,09:15:00.264470049
31,5252.5,79,5252.75,09:15:00.264483640
32,5252.5,79,5252.75,09:15:00.264578736
32,5252.5,79,5252.75,09:15:00.291201967
31,5252.5,79,5252.75,09:15:00.349223671
28,5252.5,79,5252.75,09:15:00.349313993
25,5252.5,79,5252.75,09:15:00.355101713
14,5252.5,79,5252.75,09:15:00.355197979
13,5252.5,79,5252.75,09:15:00.355215315
9,5252.5,79,5252.75,09:15:00.355283736
8,5252.5,79,5252.75,09:15:00.355297144
7,5252.5,79,5252.75,09:15:00.355380000
7,5252.5,79,5252.75,09:15:00.356277243
7,5252.5,79,5252.75,09:15:00.356311081
7,5252.5,79,5252.75,09:15:00.356327706
10,5252.5,79,5252.75,09:15:00.365864448
14,5252.5,79,5252.75,09:15:00.365960063
10,5252.5,79,5252.75,09:15:00.366393844
7,5252.5,79,5252.75,09:15:00.366399771
4,5252.5,79,5252.75,09:15:00.371177464
2,5252.5,79,5252.75,09:15:00.371399844
1,5252.5,79,5252.75,09:15:00.371399844
98,5252.25,79,5252.75,09:15:00.371450010
98,5252.25,2,5252.5,09:15:00.371450010
98,5252.25,2,5252.5,09:15:00.371450010
98,5252.25,3,5252.5,09:15:00.371450010
98,5252.25,10,5252.5,09:15:00.371458221
98,5252.25,15,5252.5,09:15:00.371466919
98,5252.25,21,5252.5,09:15:00.371476555
98,5252.25,21,5252.5,09:15:00.371541766
98,5252.25,22,5252.5,09:15:00.371564935
98,5252.25,22,5252.5,09:15:00.371564935
98,5252.25,23,5252.5,09:15:00.371598589
98,5252.25,24,5252.5,09:15:00.371605022
98,5252.25,25,5252.5,09:15:00.371613713
98,5252.25,23,5252.5,09:15:00.371751392
99,5252.25,23,5252.5,09:15:00.371751392
100,5252.25,23,5252.5,09:15:00.371751392
100,5252.25,23,5252.5,09:15:00.371751392
100,5252.25,24,5252.5,09:15:00.371751392
100,5252.25,24,5252.5,09:15:00.371751392
100,5252.25,25,5252.5,09:15:00.371751392
101,5252.25,25,5252.5,09:15:00.371754513
102,5252.25,25,5252.5,09:15:00.371787604
102,5252.25,15,5252.5,09:15:00.371940373
102,5252.25,14,5252.5,09:15:00.371940373
102,5252.25,13,5252.5,09:15:00.371940373
102,5252.25,7,5252.5,09:15:00.371946404
101,5252.25,7,5252.5,09:15:00.371996604
101,5252.25,4,5252.5,09:15:00.372005375
101,5252.25,76,5252.75,09:15:00.372182055
2,5252.5,76,5252.75,09:15:00.372182055
2,5252.5,76,5252.75,09:15:00.372182055
2,5252.5,76,5252.75,09:15:00.372248459
1,5252.5,76,5252.75,09:15:00.372248459
100,5252.25,76,5252.75,09:15:00.372254641
100,5252.25,76,5252.75,09:15:00.372254641
1,5252.5,76,5252.75,09:15:00.372262408
1,5252.5,76,5252.75,09:15:00.372286350
1,5252.5,76,5252.75,09:15:00.372292143
1,5252.5,76,5252.75,09:15:00.372303849
98,5252.25,76,5252.75,09:15:00.372459779
98,5252.25,5,5252.5,09:15:00.372459779
98,5252.25,5,5252.5,09:15:00.372459779
98,5252.25,76,5252.75,09:15:00.372474000
98,5252.25,76,5252.75,09:15:00.372474000
97,5252.25,76,5252.75,09:15:00.372474000
97,5252.25,1,5252.5,09:15:00.372474000
97,5252.25,2,5252.5,09:15:00.372478854
97,5252.25,3,5252.5,09:15:00.372552083
97,5252.25,4,5252.5,09:15:00.372561786
97,5252.25,5,5252.5,09:15:00.372581566
97,5252.25,4,5252.5,09:15:00.372589665
97,5252.25,5,5252.5,09:15:00.372618312
97,5252.25,8,5252.5,09:15:00.372630277
97,5252.25,11,5252.5,09:15:00.372674982
97,5252.25,11,5252.5,09:15:00.372680570
97,5252.25,12,5252.5,09:15:00.372698660
97,5252.25,12,5252.5,09:15:00.372700336
97,5252.25,12,5252.5,09:15:00.372708020
97,5252.25,12,5252.5,09:15:00.372717524
98,5252.25,12,5252.5,09:15:00.372737412
98,5252.25,9,5252.5,09:15:00.372994109
98,5252.25,6,5252.5,09:15:00.372999930
98,5252.25,5,5252.5,09:15:00.373007363
98,5252.25,76,5252.75,09:15:00.373352548
98,5252.25,76,5252.75,09:15:00.373352548
4,5252.5,76,5252.75,09:15:00.373402965
5,5252.5,76,5252.75,09:15:00.373411788
8,5252.5,76,5252.75,09:15:00.373444998
9,5252.5,76,5252.75,09:15:00.373456416
10,5252.5,76,5252.75,09:15:00.373460925
15,5252.5,76,5252.75,09:15:00.373479946
12,5252.5,76,5252.75,09:15:00.373493508
13,5252.5,76,5252.75,09:15:00.373515905
15,5252.5,76,5252.75,09:15:00.373560610
18,5252.5,76,5252.75,09:15:00.373568613
19,5252.5,76,5252.75,09:15:00.373576965
19,5252.5,78,5252.75,09:15:00.373621928
19,5252.5,79,5252.75,09:15:00.373682756
19,5252.5,78,5252.75,09:15:00.373689873
17,5252.5,78,5252.75,09:15:00.373710270
16,5252.5,78,5252.75,09:15:00.373719976
16,5252.5,78,5252.75,09:15:00.373732757
16,5252.5,78,5252.75,09:15:00.373752566
16,5252.5,78,5252.75,09:15:00.373752566
16,5252.5,78,5252.75,09:15:00.373802900
16,5252.5,78,5252.75,09:15:00.373802900
16,5252.5,78,5252.75,09:15:00.373843659
16,5252.5,78,5252.75,09:15:00.373843659
16,5252.5,78,5252.75,09:15:00.373863534
16,5252.5,78,5252.75,09:15:00.373942163
16,5252.5,78,5252.75,09:15:00.373942163
16,5252.5,78,5252.75,09:15:00.373948656
16,5252.5,78,5252.75,09:15:00.373948656
16,5252.5,78,5252.75,09:15:00.373984100
16,5252.5,78,5252.75,09:15:00.373984100
11,5252.5,78,5252.75,09:15:00.374299329
11,5252.5,78,5252.75,09:15:00.374466132
11,5252.5,78,5252.75,09:15:00.374732125
10,5252.5,78,5252.75,09:15:00.383700133
10,5252.5,78,5252.75,09:15:00.393655697
11,5252.5,78,5252.75,09:15:00.412728798
12,5252.5,78,5252.75,09:15:00.412826787
14,5252.5,78,5252.75,09:15:00.412920322
13,5252.5,78,5252.75,09:15:00.423592706
11,5252.5,78,5252.75,09:15:00.423657879
10,5252.5,78,5252.75,09:15:00.423667293
11,5252.5,78,5252.75,09:15:00.423770073
11,5252.5,78,5252.75,09:15:00.423943347
11,5252.5,78,5252.75,09:15:00.423943347
11,5252.5,78,5252.75,09:15:00.423998344
11,5252.5,78,5252.75,09:15:00.423998344
12,5252.5,78,5252.75,09:15:00.424032936
12,5252.5,78,5252.75,09:15:00.424087190
12,5252.5,78,5252.75,09:15:00.424087190
12,5252.5,78,5252.75,09:15:00.424110493
12,5252.5,78,5252.75,09:15:00.424110493
12,5252.5,78,5252.75,09:15:00.424192533
12,5252.5,78,5252.75,09:15:00.424192533
12,5252.5,78,5252.75,09:15:00.424198933
12,5252.5,78,5252.75,09:15:00.424198933
12,5252.5,78,5252.75,09:15:00.424334625
12,5252.5,78,5252.75,09:15:00.426513469
12,5252.5,78,5252.75,09:15:00.428958952
13,5252.5,78,5252.75,09:15:00.429067415
13,5252.5,78,5252.75,09:15:00.429080721
13,5252.5,78,5252.75,09:15:00.429090820
13,5252.5,78,5252.75,09:15:00.429101275
13,5252.5,78,5252.75,09:15:00.429110773
13,5252.5,78,5252.75,09:15:00.431523109
14,5252.5,78,5252.75,09:15:00.452778490
15,5252.5,78,5252.75,09:15:00.452786801
26,5252.5,78,5252.75,09:15:00.452794645
27,5252.5,78,5252.75,09:15:00.452898744
27,5252.5,78,5252.75,09:15:00.452906827
28,5252.5,78,5252.75,09:15:00.452933762
29,5252.5,78,5252.75,09:15:00.453007978
29,5252.5,77,5252.75,09:15:00.455771752
23,5252.5,77,5252.75,09:15:00.472796857
22,5252.5,77,5252.75,09:15:00.472868561
21,5252.5,77,5252.75,09:15:00.472888324
21,5252.5,77,5252.75,09:15:00.473282518
21,5252.5,77,5252.75,09:15:00.473404613
21,5252.5,77,5252.75,09:15:00.503637325
21,5252.5,77,5252.75,09:15:00.521084911
21,5252.5,77,5252.75,09:15:00.521091237
10,5252.5,77,5252.75,09:15:00.521189458
10,5252.5,77,5252.75,09:15:00.532094363
11,5252.5,77,5252.75,09:15:00.738249153
22,5252.5,77,5252.75,09:15:00.738352044
26,5252.5,77,5252.75,09:15:00.738447102
27,5252.5,77,5252.75,09:15:00.738453563
27,5252.5,77,5252.75,09:15:00.738461122
28,5252.5,77,5252.75,09:15:00.738476079
28,5252.5,64,5252.75,09:15:00.739983188
28,5252.5,64,5252.75,09:15:00.739983188
31,5252.5,64,5252.75,09:15:00.739986926
32,5252.5,64,5252.75,09:15:00.739986926
33,5252.5,64,5252.75,09:15:00.739997127
34,5252.5,64,5252.75,09:15:00.740012519
34,5252.5,64,5252.75,09:15:00.740033921
37,5252.5,64,5252.75,09:15:00.740044378
37,5252.5,64,5252.75,09:15:00.740073758
38,5252.5,64,5252.75,09:15:00.740080533
38,5252.5,67,5252.75,09:15:00.740100223
37,5252.5,67,5252.75,09:15:00.740105960
38,5252.5,67,5252.75,09:15:00.740134959
38,5252.5,64,5252.75,09:15:00.740140810
39,5252.5,64,5252.75,09:15:00.740150058
40,5252.5,64,5252.75,09:15:00.740182638
37,5252.5,64,5252.75,09:15:00.740221477
36,5252.5,64,5252.75,09:15:00.740312906
36,5252.5,64,5252.75,09:15:00.740434064
44,5252.5,64,5252.75,09:15:00.740523810
44,5252.5,64,5252.75,09:15:00.740610682
44,5252.5,64,5252.75,09:15:00.740616061
44,5252.5,64,5252.75,09:15:00.753589337
43,5252.5,64,5252.75,09:15:00.781824413
44,5252.5,64,5252.75,09:15:00.781904696
44,5252.5,64,5252.75,09:15:00.782019677
44,5252.5,66,5252.75,09:15:00.786802868
44,5252.5,66,5252.75,09:15:00.787191730
44,5252.5,66,5252.75,09:15:00.787197302
43,5252.5,66,5252.75,09:15:00.797376899
43,5252.5,66,5252.75,09:15:00.797376899
44,5252.5,66,5252.75,09:15:00.797463608
44,5252.5,66,5252.75,09:15:00.854770786
44,5252.5,66,5252.75,09:15:00.862013451
47,5252.5,66,5252.75,09:15:01.039367707
47,5252.5,65,5252.75,09:15:01.039488391
47,5252.5,64,5252.75,09:15:01.039502138
48,5252.5,64,5252.75,09:15:01.039531896
50,5252.5,64,5252.75,09:15:01.039600118
50,5252.5,64,5252.75,09:15:01.039969261
50,5252.5,64,5252.75,09:15:01.061970790
51,5252.5,64,5252.75,09:15:01.106759280
52,5252.5,64,5252.75,09:15:01.106858281
51,5252.5,64,5252.75,09:15:01.116982257
49,5252.5,64,5252.75,09:15:01.117081991
46,5252.5,64,5252.75,09:15:01.117175023
46,5252.5,65,5252.75,09:15:01.205592589
48,5252.5,65,5252.75,09:15:01.568215639
48,5252.5,64,5252.75,09:15:01.568240372
48,5252.5,65,5252.75,09:15:01.568361461
46,5252.5,65,5252.75,09:15:01.568459090
46,5252.5,66,5252.75,09:15:01.599632816
46,5252.5,66,5252.75,09:15:01.879543743
46,5252.5,66,5252.75,09:15:01.879551792
46,5252.5,66,5252.75,09:15:01.879558297
46,5252.5,66,5252.75,09:15:01.879565091
46,5252.5,66,5252.75,09:15:01.879596797
46,5252.5,66,5252.75,09:15:01.879609217
46,5252.5,66,5252.75,09:15:01.879628350
46,5252.5,66,5252.75,09:15:01.879719072
46,5252.5,67,5252.75,09:15:01.887690154
46,5252.5,68,5252.75,09:15:01.887796371
46,5252.5,67,5252.75,09:15:02.443137212
46,5252.5,68,5252.75,09:15:02.443288185
46,5252.5,68,5252.75,09:15:02.461856275
46,5252.5,68,5252.75,09:15:02.654105523
46,5252.5,68,5252.75,09:15:02.654105523
46,5252.5,70,5252.75,09:15:02.883750223
43,5252.5,70,5252.75,09:15:03.035780496
42,5252.5,70,5252.75,09:15:03.035880649
42,5252.5,71,5252.75,09:15:03.045946260
41,5252.5,71,5252.75,09:15:03.675537321
42,5252.5,71,5252.75,09:15:03.675628522
42,5252.5,71,5252.75,09:15:04.428143994
42,5252.5,71,5252.75,09:15:04.428143994
42,5252.5,70,5252.75,09:15:04.595441872
42,5252.5,70,5252.75,09:15:04.611857413
38,5252.5,70,5252.75,09:15:04.611863531
38,5252.5,71,5252.75,09:15:04.611977351
38,5252.5,71,5252.75,09:15:04.612357762
37,5252.5,71,5252.75,09:15:04.612760714
36,5252.5,71,5252.75,09:15:04.612875068
35,5252.5,71,5252.75,09:15:04.612882848
34,5252.5,71,5252.75,09:15:04.612967554
23,5252.5,71,5252.75,09:15:04.613689190
24,5252.5,71,5252.75,09:15:04.614805140
24,5252.5,71,5252.75,09:15:04.621792845
28,5252.5,71,5252.75,09:15:04.636619013
29,5252.5,71,5252.75,09:15:04.660821885
32,5252.5,71,5252.75,09:15:04.680696689
29,5252.5,71,5252.75,09:15:04.733376042
27,5252.5,71,5252.75,09:15:05.012334559
23,5252.5,71,5252.75,09:15:05.012395162
24,5252.5,71,5252.75,09:15:05.012419905
24,5252.5,71,5252.75,09:15:05.012875018
28,5252.5,71,5252.75,09:15:05.012975049
28,5252.5,71,5252.75,09:15:05.035031507
31,5252.5,71,5252.75,09:15:05.071197554
42,5252.5,71,5252.75,09:15:05.071205151
43,5252.5,71,5252.75,09:15:05.071308468
43,5252.5,71,5252.75,09:15:05.071316334
44,5252.5,71,5252.75,09:15:05.071327515
45,5252.5,71,5252.75,09:15:05.071433069
44,5252.5,71,5252.75,09:15:05.081451847
41,5252.5,71,5252.75,09:15:05.081556502
30,5252.5,71,5252.75,09:15:05.192579370
30,5252.5,71,5252.75,09:15:05.297484398
26,5252.5,71,5252.75,09:15:05.750606384
25,5252.5,71,5252.75,09:15:05.750870246
26,5252.5,71,5252.75,09:15:05.759094245
26,5252.5,73,5252.75,09:15:05.773849557
30,5252.5,73,5252.75,09:15:05.885425153
41,5252.5,73,5252.75,09:15:05.891314053
44,5252.5,73,5252.75,09:15:05.891408724
45,5252.5,73,5252.75,09:15:05.891416058
44,5252.5,73,5252.75,09:15:05.901543287
41,5252.5,73,5252.75,09:15:05.901650137
30,5252.5,73,5252.75,09:15:05.902061687
30,5252.5,74,5252.75,09:15:06.015070270
26,5252.5,74,5252.75,09:15:06.115126440
25,5252.5,74,5252.75,09:15:06.115243319
24,5252.5,74,5252.75,09:15:06.178440773
25,5252.5,74,5252.75,09:15:06.371612542
24,5252.5,74,5252.75,09:15:06.402699873
23,5252.5,74,5252.75,09:15:06.402708247
22,5252.5,74,5252.75,09:15:06.402720350
21,5252.5,74,5252.75,09:15:06.402729547
21,5252.5,74,5252.75,09:15:06.402946691
20,5252.5,74,5252.75,09:15:06.403073974
19,5252.5,74,5252.75,09:15:06.403073974
18,5252.5,74,5252.75,09:15:06.403073974
17,5252.5,74,5252.75,09:15:06.403073974
16,5252.5,74,5252.75,09:15:06.403249545
11,5252.5,74,5252.75,09:15:06.403382501
10,5252.5,74,5252.75,09:15:06.403382501
9,5252.5,74,5252.75,09:15:06.403590272
8,5252.5,74,5252.75,09:15:06.403590272
5,5252.5,74,5252.75,09:15:06.403596442
5,5252.5,74,5252.75,09:15:06.403596442
5,5252.5,75,5252.75,09:15:06.403596442
5,5252.5,75,5252.75,09:15:06.410780548
9,5252.5,75,5252.75,09:15:06.412943324
10,5252.5,75,5252.75,09:15:06.413067967
11,5252.5,75,5252.75,09:15:06.413158298
11,5252.5,76,5252.75,09:15:06.428357053
11,5252.5,77,5252.75,09:15:06.428457506
7,5252.5,77,5252.75,09:15:06.428646185
102,5252.25,77,5252.75,09:15:06.446749008
102,5252.25,77,5252.75,09:15:06.446749008
102,5252.25,1,5252.5,09:15:06.446836708
102,5252.25,3,5252.5,09:15:06.446864658
102,5252.25,4,5252.5,09:15:06.446885973
102,5252.25,5,5252.5,09:15:06.446897004
102,5252.25,9,5252.5,09:15:06.446920825
102,5252.25,14,5252.5,09:15:06.446929747
102,5252.25,19,5252.5,09:15:06.446941226
102,5252.25,19,5252.5,09:15:06.446953543
102,5252.25,19,5252.5,09:15:06.446963370
102,5252.25,21,5252.5,09:15:06.447001931
102,5252.25,21,5252.5,09:15:06.447001931
102,5252.25,20,5252.5,09:15:06.447132408
102,5252.25,21,5252.5,09:15:06.447132408
103,5252.25,21,5252.5,09:15:06.447132408
102,5252.25,21,5252.5,09:15:06.447132408
102,5252.25,22,5252.5,09:15:06.447132408
102,5252.25,23,5252.5,09:15:06.447132408
102,5252.25,23,5252.5,09:15:06.447132408
102,5252.25,23,5252.5,09:15:06.447132408
102,5252.25,23,5252.5,09:15:06.447132408
102,5252.25,24,5252.5,09:15:06.447134359
102,5252.25,24,5252.5,09:15:06.447134359
102,5252.25,19,5252.5,09:15:06.447199100
100,5252.25,19,5252.5,09:15:06.447260916
100,5252.25,19,5252.5,09:15:06.447260916
95,5252.25,19,5252.5,09:15:06.447287812
95,5252.25,19,5252.5,09:15:06.447287812
95,5252.25,20,5252.5,09:15:06.447313623
95,5252.25,20,5252.5,09:15:06.447313623
94,5252.25,20,5252.5,09:15:06.447331767
94,5252.25,20,5252.5,09:15:06.447331767
93,5252.25,20,5252.5,09:15:06.447338247
93,5252.25,20,5252.5,09:15:06.447338247
92,5252.25,20,5252.5,09:15:06.447358638
92,5252.25,20,5252.5,09:15:06.447358638
92,5252.25,20,5252.5,09:15:06.447382146
91,5252.25,20,5252.5,09:15:06.447388214
91,5252.25,20,5252.5,09:15:06.447388214
90,5252.25,20,5252.5,09:15:06.447406355
90,5252.25,20,5252.5,09:15:06.447406355
90,5252.25,20,5252.5,09:15:06.447415872
90,5252.25,21,5252.5,09:15:06.447429210
89,5252.25,21,5252.5,09:15:06.447446321
89,5252.25,21,5252.5,09:15:06.447446321
89,5252.25,21,5252.5,09:15:06.447459380
88,5252.25,21,5252.5,09:15:06.447482802
88,5252.25,21,5252.5,09:15:06.447482802
88,5252.25,24,5252.5,09:15:06.447524159
87,5252.25,24,5252.5,09:15:06.447552147
86,5252.25,24,5252.5,09:15:06.447566678
86,5252.25,25,5252.5,09:15:06.447624631
86,5252.25,25,5252.5,09:15:06.447715254
86,5252.25,26,5252.5,09:15:06.447727469
86,5252.25,29,5252.5,09:15:06.447736982
86,5252.25,30,5252.5,09:15:06.447830914
86,5252.25,31,5252.5,09:15:06.447836514
86,5252.25,32,5252.5,09:15:06.447846540
86,5252.25,33,5252.5,09:15:06.450836863
86,5252.25,34,5252.5,09:15:06.450955159
86,5252.25,36,5252.5,09:15:06.450961355
86,5252.25,37,5252.5,09:15:06.450967886
86,5252.25,38,5252.5,09:15:06.451107134
86,5252.25,38,5252.5,09:15:06.451352470
86,5252.25,39,5252.5,09:15:06.451545920
86,5252.25,40,5252.5,09:15:06.451652466
86,5252.25,51,5252.5,09:15:06.451658278
86,5252.25,51,5252.5,09:15:06.451715388
84,5252.25,51,5252.5,09:15:06.451755854
84,5252.25,52,5252.5,09:15:06.451785983
83,5252.25,52,5252.5,09:15:06.451792415
83,5252.25,53,5252.5,09:15:06.451805529
83,5252.25,53,5252.5,09:15:06.451926974
83,5252.25,53,5252.5,09:15:06.452015107
83,5252.25,55,5252.5,09:15:06.452180784
83,5252.25,56,5252.5,09:15:06.452284437
83,5252.25,58,5252.5,09:15:06.453714037
73,5252.25,58,5252.5,09:15:06.453918787
72,5252.25,58,5252.5,09:15:06.454009294
71,5252.25,58,5252.5,09:15:06.454104848
71,5252.25,59,5252.5,09:15:06.454199132
70,5252.25,59,5252.5,09:15:06.454313502
67,5252.25,59,5252.5,09:15:06.454354476
67,5252.25,59,5252.5,09:15:06.461650745
67,5252.25,59,5252.5,09:15:06.469885256
67,5252.25,58,5252.5,09:15:06.472061593
67,5252.25,58,5252.5,09:15:06.516195899
67,5252.25,58,5252.5,09:15:06.536749356
67,5252.25,58,5252.5,09:15:06.555487968
67,5252.25,58,5252.5,09:15:06.581220402
67,5252.25,58,5252.5,09:15:06.581288029
67,5252.25,58,5252.5,09:15:06.581315588
67,5252.25,58,5252.5,09:15:06.678110254
67,5252.25,58,5252.5,09:15:06.678213348
64,5252.25,58,5252.5,09:15:06.751968931
63,5252.25,58,5252.5,09:15:06.752703061
63,5252.25,59,5252.5,09:15:06.752786960
62,5252.25,59,5252.5,09:15:06.752806000
61,5252.25,59,5252.5,09:15:06.753126730
61,5252.25,63,5252.5,09:15:07.038781293
61,5252.25,64,5252.5,09:15:07.038919955
61,5252.25,65,5252.5,09:15:07.039024668
61,5252.25,66,5252.5,09:15:07.083417364
61,5252.25,67,5252.5,09:15:07.083517117
61,5252.25,68,5252.5,09:15:07.083561262
57,5252.25,68,5252.5,09:15:07.083939144
57,5252.25,67,5252.5,09:15:07.093636198
56,5252.25,67,5252.5,09:15:07.137510401
55,5252.25,67,5252.5,09:15:07.282746110
58,5252.25,67,5252.5,09:15:07.293920799
55,5252.25,67,5252.5,09:15:07.293957798
56,5252.25,67,5252.5,09:15:07.294070850
56,5252.25,66,5252.5,09:15:07.294265341
56,5252.25,64,5252.5,09:15:07.294273075
55,5252.25,64,5252.5,09:15:07.294415728
56,5252.25,64,5252.5,09:15:07.302106350
56,5252.25,64,5252.5,09:15:07.326889573
56,5252.25,64,5252.5,09:15:07.326936025
56,5252.25,64,5252.5,09:15:07.327011444
56,5252.25,64,5252.5,09:15:07.337518831
56,5252.25,64,5252.5,09:15:07.638957008
56,5252.25,65,5252.5,09:15:07.639096185
55,5252.25,65,5252.5,09:15:07.716180492
55,5252.25,65,5252.5,09:15:07.753683473
55,5252.25,65,5252.5,09:15:07.804044549
55,5252.25,65,5252.5,09:15:07.804147313
52,5252.25,65,5252.5,09:15:07.816965520
52,5252.25,66,5252.5,09:15:07.817038850
51,5252.25,66,5252.5,09:15:07.817152699
51,5252.25,67,5252.5,09:15:07.888411817
51,5252.25,67,5252.5,09:15:07.888411817
51,5252.25,67,5252.5,09:15:07.939234723
49,5252.25,67,5252.5,09:15:07.959300190
49,5252.25,67,5252.5,09:15:08.003620076
48,5252.25,67,5252.5,09:15:08.015132798
48,5252.25,70,5252.5,09:15:08.154881432
46,5252.25,70,5252.5,09:15:08.353707401
45,5252.25,70,5252.5,09:15:08.353713651
45,5252.25,71,5252.5,09:15:08.353723283
44,5252.25,71,5252.5,09:15:08.353733610
43,5252.25,71,5252.5,09:15:08.353760090
40,5252.25,71,5252.5,09:15:08.353766817
39,5252.25,71,5252.5,09:15:08.353773076
38,5252.25,71,5252.5,09:15:08.353789156
37,5252.25,71,5252.5,09:15:08.353796072
36,5252.25,71,5252.5,09:15:08.353803233
36,5252.25,72,5252.5,09:15:08.353809790
34,5252.25,72,5252.5,09:15:08.353976751
34,5252.25,73,5252.5,09:15:08.353976751
23,5252.25,73,5252.5,09:15:08.353976751
19,5252.25,73,5252.5,09:15:08.353976751
19,5252.25,74,5252.5,09:15:08.353976751
18,5252.25,74,5252.5,09:15:08.353976751
18,5252.25,75,5252.5,09:15:08.353976751
18,5252.25,76,5252.5,09:15:08.354038797
14,5252.25,76,5252.5,09:15:08.354299465
9,5252.25,76,5252.5,09:15:08.354299465
8,5252.25,76,5252.5,09:15:08.354299465
7,5252.25,76,5252.5,09:15:08.354299465
7,5252.25,76,5252.5,09:15:08.354319116
7,5252.25,76,5252.5,09:15:08.354319116
7,5252.25,76,5252.5,09:15:08.354327069
7,5252.25,76,5252.5,09:15:08.354333999
7,5252.25,76,5252.5,09:15:08.354345037
7,5252.25,77,5252.5,09:15:08.354345037
6,5252.25,77,5252.5,09:15:08.354538785
6,5252.25,77,5252.5,09:15:08.354538785
6,5252.25,77,5252.5,09:15:08.354538785
6,5252.25,77,5252.5,09:15:08.354538785
5,5252.25,77,5252.5,09:15:08.354538785
5,5252.25,77,5252.5,09:15:08.354538785
5,5252.25,77,5252.5,09:15:08.354538785
5,5252.25,77,5252.5,09:15:08.354565745
5,5252.25,76,5252.5,09:15:08.354666784
5,5252.25,77,5252.5,09:15:08.354687648
9,5252.25,77,5252.5,09:15:08.354742779
12,5252.25,77,5252.5,09:15:08.354755378
13,5252.25,77,5252.5,09:15:08.354781106
16,5252.25,77,5252.5,09:15:08.354831667
18,5252.25,77,5252.5,09:15:08.354839981
19,5252.25,77,5252.5,09:15:08.354853571
20,5252.25,77,5252.5,09:15:08.354925064
21,5252.25,77,5252.5,09:15:08.354942703
19,5252.25,77,5252.5,09:15:08.354969916
20,5252.25,77,5252.5,09:15:08.355302361
21,5252.25,77,5252.5,09:15:08.355433670
21,5252.25,76,5252.5,09:15:08.355442111
21,5252.25,73,5252.5,09:15:08.356267158
22,5252.25,73,5252.5,09:15:08.356745584
25,5252.25,73,5252.5,09:15:08.356751520
25,5252.25,73,5252.5,09:15:08.357873284
24,5252.25,73,5252.5,09:15:08.371641110
24,5252.25,74,5252.5,09:15:08.387903157
24,5252.25,74,5252.5,09:15:08.387903157
24,5252.25,74,5252.5,09:15:08.508262547
24,5252.25,74,5252.5,09:15:08.508411642
24,5252.25,74,5252.5,09:15:08.530364491
24,5252.25,74,5252.5,09:15:08.573276678
24,5252.25,74,5252.5,09:15:08.573298266
24,5252.25,74,5252.5,09:15:08.573361460
24,5252.25,74,5252.5,09:15:08.573420882
24,5252.25,75,5252.5,09:15:08.573606269
24,5252.25,76,5252.5,09:15:08.573626272
24,5252.25,79,5252.5,09:15:08.573701685
23,5252.25,79,5252.5,09:15:08.573790751
20,5252.25,79,5252.5,09:15:08.573902713
19,5252.25,79,5252.5,09:15:08.573991467
20,5252.25,79,5252.5,09:15:08.574063036
19,5252.25,79,5252.5,09:15:08.574230239
20,5252.25,79,5252.5,09:15:08.574389318
21,5252.25,79,5252.5,09:15:08.574498261
22,5252.25,79,5252.5,09:15:08.574769665
21,5252.25,79,5252.5,09:15:08.575181072
20,5252.25,79,5252.5,09:15:08.575188844
19,5252.25,79,5252.5,09:15:08.575278251
19,5252.25,78,5252.5,09:15:08.576471417
21,5252.25,78,5252.5,09:15:08.576683335
22,5252.25,78,5252.5,09:15:08.578257424
23,5252.25,78,5252.5,09:15:08.602765656
23,5252.25,78,5252.5,09:15:08.739124128
23,5252.25,78,5252.5,09:15:08.739152554
24,5252.25,78,5252.5,09:15:08.859082362
23,5252.25,78,5252.5,09:15:09.000252101
22,5252.25,78,5252.5,09:15:09.000435759
23,5252.25,78,5252.5,09:15:09.001547292
23,5252.25,78,5252.5,09:15:09.087251552
22,5252.25,78,5252.5,09:15:09.439930175
23,5252.25,78,5252.5,09:15:09.440263625
24,5252.25,78,5252.5,09:15:09.448097267
27,5252.25,78,5252.5,09:15:09.448196002
28,5252.25,78,5252.5,09:15:09.448318126
30,5252.25,78,5252.5,09:15:09.449048131
31,5252.25,78,5252.5,09:15:09.449055348
34,5252.25,78,5252.5,09:15:09.449065232
34,5252.25,78,5252.5,09:15:09.449074183
35,5252.25,78,5252.5,09:15:09.449091131
46,5252.25,78,5252.5,09:15:09.449104318
47,5252.25,78,5252.5,09:15:09.449146200
48,5252.25,78,5252.5,09:15:09.449152233
49,5252.25,78,5252.5,09:15:09.449212938
50,5252.25,78,5252.5,09:15:09.449259755
50,5252.25,77,5252.5,09:15:09.449265512
51,5252.25,77,5252.5,09:15:09.449514981
53,5252.25,77,5252.5,09:15:09.449524639
53,5252.25,74,5252.5,09:15:09.449550691
54,5252.25,74,5252.5,09:15:09.449646534
54,5252.25,73,5252.5,09:15:09.449658272
55,5252.25,73,5252.5,09:15:09.449668781
55,5252.25,72,5252.5,09:15:09.449841923
55,5252.25,70,5252.5,09:15:09.450114134
59,5252.25,70,5252.5,09:15:09.450141184
60,5252.25,70,5252.5,09:15:09.450500743
59,5252.25,70,5252.5,09:15:09.588486280
60,5252.25,70,5252.5,09:15:09.601043365
61,5252.25,70,5252.5,09:15:09.601050008
61,5252.25,69,5252.5,09:15:09.601162961
61,5252.25,68,5252.5,09:15:09.601390351
61,5252.25,67,5252.5,09:15:09.601504791
57,5252.25,67,5252.5,09:15:09.935600460
56,5252.25,67,5252.5,09:15:09.935614838
54,5252.25,67,5252.5,09:15:09.935714917
56,5252.25,67,5252.5,09:15:10.327484711
54,5252.25,67,5252.5,09:15:10.327493185
54,5252.25,68,5252.5,09:15:10.354333505
56,5252.25,68,5252.5,09:15:10.360191156
55,5252.25,68,5252.5,09:15:10.378844137
53,5252.25,68,5252.5,09:15:10.378932267
52,5252.25,68,5252.5,09:15:10.399439486
51,5252.25,68,5252.5,09:15:10.399521903
50,5252.25,68,5252.5,09:15:10.399617397
50,5252.25,68,5252.5,09:15:10.551655191
49,5252.25,68,5252.5,09:15:10.615816721
50,5252.25,68,5252.5,09:15:10.616385485
49,5252.25,68,5252.5,09:15:11.126000262
49,5252.25,68,5252.5,09:15:11.126546244
49,5252.25,68,5252.5,09:15:11.149159973
51,5252.25,68,5252.5,09:15:11.261030636
52,5252.25,68,5252.5,09:15:11.261126354
53,5252.25,68,5252.5,09:15:11.261141449
53,5252.25,67,5252.5,09:15:11.261326159
53,5252.25,65,5252.5,09:15:11.261409480
54,5252.25,65,5252.5,09:15:11.261584421
54,5252.25,67,5252.5,09:15:11.382117662
53,5252.25,67,5252.5,09:15:11.382214937
52,5252.25,67,5252.5,09:15:11.382223984
51,5252.25,67,5252.5,09:15:11.382251287
49,5252.25,67,5252.5,09:15:11.382313051
49,5252.25,68,5252.5,09:15:11.463222700
47,5252.25,68,5252.5,09:15:11.701841332
46,5252.25,68,5252.5,09:15:11.701946381
48,5252.25,68,5252.5,09:15:11.702256605
48,5252.25,68,5252.5,09:15:11.702256605
48,5252.25,67,5252.5,09:15:11.702395482
49,5252.25,67,5252.5,09:15:11.702490555
51,5252.25,67,5252.5,09:15:11.702586673
51,5252.25,65,5252.5,09:15:11.702680473
52,5252.25,65,5252.5,09:15:11.716017881
53,5252.25,65,5252.5,09:15:11.716113345
54,5252.25,65,5252.5,09:15:11.716210935
53,5252.25,65,5252.5,09:15:11.726345165
52,5252.25,65,5252.5,09:15:11.726454043
51,5252.25,65,5252.5,09:15:11.726464433
52,5252.25,65,5252.5,09:15:11.726475192
52,5252.25,67,5252.5,09:15:11.726549614
51,5252.25,67,5252.5,09:15:11.726559419
51,5252.25,65,5252.5,09:15:11.726570008
52,5252.25,65,5252.5,09:15:11.726666099
52,5252.25,67,5252.5,09:15:11.729815832
50,5252.25,67,5252.5,09:15:11.729914344
49,5252.25,67,5252.5,09:15:11.729923253
49,5252.25,67,5252.5,09:15:11.834534625
54,5252.25,67,5252.5,09:15:11.834556296
56,5252.25,67,5252.5,09:15:11.834656557
56,5252.25,65,5252.5,09:15:11.834745954
56,5252.25,65,5252.5,09:15:11.836296984
56,5252.25,65,5252.5,09:15:11.837306006
56,5252.25,65,5252.5,09:15:11.838445962
56,5252.25,65,5252.5,09:15:11.839776756
56,5252.25,65,5252.5,09:15:11.841136835
56,5252.25,66,5252.5,09:15:11.841259749
56,5252.25,68,5252.5,09:15:11.841352486
54,5252.25,68,5252.5,09:15:11.841451635
54,5252.25,68,5252.5,09:15:11.842363093
54,5252.25,68,5252.5,09:15:11.842466065
54,5252.25,68,5252.5,09:15:11.843376551
54,5252.25,68,5252.5,09:15:11.844712706
54,5252.25,68,5252.5,09:15:11.846031686
54,5252.25,68,5252.5,09:15:11.847119903
54,5252.25,68,5252.5,09:15:11.848437366
54,5252.25,68,5252.5,09:15:11.848540274
54,5252.25,68,5252.5,09:15:11.849451124
54,5252.25,68,5252.5,09:15:11.850463743
54,5252.25,68,5252.5,09:15:11.852452990
54,5252.25,68,5252.5,09:15:11.854053534
54,5252.25,68,5252.5,09:15:11.856076036
54,5252.25,68,5252.5,09:15:11.857631840
56,5252.25,68,5252.5,09:15:11.941562375
56,5252.25,66,5252.5,09:15:11.941648047
56,5252.25,65,5252.5,09:15:11.941762856
56,5252.25,66,5252.5,09:15:11.950597623
56,5252.25,68,5252.5,09:15:11.950690758
54,5252.25,68,5252.5,09:15:11.950780136
54,5252.25,68,5252.5,09:15:12.134838458
54,5252.25,68,5252.5,09:15:12.143063577
54,5252.25,69,5252.5,09:15:12.143083802
54,5252.25,69,5252.5,09:15:12.145806039
54,5252.25,69,5252.5,09:15:12.149219413
54,5252.25,69,5252.5,09:15:12.149336526
54,5252.25,68,5252.5,09:15:12.149453191
56,5252.25,68,5252.5,09:15:12.149548198
56,5252.25,66,5252.5,09:15:12.149636903
56,5252.25,66,5252.5,09:15:12.150255927
56,5252.25,66,5252.5,09:15:12.152210098
56,5252.25,66,5252.5,09:15:12.153284651
56,5252.25,66,5252.5,09:15:12.154520698
56,5252.25,66,5252.5,09:15:12.155697608
56,5252.25,66,5252.5,09:15:12.155802948
56,5252.25,66,5252.5,09:15:12.156978623
56,5252.25,66,5252.5,09:15:12.159511439
56,5252.25,66,5252.5,09:15:12.160582462
56,5252.25,66,5252.5,09:15:12.164726002
56,5252.25,67,5252.5,09:15:12.278927231
56,5252.25,69,5252.5,09:15:12.279021758
54,5252.25,69,5252.5,09:15:12.279110857
57,5252.25,69,5252.5,09:15:12.376305167
59,5252.25,69,5252.5,09:15:12.376406212
59,5252.25,67,5252.5,09:15:12.376492953
58,5252.25,67,5252.5,09:15:12.548544796
58,5252.25,69,5252.5,09:15:12.548644635
56,5252.25,69,5252.5,09:15:12.548738175
56,5252.25,69,5252.5,09:15:12.774866862
56,5252.25,69,5252.5,09:15:12.774980292
56,5252.25,69,5252.5,09:15:12.854439757
58,5252.25,69,5252.5,09:15:13.239644548
58,5252.25,67,5252.5,09:15:13.239651092
58,5252.25,66,5252.5,09:15:13.239768138
58,5252.25,68,5252.5,09:15:13.266286091
56,5252.25,68,5252.5,09:15:13.266371955
58,5252.25,68,5252.5,09:15:13.382051697
58,5252.25,66,5252.5,09:15:13.382057575
57,5252.25,66,5252.5,09:15:13.435185968
57,5252.25,68,5252.5,09:15:13.435258660
58,5252.25,68,5252.5,09:15:13.435292671
56,5252.25,68,5252.5,09:15:13.435297471
56,5252.25,68,5252.5,09:15:13.835740337
56,5252.25,68,5252.5,09:15:13.835746443
58,5252.25,68,5252.5,09:15:13.974095004
58,5252.25,66,5252.5,09:15:13.974191147
56,5252.25,66,5252.5,09:15:13.974309354
58,5252.25,66,5252.5,09:15:14.161547810
59,5252.25,66,5252.5,09:15:14.282184412
59,5252.25,64,5252.5,09:15:14.282325023
59,5252.25,59,5252.5,09:15:14.282325023
59,5252.25,55,5252.5,09:15:14.282325023
59,5252.25,50,5252.5,09:15:14.282542269
59,5252.25,48,5252.5,09:15:14.282542269
59,5252.25,47,5252.5,09:15:14.282542269
59,5252.25,46,5252.5,09:15:14.282547802
59,5252.25,45,5252.5,09:15:14.282547802
60,5252.25,45,5252.5,09:15:14.282547802
60,5252.25,44,5252.5,09:15:14.282566234
60,5252.25,43,5252.5,09:15:14.282566234
60,5252.25,42,5252.5,09:15:14.282566234
60,5252.25,42,5252.5,09:15:14.282566234
60,5252.25,41,5252.5,09:15:14.282574417
60,5252.25,41,5252.5,09:15:14.282574417
60,5252.25,41,5252.5,09:15:14.282574417
60,5252.25,41,5252.5,09:15:14.282574417
60,5252.25,40,5252.5,09:15:14.282607009
60,5252.25,37,5252.5,09:15:14.282612056
59,5252.25,37,5252.5,09:15:14.282617777
59,5252.25,33,5252.5,09:15:14.282863926
60,5252.25,33,5252.5,09:15:14.282863926
60,5252.25,28,5252.5,09:15:14.282863926
60,5252.25,29,5252.5,09:15:14.282863926
60,5252.25,28,5252.5,09:15:14.282863926
61,5252.25,28,5252.5,09:15:14.282866886
64,5252.25,28,5252.5,09:15:14.282922423
64,5252.25,31,5252.5,09:15:14.282968453
64,5252.25,26,5252.5,09:15:14.283120236
64,5252.25,20,5252.5,09:15:14.283120236
64,5252.25,21,5252.5,09:15:14.283127248
67,5252.25,21,5252.5,09:15:14.283127248
67,5252.25,22,5252.5,09:15:14.283127248
69,5252.25,22,5252.5,09:15:14.283127248
69,5252.25,19,5252.5,09:15:14.283137183
70,5252.25,19,5252.5,09:15:14.283203427
71,5252.25,19,5252.5,09:15:14.283219911
71,5252.25,20,5252.5,09:15:14.283231073
71,5252.25,20,5252.5,09:15:14.283253342
72,5252.25,20,5252.5,09:15:14.283312236
72,5252.25,21,5252.5,09:15:14.283323302
77,5252.25,21,5252.5,09:15:14.283335719
77,5252.25,21,5252.5,09:15:14.283335719
77,5252.25,20,5252.5,09:15:14.283352080
78,5252.25,20,5252.5,09:15:14.283401636
88,5252.25,20,5252.5,09:15:14.286248574
89,5252.25,20,5252.5,09:15:14.286371491
89,5252.25,20,5252.5,09:15:14.287988254
89,5252.25,21,5252.5,09:15:14.288297908
89,5252.25,19,5252.5,09:15:14.288349160
90,5252.25,19,5252.5,09:15:14.288929758
90,5252.25,19,5252.5,09:15:14.288929758
90,5252.25,20,5252.5,09:15:14.289185161
89,5252.25,20,5252.5,09:15:14.289191741
89,5252.25,20,5252.5,09:15:14.289191741
89,5252.25,20,5252.5,09:15:14.290710788
89,5252.25,20,5252.5,09:15:14.306158725
90,5252.25,20,5252.5,09:15:14.337544913
90,5252.25,20,5252.5,09:15:14.337550942
91,5252.25,20,5252.5,09:15:14.355678806
91,5252.25,20,5252.5,09:15:14.355678806
91,5252.25,19,5252.5,09:15:14.493315186
53,5252.25,19,5252.5,09:15:14.555970997
53,5252.25,22,5252.5,09:15:14.555970997
53,5252.25,25,5252.5,09:15:14.555970997
53,5252.25,26,5252.5,09:15:14.555970997
53,5252.25,29,5252.5,09:15:14.555970997
53,5252.25,30,5252.5,09:15:14.555970997
53,5252.25,34,5252.5,09:15:14.555990734
56,5252.25,34,5252.5,09:15:14.555999106
59,5252.25,34,5252.5,09:15:14.556007429
58,5252.25,34,5252.5,09:15:14.556015263
58,5252.25,34,5252.5,09:15:14.556056288
58,5252.25,34,5252.5,09:15:14.556956158
58,5252.25,34,5252.5,09:15:14.556962373
58,5252.25,37,5252.5,09:15:14.556976088
58,5252.25,38,5252.5,09:15:14.556984652
58,5252.25,40,5252.5,09:15:14.557098664
58,5252.25,41,5252.5,09:15:14.557106456
58,5252.25,46,5252.5,09:15:14.557639852
58,5252.25,47,5252.5,09:15:14.557651443
58,5252.25,48,5252.5,09:15:14.557663773
58,5252.25,49,5252.5,09:15:14.557672070
58,5252.25,60,5252.5,09:15:14.557683805
58,5252.25,62,5252.5,09:15:14.557694247
58,5252.25,61,5252.5,09:15:14.557705806
58,5252.25,61,5252.5,09:15:14.557715076
58,5252.25,62,5252.5,09:15:14.557732046
58,5252.25,63,5252.5,09:15:14.557737560
59,5252.25,63,5252.5,09:15:14.557758888
58,5252.25,63,5252.5,09:15:14.557769529
58,5252.25,63,5252.5,09:15:14.557769529
60,5252.25,63,5252.5,09:15:14.557804726
60,5252.25,63,5252.5,09:15:14.557804726
61,5252.25,63,5252.5,09:15:14.557810730
61,5252.25,63,5252.5,09:15:14.557810730
62,5252.25,63,5252.5,09:15:14.557817034
62,5252.25,63,5252.5,09:15:14.557817034
63,5252.25,63,5252.5,09:15:14.557824973
63,5252.25,63,5252.5,09:15:14.557824973
64,5252.25,63,5252.5,09:15:14.557829994
64,5252.25,63,5252.5,09:15:14.557829994
65,5252.25,63,5252.5,09:15:14.557839012
65,5252.25,63,5252.5,09:15:14.557839012
66,5252.25,63,5252.5,09:15:14.557843831
66,5252.25,63,5252.5,09:15:14.557843831
66,5252.25,66,5252.5,09:15:14.557863319
66,5252.25,67,5252.5,09:15:14.558247042
66,5252.25,66,5252.5,09:15:14.558283123
66,5252.25,67,5252.5,09:15:14.558292133
66,5252.25,68,5252.5,09:15:14.558299778
66,5252.25,69,5252.5,09:15:14.558314076
66,5252.25,70,5252.5,09:15:14.558336771
66,5252.25,70,5252.5,09:15:14.558345450
67,5252.25,70,5252.5,09:15:14.558351296
67,5252.25,69,5252.5,09:15:14.558376286
67,5252.25,66,5252.5,09:15:14.558385774
67,5252.25,65,5252.5,09:15:14.558501354
67,5252.25,66,5252.5,09:15:14.558539390
67,5252.25,66,5252.5,09:15:14.567409041
66,5252.25,66,5252.5,09:15:14.568473511
66,5252.25,66,5252.5,09:15:14.753616702
66,5252.25,66,5252.5,09:15:15.003633773
66,5252.25,64,5252.5,09:15:15.044107466
67,5252.25,64,5252.5,09:15:15.044204690
67,5252.25,63,5252.5,09:15:15.044214678
67,5252.25,62,5252.5,09:15:15.068195990
68,5252.25,62,5252.5,09:15:15.068306939
69,5252.25,62,5252.5,09:15:15.068421550
68,5252.25,62,5252.5,09:15:15.068427774
69,5252.25,62,5252.5,09:15:15.068707309
69,5252.25,61,5252.5,09:15:15.068813148
68,5252.25,61,5252.5,09:15:15.068914724
68,5252.25,62,5252.5,09:15:15.071826837
68,5252.25,62,5252.5,09:15:15.170130313
68,5252.25,62,5252.5,09:15:15.170245224
68,5252.25,61,5252.5,09:15:15.170260751
68,5252.25,61,5252.5,09:15:15.413362864
68,5252.25,62,5252.5,09:15:15.493144274
68,5252.25,62,5252.5,09:15:15.516177686
68,5252.25,63,5252.5,09:15:15.724755802
68,5252.25,58,5252.5,09:15:15.842277204
68,5252.25,57,5252.5,09:15:15.842317662
79,5252.25,57,5252.5,09:15:15.842431735
82,5252.25,57,5252.5,09:15:15.842536610
82,5252.25,55,5252.5,09:15:15.842548291
82,5252.25,52,5252.5,09:15:15.842553635
83,5252.25,52,5252.5,09:15:15.842582630
83,5252.25,49,5252.5,09:15:15.842589491
80,5252.25,49,5252.5,09:15:15.842598887
80,5252.25,38,5252.5,09:15:15.842677852
82,5252.25,38,5252.5,09:15:15.842776593
82,5252.25,37,5252.5,09:15:15.842783835
85,5252.25,37,5252.5,09:15:15.842797553
85,5252.25,36,5252.5,09:15:15.842904848
85,5252.25,36,5252.5,09:15:15.853853959
86,5252.25,36,5252.5,09:15:15.856128456
86,5252.25,36,5252.5,09:15:15.856128456
86,5252.25,36,5252.5,09:15:16.246812534
86,5252.25,36,5252.5,09:15:16.253607231
83,5252.25,36,5252.5,09:15:16.297557308
83,5252.25,47,5252.5,09:15:16.297674430
81,5252.25,47,5252.5,09:15:16.297762365
81,5252.25,48,5252.5,09:15:16.297774634
81,5252.25,49,5252.5,09:15:16.297798541
80,5252.25,49,5252.5,09:15:16.297852818
80,5252.25,48,5252.5,09:15:16.307903523
80,5252.25,48,5252.5,09:15:16.503617087
80,5252.25,48,5252.5,09:15:16.753613942
80,5252.25,48,5252.5,09:15:16.753620416
80,5252.25,37,5252.5,09:15:16.753731036
83,5252.25,37,5252.5,09:15:16.753825721
83,5252.25,34,5252.5,09:15:16.753920882
84,5252.25,34,5252.5,09:15:16.754116346
84,5252.25,33,5252.5,09:15:16.754172542
85,5252.25,33,5252.5,09:15:16.754287044
85,5252.25,33,5252.5,09:15:16.754287044
85,5252.25,29,5252.5,09:15:16.754400892
85,5252.25,26,5252.5,09:15:16.754410236
86,5252.25,26,5252.5,09:15:16.754425603
86,5252.25,25,5252.5,09:15:16.754534092
85,5252.25,25,5252.5,09:15:16.754635412
85,5252.25,24,5252.5,09:15:16.754643339
85,5252.25,23,5252.5,09:15:16.754752528
86,5252.25,23,5252.5,09:15:16.754858789
86,5252.25,22,5252.5,09:15:16.754960733
86,5252.25,21,5252.5,09:15:16.755593940
85,5252.25,21,5252.5,09:15:16.765340486
84,5252.25,21,5252.5,09:15:16.885275861
84,5252.25,23,5252.5,09:15:16.885369255
84,5252.25,22,5252.5,09:15:16.885388394
84,5252.25,26,5252.5,09:15:16.885472267
84,5252.25,24,5252.5,09:15:16.885561063
81,5252.25,24,5252.5,09:15:16.907448701
81,5252.25,24,5252.5,09:15:16.907482612
81,5252.25,27,5252.5,09:15:16.907534891
81,5252.25,30,5252.5,09:15:16.907540197
81,5252.25,31,5252.5,09:15:16.907553483
78,5252.25,31,5252.5,09:15:16.907558089
78,5252.25,34,5252.5,09:15:16.907570883
77,5252.25,34,5252.5,09:15:16.907579597
77,5252.25,37,5252.5,09:15:16.907594029
77,5252.25,38,5252.5,09:15:16.907603338
77,5252.25,41,5252.5,09:15:16.907620001
77,5252.25,42,5252.5,09:15:16.907627220
77,5252.25,43,5252.5,09:15:16.907654168
77,5252.25,44,5252.5,09:15:16.907660226
77,5252.25,45,5252.5,09:15:16.907701890
77,5252.25,47,5252.5,09:15:16.907711590
77,5252.25,58,5252.5,09:15:16.907723558
77,5252.25,59,5252.5,09:15:16.907766100
77,5252.25,60,5252.5,09:15:16.907845068
77,5252.25,57,5252.5,09:15:16.907850261
77,5252.25,55,5252.5,09:15:16.907857052
77,5252.25,54,5252.5,09:15:16.907970254
80,5252.25,54,5252.5,09:15:16.908180614
80,5252.25,51,5252.5,09:15:16.908221213
81,5252.25,51,5252.5,09:15:16.908328924
81,5252.25,48,5252.5,09:15:16.908342435
81,5252.25,47,5252.5,09:15:16.908441505
82,5252.25,47,5252.5,09:15:16.908495849
82,5252.25,46,5252.5,09:15:16.908679811
82,5252.25,35,5252.5,09:15:16.908710439
82,5252.25,34,5252.5,09:15:16.908808469
83,5252.25,34,5252.5,09:15:16.908914203
84,5252.25,34,5252.5,09:15:16.908939384
85,5252.25,34,5252.5,09:15:16.909039204
85,5252.25,33,5252.5,09:15:16.917823474
85,5252.25,30,5252.5,09:15:16.917925460
85,5252.25,27,5252.5,09:15:16.917931134
85,5252.25,26,5252.5,09:15:16.917945179
85,5252.25,25,5252.5,09:15:16.917961473
85,5252.25,21,5252.5,09:15:16.918059591
85,5252.25,20,5252.5,09:15:16.918069792
85,5252.25,19,5252.5,09:15:16.918168201
85,5252.25,17,5252.5,09:15:16.918698800
85,5252.25,16,5252.5,09:15:16.918849693
86,5252.25,16,5252.5,09:15:16.918849693
86,5252.25,80,5252.75,09:15:16.919082335
86,5252.25,80,5252.75,09:15:16.919082335
1,5252.5,80,5252.75,09:15:16.919089679
2,5252.5,80,5252.75,09:15:16.919089679
3,5252.5,80,5252.75,09:15:16.919102537
3,5252.5,80,5252.75,09:15:16.919102537
8,5252.5,80,5252.75,09:15:16.919208081
8,5252.5,80,5252.75,09:15:16.919215639
9,5252.5,80,5252.75,09:15:16.919249288
9,5252.5,83,5252.75,09:15:16.919254325
10,5252.5,83,5252.75,09:15:16.919268911
10,5252.5,82,5252.75,09:15:16.919271634
10,5252.5,84,5252.75,09:15:16.919282934
10,5252.5,84,5252.75,09:15:16.919338327
11,5252.5,84,5252.75,09:15:16.919352589
11,5252.5,85,5252.75,09:15:16.919357774
12,5252.5,85,5252.75,09:15:16.919363838
12,5252.5,86,5252.75,09:15:16.919377355
12,5252.5,87,5252.75,09:15:16.919405771
12,5252.5,88,5252.75,09:15:16.919461644
12,5252.5,88,5252.75,09:15:16.919558834
12,5252.5,88,5252.75,09:15:16.919558834
12,5252.5,89,5252.75,09:15:16.919573541
12,5252.5,89,5252.75,09:15:16.919596038
12,5252.5,89,5252.75,09:15:16.919596038
12,5252.5,89,5252.75,09:15:16.919610352
12,5252.5,89,5252.75,09:15:16.919610352
12,5252.5,89,5252.75,09:15:16.919648353
12,5252.5,89,5252.75,09:15:16.919648353
12,5252.5,89,5252.75,09:15:16.919684903
12,5252.5,89,5252.75,09:15:16.919684903
12,5252.5,89,5252.75,09:15:16.919716779
12,5252.5,89,5252.75,09:15:16.919728626
12,5252.5,89,5252.75,09:15:16.919728626
12,5252.5,89,5252.75,09:15:16.919759878
12,5252.5,89,5252.75,09:15:16.919759878
12,5252.5,89,5252.75,09:15:16.919782557
12,5252.5,89,5252.75,09:15:16.919782557
12,5252.5,89,5252.75,09:15:16.919804544
12,5252.5,89,5252.75,09:15:16.919968586
12,5252.5,89,5252.75,09:15:16.919975300
12,5252.5,89,5252.75,09:15:16.919987575
12,5252.5,89,5252.75,09:15:16.920069772
12,5252.5,90,5252.75,09:15:16.920213077
12,5252.5,91,5252.75,09:15:16.920986715
12,5252.5,91,5252.75,09:15:16.927970277
12,5252.5,91,5252.75,09:15:16.927977301
12,5252.5,91,5252.75,09:15:16.928071136
12,5252.5,92,5252.75,09:15:16.941267703
11,5252.5,92,5252.75,09:15:16.941383632
10,5252.5,92,5252.75,09:15:16.941472171
10,5252.5,92,5252.75,09:15:16.941938834
9,5252.5,92,5252.75,09:15:16.958351075
11,5252.5,92,5252.75,09:15:16.958684061
11,5252.5,92,5252.75,09:15:16.958684061
11,5252.5,92,5252.75,09:15:16.958746344
11,5252.5,92,5252.75,09:15:16.958746344
11,5252.5,92,5252.75,09:15:16.958781049
11,5252.5,92,5252.75,09:15:16.958781049
11,5252.5,92,5252.75,09:15:16.958812505
11,5252.5,92,5252.75,09:15:16.958812505
11,5252.5,92,5252.75,09:15:16.958865172
11,5252.5,92,5252.75,09:15:16.958865172
11,5252.5,92,5252.75,09:15:16.958875419
11,5252.5,92,5252.75,09:15:16.958875419
11,5252.5,92,5252.75,09:15:16.958937657
11,5252.5,92,5252.75,09:15:16.958937657
11,5252.5,92,5252.75,09:15:16.958970383
11,5252.5,92,5252.75,09:15:16.958984250
11,5252.5,92,5252.75,09:15:16.958984250
11,5252.5,92,5252.75,09:15:16.959022081
11,5252.5,92,5252.75,09:15:16.959022081
11,5252.5,92,5252.75,09:15:16.974225808
10,5252.5,92,5252.75,09:15:16.974454536
3,5252.5,92,5252.75,09:15:17.009396373
87,5252.25,92,5252.75,09:15:17.009607703
87,5252.25,92,5252.75,09:15:17.009607703
87,5252.25,1,5252.5,09:15:17.009619156
87,5252.25,2,5252.5,09:15:17.009619156
87,5252.25,3,5252.5,09:15:17.009627258
87,5252.25,5,5252.5,09:15:17.009627258
87,5252.25,8,5252.5,09:15:17.009653444
87,5252.25,11,5252.5,09:15:17.009673144
87,5252.25,14,5252.5,09:15:17.009692654
87,5252.25,19,5252.5,09:15:17.009697595
87,5252.25,27,5252.5,09:15:17.009709119
87,5252.25,28,5252.5,09:15:17.009717650
87,5252.25,29,5252.5,09:15:17.009723900
87,5252.25,21,5252.5,09:15:17.009730684
87,5252.25,22,5252.5,09:15:17.009753363
87,5252.25,23,5252.5,09:15:17.009758224
87,5252.25,23,5252.5,09:15:17.009765014
87,5252.25,24,5252.5,09:15:17.009772160
87,5252.25,25,5252.5,09:15:17.009795412
87,5252.25,26,5252.5,09:15:17.009801060
87,5252.25,25,5252.5,09:15:17.009917319
88,5252.25,25,5252.5,09:15:17.009917319
88,5252.25,28,5252.5,09:15:17.009917319
88,5252.25,29,5252.5,09:15:17.009917319
88,5252.25,31,5252.5,09:15:17.009925216
85,5252.25,31,5252.5,09:15:17.009933670
85,5252.25,32,5252.5,09:15:17.009979451
85,5252.25,32,5252.5,09:15:17.009979451
86,5252.25,32,5252.5,09:15:17.009985978
86,5252.25,27,5252.5,09:15:17.010013429
86,5252.25,26,5252.5,09:15:17.010042949
85,5252.25,26,5252.5,09:15:17.010621307
85,5252.25,27,5252.5,09:15:17.010726077
85,5252.25,30,5252.5,09:15:17.010820277
85,5252.25,31,5252.5,09:15:17.010828575
85,5252.25,36,5252.5,09:15:17.010929825
85,5252.25,38,5252.5,09:15:17.011019756
85,5252.25,39,5252.5,09:15:17.011115461
85,5252.25,40,5252.5,09:15:17.011123889
85,5252.25,41,5252.5,09:15:17.011131678
85,5252.25,42,5252.5,09:15:17.011155525
84,5252.25,42,5252.5,09:15:17.011165622
84,5252.25,41,5252.5,09:15:17.011173753
84,5252.25,43,5252.5,09:15:17.011252944
84,5252.25,54,5252.5,09:15:17.011269168
87,5252.25,54,5252.5,09:15:17.011702301
87,5252.25,52,5252.5,09:15:17.011792380
87,5252.25,54,5252.5,09:15:17.012289132
86,5252.25,54,5252.5,09:15:17.012352570
86,5252.25,54,5252.5,09:15:17.012352570
86,5252.25,52,5252.5,09:15:17.012757074
86,5252.25,53,5252.5,09:15:17.014096749
86,5252.25,55,5252.5,09:15:17.014192307
86,5252.25,55,5252.5,09:15:17.020814773
86,5252.25,55,5252.5,09:15:17.026844683
86,5252.25,55,5252.5,09:15:17.038292229
86,5252.25,55,5252.5,09:15:17.038401800
85,5252.25,55,5252.5,09:15:17.070035833
85,5252.25,55,5252.5,09:15:17.070076105
85,5252.25,55,5252.5,09:15:17.070139223
85,5252.25,53,5252.5,09:15:17.174805654
85,5252.25,42,5252.5,09:15:17.174908802
85,5252.25,41,5252.5,09:15:17.175015591
85,5252.25,39,5252.5,09:15:17.175021105
85,5252.25,38,5252.5,09:15:17.175174122
85,5252.25,38,5252.5,09:15:17.223191471
85,5252.25,38,5252.5,09:15:17.278092418
85,5252.25,38,5252.5,09:15:17.278194875
85,5252.25,39,5252.5,09:15:17.278318455
85,5252.25,40,5252.5,09:15:17.278411231
85,5252.25,39,5252.5,09:15:17.331945517
86,5252.25,39,5252.5,09:15:17.526289704
86,5252.25,39,5252.5,09:15:17.526289704
86,5252.25,39,5252.5,09:15:17.526960959
86,5252.25,34,5252.5,09:15:17.717282476
86,5252.25,33,5252.5,09:15:17.717384177
86,5252.25,36,5252.5,09:15:17.811096324
86,5252.25,41,5252.5,09:15:17.811107271
86,5252.25,42,5252.5,09:15:17.811195420
86,5252.25,43,5252.5,09:15:17.811208982
86,5252.25,44,5252.5,09:15:17.811263927
86,5252.25,46,5252.5,09:15:17.811312303
86,5252.25,47,5252.5,09:15:17.811325957
86,5252.25,58,5252.5,09:15:17.811338674
86,5252.25,59,5252.5,09:15:17.811359739
86,5252.25,60,5252.5,09:15:17.811381517
85,5252.25,60,5252.5,09:15:17.811396154
84,5252.25,60,5252.5,09:15:17.811407319
84,5252.25,61,5252.5,09:15:17.811445262
84,5252.25,62,5252.5,09:15:17.811466226
83,5252.25,62,5252.5,09:15:17.811508761
83,5252.25,64,5252.5,09:15:17.811930843
83,5252.25,67,5252.5,09:15:17.812047678
83,5252.25,68,5252.5,09:15:17.812136889
82,5252.25,68,5252.5,09:15:17.812256914
81,5252.25,68,5252.5,09:15:17.812262018
78,5252.25,68,5252.5,09:15:17.812271858
75,5252.25,68,5252.5,09:15:17.812284924
64,5252.25,68,5252.5,09:15:17.812367614
62,5252.25,68,5252.5,09:15:17.812373361
61,5252.25,68,5252.5,09:15:17.812385956
61,5252.25,69,5252.5,09:15:17.812462309
61,5252.25,70,5252.5,09:15:17.812567394
64,5252.25,70,5252.5,09:15:17.828239083
63,5252.25,70,5252.5,09:15:17.828368596
64,5252.25,70,5252.5,09:15:17.828826234
65,5252.25,70,5252.5,09:15:17.871682366
65,5252.25,70,5252.5,09:15:17.874975725
64,5252.25,70,5252.5,09:15:17.937557669
61,5252.25,70,5252.5,09:15:18.000562409
60,5252.25,70,5252.5,09:15:18.001390579
60,5252.25,70,5252.5,09:15:18.003606339
60,5252.25,70,5252.5,09:15:18.061991767
60,5252.25,70,5252.5,09:15:18.137557779
60,5252.25,70,5252.5,09:15:18.210929029
60,5252.25,70,5252.5,09:15:18.211076235
60,5252.25,70,5252.5,09:15:18.211209558
60,5252.25,71,5252.5,09:15:18.211239488
61,5252.25,71,5252.5,09:15:18.369003124
61,5252.25,71,5252.5,09:15:18.503640570
61,5252.25,71,5252.5,09:15:18.519982538
63,5252.25,71,5252.5,09:15:18.520083176
63,5252.25,71,5252.5,09:15:18.520089279
63,5252.25,71,5252.5,09:15:18.520207553
63,5252.25,71,5252.5,09:15:18.521859033
64,5252.25,71,5252.5,09:15:18.523591251
65,5252.25,71,5252.5,09:15:18.523696856
65,5252.25,71,5252.5,09:15:18.908035255
65,5252.25,71,5252.5,09:15:18.908035255
68,5252.25,71,5252.5,09:15:19.088260925
69,5252.25,71,5252.5,09:15:19.088369449
70,5252.25,71,5252.5,09:15:19.088379132
71,5252.25,71,5252.5,09:15:19.088405683
71,5252.25,69,5252.5,09:15:19.088740800
71,5252.25,66,5252.5,09:15:19.088748055
71,5252.25,66,5252.5,09:15:19.557002552
70,5252.25,66,5252.5,09:15:20.068416788
69,5252.25,66,5252.5,09:15:20.068493538
68,5252.25,66,5252.5,09:15:20.068510367
68,5252.25,67,5252.5,09:15:20.068540950
68,5252.25,68,5252.5,09:15:20.068715498
68,5252.25,68,5252.5,09:15:20.322791143
63,5252.25,68,5252.5,09:15:20.572889969
62,5252.25,68,5252.5,09:15:20.572963379
62,5252.25,70,5252.5,09:15:20.572995014
62,5252.25,71,5252.5,09:15:20.573008544
59,5252.25,71,5252.5,09:15:20.573110146
54,5252.25,71,5252.5,09:15:20.573408102
54,5252.25,71,5252.5,09:15:20.573408102
52,5252.25,71,5252.5,09:15:20.573413747
52,5252.25,71,5252.5,09:15:20.573413747
51,5252.25,71,5252.5,09:15:20.573420572
51,5252.25,71,5252.5,09:15:20.573420572
50,5252.25,71,5252.5,09:15:20.573468839
50,5252.25,71,5252.5,09:15:20.573468839
49,5252.25,71,5252.5,09:15:20.573530616
49,5252.25,71,5252.5,09:15:20.573537310
48,5252.25,71,5252.5,09:15:20.573549519
48,5252.25,71,5252.5,09:15:20.573549519
47,5252.25,71,5252.5,09:15:20.573576431
47,5252.25,71,5252.5,09:15:20.573576431
46,5252.25,71,5252.5,09:15:20.573601401
46,5252.25,71,5252.5,09:15:20.573601401
45,5252.25,71,5252.5,09:15:20.573655329
45,5252.25,71,5252.5,09:15:20.573655329
35,5252.25,71,5252.5,09:15:20.576718469
34,5252.25,71,5252.5,09:15:20.577450218
34,5252.25,71,5252.5,09:15:20.581646706
35,5252.25,71,5252.5,09:15:20.584391040
38,5252.25,71,5252.5,09:15:20.588643356
39,5252.25,71,5252.5,09:15:20.588747364
39,5252.25,71,5252.5,09:15:20.595741352
39,5252.25,71,5252.5,09:15:20.730093654
40,5252.25,71,5252.5,09:15:20.802288600
39,5252.25,71,5252.5,09:15:20.804744083
38,5252.25,71,5252.5,09:15:20.804854994
37,5252.25,71,5252.5,09:15:20.804862163
38,5252.25,71,5252.5,09:15:20.914066015
39,5252.25,71,5252.5,09:15:20.914338795
40,5252.25,71,5252.5,09:15:20.914435638
41,5252.25,71,5252.5,09:15:20.919319548
41,5252.25,72,5252.5,09:15:21.094384590
40,5252.25,72,5252.5,09:15:21.094489078
39,5252.25,72,5252.5,09:15:21.094497264
38,5252.25,72,5252.5,09:15:21.094598876
37,5252.25,72,5252.5,09:15:21.094647770
38,5252.25,72,5252.5,09:15:21.675734873
39,5252.25,72,5252.5,09:15:21.675879916
40,5252.25,72,5252.5,09:15:21.676168949
41,5252.25,72,5252.5,09:15:21.683349382
44,5252.25,72,5252.5,09:15:21.683456416
45,5252.25,72,5252.5,09:15:21.683476500
46,5252.25,72,5252.5,09:15:21.683534009
47,5252.25,72,5252.5,09:15:21.683556621
58,5252.25,72,5252.5,09:15:21.683579485
59,5252.25,72,5252.5,09:15:21.683631307
59,5252.25,70,5252.5,09:15:21.683684924
60,5252.25,70,5252.5,09:15:21.683695302
60,5252.25,69,5252.5,09:15:21.683804101
60,5252.25,69,5252.5,09:15:21.694460799
60,5252.25,69,5252.5,09:15:21.756302059
61,5252.25,69,5252.5,09:15:21.812030604
61,5252.25,69,5252.5,09:15:21.812030604
61,5252.25,69,5252.5,09:15:22.029180154
61,5252.25,69,5252.5,09:15:22.029291721
60,5252.25,69,5252.5,09:15:22.065461699
60,5252.25,69,5252.5,09:15:22.065461699
59,5252.25,69,5252.5,09:15:22.139309095
59,5252.25,69,5252.5,09:15:22.139827410
61,5252.25,69,5252.5,09:15:22.533336217
62,5252.25,69,5252.5,09:15:22.533442946
64,5252.25,69,5252.5,09:15:22.533450008
64,5252.25,64,5252.5,09:15:22.533551684
65,5252.25,64,5252.5,09:15:22.533929148
65,5252.25,64,5252.5,09:15:22.533929148
65,5252.25,63,5252.5,09:15:22.534128265
68,5252.25,63,5252.5,09:15:22.534268175
68,5252.25,52,5252.5,09:15:22.534310461
65,5252.25,52,5252.5,09:15:22.534319363
66,5252.25,52,5252.5,09:15:22.534366791
66,5252.25,51,5252.5,09:15:22.534373082
67,5252.25,51,5252.5,09:15:22.534420258
67,5252.25,49,5252.5,09:15:22.534436649
67,5252.25,48,5252.5,09:15:22.534493873
67,5252.25,47,5252.5,09:15:22.534499457
66,5252.25,47,5252.5,09:15:22.534547173
66,5252.25,46,5252.5,09:15:22.534558226
69,5252.25,46,5252.5,09:15:22.534675393
66,5252.25,46,5252.5,09:15:22.534864853
66,5252.25,47,5252.5,09:15:22.535806382
66,5252.25,50,5252.5,09:15:22.535906279
66,5252.25,52,5252.5,09:15:22.536005804
66,5252.25,53,5252.5,09:15:22.536037619
65,5252.25,53,5252.5,09:15:22.544492436
65,5252.25,64,5252.5,09:15:22.632531085
65,5252.25,69,5252.5,09:15:22.632537076
63,5252.25,69,5252.5,09:15:22.632619400
63,5252.25,70,5252.5,09:15:22.632633590
63,5252.25,71,5252.5,09:15:22.632641455
63,5252.25,70,5252.5,09:15:22.642759653
63,5252.25,65,5252.5,09:15:22.803639788
63,5252.25,70,5252.5,09:15:22.828629722
62,5252.25,70,5252.5,09:15:22.828736934
62,5252.25,65,5252.5,09:15:22.926523825
64,5252.25,65,5252.5,09:15:22.926533693
63,5252.25,65,5252.5,09:15:22.945385677
63,5252.25,70,5252.5,09:15:22.945496321
61,5252.25,70,5252.5,09:15:22.945588334
66,5252.25,70,5252.5,09:15:22.960295642
68,5252.25,70,5252.5,09:15:22.960395503
68,5252.25,65,5252.5,09:15:22.960401673
66,5252.25,65,5252.5,09:15:23.335800944
66,5252.25,70,5252.5,09:15:23.335809651
65,5252.25,70,5252.5,09:15:23.336974069
65,5252.25,70,5252.5,09:15:23.336974069
64,5252.25,70,5252.5,09:15:23.336982721
64,5252.25,70,5252.5,09:15:23.435537618
64,5252.25,70,5252.5,09:15:23.435687809
64,5252.25,65,5252.5,09:15:23.613186116
65,5252.25,65,5252.5,09:15:23.613271359
67,5252.25,65,5252.5,09:15:23.613490816
67,5252.25,64,5252.5,09:15:23.674674722
67,5252.25,63,5252.5,09:15:23.674685628
67,5252.25,62,5252.5,09:15:23.674733110
67,5252.25,61,5252.5,09:15:23.674834613
67,5252.25,50,5252.5,09:15:23.674938203
67,5252.25,47,5252.5,09:15:23.674946251
67,5252.25,45,5252.5,09:15:23.675043271
67,5252.25,44,5252.5,09:15:23.675089601
67,5252.25,46,5252.5,09:15:23.730102282
67,5252.25,49,5252.5,09:15:23.730199816
67,5252.25,50,5252.5,09:15:23.730239491
67,5252.25,61,5252.5,09:15:23.730253098
67,5252.25,66,5252.5,09:15:23.730264919
65,5252.25,66,5252.5,09:15:23.730357765
65,5252.25,67,5252.5,09:15:23.730363983
64,5252.25,67,5252.5,09:15:23.730416439
64,5252.25,66,5252.5,09:15:23.740500188
64,5252.25,67,5252.5,09:15:24.023389820
64,5252.25,67,5252.5,09:15:24.025814396
64,5252.25,67,5252.5,09:15:24.029511479
64,5252.25,67,5252.5,09:15:24.040336379
64,5252.25,67,5252.5,09:15:24.044652751
64,5252.25,67,5252.5,09:15:24.044769899
64,5252.25,67,5252.5,09:15:24.052425055
64,5252.25,67,5252.5,09:15:24.052540612
65,5252.25,67,5252.5,09:15:24.285208466
65,5252.25,62,5252.5,09:15:24.404609399
66,5252.25,62,5252.5,09:15:24.404714966
68,5252.25,62,5252.5,09:15:24.404788887
68,5252.25,51,5252.5,09:15:24.404813415
68,5252.25,50,5252.5,09:15:24.404853672
68,5252.25,47,5252.5,09:15:24.404893766
71,5252.25,47,5252.5,09:15:24.404943101
71,5252.25,45,5252.5,09:15:24.404948689
68,5252.25,45,5252.5,09:15:24.458671933
68,5252.25,46,5252.5,09:15:24.707206398
68,5252.25,57,5252.5,09:15:25.023866521
68,5252.25,60,5252.5,09:15:25.023960880
68,5252.25,62,5252.5,09:15:25.023969722
68,5252.25,63,5252.5,09:15:25.023981773
68,5252.25,64,5252.5,09:15:25.024008715
66,5252.25,64,5252.5,09:15:25.024059737
66,5252.25,65,5252.5,09:15:25.024116388
65,5252.25,65,5252.5,09:15:25.071014775
65,5252.25,70,5252.5,09:15:25.071113147
64,5252.25,70,5252.5,09:15:25.071131810
63,5252.25,70,5252.5,09:15:25.076340777
62,5252.25,70,5252.5,09:15:25.076547683
59,5252.25,70,5252.5,09:15:25.076664146
59,5252.25,71,5252.5,09:15:25.076761044
58,5252.25,71,5252.5,09:15:25.082063206
58,5252.25,74,5252.5,09:15:25.083771627
58,5252.25,74,5252.5,09:15:25.084775087
47,5252.25,74,5252.5,09:15:25.084878341
42,5252.25,74,5252.5,09:15:25.084975812
42,5252.25,76,5252.5,09:15:25.084984410
39,5252.25,76,5252.5,09:15:25.085022446
38,5252.25,76,5252.5,09:15:25.085122672
43,5252.25,76,5252.5,09:15:25.088540290
43,5252.25,73,5252.5,09:15:25.088990471
43,5252.25,74,5252.5,09:15:25.089109694
43,5252.25,74,5252.5,09:15:25.092932116
43,5252.25,72,5252.5,09:15:25.102268788
45,5252.25,72,5252.5,09:15:25.102334642
48,5252.25,72,5252.5,09:15:25.102342130
49,5252.25,72,5252.5,09:15:25.102446663
53,5252.25,72,5252.5,09:15:25.102920369
53,5252.25,72,5252.5,09:15:25.125957887
51,5252.25,72,5252.5,09:15:25.126050689
51,5252.25,72,5252.5,09:15:25.277574745
51,5252.25,72,5252.5,09:15:25.916539240
62,5252.25,72,5252.5,09:15:26.350236898
62,5252.25,70,5252.5,09:15:26.350244239
63,5252.25,70,5252.5,09:15:26.350335114
63,5252.25,65,5252.5,09:15:26.350341546
65,5252.25,65,5252.5,09:15:26.350350343
65,5252.25,64,5252.5,09:15:26.350371838
65,5252.25,61,5252.5,09:15:26.350447315
65,5252.25,59,5252.5,09:15:26.350452764
65,5252.25,48,5252.5,09:15:26.350557794
66,5252.25,48,5252.5,09:15:26.350762543
66,5252.25,47,5252.5,09:15:26.351229679
66,5252.25,46,5252.5,09:15:26.351330766
66,5252.25,45,5252.5,09:15:26.351429843
66,5252.25,45,5252.5,09:15:26.503336668
67,5252.25,45,5252.5,09:15:26.860176041
68,5252.25,45,5252.5,09:15:26.860279346
69,5252.25,45,5252.5,09:15:26.860375610
72,5252.25,45,5252.5,09:15:26.860498409
73,5252.25,45,5252.5,09:15:26.860623887
73,5252.25,42,5252.5,09:15:26.911182426
74,5252.25,42,5252.5,09:15:26.911188391
74,5252.25,40,5252.5,09:15:26.911231803
75,5252.25,40,5252.5,09:15:26.911248882
75,5252.25,37,5252.5,09:15:26.911259410
75,5252.25,36,5252.5,09:15:26.911281427
74,5252.25,36,5252.5,09:15:26.911291971
74,5252.25,35,5252.5,09:15:26.911333735
74,5252.25,34,5252.5,09:15:26.911341060
74,5252.25,31,5252.5,09:15:26.911355222
75,5252.25,31,5252.5,09:15:26.911436390
75,5252.25,30,5252.5,09:15:26.911447894
76,5252.25,30,5252.5,09:15:26.911459033
76,5252.25,29,5252.5,09:15:26.911470659
76,5252.25,26,5252.5,09:15:26.911486567
76,5252.25,25,5252.5,09:15:26.911495181
77,5252.25,25,5252.5,09:15:26.911573049
77,5252.25,88,5252.75,09:15:26.911953175
77,5252.25,88,5252.75,09:15:26.911953175
1,5252.5,88,5252.75,09:15:26.911959015
2,5252.5,88,5252.75,09:15:26.911971396
2,5252.5,88,5252.75,09:15:26.911988676
3,5252.5,88,5252.75,09:15:26.912034872
4,5252.5,88,5252.75,09:15:26.912046386
4,5252.5,88,5252.75,09:15:26.912052284
8,5252.5,88,5252.75,09:15:26.912061631
9,5252.5,88,5252.75,09:15:26.912067052
9,5252.5,88,5252.75,09:15:26.912099808
9,5252.5,88,5252.75,09:15:26.912112100
9,5252.5,88,5252.75,09:15:26.912117453
9,5252.5,88,5252.75,09:15:26.912129853
9,5252.5,88,5252.75,09:15:26.912135198
10,5252.5,88,5252.75,09:15:26.912140260
15,5252.5,88,5252.75,09:15:26.912184050
15,5252.5,86,5252.75,09:15:26.912195336
15,5252.5,86,5252.75,09:15:26.912206533
16,5252.5,86,5252.75,09:15:26.912211593
16,5252.5,86,5252.75,09:15:26.912218073
17,5252.5,86,5252.75,09:15:26.912225887
18,5252.5,86,5252.75,09:15:26.912239024
18,5252.5,86,5252.75,09:15:26.912247395
18,5252.5,85,5252.75,09:15:26.912259958
16,5252.5,85,5252.75,09:15:26.912475607
17,5252.5,85,5252.75,09:15:26.912475607
17,5252.5,85,5252.75,09:15:26.912475607
17,5252.5,84,5252.75,09:15:26.912475607
17,5252.5,84,5252.75,09:15:26.912475607
17,5252.5,84,5252.75,09:15:26.912475607
17,5252.5,84,5252.75,09:15:26.912475607
17,5252.5,83,5252.75,09:15:26.912475607
17,5252.5,83,5252.75,09:15:26.912475607
17,5252.5,83,5252.75,09:15:26.912475607
17,5252.5,78,5252.75,09:15:26.912475607
17,5252.5,78,5252.75,09:15:26.912475607
17,5252.5,77,5252.75,09:15:26.912476538
17,5252.5,77,5252.75,09:15:26.912504203
13,5252.5,77,5252.75,09:15:26.912514133
11,5252.5,77,5252.75,09:15:26.912659323
1,5252.5,77,5252.75,09:15:26.912783025
80,5252.25,77,5252.75,09:15:26.912783025
80,5252.25,77,5252.75,09:15:26.912783025
80,5252.25,82,5252.75,09:15:26.912783025
77,5252.25,82,5252.75,09:15:26.912791419
77,5252.25,82,5252.75,09:15:26.912800018
77,5252.25,9,5252.5,09:15:26.912825064
77,5252.25,10,5252.5,09:15:26.912861321
77,5252.25,18,5252.5,09:15:26.912875629
77,5252.25,21,5252.5,09:15:26.912886557
82,5252.25,21,5252.5,09:15:26.912935652
82,5252.25,21,5252.5,09:15:26.912935652
82,5252.25,22,5252.5,09:15:26.912955873
84,5252.25,22,5252.5,09:15:26.912973884
84,5252.25,22,5252.5,09:15:26.912973884
84,5252.25,23,5252.5,09:15:26.912999330
85,5252.25,23,5252.5,09:15:26.913055869
85,5252.25,23,5252.5,09:15:26.913055869
86,5252.25,23,5252.5,09:15:26.913061924
86,5252.25,23,5252.5,09:15:26.913061924
87,5252.25,23,5252.5,09:15:26.913073835
87,5252.25,23,5252.5,09:15:26.913073835
88,5252.25,23,5252.5,09:15:26.913100459
88,5252.25,23,5252.5,09:15:26.913100459
89,5252.25,23,5252.5,09:15:26.913122239
89,5252.25,23,5252.5,09:15:26.913122239
90,5252.25,23,5252.5,09:15:26.913131954
90,5252.25,23,5252.5,09:15:26.913131954
91,5252.25,23,5252.5,09:15:26.913174835
91,5252.25,23,5252.5,09:15:26.913174835
91,5252.25,23,5252.5,09:15:26.913197625
92,5252.25,23,5252.5,09:15:26.913240459
92,5252.25,23,5252.5,09:15:26.913240459
92,5252.25,22,5252.5,09:15:26.913341872
92,5252.25,13,5252.5,09:15:26.913603254
92,5252.25,10,5252.5,09:15:26.913609451
92,5252.25,2,5252.5,09:15:26.913619836
92,5252.25,1,5252.5,09:15:26.913628264
92,5252.25,82,5252.75,09:15:26.913735320
92,5252.25,82,5252.75,09:15:26.913735320
93,5252.25,82,5252.75,09:15:26.913943042
94,5252.25,82,5252.75,09:15:26.914036986
1,5252.5,82,5252.75,09:15:26.914309414
1,5252.5,82,5252.75,09:15:26.914393054
93,5252.25,82,5252.75,09:15:26.914544271
93,5252.25,82,5252.75,09:15:26.914544271
93,5252.25,1,5252.5,09:15:26.914621561
93,5252.25,2,5252.5,09:15:26.914632950
93,5252.25,6,5252.5,09:15:26.914711809
93,5252.25,9,5252.5,09:15:26.914726786
93,5252.25,11,5252.5,09:15:26.914736421
93,5252.25,16,5252.5,09:15:26.914747394
93,5252.25,17,5252.5,09:15:26.914809863
93,5252.25,18,5252.5,09:15:26.914843326
92,5252.25,18,5252.5,09:15:26.914854504
92,5252.25,18,5252.5,09:15:26.914854504
92,5252.25,16,5252.5,09:15:26.915126275
93,5252.25,16,5252.5,09:15:26.915161525
93,5252.25,16,5252.5,09:15:26.915161525
93,5252.25,13,5252.5,09:15:26.915257872
93,5252.25,12,5252.5,09:15:26.915265942
93,5252.25,8,5252.5,09:15:26.915291031
92,5252.25,8,5252.5,09:15:26.915301377
92,5252.25,8,5252.5,09:15:26.915301377
92,5252.25,9,5252.5,09:15:26.915416585
92,5252.25,10,5252.5,09:15:26.915431712
92,5252.25,14,5252.5,09:15:26.915512638
92,5252.25,17,5252.5,09:15:26.915526456
92,5252.25,16,5252.5,09:15:26.916439070
92,5252.25,17,5252.5,09:15:26.917813408
102,5252.25,17,5252.5,09:15:26.918198917
102,5252.25,16,5252.5,09:15:26.918289187
102,5252.25,13,5252.5,09:15:26.918387967
102,5252.25,9,5252.5,09:15:26.918424745
102,5252.25,12,5252.5,09:15:26.919906100
102,5252.25,16,5252.5,09:15:26.920896952
102,5252.25,17,5252.5,09:15:26.923184355
102,5252.25,20,5252.5,09:15:26.923279448
102,5252.25,21,5252.5,09:15:26.925444186
102,5252.25,22,5252.5,09:15:26.925546601
102,5252.25,25,5252.5,09:15:26.925552076
102,5252.25,26,5252.5,09:15:26.925556450
102,5252.25,28,5252.5,09:15:26.925624660
102,5252.25,29,5252.5,09:15:26.925651972
102,5252.25,40,5252.5,09:15:26.925723810
102,5252.25,38,5252.5,09:15:26.925741254
101,5252.25,38,5252.5,09:15:26.925780657
101,5252.25,39,5252.5,09:15:26.925819189
100,5252.25,39,5252.5,09:15:26.925825979
100,5252.25,40,5252.5,09:15:26.925850066
100,5252.25,39,5252.5,09:15:26.925895808
100,5252.25,41,5252.5,09:15:26.925929844
100,5252.25,42,5252.5,09:15:26.928075493
100,5252.25,43,5252.5,09:15:26.928193361
100,5252.25,43,5252.5,09:15:26.928331895
100,5252.25,41,5252.5,09:15:26.939610987
98,5252.25,41,5252.5,09:15:26.939610987
98,5252.25,39,5252.5,09:15:26.939699043
98,5252.25,38,5252.5,09:15:26.939705206
98,5252.25,39,5252.5,09:15:26.939727920
98,5252.25,38,5252.5,09:15:26.939802923
98,5252.25,38,5252.5,09:15:27.003592843
98,5252.25,39,5252.5,09:15:27.053013500
98,5252.25,41,5252.5,09:15:27.053113208
98,5252.25,42,5252.5,09:15:27.053120581
97,5252.25,42,5252.5,09:15:27.053750744
97,5252.25,43,5252.5,09:15:27.053850714
97,5252.25,44,5252.5,09:15:27.053861229
97,5252.25,45,5252.5,09:15:27.053970204
97,5252.25,46,5252.5,09:15:27.054064571
97,5252.25,47,5252.5,09:15:27.054294451
97,5252.25,48,5252.5,09:15:27.054413077
94,5252.25,48,5252.5,09:15:27.054512554
96,5252.25,48,5252.5,09:15:27.055189195
97,5252.25,48,5252.5,09:15:27.055647605
97,5252.25,47,5252.5,09:15:27.055758855
97,5252.25,46,5252.5,09:15:27.055764567
97,5252.25,45,5252.5,09:15:27.055875026
97,5252.25,44,5252.5,09:15:27.055979314
87,5252.25,44,5252.5,09:15:27.056184895
87,5252.25,45,5252.5,09:15:27.056279758
87,5252.25,44,5252.5,09:15:27.064091653
87,5252.25,45,5252.5,09:15:27.072414745
87,5252.25,46,5252.5,09:15:27.072509583
86,5252.25,46,5252.5,09:15:27.150135871
85,5252.25,46,5252.5,09:15:27.150226484
84,5252.25,46,5252.5,09:15:27.150548059
84,5252.25,46,5252.5,09:15:27.150548059
83,5252.25,46,5252.5,09:15:27.150569628
83,5252.25,46,5252.5,09:15:27.150569628
82,5252.25,46,5252.5,09:15:27.150590159
82,5252.25,46,5252.5,09:15:27.150590159
81,5252.25,46,5252.5,09:15:27.150627766
81,5252.25,46,5252.5,09:15:27.150627766
80,5252.25,46,5252.5,09:15:27.150677888
80,5252.25,46,5252.5,09:15:27.150677888
79,5252.25,46,5252.5,09:15:27.150719419
79,5252.25,46,5252.5,09:15:27.150719419
79,5252.25,46,5252.5,09:15:27.150729409
78,5252.25,46,5252.5,09:15:27.150761142
78,5252.25,46,5252.5,09:15:27.150761142
77,5252.25,46,5252.5,09:15:27.159576049
75,5252.25,46,5252.5,09:15:27.159670160
75,5252.25,47,5252.5,09:15:27.159761262
74,5252.25,47,5252.5,09:15:27.159976188
73,5252.25,47,5252.5,09:15:27.160249675
73,5252.25,48,5252.5,09:15:27.160258904
73,5252.25,49,5252.5,09:15:27.160270392
72,5252.25,49,5252.5,09:15:27.160281151
71,5252.25,49,5252.5,09:15:27.160346570
71,5252.25,50,5252.5,09:15:27.160385275
70,5252.25,50,5252.5,09:15:27.160396491
70,5252.25,51,5252.5,09:15:27.160401230
69,5252.25,51,5252.5,09:15:27.160506225
69,5252.25,51,5252.5,09:15:27.160526801
69,5252.25,51,5252.5,09:15:27.160668170
69,5252.25,52,5252.5,09:15:27.160797450
66,5252.25,52,5252.5,09:15:27.171004087
65,5252.25,52,5252.5,09:15:27.171077231
65,5252.25,53,5252.5,09:15:27.171118160
65,5252.25,54,5252.5,09:15:27.171141239
60,5252.25,54,5252.5,09:15:27.171148410
61,5252.25,54,5252.5,09:15:27.171155518
61,5252.25,55,5252.5,09:15:27.171220377
61,5252.25,56,5252.5,09:15:27.171239020
60,5252.25,56,5252.5,09:15:27.171272483
58,5252.25,56,5252.5,09:15:27.171345759
58,5252.25,56,5252.5,09:15:27.171345759
55,5252.25,56,5252.5,09:15:27.171495352
44,5252.25,56,5252.5,09:15:27.172189055
44,5252.25,57,5252.5,09:15:27.175328159
43,5252.25,57,5252.5,09:15:27.175431722
43,5252.25,58,5252.5,09:15:27.177726002
43,5252.25,59,5252.5,09:15:27.177835329
43,5252.25,59,5252.5,09:15:27.180243147
43,5252.25,64,5252.5,09:15:27.205747930
37,5252.25,64,5252.5,09:15:27.222911163
37,5252.25,65,5252.5,09:15:27.222957298
37,5252.25,66,5252.5,09:15:27.222967670
36,5252.25,66,5252.5,09:15:27.222996889
33,5252.25,66,5252.5,09:15:27.223002419
32,5252.25,66,5252.5,09:15:27.223127494
31,5252.25,66,5252.5,09:15:27.223221319
26,5252.25,66,5252.5,09:15:27.223229010
26,5252.25,66,5252.5,09:15:27.223229010
25,5252.25,66,5252.5,09:15:27.223317382
26,5252.25,66,5252.5,09:15:27.223361213
25,5252.25,66,5252.5,09:15:27.223377060
25,5252.25,67,5252.5,09:15:27.223431582
25,5252.25,67,5252.5,09:15:27.253616767
25,5252.25,67,5252.5,09:15:27.253622307
35,5252.25,67,5252.5,09:15:27.283637667
40,5252.25,67,5252.5,09:15:27.283741615
43,5252.25,67,5252.5,09:15:27.283770915
44,5252.25,67,5252.5,09:15:27.283871717
44,5252.25,67,5252.5,09:15:27.283892904
44,5252.25,67,5252.5,09:15:27.284024731
44,5252.25,62,5252.5,09:15:27.284079196
55,5252.25,62,5252.5,09:15:27.325716608
56,5252.25,62,5252.5,09:15:27.325820140
56,5252.25,61,5252.5,09:15:27.325928885
55,5252.25,61,5252.5,09:15:27.335936242
55,5252.25,61,5252.5,09:15:27.503592909
55,5252.25,61,5252.5,09:15:27.503737827
54,5252.25,61,5252.5,09:15:27.599400467
54,5252.25,61,5252.5,09:15:27.753689259
54,5252.25,61,5252.5,09:15:28.003610479
54,5252.25,61,5252.5,09:15:28.253653875
54,5252.25,61,5252.5,09:15:28.253661180
55,5252.25,61,5252.5,09:15:28.311414573
56,5252.25,61,5252.5,09:15:28.311507151
56,5252.25,60,5252.5,09:15:28.311535529
59,5252.25,60,5252.5,09:15:28.311603841
61,5252.25,60,5252.5,09:15:28.311728937
61,5252.25,59,5252.5,09:15:28.311735123
62,5252.25,59,5252.5,09:15:28.311744461
62,5252.25,58,5252.5,09:15:28.311829503
63,5252.25,58,5252.5,09:15:28.311839439
64,5252.25,58,5252.5,09:15:28.311856342
64,5252.25,57,5252.5,09:15:28.311948574
65,5252.25,57,5252.5,09:15:28.311959630
65,5252.25,56,5252.5,09:15:28.311970069
65,5252.25,55,5252.5,09:15:28.312055424
65,5252.25,54,5252.5,09:15:28.312170137
65,5252.25,53,5252.5,09:15:28.312275921
65,5252.25,52,5252.5,09:15:28.312281985
67,5252.25,52,5252.5,09:15:28.312303498
69,5252.25,52,5252.5,09:15:28.312357737
66,5252.25,52,5252.5,09:15:28.359834487
65,5252.25,52,5252.5,09:15:28.359904053
63,5252.25,52,5252.5,09:15:28.359996849
63,5252.25,54,5252.5,09:15:28.360090150
61,5252.25,54,5252.5,09:15:28.360273801
59,5252.25,54,5252.5,09:15:28.360281229
58,5252.25,54,5252.5,09:15:28.365469688
57,5252.25,54,5252.5,09:15:28.722887757
56,5252.25,54,5252.5,09:15:28.722982780
45,5252.25,54,5252.5,09:15:28.723497994
45,5252.25,56,5252.5,09:15:28.723601893
45,5252.25,56,5252.5,09:15:28.753618345
45,5252.25,56,5252.5,09:15:29.003586958
45,5252.25,57,5252.5,09:15:29.003706388
45,5252.25,59,5252.5,09:15:29.162726560
45,5252.25,59,5252.5,09:15:30.797776906
45,5252.25,59,5252.5,09:15:30.797784455
44,5252.25,59,5252.5,09:15:30.798077545
44,5252.25,59,5252.5,09:15:30.820800637
44,5252.25,58,5252.5,09:15:30.851923547
47,5252.25,58,5252.5,09:15:30.852021040
52,5252.25,58,5252.5,09:15:30.852643421
63,5252.25,58,5252.5,09:15:30.852750514
63,5252.25,56,5252.5,09:15:30.852851544
64,5252.25,56,5252.5,09:15:30.852857176
66,5252.25,56,5252.5,09:15:30.852954704
66,5252.25,54,5252.5,09:15:30.852970519
64,5252.25,54,5252.5,09:15:30.860906177
63,5252.25,54,5252.5,09:15:30.862985790
60,5252.25,54,5252.5,09:15:31.271201565
60,5252.25,55,5252.5,09:15:31.271214214
63,5252.25,55,5252.5,09:15:31.339485493
63,5252.25,54,5252.5,09:15:31.339491663
63,5252.25,53,5252.5,09:15:31.339616424
65,5252.25,53,5252.5,09:15:31.339681715
63,5252.25,53,5252.5,09:15:31.356316188
60,5252.25,53,5252.5,09:15:31.356411716
60,5252.25,52,5252.5,09:15:31.688589476
65,5252.25,52,5252.5,09:15:31.689091524
65,5252.25,52,5252.5,09:15:31.689091524
66,5252.25,52,5252.5,09:15:31.819838397
69,5252.25,52,5252.5,09:15:32.385227253
71,5252.25,52,5252.5,09:15:32.385321824
72,5252.25,52,5252.5,09:15:32.385383742
73,5252.25,52,5252.5,09:15:32.385482781
72,5252.25,52,5252.5,09:15:32.395602470
69,5252.25,52,5252.5,09:15:32.409935006
67,5252.25,52,5252.5,09:15:32.409941054
69,5252.25,52,5252.5,09:15:32.435803022
69,5252.25,52,5252.5,09:15:32.460137308
66,5252.25,52,5252.5,09:15:32.483888207
66,5252.25,54,5252.5,09:15:32.483953178
66,5252.25,55,5252.5,09:15:32.483962771
64,5252.25,55,5252.5,09:15:32.483979149
64,5252.25,55,5252.5,09:15:32.503599705
64,5252.25,55,5252.5,09:15:32.753596282
63,5252.25,55,5252.5,09:15:32.858077753
63,5252.25,56,5252.5,09:15:32.858324247
52,5252.25,56,5252.5,09:15:32.858429318
52,5252.25,57,5252.5,09:15:32.858521832
52,5252.25,60,5252.5,09:15:32.912592174
52,5252.25,61,5252.5,09:15:32.912688128
52,5252.25,62,5252.5,09:15:32.912709226
52,5252.25,64,5252.5,09:15:32.912984144
53,5252.25,64,5252.5,09:15:33.071689400
53,5252.25,61,5252.5,09:15:33.072150690
53,5252.25,59,5252.5,09:15:33.072171404
64,5252.25,59,5252.5,09:15:33.072269569
64,5252.25,58,5252.5,09:15:33.072364604
64,5252.25,57,5252.5,09:15:33.072370521
65,5252.25,57,5252.5,09:15:33.072387514
65,5252.25,55,5252.5,09:15:33.072393459
65,5252.25,54,5252.5,09:15:33.072454334
67,5252.25,54,5252.5,09:15:33.072555543
67,5252.25,54,5252.5,09:15:33.174633877
65,5252.25,54,5252.5,09:15:33.469100267
64,5252.25,54,5252.5,09:15:33.469198861
63,5252.25,54,5252.5,09:15:33.500703592
63,5252.25,56,5252.5,09:15:33.535880417
63,5252.25,57,5252.5,09:15:33.536003662
64,5252.25,57,5252.5,09:15:33.537148258
64,5252.25,55,5252.5,09:15:33.546872725
66,5252.25,55,5252.5,09:15:33.546973420
66,5252.25,54,5252.5,09:15:33.546987730
69,5252.25,54,5252.5,09:15:33.548115948
70,5252.25,54,5252.5,09:15:33.548214270
69,5252.25,54,5252.5,09:15:33.554009802
70,5252.25,54,5252.5,09:15:33.554122389
67,5252.25,54,5252.5,09:15:33.554129250
67,5252.25,54,5252.5,09:15:33.595753057
68,5252.25,54,5252.5,09:15:33.661693940
71,5252.25,54,5252.5,09:15:33.661801632
68,5252.25,54,5252.5,09:15:33.663072425
68,5252.25,52,5252.5,09:15:33.791780648
71,5252.25,52,5252.5,09:15:33.791870954
71,5252.25,50,5252.5,09:15:33.791877271
71,5252.25,48,5252.5,09:15:33.792061969
71,5252.25,47,5252.5,09:15:33.998464913
70,5252.25,47,5252.5,09:15:34.153898991
67,5252.25,47,5252.5,09:15:34.153956940
67,5252.25,49,5252.5,09:15:34.153968373
67,5252.25,50,5252.5,09:15:34.153977964
67,5252.25,55,5252.5,09:15:34.154013520
68,5252.25,55,5252.5,09:15:34.154023306
68,5252.25,56,5252.5,09:15:34.154253203
70,5252.25,56,5252.5,09:15:34.154350805
70,5252.25,56,5252.5,09:15:34.154350805
72,5252.25,56,5252.5,09:15:34.154385353
72,5252.25,56,5252.5,09:15:34.154385353
73,5252.25,56,5252.5,09:15:34.154431760
73,5252.25,56,5252.5,09:15:34.154431760
74,5252.25,56,5252.5,09:15:34.154458462
74,5252.25,56,5252.5,09:15:34.154458462
74,5252.25,57,5252.5,09:15:34.203339368
74,5252.25,57,5252.5,09:15:34.203339368
74,5252.25,56,5252.5,09:15:34.499716032
74,5252.25,55,5252.5,09:15:34.500030403
74,5252.25,53,5252.5,09:15:34.750980590
74,5252.25,48,5252.5,09:15:34.751084554
74,5252.25,53,5252.5,09:15:35.085985738
74,5252.25,55,5252.5,09:15:35.086198440
74,5252.25,56,5252.5,09:15:35.487442416
72,5252.25,56,5252.5,09:15:35.487542659
61,5252.25,56,5252.5,09:15:35.487652549
61,5252.25,57,5252.5,09:15:35.487878336
60,5252.25,57,5252.5,09:15:35.487889494
60,5252.25,58,5252.5,09:15:35.487933153
60,5252.25,59,5252.5,09:15:35.488040275
60,5252.25,61,5252.5,09:15:35.488170838
60,5252.25,62,5252.5,09:15:35.488288747
60,5252.25,67,5252.5,09:15:35.488581895
57,5252.25,67,5252.5,09:15:35.488588251
56,5252.25,67,5252.5,09:15:35.488687834
56,5252.25,68,5252.5,09:15:35.488795033
56,5252.25,69,5252.5,09:15:35.488814902
56,5252.25,70,5252.5,09:15:35.488903533
56,5252.25,71,5252.5,09:15:35.488999965
51,5252.25,71,5252.5,09:15:35.496551777
51,5252.25,61,5252.5,09:15:35.607709901
54,5252.25,61,5252.5,09:15:35.607764888
54,5252.25,60,5252.5,09:15:35.607771416
54,5252.25,63,5252.5,09:15:35.607784588
54,5252.25,62,5252.5,09:15:35.607789721
59,5252.25,62,5252.5,09:15:35.607816204
59,5252.25,66,5252.5,09:15:35.607821692
60,5252.25,66,5252.5,09:15:35.607827232
61,5252.25,66,5252.5,09:15:35.607832918
61,5252.25,65,5252.5,09:15:35.607948517
56,5252.25,65,5252.5,09:15:35.608174356
56,5252.25,65,5252.5,09:15:35.608174356
54,5252.25,65,5252.5,09:15:35.608195931
54,5252.25,65,5252.5,09:15:35.608195931
52,5252.25,65,5252.5,09:15:35.608216344
52,5252.25,65,5252.5,09:15:35.608216344
51,5252.25,65,5252.5,09:15:35.608294502
51,5252.25,65,5252.5,09:15:35.608294502
50,5252.25,65,5252.5,09:15:35.608328993
50,5252.25,65,5252.5,09:15:35.608328993
49,5252.25,65,5252.5,09:15:35.617939685
49,5252.25,66,5252.5,09:15:35.618084216
44,5252.25,66,5252.5,09:15:35.821836579
45,5252.25,66,5252.5,09:15:35.886113366
50,5252.25,66,5252.5,09:15:35.886213887
50,5252.25,65,5252.5,09:15:35.886323713
50,5252.25,64,5252.5,09:15:35.886362357
50,5252.25,59,5252.5,09:15:35.886602362
61,5252.25,59,5252.5,09:15:35.886704492
62,5252.25,59,5252.5,09:15:35.886811316
61,5252.25,59,5252.5,09:15:35.896934647
61,5252.25,60,5252.5,09:15:35.916989567
61,5252.25,60,5252.5,09:15:36.059906219
61,5252.25,60,5252.5,09:15:36.060018148
61,5252.25,59,5252.5,09:15:36.215688091
61,5252.25,60,5252.5,09:15:36.215694638
61,5252.25,59,5252.5,09:15:36.215950313
60,5252.25,59,5252.5,09:15:36.582236245
61,5252.25,59,5252.5,09:15:36.582354654
63,5252.25,59,5252.5,09:15:36.582454138
63,5252.25,58,5252.5,09:15:36.582570012
68,5252.25,58,5252.5,09:15:36.582681864
68,5252.25,58,5252.5,09:15:36.582681864
71,5252.25,58,5252.5,09:15:36.661549315
74,5252.25,58,5252.5,09:15:36.661660291
74,5252.25,56,5252.5,09:15:36.661665644
74,5252.25,51,5252.5,09:15:36.661676588
75,5252.25,51,5252.5,09:15:36.661681769
75,5252.25,47,5252.5,09:15:36.661755333
76,5252.25,47,5252.5,09:15:36.661765195
77,5252.25,47,5252.5,09:15:36.661776120
76,5252.25,47,5252.5,09:15:36.661781256
77,5252.25,47,5252.5,09:15:36.661799330
77,5252.25,46,5252.5,09:15:36.661808031
79,5252.25,46,5252.5,09:15:36.662096213
79,5252.25,46,5252.5,09:15:36.870227100
79,5252.25,46,5252.5,09:15:36.870331195
79,5252.25,46,5252.5,09:15:36.870353164
79,5252.25,46,5252.5,09:15:36.870367113
75,5252.25,46,5252.5,09:15:37.189485499
75,5252.25,51,5252.5,09:15:37.189583149
72,5252.25,51,5252.5,09:15:37.189593699
72,5252.25,55,5252.5,09:15:37.189600243
72,5252.25,57,5252.5,09:15:37.189680219
72,5252.25,58,5252.5,09:15:37.189703839
69,5252.25,58,5252.5,09:15:37.189908885
67,5252.25,58,5252.5,09:15:37.189916055
69,5252.25,58,5252.5,09:15:37.189927518
69,5252.25,58,5252.5,09:15:37.189927518
71,5252.25,58,5252.5,09:15:37.189990604
71,5252.25,58,5252.5,09:15:37.189990604
72,5252.25,58,5252.5,09:15:37.190037245
72,5252.25,58,5252.5,09:15:37.190037245
73,5252.25,58,5252.5,09:15:37.190082407
73,5252.25,58,5252.5,09:15:37.190082407
74,5252.25,58,5252.5,09:15:37.190138130
74,5252.25,58,5252.5,09:15:37.190138130
75,5252.25,58,5252.5,09:15:37.190147740
75,5252.25,58,5252.5,09:15:37.190147740
76,5252.25,58,5252.5,09:15:37.190203638
76,5252.25,58,5252.5,09:15:37.190203638
77,5252.25,58,5252.5,09:15:37.190233735
78,5252.25,58,5252.5,09:15:37.190262167
78,5252.25,58,5252.5,09:15:37.190262167
77,5252.25,58,5252.5,09:15:37.200356656
76,5252.25,58,5252.5,09:15:37.217516023
70,5252.25,58,5252.5,09:15:37.270403817
70,5252.25,59,5252.5,09:15:37.270613972
70,5252.25,60,5252.5,09:15:37.270716179
69,5252.25,60,5252.5,09:15:37.270768120
69,5252.25,60,5252.5,09:15:37.270768120
68,5252.25,60,5252.5,09:15:37.270789666
68,5252.25,60,5252.5,09:15:37.270789666
67,5252.25,60,5252.5,09:15:37.270840803
67,5252.25,60,5252.5,09:15:37.270840803
66,5252.25,60,5252.5,09:15:37.270875395
66,5252.25,60,5252.5,09:15:37.270875395
65,5252.25,60,5252.5,09:15:37.270903905
65,5252.25,60,5252.5,09:15:37.270903905
64,5252.25,60,5252.5,09:15:37.270954213
64,5252.25,60,5252.5,09:15:37.270954213
62,5252.25,60,5252.5,09:15:37.271004943
62,5252.25,59,5252.5,09:15:37.497300248
64,5252.25,59,5252.5,09:15:37.852003397
67,5252.25,59,5252.5,09:15:37.852297153
67,5252.25,54,5252.5,09:15:37.853773404
67,5252.25,52,5252.5,09:15:37.853871374
67,5252.25,51,5252.5,09:15:37.853974243
68,5252.25,51,5252.5,09:15:37.854475239
67,5252.25,51,5252.5,09:15:37.863304470
67,5252.25,52,5252.5,09:15:37.895945010
67,5252.25,48,5252.5,09:15:37.964213690
69,5252.25,48,5252.5,09:15:37.964316290
70,5252.25,48,5252.5,09:15:37.964464463
71,5252.25,48,5252.5,09:15:37.964571905
71,5252.25,45,5252.5,09:15:37.964706650
71,5252.25,43,5252.5,09:15:37.964713662
72,5252.25,43,5252.5,09:15:37.964854490
77,5252.25,43,5252.5,09:15:37.967044448
78,5252.25,43,5252.5,09:15:37.967141999
78,5252.25,46,5252.5,09:15:37.968924553
77,5252.25,46,5252.5,09:15:37.968967751
77,5252.25,50,5252.5,09:15:37.969081820
76,5252.25,50,5252.5,09:15:37.969178837
71,5252.25,50,5252.5,09:15:37.969294289
71,5252.25,55,5252.5,09:15:37.969392844
70,5252.25,55,5252.5,09:15:37.969589549
69,5252.25,55,5252.5,09:15:37.977260245
69,5252.25,57,5252.5,09:15:37.977348771
66,5252.25,57,5252.5,09:15:37.977440959
66,5252.25,58,5252.5,09:15:38.334959668
64,5252.25,58,5252.5,09:15:38.335046514
64,5252.25,59,5252.5,09:15:38.335074678
64,5252.25,60,5252.5,09:15:38.335083632
67,5252.25,60,5252.5,09:15:38.335136897
64,5252.25,60,5252.5,09:15:38.335154702
64,5252.25,59,5252.5,09:15:38.335265693
64,5252.25,58,5252.5,09:15:38.345193046
62,5252.25,58,5252.5,09:15:38.640928316
61,5252.25,58,5252.5,09:15:38.859508195
59,5252.25,58,5252.5,09:15:38.859955180
59,5252.25,58,5252.5,09:15:38.859955180
57,5252.25,58,5252.5,09:15:38.859967648
57,5252.25,58,5252.5,09:15:38.859967648
57,5252.25,59,5252.5,09:15:38.916562164
57,5252.25,59,5252.5,09:15:39.094008945
57,5252.25,59,5252.5,09:15:39.094114387
59,5252.25,59,5252.5,09:15:39.160142183
59,5252.25,58,5252.5,09:15:39.160286774
60,5252.25,58,5252.5,09:15:39.245659003
62,5252.25,58,5252.5,09:15:39.245752081
62,5252.25,53,5252.5,09:15:39.246074331
65,5252.25,53,5252.5,09:15:39.246083742
65,5252.25,51,5252.5,09:15:39.246163469
65,5252.25,50,5252.5,09:15:39.246262988
66,5252.25,50,5252.5,09:15:39.246362180
67,5252.25,50,5252.5,09:15:39.246461689
66,5252.25,50,5252.5,09:15:39.255080071
66,5252.25,55,5252.5,09:15:39.255192595
63,5252.25,55,5252.5,09:15:39.255283307
63,5252.25,57,5252.5,09:15:39.255299285
62,5252.25,57,5252.5,09:15:39.255402529
60,5252.25,57,5252.5,09:15:39.255499858
59,5252.25,57,5252.5,09:15:39.255506661
59,5252.25,58,5252.5,09:15:39.287720086
59,5252.25,59,5252.5,09:15:39.287826469
59,5252.25,59,5252.5,09:15:39.639419666
59,5252.25,62,5252.5,09:15:40.151284953
59,5252.25,63,5252.5,09:15:40.151400561
58,5252.25,63,5252.5,09:15:40.151550590
53,5252.25,63,5252.5,09:15:40.151985616
53,5252.25,63,5252.5,09:15:40.151985616
42,5252.25,63,5252.5,09:15:40.152087625
42,5252.25,65,5252.5,09:15:40.152196734
42,5252.25,65,5252.5,09:15:40.253648074
43,5252.25,65,5252.5,09:15:40.304719668
43,5252.25,65,5252.5,09:15:40.304860807
42,5252.25,65,5252.5,09:15:40.328895378
42,5252.25,67,5252.5,09:15:40.329878915
42,5252.25,68,5252.5,09:15:40.329998821
43,5252.25,68,5252.5,09:15:41.309391326
43,5252.25,63,5252.5,09:15:41.352066167
46,5252.25,63,5252.5,09:15:41.352168825
47,5252.25,63,5252.5,09:15:41.352178096
47,5252.25,62,5252.5,09:15:41.352188844
58,5252.25,62,5252.5,09:15:41.352297896
59,5252.25,62,5252.5,09:15:41.352337267
62,5252.25,62,5252.5,09:15:41.352385424
63,5252.25,62,5252.5,09:15:41.352394945
62,5252.25,62,5252.5,09:15:41.352404666
62,5252.25,59,5252.5,09:15:41.352464588
62,5252.25,57,5252.5,09:15:41.352474985
64,5252.25,57,5252.5,09:15:41.352563034
64,5252.25,58,5252.5,09:15:41.457182150
62,5252.25,58,5252.5,09:15:41.457278120
62,5252.25,63,5252.5,09:15:41.457299541
59,5252.25,63,5252.5,09:15:41.457305608
59,5252.25,64,5252.5,09:15:41.457340508
58,5252.25,64,5252.5,09:15:41.457374515
47,5252.25,64,5252.5,09:15:41.457631685
46,5252.25,64,5252.5,09:15:41.457731117
43,5252.25,64,5252.5,09:15:41.457737966
23,5252.25,64,5252.5,09:15:41.912262986
23,5252.25,65,5252.5,09:15:41.912267063
23,5252.25,67,5252.5,09:15:41.912313015
24,5252.25,67,5252.5,09:15:41.912374546
24,5252.25,68,5252.5,09:15:41.912379494
19,5252.25,68,5252.5,09:15:41.912391052
19,5252.25,69,5252.5,09:15:41.912400611
19,5252.25,69,5252.5,09:15:41.912418218
132,5252.0,69,5252.5,09:15:41.912831990
132,5252.0,69,5252.5,09:15:41.912831990
132,5252.0,70,5252.5,09:15:41.912831990
5,5252.25,70,5252.5,09:15:41.912831990
8,5252.25,70,5252.5,09:15:41.912831990
132,5252.0,70,5252.5,09:15:41.912833743
132,5252.0,1,5252.25,09:15:41.912833743
132,5252.0,1,5252.25,09:15:41.912833743
132,5252.0,1,5252.25,09:15:41.912833743
132,5252.0,1,5252.25,09:15:41.912839276
132,5252.0,9,5252.25,09:15:41.912867286
132,5252.0,14,5252.25,09:15:41.912867286
132,5252.0,17,5252.25,09:15:41.912867286
132,5252.0,23,5252.25,09:15:41.912867286
132,5252.0,24,5252.25,09:15:41.912867286
132,5252.0,24,5252.25,09:15:41.912867286
132,5252.0,25,5252.25,09:15:41.912871456
131,5252.0,25,5252.25,09:15:41.912871456
131,5252.0,25,5252.25,09:15:41.912871456
131,5252.0,25,5252.25,09:15:41.912876732
131,5252.0,25,5252.25,09:15:41.912977333
131,5252.0,25,5252.25,09:15:41.912982904
131,5252.0,26,5252.25,09:15:41.912990124
131,5252.0,26,5252.25,09:15:41.912994645
131,5252.0,26,5252.25,09:15:41.913014120
131,5252.0,25,5252.25,09:15:41.913168450
131,5252.0,26,5252.25,09:15:41.913168450
131,5252.0,27,5252.25,09:15:41.913168450
131,5252.0,28,5252.25,09:15:41.913168450
131,5252.0,33,5252.25,09:15:41.913168450
130,5252.0,33,5252.25,09:15:41.913168450
131,5252.0,33,5252.25,09:15:41.913171040
132,5252.0,33,5252.25,09:15:41.913171040
133,5252.0,33,5252.25,09:15:41.913178700
133,5252.0,33,5252.25,09:15:41.913194998
134,5252.0,33,5252.25,09:15:41.913215402
134,5252.0,33,5252.25,09:15:41.913236065
134,5252.0,33,5252.25,09:15:41.913246884
135,5252.0,33,5252.25,09:15:41.913303218
129,5252.0,33,5252.25,09:15:41.913308281
129,5252.0,33,5252.25,09:15:41.913308281
127,5252.0,33,5252.25,09:15:41.913313999
127,5252.0,33,5252.25,09:15:41.913313999
125,5252.0,33,5252.25,09:15:41.913323718
125,5252.0,33,5252.25,09:15:41.913323718
125,5252.0,32,5252.25,09:15:41.913347110
124,5252.0,32,5252.25,09:15:41.913351987
124,5252.0,32,5252.25,09:15:41.913365370
124,5252.0,32,5252.25,09:15:41.913370074
123,5252.0,32,5252.25,09:15:41.913387214
123,5252.0,32,5252.25,09:15:41.913387214
122,5252.0,32,5252.25,09:15:41.913413310
122,5252.0,32,5252.25,09:15:41.913413310
121,5252.0,32,5252.25,09:15:41.913429698
121,5252.0,32,5252.25,09:15:41.913429698
121,5252.0,33,5252.25,09:15:41.913456130
121,5252.0,32,5252.25,09:15:41.913469071
120,5252.0,32,5252.25,09:15:41.913475887
120,5252.0,32,5252.25,09:15:41.913475887
120,5252.0,32,5252.25,09:15:41.913522473
119,5252.0,32,5252.25,09:15:41.913535761
119,5252.0,32,5252.25,09:15:41.913535761
119,5252.0,32,5252.25,09:15:41.913540746
119,5252.0,33,5252.25,09:15:41.913599740
119,5252.0,33,5252.25,09:15:41.913599740
119,5252.0,33,5252.25,09:15:41.913631292
119,5252.0,34,5252.25,09:15:41.913644194
118,5252.0,34,5252.25,09:15:41.913657517
118,5252.0,34,5252.25,09:15:41.913657517
118,5252.0,33,5252.25,09:15:41.913662847
118,5252.0,34,5252.25,09:15:41.913668518
118,5252.0,34,5252.25,09:15:41.913668518
118,5252.0,35,5252.25,09:15:41.913679792
118,5252.0,35,5252.25,09:15:41.913729691
118,5252.0,37,5252.25,09:15:41.913775391
118,5252.0,38,5252.25,09:15:41.913880727
118,5252.0,39,5252.25,09:15:41.913888727
118,5252.0,37,5252.25,09:15:41.913915537
118,5252.0,37,5252.25,09:15:41.913992115
118,5252.0,38,5252.25,09:15:41.913998166
118,5252.0,37,5252.25,09:15:41.914025722
118,5252.0,39,5252.25,09:15:41.914143616
118,5252.0,40,5252.25,09:15:41.914155426
117,5252.0,40,5252.25,09:15:41.914251819
117,5252.0,41,5252.25,09:15:41.914264197
116,5252.0,41,5252.25,09:15:41.914273119
116,5252.0,41,5252.25,09:15:41.914406825
116,5252.0,41,5252.25,09:15:41.914406825
116,5252.0,41,5252.25,09:15:41.914458074
116,5252.0,41,5252.25,09:15:41.914458074
115,5252.0,41,5252.25,09:15:41.914914870
115,5252.0,41,5252.25,09:15:41.914927184
115,5252.0,44,5252.25,09:15:41.915014772
115,5252.0,45,5252.25,09:15:41.915021899
115,5252.0,47,5252.25,09:15:41.915033038
114,5252.0,47,5252.25,09:15:41.915038767
114,5252.0,48,5252.25,09:15:41.915119024
114,5252.0,48,5252.25,09:15:41.915154730
114,5252.0,49,5252.25,09:15:41.915197711
114,5252.0,52,5252.25,09:15:41.915206488
113,5252.0,52,5252.25,09:15:41.915306886
113,5252.0,63,5252.25,09:15:41.915314643
113,5252.0,63,5252.25,09:15:41.915337687
113,5252.0,63,5252.25,09:15:41.915423248
113,5252.0,63,5252.25,09:15:41.915435184
111,5252.0,63,5252.25,09:15:41.915441959
110,5252.0,63,5252.25,09:15:41.915446656
110,5252.0,64,5252.25,09:15:41.915556675
109,5252.0,64,5252.25,09:15:41.915562764
109,5252.0,65,5252.25,09:15:41.920768569
109,5252.0,65,5252.25,09:15:41.920768569
109,5252.0,65,5252.25,09:15:41.920882568
109,5252.0,65,5252.25,09:15:41.921024990
109,5252.0,65,5252.25,09:15:41.921024990
109,5252.0,65,5252.25,09:15:41.921030888
109,5252.0,65,5252.25,09:15:41.921030888
109,5252.0,65,5252.25,09:15:41.921124755
109,5252.0,66,5252.25,09:15:41.921408364
109,5252.0,66,5252.25,09:15:41.936638070
109,5252.0,66,5252.25,09:15:41.936780822
110,5252.0,66,5252.25,09:15:41.937832491
110,5252.0,65,5252.25,09:15:41.937958576
111,5252.0,65,5252.25,09:15:41.938287312
111,5252.0,65,5252.25,09:15:41.939344710
111,5252.0,66,5252.25,09:15:41.964549673
110,5252.0,66,5252.25,09:15:41.964588602
110,5252.0,69,5252.25,09:15:41.964773319
110,5252.0,71,5252.25,09:15:41.964976587
110,5252.0,71,5252.25,09:15:41.964983343
110,5252.0,71,5252.25,09:15:41.964983343
110,5252.0,71,5252.25,09:15:42.003572704
110,5252.0,71,5252.25,09:15:42.003585431
110,5252.0,71,5252.25,09:15:42.003598426
110,5252.0,70,5252.25,09:15:42.006410249
110,5252.0,70,5252.25,09:15:42.006579568
110,5252.0,67,5252.25,09:15:42.006617780
110,5252.0,65,5252.25,09:15:42.006626062
111,5252.0,65,5252.25,09:15:42.066319043
111,5252.0,62,5252.25,09:15:42.066435464
110,5252.0,62,5252.25,09:15:42.122211589
110,5252.0,62,5252.25,09:15:42.122211589
110,5252.0,62,5252.25,09:15:42.122361537
110,5252.0,62,5252.25,09:15:42.122498625
110,5252.0,62,5252.25,09:15:42.123207506
110,5252.0,62,5252.25,09:15:42.175553370
110,5252.0,62,5252.25,09:15:42.175659765
110,5252.0,61,5252.25,09:15:42.177255404
110,5252.0,58,5252.25,09:15:42.177375650
110,5252.0,47,5252.25,09:15:42.177477204
110,5252.0,45,5252.25,09:15:42.177572735
110,5252.0,45,5252.25,09:15:42.177605635
110,5252.0,43,5252.25,09:15:42.177660260
110,5252.0,42,5252.25,09:15:42.177671377
110,5252.0,41,5252.25,09:15:42.177708645
111,5252.0,41,5252.25,09:15:42.185684621
111,5252.0,41,5252.25,09:15:42.185684621
111,5252.0,40,5252.25,09:15:42.185796863
110,5252.0,40,5252.25,09:15:42.186113995
110,5252.0,40,5252.25,09:15:42.186113995
110,5252.0,40,5252.25,09:15:42.253591249
110,5252.0,40,5252.25,09:15:42.253609032
110,5252.0,40,5252.25,09:15:42.327836668
110,5252.0,40,5252.25,09:15:42.327954485
110,5252.0,40,5252.25,09:15:42.346533452
110,5252.0,39,5252.25,09:15:42.571471308
111,5252.0,39,5252.25,09:15:42.648966668
111,5252.0,39,5252.25,09:15:42.648966668
99,5252.0,39,5252.25,09:15:42.854429447
99,5252.0,41,5252.25,09:15:42.854454017
99,5252.0,44,5252.25,09:15:42.854484180
99,5252.0,45,5252.25,09:15:42.854496581
99,5252.0,46,5252.25,09:15:42.854514453
99,5252.0,47,5252.25,09:15:42.854525813
99,5252.0,48,5252.25,09:15:42.854535337
99,5252.0,49,5252.25,09:15:42.854559494
99,5252.0,60,5252.25,09:15:42.854566624
99,5252.0,61,5252.25,09:15:42.854599760
99,5252.0,60,5252.25,09:15:42.854608032
99,5252.0,61,5252.25,09:15:42.854630919
99,5252.0,63,5252.25,09:15:42.854651761
99,5252.0,62,5252.25,09:15:42.854660290
99,5252.0,62,5252.25,09:15:42.854699852
105,5252.0,62,5252.25,09:15:42.854846371
105,5252.0,62,5252.25,09:15:42.854846371
107,5252.0,62,5252.25,09:15:42.854856131
107,5252.0,62,5252.25,09:15:42.854856131
109,5252.0,62,5252.25,09:15:42.854907537
109,5252.0,62,5252.25,09:15:42.854907537
110,5252.0,62,5252.25,09:15:42.854955425
111,5252.0,62,5252.25,09:15:42.854961170
111,5252.0,62,5252.25,09:15:42.854961170
111,5252.0,63,5252.25,09:15:42.854966004
111,5252.0,64,5252.25,09:15:42.854991006
112,5252.0,64,5252.25,09:15:42.854996053
112,5252.0,64,5252.25,09:15:42.854996053
113,5252.0,64,5252.25,09:15:42.855019792
113,5252.0,64,5252.25,09:15:42.855019792
113,5252.0,62,5252.25,09:15:42.855067779
114,5252.0,62,5252.25,09:15:42.855073060
114,5252.0,62,5252.25,09:15:42.855073060
114,5252.0,59,5252.25,09:15:42.855082263
115,5252.0,59,5252.25,09:15:42.855088375
115,5252.0,59,5252.25,09:15:42.855088375
115,5252.0,59,5252.25,09:15:42.855176338
116,5252.0,59,5252.25,09:15:42.855194250
116,5252.0,59,5252.25,09:15:42.855194250
116,5252.0,58,5252.25,09:15:42.855966985
116,5252.0,57,5252.25,09:15:42.864749396
116,5252.0,57,5252.25,09:15:42.891080148
116,5252.0,57,5252.25,09:15:42.891182432
114,5252.0,57,5252.25,09:15:42.904206845
114,5252.0,58,5252.25,09:15:42.904272238
114,5252.0,59,5252.25,09:15:42.904301855
114,5252.0,58,5252.25,09:15:42.904308175
114,5252.0,60,5252.25,09:15:42.904314694
115,5252.0,60,5252.25,09:15:42.904622338
115,5252.0,60,5252.25,09:15:42.949409892
115,5252.0,60,5252.25,09:15:43.003609773
115,5252.0,60,5252.25,09:15:43.253625233
115,5252.0,58,5252.25,09:15:43.372678789
115,5252.0,53,5252.25,09:15:43.545349219
115,5252.0,52,5252.25,09:15:43.545419915
115,5252.0,50,5252.25,09:15:43.545427630
115,5252.0,49,5252.25,09:15:43.545469167
115,5252.0,48,5252.25,09:15:43.545476757
115,5252.0,48,5252.25,09:15:43.545493353
115,5252.0,48,5252.25,09:15:43.545497894
115,5252.0,47,5252.25,09:15:43.545518924
115,5252.0,36,5252.25,09:15:43.545530396
115,5252.0,36,5252.25,09:15:43.545628188
115,5252.0,35,5252.25,09:15:43.545636370
114,5252.0,35,5252.25,09:15:43.545752238
114,5252.0,35,5252.25,09:15:43.545752238
113,5252.0,35,5252.25,09:15:43.545779250
113,5252.0,35,5252.25,09:15:43.545779250
112,5252.0,35,5252.25,09:15:43.545789161
112,5252.0,35,5252.25,09:15:43.545789161
111,5252.0,35,5252.25,09:15:43.545828291
111,5252.0,35,5252.25,09:15:43.545828291
111,5252.0,36,5252.25,09:15:43.545883918
111,5252.0,38,5252.25,09:15:43.554629403
111,5252.0,41,5252.25,09:15:43.563805150
111,5252.0,42,5252.25,09:15:43.563812049
111,5252.0,43,5252.25,09:15:43.563821995
111,5252.0,44,5252.25,09:15:43.563928739
111,5252.0,43,5252.25,09:15:43.564640367
111,5252.0,42,5252.25,09:15:43.564648341
111,5252.0,40,5252.25,09:15:43.564729527
111,5252.0,35,5252.25,09:15:43.564743345
111,5252.0,32,5252.25,09:15:43.564753671
111,5252.0,31,5252.25,09:15:43.564839071
111,5252.0,30,5252.25,09:15:43.564846048
111,5252.0,29,5252.25,09:15:43.574047539
114,5252.0,29,5252.25,09:15:43.663040519
114,5252.0,28,5252.25,09:15:43.663047582
111,5252.0,28,5252.25,09:15:43.663931037
111,5252.0,28,5252.25,09:15:43.753634278
109,5252.0,28,5252.25,09:15:43.867070104
109,5252.0,31,5252.25,09:15:43.867142521
109,5252.0,32,5252.25,09:15:43.867148410
110,5252.0,32,5252.25,09:15:43.867157341
110,5252.0,35,5252.25,09:15:43.867177309
110,5252.0,34,5252.25,09:15:43.867182110
111,5252.0,34,5252.25,09:15:43.867448858
111,5252.0,34,5252.25,09:15:43.867448858
112,5252.0,34,5252.25,09:15:43.867485822
112,5252.0,34,5252.25,09:15:43.867485822
113,5252.0,34,5252.25,09:15:43.867543301
113,5252.0,34,5252.25,09:15:43.867543301
114,5252.0,34,5252.25,09:15:43.867563926
114,5252.0,34,5252.25,09:15:43.867563926
113,5252.0,34,5252.25,09:15:43.936992761
113,5252.0,35,5252.25,09:15:43.937067021
113,5252.0,34,5252.25,09:15:43.937083642
113,5252.0,31,5252.25,09:15:43.937465343
113,5252.0,28,5252.25,09:15:43.937475282
114,5252.0,28,5252.25,09:15:43.937743921
117,5252.0,28,5252.25,09:15:43.938024842
118,5252.0,28,5252.25,09:15:43.938064766
119,5252.0,28,5252.25,09:15:43.938075246
119,5252.0,23,5252.25,09:15:43.938194132
119,5252.0,20,5252.25,09:15:43.938204500
119,5252.0,17,5252.25,09:15:43.938213681
119,5252.0,16,5252.25,09:15:43.938411013
119,5252.0,15,5252.25,09:15:43.938411013
119,5252.0,10,5252.25,09:15:43.938411013
119,5252.0,8,5252.25,09:15:43.938610563
