bidVolume,bidPrice,askVolume,askPrice,timestamp
44,5225.5,120,5225.75,12:30:00.005620971
44,5225.5,120,5225.75,12:30:00.006309068
44,5225.5,120,5225.75,12:30:00.006323200
44,5225.5,120,5225.75,12:30:00.011225557
44,5225.5,120,5225.75,12:30:00.011331805
36,5225.5,120,5225.75,12:30:00.016377140
36,5225.5,122,5225.75,12:30:00.016475148
36,5225.5,122,5225.75,12:30:00.016482332
36,5225.5,122,5225.75,12:30:00.016500262
34,5225.5,122,5225.75,12:30:00.016680749
31,5225.5,122,5225.75,12:30:00.016687565
30,5225.5,122,5225.75,12:30:00.016792130
29,5225.5,122,5225.75,12:30:00.016885638
26,5225.5,122,5225.75,12:30:00.017073467
26,5225.5,128,5225.75,12:30:00.017226526
23,5225.5,128,5225.75,12:30:00.017311392
23,5225.5,128,5225.75,12:30:00.020692350
22,5225.5,128,5225.75,12:30:00.023479301
20,5225.5,128,5225.75,12:30:00.023549716
19,5225.5,128,5225.75,12:30:00.023558084
18,5225.5,128,5225.75,12:30:00.023675706
18,5225.5,128,5225.75,12:30:00.023675706
18,5225.5,128,5225.75,12:30:00.023991901
18,5225.5,128,5225.75,12:30:00.023991901
18,5225.5,128,5225.75,12:30:00.024028299
18,5225.5,128,5225.75,12:30:00.024028299
18,5225.5,128,5225.75,12:30:00.024174459
18,5225.5,128,5225.75,12:30:00.024174459
18,5225.5,128,5225.75,12:30:00.024217762
18,5225.5,128,5225.75,12:30:00.024217762
18,5225.5,128,5225.75,12:30:00.024400137
18,5225.5,128,5225.75,12:30:00.024400137
18,5225.5,122,5225.75,12:30:00.024587183
18,5225.5,122,5225.75,12:30:00.024692171
18,5225.5,122,5225.75,12:30:00.030697482
18,5225.5,122,5225.75,12:30:00.034772400
18,5225.5,122,5225.75,12:30:00.051286313
18,5225.5,122,5225.75,12:30:00.051421138
18,5225.5,122,5225.75,12:30:00.051516798
18,5225.5,122,5225.75,12:30:00.052748381
18,5225.5,122,5225.75,12:30:00.070679753
18,5225.5,122,5225.75,12:30:00.080739444
17,5225.5,122,5225.75,12:30:00.082599174
17,5225.5,122,5225.75,12:30:00.082701207
13,5225.5,122,5225.75,12:30:00.082708769
13,5225.5,122,5225.75,12:30:00.082815386
6,5225.5,122,5225.75,12:30:00.082824100
6,5225.5,122,5225.75,12:30:00.090724909
6,5225.5,122,5225.75,12:30:00.090829052
6,5225.5,122,5225.75,12:30:00.100699523
6,5225.5,122,5225.75,12:30:00.110686767
9,5225.5,122,5225.75,12:30:00.112692503
16,5225.5,122,5225.75,12:30:00.112713163
19,5225.5,122,5225.75,12:30:00.112788508
24,5225.5,122,5225.75,12:30:00.112794685
27,5225.5,122,5225.75,12:30:00.112799350
27,5225.5,122,5225.75,12:30:00.112813210
28,5225.5,122,5225.75,12:30:00.112901487
29,5225.5,122,5225.75,12:30:00.112909093
29,5225.5,122,5225.75,12:30:00.120684303
28,5225.5,122,5225.75,12:30:00.123019783
25,5225.5,122,5225.75,12:30:00.155719315
20,5225.5,122,5225.75,12:30:00.155813797
17,5225.5,122,5225.75,12:30:00.155840169
10,5225.5,122,5225.75,12:30:00.155923326
9,5225.5,122,5225.75,12:30:00.155928676
9,5225.5,122,5225.75,12:30:00.155939733
6,5225.5,122,5225.75,12:30:00.156020874
13,5225.5,122,5225.75,12:30:00.231178733
16,5225.5,122,5225.75,12:30:00.231302207
21,5225.5,122,5225.75,12:30:00.231313430
24,5225.5,122,5225.75,12:30:00.231320086
21,5225.5,122,5225.75,12:30:00.233108276
16,5225.5,122,5225.75,12:30:00.233114292
13,5225.5,122,5225.75,12:30:00.233121181
6,5225.5,122,5225.75,12:30:00.233220937
6,5225.5,120,5225.75,12:30:00.300584632
7,5225.5,120,5225.75,12:30:00.300633770
8,5225.5,120,5225.75,12:30:00.300648381
13,5225.5,120,5225.75,12:30:00.300658852
14,5225.5,120,5225.75,12:30:00.300676916
14,5225.5,121,5225.75,12:30:00.300692933
13,5225.5,121,5225.75,12:30:00.300697979
8,5225.5,121,5225.75,12:30:00.316986707
7,5225.5,121,5225.75,12:30:00.317091532
6,5225.5,121,5225.75,12:30:00.317097407
13,5225.5,121,5225.75,12:30:00.357353098
18,5225.5,121,5225.75,12:30:00.357441938
23,5225.5,121,5225.75,12:30:00.357452588
24,5225.5,121,5225.75,12:30:00.357466636
32,5225.5,121,5225.75,12:30:00.357473087
33,5225.5,121,5225.75,12:30:00.357567371
34,5225.5,121,5225.75,12:30:00.357577758
35,5225.5,121,5225.75,12:30:00.357620821
35,5225.5,121,5225.75,12:30:00.365945722
35,5225.5,121,5225.75,12:30:00.365945722
35,5225.5,121,5225.75,12:30:00.368223093
35,5225.5,121,5225.75,12:30:00.368223093
35,5225.5,121,5225.75,12:30:00.368343072
35,5225.5,121,5225.75,12:30:00.368461148
36,5225.5,121,5225.75,12:30:00.379780183
35,5225.5,121,5225.75,12:30:00.379943312
35,5225.5,121,5225.75,12:30:00.412990618
27,5225.5,121,5225.75,12:30:00.440655924
22,5225.5,121,5225.75,12:30:00.440745065
21,5225.5,121,5225.75,12:30:00.440754291
16,5225.5,121,5225.75,12:30:00.440781427
15,5225.5,121,5225.75,12:30:00.440831243
14,5225.5,121,5225.75,12:30:00.440865678
13,5225.5,121,5225.75,12:30:00.440878114
17,5225.5,121,5225.75,12:30:00.447433213
21,5225.5,121,5225.75,12:30:00.447441366
23,5225.5,121,5225.75,12:30:00.447455203
27,5225.5,121,5225.75,12:30:00.487578645
28,5225.5,121,5225.75,12:30:00.487584799
29,5225.5,121,5225.75,12:30:00.487590341
37,5225.5,121,5225.75,12:30:00.487602703
38,5225.5,121,5225.75,12:30:00.487611761
42,5225.5,121,5225.75,12:30:00.487628946
46,5225.5,121,5225.75,12:30:00.487634578
47,5225.5,121,5225.75,12:30:00.487640072
61,5225.5,121,5225.75,12:30:00.487653244
64,5225.5,121,5225.75,12:30:00.487664706
65,5225.5,121,5225.75,12:30:00.487673465
66,5225.5,121,5225.75,12:30:00.487689392
67,5225.5,121,5225.75,12:30:00.487697763
68,5225.5,121,5225.75,12:30:00.487718304
69,5225.5,121,5225.75,12:30:00.487729266
69,5225.5,119,5225.75,12:30:00.487743314
65,5225.5,119,5225.75,12:30:00.487758911
61,5225.5,119,5225.75,12:30:00.487765849
60,5225.5,119,5225.75,12:30:00.487771010
59,5225.5,119,5225.75,12:30:00.487780460
59,5225.5,119,5225.75,12:30:00.487814445
56,5225.5,119,5225.75,12:30:00.487902427
56,5225.5,119,5225.75,12:30:00.488537752
59,5225.5,119,5225.75,12:30:00.499088918
62,5225.5,119,5225.75,12:30:00.499104487
64,5225.5,119,5225.75,12:30:00.499111354
61,5225.5,119,5225.75,12:30:00.504316591
58,5225.5,119,5225.75,12:30:00.504323026
56,5225.5,119,5225.75,12:30:00.504330357
58,5225.5,119,5225.75,12:30:00.504448527
59,5225.5,119,5225.75,12:30:00.504453510
61,5225.5,119,5225.75,12:30:00.504476153
62,5225.5,119,5225.75,12:30:00.504480966
63,5225.5,119,5225.75,12:30:00.504537140
64,5225.5,119,5225.75,12:30:00.504547428
64,5225.5,118,5225.75,12:30:00.504573518
65,5225.5,118,5225.75,12:30:00.504630022
64,5225.5,118,5225.75,12:30:00.504652755
63,5225.5,118,5225.75,12:30:00.504666768
62,5225.5,118,5225.75,12:30:00.504671735
63,5225.5,118,5225.75,12:30:00.504773967
64,5225.5,118,5225.75,12:30:00.504787439
63,5225.5,118,5225.75,12:30:00.504875019
62,5225.5,118,5225.75,12:30:00.504883054
63,5225.5,118,5225.75,12:30:00.504960448
64,5225.5,118,5225.75,12:30:00.505048210
65,5225.5,118,5225.75,12:30:00.505055074
65,5225.5,118,5225.75,12:30:00.505217080
65,5225.5,118,5225.75,12:30:00.505224594
65,5225.5,118,5225.75,12:30:00.505234191
65,5225.5,118,5225.75,12:30:00.505245298
65,5225.5,118,5225.75,12:30:00.505264717
65,5225.5,118,5225.75,12:30:00.505270576
65,5225.5,118,5225.75,12:30:00.505275648
65,5225.5,118,5225.75,12:30:00.505299770
65,5225.5,118,5225.75,12:30:00.505315175
65,5225.5,118,5225.75,12:30:00.505319924
65,5225.5,118,5225.75,12:30:00.505330874
65,5225.5,118,5225.75,12:30:00.505335927
65,5225.5,118,5225.75,12:30:00.505341595
65,5225.5,118,5225.75,12:30:00.505361650
65,5225.5,118,5225.75,12:30:00.505370990
64,5225.5,118,5225.75,12:30:00.505387087
63,5225.5,118,5225.75,12:30:00.505403625
63,5225.5,118,5225.75,12:30:00.505409007
63,5225.5,118,5225.75,12:30:00.505415110
63,5225.5,118,5225.75,12:30:00.505420073
63,5225.5,118,5225.75,12:30:00.505431539
63,5225.5,118,5225.75,12:30:00.505473591
63,5225.5,118,5225.75,12:30:00.505479348
61,5225.5,118,5225.75,12:30:00.505506448
60,5225.5,118,5225.75,12:30:00.505511101
58,5225.5,118,5225.75,12:30:00.505517581
57,5225.5,118,5225.75,12:30:00.505523367
58,5225.5,118,5225.75,12:30:00.505595941
59,5225.5,118,5225.75,12:30:00.505606512
58,5225.5,118,5225.75,12:30:00.505611904
58,5225.5,118,5225.75,12:30:00.506360150
60,5225.5,118,5225.75,12:30:00.510276387
63,5225.5,118,5225.75,12:30:00.510283856
64,5225.5,118,5225.75,12:30:00.510294337
64,5225.5,119,5225.75,12:30:00.519336955
63,5225.5,119,5225.75,12:30:00.519453217
62,5225.5,119,5225.75,12:30:00.519467530
60,5225.5,119,5225.75,12:30:00.519473147
57,5225.5,119,5225.75,12:30:00.519478497
56,5225.5,119,5225.75,12:30:00.519483656
42,5225.5,119,5225.75,12:30:00.519699238
41,5225.5,119,5225.75,12:30:00.519798416
42,5225.5,119,5225.75,12:30:00.588028351
41,5225.5,119,5225.75,12:30:00.598744381
41,5225.5,119,5225.75,12:30:00.660077952
33,5225.5,119,5225.75,12:30:00.703695103
33,5225.5,121,5225.75,12:30:00.703801969
29,5225.5,121,5225.75,12:30:00.703807447
28,5225.5,121,5225.75,12:30:00.703896700
28,5225.5,121,5225.75,12:30:00.735245210
28,5225.5,121,5225.75,12:30:00.735350076
26,5225.5,121,5225.75,12:30:00.752809887
22,5225.5,121,5225.75,12:30:00.752838370
18,5225.5,121,5225.75,12:30:00.752847833
17,5225.5,121,5225.75,12:30:00.752918938
16,5225.5,121,5225.75,12:30:00.752935857
15,5225.5,121,5225.75,12:30:00.753030589
14,5225.5,121,5225.75,12:30:00.753037075
13,5225.5,121,5225.75,12:30:00.753043389
6,5225.5,121,5225.75,12:30:00.753460210
13,5225.5,121,5225.75,12:30:00.773342722
13,5225.5,122,5225.75,12:30:00.773581927
13,5225.5,122,5225.75,12:30:00.857129229
13,5225.5,122,5225.75,12:30:00.857152647
13,5225.5,122,5225.75,12:30:00.857311040
13,5225.5,122,5225.75,12:30:00.857345169
13,5225.5,122,5225.75,12:30:00.857457053
13,5225.5,122,5225.75,12:30:00.857789888
13,5225.5,122,5225.75,12:30:00.857809553
14,5225.5,122,5225.75,12:30:00.884628720
14,5225.5,122,5225.75,12:30:00.884754665
14,5225.5,122,5225.75,12:30:00.884871358
15,5225.5,122,5225.75,12:30:00.903330232
15,5225.5,122,5225.75,12:30:00.903945352
15,5225.5,122,5225.75,12:30:00.903945352
13,5225.5,122,5225.75,12:30:00.957347617
13,5225.5,122,5225.75,12:30:00.957432265
13,5225.5,122,5225.75,12:30:00.957437734
13,5225.5,122,5225.75,12:30:00.957442442
13,5225.5,122,5225.75,12:30:00.957456154
13,5225.5,122,5225.75,12:30:00.957470948
13,5225.5,122,5225.75,12:30:00.957476711
13,5225.5,122,5225.75,12:30:00.957972059
13,5225.5,122,5225.75,12:30:00.957982459
13,5225.5,122,5225.75,12:30:00.957989390
6,5225.5,122,5225.75,12:30:00.971566310
4,5225.5,122,5225.75,12:30:00.971832712
3,5225.5,122,5225.75,12:30:00.971832712
2,5225.5,122,5225.75,12:30:00.971832712
114,5225.25,122,5225.75,12:30:00.971832712
114,5225.25,122,5225.75,12:30:00.971832712
114,5225.25,2,5225.5,12:30:00.971843868
114,5225.25,6,5225.5,12:30:00.971843868
114,5225.25,9,5225.5,12:30:00.971843868
114,5225.25,12,5225.5,12:30:00.971843868
114,5225.25,20,5225.5,12:30:00.971847906
114,5225.25,21,5225.5,12:30:00.971860447
114,5225.25,25,5225.5,12:30:00.971938561
114,5225.25,27,5225.5,12:30:00.971944039
113,5225.25,27,5225.5,12:30:00.971957883
113,5225.25,28,5225.5,12:30:00.971971745
113,5225.25,26,5225.5,12:30:00.971980821
113,5225.25,27,5225.5,12:30:00.971997125
113,5225.25,24,5225.5,12:30:00.972003948
113,5225.25,21,5225.5,12:30:00.972011599
113,5225.25,24,5225.5,12:30:00.972087639
113,5225.25,24,5225.5,12:30:00.972131896
113,5225.25,24,5225.5,12:30:00.972131896
113,5225.25,21,5225.5,12:30:00.972157218
113,5225.25,21,5225.5,12:30:00.972410678
110,5225.25,21,5225.5,12:30:00.972426532
110,5225.25,21,5225.5,12:30:00.972426532
110,5225.25,21,5225.5,12:30:00.972453988
109,5225.25,21,5225.5,12:30:00.972467752
109,5225.25,21,5225.5,12:30:00.972467752
109,5225.25,24,5225.5,12:30:00.972484782
108,5225.25,24,5225.5,12:30:00.972552916
108,5225.25,24,5225.5,12:30:00.972552916
108,5225.25,25,5225.5,12:30:00.972569150
108,5225.25,26,5225.5,12:30:00.972607525
107,5225.25,26,5225.5,12:30:00.972617074
107,5225.25,26,5225.5,12:30:00.972617074
107,5225.25,29,5225.5,12:30:00.972696845
106,5225.25,29,5225.5,12:30:00.972702717
106,5225.25,29,5225.5,12:30:00.972702717
106,5225.25,29,5225.5,12:30:00.972823244
104,5225.25,29,5225.5,12:30:00.972826367
104,5225.25,29,5225.5,12:30:00.972934206
104,5225.25,29,5225.5,12:30:00.972958693
106,5225.25,29,5225.5,12:30:00.972991750
106,5225.25,36,5225.5,12:30:00.973024967
104,5225.25,36,5225.5,12:30:00.973110741
104,5225.25,37,5225.5,12:30:00.973125599
104,5225.25,34,5225.5,12:30:00.973188656
104,5225.25,27,5225.5,12:30:00.973532867
104,5225.25,26,5225.5,12:30:00.973615707
106,5225.25,26,5225.5,12:30:00.974498046
106,5225.25,23,5225.5,12:30:00.974595011
106,5225.25,15,5225.5,12:30:00.974708308
106,5225.25,11,5225.5,12:30:00.974720433
106,5225.25,9,5225.5,12:30:00.974790961
106,5225.25,5,5225.5,12:30:00.974798526
106,5225.25,4,5225.5,12:30:00.974925665
106,5225.25,3,5225.5,12:30:00.974925665
106,5225.25,122,5225.75,12:30:00.975018719
106,5225.25,122,5225.75,12:30:00.975018719
6,5225.5,122,5225.75,12:30:00.975034425
7,5225.5,122,5225.75,12:30:00.975034425
7,5225.5,129,5225.75,12:30:00.975055440
7,5225.5,129,5225.75,12:30:00.975092932
7,5225.5,129,5225.75,12:30:00.975101085
7,5225.5,129,5225.75,12:30:00.975112353
7,5225.5,129,5225.75,12:30:00.975119137
10,5225.5,129,5225.75,12:30:00.975126087
11,5225.5,129,5225.75,12:30:00.975154238
14,5225.5,129,5225.75,12:30:00.975164930
16,5225.5,129,5225.75,12:30:00.975169714
18,5225.5,129,5225.75,12:30:00.975175461
19,5225.5,129,5225.75,12:30:00.975237328
20,5225.5,129,5225.75,12:30:00.975270372
20,5225.5,129,5225.75,12:30:00.975579165
20,5225.5,129,5225.75,12:30:00.975609767
20,5225.5,122,5225.75,12:30:00.975638223
20,5225.5,122,5225.75,12:30:00.980088507
17,5225.5,122,5225.75,12:30:00.980213687
15,5225.5,122,5225.75,12:30:00.980225492
13,5225.5,122,5225.75,12:30:00.980231147
13,5225.5,121,5225.75,12:30:00.980254005
10,5225.5,121,5225.75,12:30:00.980290934
11,5225.5,121,5225.75,12:30:00.980297289
12,5225.5,121,5225.75,12:30:00.980342320
12,5225.5,121,5225.75,12:30:00.980385781
12,5225.5,121,5225.75,12:30:00.980385781
12,5225.5,121,5225.75,12:30:00.980392280
12,5225.5,121,5225.75,12:30:00.980392280
12,5225.5,121,5225.75,12:30:00.983090171
12,5225.5,123,5225.75,12:30:00.983168678
12,5225.5,123,5225.75,12:30:00.983183907
12,5225.5,123,5225.75,12:30:00.985839903
12,5225.5,123,5225.75,12:30:00.985839903
11,5225.5,123,5225.75,12:30:00.985872752
10,5225.5,123,5225.75,12:30:00.985945726
10,5225.5,123,5225.75,12:30:00.986418641
10,5225.5,123,5225.75,12:30:00.986427445
10,5225.5,123,5225.75,12:30:00.986710833
10,5225.5,121,5225.75,12:30:00.990468489
9,5225.5,121,5225.75,12:30:00.990618399
8,5225.5,121,5225.75,12:30:00.990703370
8,5225.5,121,5225.75,12:30:00.991293034
8,5225.5,121,5225.75,12:30:00.995007105
2,5225.5,121,5225.75,12:30:01.022249945
106,5225.25,121,5225.75,12:30:01.022376066
106,5225.25,121,5225.75,12:30:01.022376066
106,5225.25,2,5225.5,12:30:01.022427712
106,5225.25,3,5225.5,12:30:01.022461764
106,5225.25,13,5225.5,12:30:01.022493518
106,5225.25,20,5225.5,12:30:01.022498462
106,5225.25,26,5225.5,12:30:01.022504091
106,5225.25,27,5225.5,12:30:01.022519438
106,5225.25,25,5225.5,12:30:01.022539308
106,5225.25,19,5225.5,12:30:01.022544658
106,5225.25,9,5225.5,12:30:01.022575356
106,5225.25,2,5225.5,12:30:01.022583373
106,5225.25,5,5225.5,12:30:01.022595753
106,5225.25,6,5225.5,12:30:01.022603293
106,5225.25,7,5225.5,12:30:01.022616436
106,5225.25,8,5225.5,12:30:01.022626845
106,5225.25,9,5225.5,12:30:01.022653822
106,5225.25,7,5225.5,12:30:01.022822878
106,5225.25,7,5225.5,12:30:01.022822878
106,5225.25,7,5225.5,12:30:01.022822878
106,5225.25,6,5225.5,12:30:01.022822878
106,5225.25,3,5225.5,12:30:01.022871460
106,5225.25,2,5225.5,12:30:01.023032425
106,5225.25,121,5225.75,12:30:01.023032425
106,5225.25,121,5225.75,12:30:01.023032425
1,5225.5,121,5225.75,12:30:01.023032425
1,5225.5,121,5225.75,12:30:01.023134059
1,5225.5,121,5225.75,12:30:01.023134059
1,5225.5,121,5225.75,12:30:01.023281006
1,5225.5,121,5225.75,12:30:01.023281006
1,5225.5,121,5225.75,12:30:01.023286647
1,5225.5,121,5225.75,12:30:01.023363587
1,5225.5,121,5225.75,12:30:01.023363587
2,5225.5,121,5225.75,12:30:01.023393187
2,5225.5,121,5225.75,12:30:01.023466911
2,5225.5,121,5225.75,12:30:01.023466911
2,5225.5,121,5225.75,12:30:01.023519622
2,5225.5,121,5225.75,12:30:01.023519622
2,5225.5,121,5225.75,12:30:01.023573882
2,5225.5,121,5225.75,12:30:01.023573882
113,5225.25,121,5225.75,12:30:01.024069249
113,5225.25,121,5225.75,12:30:01.024069249
113,5225.25,1,5225.5,12:30:01.024077874
113,5225.25,4,5225.5,12:30:01.024077874
113,5225.25,3,5225.5,12:30:01.024177078
113,5225.25,4,5225.5,12:30:01.024177078
113,5225.25,5,5225.5,12:30:01.024177078
120,5225.25,5,5225.5,12:30:01.024181241
120,5225.25,6,5225.5,12:30:01.024190589
120,5225.25,2,5225.5,12:30:01.024411282
120,5225.25,1,5225.5,12:30:01.024411282
120,5225.25,121,5225.75,12:30:01.024411282
1,5225.5,121,5225.75,12:30:01.024411282
1,5225.5,121,5225.75,12:30:01.024411282
1,5225.5,121,5225.75,12:30:01.024411282
1,5225.5,121,5225.75,12:30:01.024411282
2,5225.5,121,5225.75,12:30:01.024450191
2,5225.5,121,5225.75,12:30:01.024576347
3,5225.5,121,5225.75,12:30:01.024584878
1,5225.5,121,5225.75,12:30:01.024717112
113,5225.25,121,5225.75,12:30:01.024717112
113,5225.25,1,5225.5,12:30:01.024717112
113,5225.25,1,5225.5,12:30:01.024717112
113,5225.25,8,5225.5,12:30:01.024725339
113,5225.25,9,5225.5,12:30:01.024752517
113,5225.25,13,5225.5,12:30:01.024757211
113,5225.25,14,5225.5,12:30:01.024793206
113,5225.25,15,5225.5,12:30:01.024836094
113,5225.25,17,5225.5,12:30:01.024841184
113,5225.25,18,5225.5,12:30:01.024846964
113,5225.25,21,5225.5,12:30:01.024853581
113,5225.25,14,5225.5,12:30:01.024873742
113,5225.25,11,5225.5,12:30:01.024883550
113,5225.25,10,5225.5,12:30:01.024889973
113,5225.25,11,5225.5,12:30:01.024898257
113,5225.25,12,5225.5,12:30:01.024905970
113,5225.25,13,5225.5,12:30:01.024932748
113,5225.25,14,5225.5,12:30:01.024977437
113,5225.25,17,5225.5,12:30:01.025004730
113,5225.25,16,5225.5,12:30:01.025014932
113,5225.25,18,5225.5,12:30:01.025027895
113,5225.25,20,5225.5,12:30:01.025041659
113,5225.25,21,5225.5,12:30:01.025046772
113,5225.25,19,5225.5,12:30:01.025062004
113,5225.25,17,5225.5,12:30:01.025070913
113,5225.25,16,5225.5,12:30:01.025076615
113,5225.25,17,5225.5,12:30:01.025164441
113,5225.25,19,5225.5,12:30:01.025251273
113,5225.25,26,5225.5,12:30:01.030562279
113,5225.25,27,5225.5,12:30:01.030647061
113,5225.25,28,5225.5,12:30:01.030681446
113,5225.25,29,5225.5,12:30:01.030772827
113,5225.25,30,5225.5,12:30:01.030875820
113,5225.25,30,5225.5,12:30:01.031057012
113,5225.25,30,5225.5,12:30:01.031161504
113,5225.25,30,5225.5,12:30:01.032261903
113,5225.25,29,5225.5,12:30:01.040886595
113,5225.25,28,5225.5,12:30:01.040993999
113,5225.25,26,5225.5,12:30:01.041004636
113,5225.25,23,5225.5,12:30:01.041010668
113,5225.25,22,5225.5,12:30:01.041113661
113,5225.25,21,5225.5,12:30:01.041211728
113,5225.25,24,5225.5,12:30:01.067506103
113,5225.25,23,5225.5,12:30:01.083009933
113,5225.25,19,5225.5,12:30:01.083065681
113,5225.25,18,5225.5,12:30:01.083080354
113,5225.25,16,5225.5,12:30:01.083085304
113,5225.25,13,5225.5,12:30:01.083114550
113,5225.25,14,5225.5,12:30:01.095247063
113,5225.25,14,5225.5,12:30:01.131572405
113,5225.25,7,5225.5,12:30:01.157287896
113,5225.25,121,5225.75,12:30:01.157592510
113,5225.25,121,5225.75,12:30:01.157592510
1,5225.5,121,5225.75,12:30:01.157592510
2,5225.5,121,5225.75,12:30:01.157614930
7,5225.5,121,5225.75,12:30:01.157624197
10,5225.5,121,5225.75,12:30:01.157632175
14,5225.5,121,5225.75,12:30:01.157649810
15,5225.5,121,5225.75,12:30:01.157675136
16,5225.5,121,5225.75,12:30:01.157692813
17,5225.5,121,5225.75,12:30:01.157702800
18,5225.5,121,5225.75,12:30:01.157713466
19,5225.5,121,5225.75,12:30:01.157725169
21,5225.5,121,5225.75,12:30:01.157733982
22,5225.5,121,5225.75,12:30:01.157739035
22,5225.5,121,5225.75,12:30:01.157747662
23,5225.5,121,5225.75,12:30:01.157760357
24,5225.5,121,5225.75,12:30:01.157770984
25,5225.5,121,5225.75,12:30:01.157798885
28,5225.5,121,5225.75,12:30:01.158009805
28,5225.5,121,5225.75,12:30:01.158048427
28,5225.5,121,5225.75,12:30:01.158048427
29,5225.5,121,5225.75,12:30:01.158071899
28,5225.5,121,5225.75,12:30:01.158118549
27,5225.5,121,5225.75,12:30:01.158130553
27,5225.5,121,5225.75,12:30:01.158154474
27,5225.5,121,5225.75,12:30:01.158154474
27,5225.5,121,5225.75,12:30:01.158232299
27,5225.5,121,5225.75,12:30:01.158232299
27,5225.5,121,5225.75,12:30:01.158307623
27,5225.5,121,5225.75,12:30:01.158307623
27,5225.5,121,5225.75,12:30:01.158340842
27,5225.5,121,5225.75,12:30:01.158340842
26,5225.5,121,5225.75,12:30:01.164482156
24,5225.5,121,5225.75,12:30:01.164552897
23,5225.5,121,5225.75,12:30:01.164557332
23,5225.5,121,5225.75,12:30:01.169180519
23,5225.5,121,5225.75,12:30:01.169188011
20,5225.5,121,5225.75,12:30:01.169280960
19,5225.5,121,5225.75,12:30:01.169327793
18,5225.5,121,5225.75,12:30:01.169396466
17,5225.5,121,5225.75,12:30:01.169416153
12,5225.5,121,5225.75,12:30:01.169499476
11,5225.5,121,5225.75,12:30:01.169599795
8,5225.5,121,5225.75,12:30:01.169682376
4,5225.5,121,5225.75,12:30:01.169694802
4,5225.5,121,5225.75,12:30:01.170359068
4,5225.5,121,5225.75,12:30:01.170410826
4,5225.5,121,5225.75,12:30:01.170469697
11,5225.5,121,5225.75,12:30:01.172993099
12,5225.5,121,5225.75,12:30:01.173106506
16,5225.5,121,5225.75,12:30:01.173613361
20,5225.5,121,5225.75,12:30:01.173622375
22,5225.5,121,5225.75,12:30:01.173629988
29,5225.5,121,5225.75,12:30:01.173639672
30,5225.5,121,5225.75,12:30:01.173727606
31,5225.5,121,5225.75,12:30:01.173735270
38,5225.5,121,5225.75,12:30:01.173760244
39,5225.5,121,5225.75,12:30:01.173786273
39,5225.5,121,5225.75,12:30:01.173856521
32,5225.5,121,5225.75,12:30:01.188603486
33,5225.5,121,5225.75,12:30:01.189024093
33,5225.5,121,5225.75,12:30:01.197445812
33,5225.5,121,5225.75,12:30:01.477464685
33,5225.5,121,5225.75,12:30:01.477609603
33,5225.5,121,5225.75,12:30:01.482203280
33,5225.5,121,5225.75,12:30:01.482203280
33,5225.5,121,5225.75,12:30:01.482213274
33,5225.5,121,5225.75,12:30:01.482213274
33,5225.5,121,5225.75,12:30:01.482364938
33,5225.5,120,5225.75,12:30:01.506015740
35,5225.5,120,5225.75,12:30:01.506083818
36,5225.5,120,5225.75,12:30:01.506099412
37,5225.5,120,5225.75,12:30:01.506111108
38,5225.5,120,5225.75,12:30:01.506179350
37,5225.5,120,5225.75,12:30:01.506234010
38,5225.5,120,5225.75,12:30:01.506288952
38,5225.5,120,5225.75,12:30:01.506571182
38,5225.5,120,5225.75,12:30:01.506571182
38,5225.5,120,5225.75,12:30:01.506596059
38,5225.5,120,5225.75,12:30:01.506596059
38,5225.5,120,5225.75,12:30:01.506745130
38,5225.5,120,5225.75,12:30:01.506745130
38,5225.5,120,5225.75,12:30:01.507353111
38,5225.5,120,5225.75,12:30:01.507353111
38,5225.5,120,5225.75,12:30:01.507360676
38,5225.5,120,5225.75,12:30:01.507360676
37,5225.5,120,5225.75,12:30:01.516413607
35,5225.5,120,5225.75,12:30:01.516519017
36,5225.5,120,5225.75,12:30:01.641159479
39,5225.5,120,5225.75,12:30:01.641641312
42,5225.5,120,5225.75,12:30:01.641649169
44,5225.5,120,5225.75,12:30:01.641662775
45,5225.5,120,5225.75,12:30:01.641669649
42,5225.5,120,5225.75,12:30:01.642129799
39,5225.5,120,5225.75,12:30:01.642141985
37,5225.5,120,5225.75,12:30:01.642147038
51,5225.5,120,5225.75,12:30:01.642159198
52,5225.5,120,5225.75,12:30:01.642169169
51,5225.5,120,5225.75,12:30:01.642183323
51,5225.5,118,5225.75,12:30:01.642263517
51,5225.5,119,5225.75,12:30:01.647755330
37,5225.5,119,5225.75,12:30:01.649576964
37,5225.5,121,5225.75,12:30:01.649675945
36,5225.5,121,5225.75,12:30:01.649682614
35,5225.5,121,5225.75,12:30:01.652298106
36,5225.5,121,5225.75,12:30:01.689461776
36,5225.5,121,5225.75,12:30:01.689461776
36,5225.5,121,5225.75,12:30:01.689575548
36,5225.5,121,5225.75,12:30:01.721349698
36,5225.5,121,5225.75,12:30:01.721466286
36,5225.5,121,5225.75,12:30:01.722223804
36,5225.5,121,5225.75,12:30:01.897485152
36,5225.5,121,5225.75,12:30:01.974198050
36,5225.5,121,5225.75,12:30:01.974248832
36,5225.5,121,5225.75,12:30:01.974353141
36,5225.5,121,5225.75,12:30:01.989612293
36,5225.5,121,5225.75,12:30:01.989641926
29,5225.5,121,5225.75,12:30:02.014759875
28,5225.5,121,5225.75,12:30:02.015062651
21,5225.5,121,5225.75,12:30:02.015309620
17,5225.5,121,5225.75,12:30:02.015539884
13,5225.5,121,5225.75,12:30:02.015545916
11,5225.5,121,5225.75,12:30:02.015562764
10,5225.5,121,5225.75,12:30:02.015669288
9,5225.5,121,5225.75,12:30:02.015675083
8,5225.5,121,5225.75,12:30:02.015687429
8,5225.5,121,5225.75,12:30:02.026030089
8,5225.5,121,5225.75,12:30:02.026053670
8,5225.5,121,5225.75,12:30:02.026131553
15,5225.5,121,5225.75,12:30:02.094168017
16,5225.5,121,5225.75,12:30:02.094265360
20,5225.5,121,5225.75,12:30:02.094279565
27,5225.5,121,5225.75,12:30:02.094288910
30,5225.5,121,5225.75,12:30:02.094304414
33,5225.5,121,5225.75,12:30:02.094309355
34,5225.5,121,5225.75,12:30:02.094385276
35,5225.5,121,5225.75,12:30:02.094412698
36,5225.5,121,5225.75,12:30:02.094525945
35,5225.5,121,5225.75,12:30:02.104524674
35,5225.5,121,5225.75,12:30:02.121390806
35,5225.5,121,5225.75,12:30:02.121402707
35,5225.5,121,5225.75,12:30:02.121510248
35,5225.5,121,5225.75,12:30:02.126665808
36,5225.5,121,5225.75,12:30:02.159898823
37,5225.5,121,5225.75,12:30:02.159995881
40,5225.5,121,5225.75,12:30:02.160013167
43,5225.5,121,5225.75,12:30:02.160020201
45,5225.5,121,5225.75,12:30:02.160032918
44,5225.5,121,5225.75,12:30:02.160037939
43,5225.5,121,5225.75,12:30:02.160084490
44,5225.5,121,5225.75,12:30:02.160135589
41,5225.5,121,5225.75,12:30:02.160141794
39,5225.5,121,5225.75,12:30:02.160148469
36,5225.5,121,5225.75,12:30:02.160154057
37,5225.5,121,5225.75,12:30:02.160217213
40,5225.5,121,5225.75,12:30:02.160326681
43,5225.5,121,5225.75,12:30:02.160339955
45,5225.5,121,5225.75,12:30:02.160346128
44,5225.5,121,5225.75,12:30:02.160421345
58,5225.5,121,5225.75,12:30:02.160431016
58,5225.5,119,5225.75,12:30:02.160543879
58,5225.5,119,5225.75,12:30:02.160764530
58,5225.5,119,5225.75,12:30:02.160764530
58,5225.5,119,5225.75,12:30:02.171823661
58,5225.5,119,5225.75,12:30:02.171879480
59,5225.5,119,5225.75,12:30:02.171931577
59,5225.5,119,5225.75,12:30:02.173031506
59,5225.5,119,5225.75,12:30:02.173053894
60,5225.5,119,5225.75,12:30:02.186079577
60,5225.5,118,5225.75,12:30:02.248077552
61,5225.5,118,5225.75,12:30:02.248151521
62,5225.5,118,5225.75,12:30:02.248162245
63,5225.5,118,5225.75,12:30:02.248169631
63,5225.5,119,5225.75,12:30:02.248180120
64,5225.5,119,5225.75,12:30:02.248192217
65,5225.5,119,5225.75,12:30:02.248276225
64,5225.5,119,5225.75,12:30:02.248309150
63,5225.5,119,5225.75,12:30:02.258399961
62,5225.5,119,5225.75,12:30:02.258506885
61,5225.5,119,5225.75,12:30:02.258514283
61,5225.5,119,5225.75,12:30:02.265243114
62,5225.5,119,5225.75,12:30:02.320429140
62,5225.5,119,5225.75,12:30:02.320429140
62,5225.5,119,5225.75,12:30:02.421013767
62,5225.5,119,5225.75,12:30:02.421118261
62,5225.5,117,5225.75,12:30:02.447779598
62,5225.5,118,5225.75,12:30:02.447861005
62,5225.5,119,5225.75,12:30:02.447872125
62,5225.5,120,5225.75,12:30:02.447954466
62,5225.5,120,5225.75,12:30:02.523724257
60,5225.5,120,5225.75,12:30:02.596628094
57,5225.5,120,5225.75,12:30:02.596639374
43,5225.5,120,5225.75,12:30:02.596994764
40,5225.5,120,5225.75,12:30:02.597131416
40,5225.5,122,5225.75,12:30:02.597234016
40,5225.5,122,5225.75,12:30:02.669624018
40,5225.5,122,5225.75,12:30:02.708650990
40,5225.5,122,5225.75,12:30:02.708768103
40,5225.5,122,5225.75,12:30:02.969707995
40,5225.5,122,5225.75,12:30:02.969707995
40,5225.5,122,5225.75,12:30:02.969814716
40,5225.5,122,5225.75,12:30:02.975795037
40,5225.5,122,5225.75,12:30:02.975840095
40,5225.5,122,5225.75,12:30:02.975948360
40,5225.5,122,5225.75,12:30:03.036146103
40,5225.5,122,5225.75,12:30:03.083718278
40,5225.5,122,5225.75,12:30:03.083718278
40,5225.5,122,5225.75,12:30:03.083816305
40,5225.5,122,5225.75,12:30:03.093604439
40,5225.5,122,5225.75,12:30:03.093604439
39,5225.5,122,5225.75,12:30:03.093701989
38,5225.5,122,5225.75,12:30:03.114612439
38,5225.5,122,5225.75,12:30:03.165539785
38,5225.5,122,5225.75,12:30:03.165660594
38,5225.5,122,5225.75,12:30:03.176275060
38,5225.5,122,5225.75,12:30:03.176289041
38,5225.5,124,5225.75,12:30:03.251430117
38,5225.5,124,5225.75,12:30:03.251430117
39,5225.5,124,5225.75,12:30:03.370585057
38,5225.5,124,5225.75,12:30:03.370863792
38,5225.5,124,5225.75,12:30:03.371224593
38,5225.5,124,5225.75,12:30:03.371265352
38,5225.5,124,5225.75,12:30:03.371647056
38,5225.5,124,5225.75,12:30:03.553236438
31,5225.5,124,5225.75,12:30:03.572998618
24,5225.5,124,5225.75,12:30:03.573010925
21,5225.5,124,5225.75,12:30:03.573045653
18,5225.5,124,5225.75,12:30:03.573054747
14,5225.5,124,5225.75,12:30:03.573103622
13,5225.5,124,5225.75,12:30:03.573211378
13,5225.5,124,5225.75,12:30:03.573342350
13,5225.5,124,5225.75,12:30:03.573686593
13,5225.5,124,5225.75,12:30:03.573734978
13,5225.5,124,5225.75,12:30:03.573833038
20,5225.5,124,5225.75,12:30:03.601478878
24,5225.5,124,5225.75,12:30:03.601485198
27,5225.5,124,5225.75,12:30:03.601490331
29,5225.5,124,5225.75,12:30:03.601500216
30,5225.5,124,5225.75,12:30:03.601571562
31,5225.5,124,5225.75,12:30:03.601681993
30,5225.5,124,5225.75,12:30:03.602475522
31,5225.5,124,5225.75,12:30:03.603219470
30,5225.5,124,5225.75,12:30:03.611801063
30,5225.5,124,5225.75,12:30:03.673903207
44,5225.5,124,5225.75,12:30:03.794308471
47,5225.5,124,5225.75,12:30:03.794405321
48,5225.5,124,5225.75,12:30:03.794413750
51,5225.5,124,5225.75,12:30:03.794425094
53,5225.5,124,5225.75,12:30:03.794439785
54,5225.5,124,5225.75,12:30:03.794445555
61,5225.5,124,5225.75,12:30:03.794454026
61,5225.5,122,5225.75,12:30:03.794506177
58,5225.5,122,5225.75,12:30:03.794526337
56,5225.5,122,5225.75,12:30:03.794541749
57,5225.5,122,5225.75,12:30:03.794554348
58,5225.5,122,5225.75,12:30:03.794641236
60,5225.5,122,5225.75,12:30:03.794715970
62,5225.5,122,5225.75,12:30:03.794724597
63,5225.5,122,5225.75,12:30:03.794739247
61,5225.5,122,5225.75,12:30:03.794931616
59,5225.5,122,5225.75,12:30:03.794942234
58,5225.5,122,5225.75,12:30:03.794947235
60,5225.5,122,5225.75,12:30:03.795081897
62,5225.5,122,5225.75,12:30:03.795092966
63,5225.5,122,5225.75,12:30:03.795099914
63,5225.5,122,5225.75,12:30:03.795149182
63,5225.5,122,5225.75,12:30:03.795149182
61,5225.5,122,5225.75,12:30:03.795248218
59,5225.5,122,5225.75,12:30:03.795260218
58,5225.5,122,5225.75,12:30:03.795265264
51,5225.5,122,5225.75,12:30:03.795341867
50,5225.5,122,5225.75,12:30:03.795443876
47,5225.5,122,5225.75,12:30:03.795592176
46,5225.5,122,5225.75,12:30:03.804573250
46,5225.5,122,5225.75,12:30:03.974059176
53,5225.5,122,5225.75,12:30:03.975794318
56,5225.5,122,5225.75,12:30:03.975897149
59,5225.5,122,5225.75,12:30:03.975902333
61,5225.5,122,5225.75,12:30:03.975913312
60,5225.5,122,5225.75,12:30:03.975918586
57,5225.5,122,5225.75,12:30:03.976006626
54,5225.5,122,5225.75,12:30:03.976017980
52,5225.5,122,5225.75,12:30:03.976022985
53,5225.5,122,5225.75,12:30:03.976034649
54,5225.5,122,5225.75,12:30:03.976070167
56,5225.5,122,5225.75,12:30:03.976136850
57,5225.5,122,5225.75,12:30:03.976142562
56,5225.5,122,5225.75,12:30:03.976166926
58,5225.5,122,5225.75,12:30:03.976222425
60,5225.5,122,5225.75,12:30:03.976235388
61,5225.5,122,5225.75,12:30:03.976242425
59,5225.5,122,5225.75,12:30:03.976308825
57,5225.5,122,5225.75,12:30:03.976319605
58,5225.5,122,5225.75,12:30:03.976332249
57,5225.5,122,5225.75,12:30:03.976340160
56,5225.5,122,5225.75,12:30:03.976390241
58,5225.5,122,5225.75,12:30:04.007549697
61,5225.5,122,5225.75,12:30:04.007555873
62,5225.5,122,5225.75,12:30:04.007561256
60,5225.5,122,5225.75,12:30:04.007775611
57,5225.5,122,5225.75,12:30:04.007786411
56,5225.5,122,5225.75,12:30:04.007792838
54,5225.5,122,5225.75,12:30:04.007858420
53,5225.5,122,5225.75,12:30:04.007958979
53,5225.5,122,5225.75,12:30:04.020805772
53,5225.5,122,5225.75,12:30:04.087816725
53,5225.5,122,5225.75,12:30:04.248545723
53,5225.5,122,5225.75,12:30:04.248545723
53,5225.5,122,5225.75,12:30:04.248641670
53,5225.5,127,5225.75,12:30:04.266623616
46,5225.5,127,5225.75,12:30:04.266722885
45,5225.5,127,5225.75,12:30:04.266729116
31,5225.5,127,5225.75,12:30:04.266835460
31,5225.5,129,5225.75,12:30:04.266933130
30,5225.5,129,5225.75,12:30:04.266941098
23,5225.5,129,5225.75,12:30:04.266970497
24,5225.5,129,5225.75,12:30:04.307846607
23,5225.5,129,5225.75,12:30:04.309460978
22,5225.5,129,5225.75,12:30:04.317656039
29,5225.5,129,5225.75,12:30:04.404233710
36,5225.5,129,5225.75,12:30:04.404349939
50,5225.5,129,5225.75,12:30:04.404652934
50,5225.5,127,5225.75,12:30:04.404737166
51,5225.5,127,5225.75,12:30:04.404751752
50,5225.5,127,5225.75,12:30:04.414873722
50,5225.5,127,5225.75,12:30:04.574917288
50,5225.5,127,5225.75,12:30:04.574959008
49,5225.5,127,5225.75,12:30:04.590321932
35,5225.5,127,5225.75,12:30:04.600653509
35,5225.5,129,5225.75,12:30:04.600758052
35,5225.5,128,5225.75,12:30:04.623442714
35,5225.5,128,5225.75,12:30:04.623442714
28,5225.5,128,5225.75,12:30:04.631492559
28,5225.5,127,5225.75,12:30:04.826067954
29,5225.5,127,5225.75,12:30:04.826136371
29,5225.5,128,5225.75,12:30:04.826145363
28,5225.5,128,5225.75,12:30:04.826282886
28,5225.5,124,5225.75,12:30:05.004800351
35,5225.5,124,5225.75,12:30:05.004860730
36,5225.5,124,5225.75,12:30:05.004872317
36,5225.5,126,5225.75,12:30:05.004881050
36,5225.5,127,5225.75,12:30:05.004892106
36,5225.5,128,5225.75,12:30:05.004901351
39,5225.5,128,5225.75,12:30:05.004914219
53,5225.5,128,5225.75,12:30:05.004982969
54,5225.5,128,5225.75,12:30:05.004995408
53,5225.5,128,5225.75,12:30:05.005000444
54,5225.5,128,5225.75,12:30:05.005070011
54,5225.5,126,5225.75,12:30:05.005080388
55,5225.5,126,5225.75,12:30:05.005091742
56,5225.5,126,5225.75,12:30:05.005199111
55,5225.5,126,5225.75,12:30:05.015216490
55,5225.5,126,5225.75,12:30:05.017992124
55,5225.5,126,5225.75,12:30:05.018008070
57,5225.5,126,5225.75,12:30:05.100220407
58,5225.5,126,5225.75,12:30:05.100818013
61,5225.5,126,5225.75,12:30:05.100914437
61,5225.5,126,5225.75,12:30:05.101010221
61,5225.5,126,5225.75,12:30:05.101110860
61,5225.5,126,5225.75,12:30:05.101152577
61,5225.5,126,5225.75,12:30:05.101152577
62,5225.5,126,5225.75,12:30:05.101233404
62,5225.5,112,5225.75,12:30:05.101310807
64,5225.5,112,5225.75,12:30:05.101322631
65,5225.5,112,5225.75,12:30:05.101403426
65,5225.5,110,5225.75,12:30:05.101426460
66,5225.5,110,5225.75,12:30:05.101437647
70,5225.5,110,5225.75,12:30:05.101472151
70,5225.5,110,5225.75,12:30:05.101548818
73,5225.5,110,5225.75,12:30:05.101583676
76,5225.5,110,5225.75,12:30:05.101594438
78,5225.5,110,5225.75,12:30:05.101603517
78,5225.5,110,5225.75,12:30:05.101727391
78,5225.5,110,5225.75,12:30:05.101762121
78,5225.5,110,5225.75,12:30:05.102202575
78,5225.5,110,5225.75,12:30:05.102233472
76,5225.5,110,5225.75,12:30:05.118327044
77,5225.5,110,5225.75,12:30:05.118523624
78,5225.5,110,5225.75,12:30:05.118536990
78,5225.5,111,5225.75,12:30:05.172185450
80,5225.5,111,5225.75,12:30:05.207474123
80,5225.5,111,5225.75,12:30:05.207480568
80,5225.5,111,5225.75,12:30:05.207487297
81,5225.5,111,5225.75,12:30:05.207561545
82,5225.5,111,5225.75,12:30:05.207586406
83,5225.5,111,5225.75,12:30:05.207646654
83,5225.5,111,5225.75,12:30:05.221396931
83,5225.5,111,5225.75,12:30:05.263650710
83,5225.5,111,5225.75,12:30:05.263667222
83,5225.5,111,5225.75,12:30:05.437622601
80,5225.5,111,5225.75,12:30:05.469390621
79,5225.5,111,5225.75,12:30:05.469397011
78,5225.5,111,5225.75,12:30:05.469403632
74,5225.5,111,5225.75,12:30:05.469506025
73,5225.5,111,5225.75,12:30:05.469519267
72,5225.5,111,5225.75,12:30:05.469525372
70,5225.5,111,5225.75,12:30:05.469617403
72,5225.5,111,5225.75,12:30:05.469628498
74,5225.5,111,5225.75,12:30:05.469637922
75,5225.5,111,5225.75,12:30:05.469650220
73,5225.5,111,5225.75,12:30:05.469684223
71,5225.5,111,5225.75,12:30:05.469695760
70,5225.5,111,5225.75,12:30:05.469703411
67,5225.5,111,5225.75,12:30:05.469718599
65,5225.5,111,5225.75,12:30:05.469790219
64,5225.5,111,5225.75,12:30:05.469900476
66,5225.5,111,5225.75,12:30:05.475487809
68,5225.5,111,5225.75,12:30:05.475495953
69,5225.5,111,5225.75,12:30:05.475503848
67,5225.5,111,5225.75,12:30:05.478050621
65,5225.5,111,5225.75,12:30:05.478061649
64,5225.5,111,5225.75,12:30:05.478068635
66,5225.5,111,5225.75,12:30:05.478184875
68,5225.5,111,5225.75,12:30:05.478191886
71,5225.5,111,5225.75,12:30:05.478269699
72,5225.5,111,5225.75,12:30:05.478280941
72,5225.5,111,5225.75,12:30:05.491817377
70,5225.5,111,5225.75,12:30:05.510588555
68,5225.5,111,5225.75,12:30:05.510594757
67,5225.5,111,5225.75,12:30:05.510600866
64,5225.5,111,5225.75,12:30:05.510698426
66,5225.5,111,5225.75,12:30:05.510829248
68,5225.5,111,5225.75,12:30:05.510841940
69,5225.5,111,5225.75,12:30:05.510847552
67,5225.5,111,5225.75,12:30:05.564549848
65,5225.5,111,5225.75,12:30:05.564556002
64,5225.5,111,5225.75,12:30:05.564561397
64,5225.5,110,5225.75,12:30:05.687410385
66,5225.5,110,5225.75,12:30:05.698655598
68,5225.5,110,5225.75,12:30:05.698661787
69,5225.5,110,5225.75,12:30:05.698668251
67,5225.5,110,5225.75,12:30:05.708197617
65,5225.5,110,5225.75,12:30:05.708211202
64,5225.5,110,5225.75,12:30:05.708218738
63,5225.5,110,5225.75,12:30:05.759434545
63,5225.5,110,5225.75,12:30:05.759514738
63,5225.5,110,5225.75,12:30:05.759525673
63,5225.5,110,5225.75,12:30:05.759536454
63,5225.5,110,5225.75,12:30:05.759545616
63,5225.5,110,5225.75,12:30:05.759552467
63,5225.5,110,5225.75,12:30:05.759562733
63,5225.5,110,5225.75,12:30:05.759586288
63,5225.5,110,5225.75,12:30:05.759591159
63,5225.5,110,5225.75,12:30:05.759597300
60,5225.5,110,5225.75,12:30:05.759603121
59,5225.5,110,5225.75,12:30:05.759674780
58,5225.5,110,5225.75,12:30:05.759836837
58,5225.5,110,5225.75,12:30:05.759974738
58,5225.5,110,5225.75,12:30:05.759982181
58,5225.5,110,5225.75,12:30:05.759988735
58,5225.5,110,5225.75,12:30:05.760223888
58,5225.5,111,5225.75,12:30:05.761894831
58,5225.5,125,5225.75,12:30:05.762110144
44,5225.5,125,5225.75,12:30:05.762117450
43,5225.5,125,5225.75,12:30:05.762236172
36,5225.5,125,5225.75,12:30:05.762254793
33,5225.5,125,5225.75,12:30:05.762261849
26,5225.5,125,5225.75,12:30:05.762267587
26,5225.5,125,5225.75,12:30:05.762334747
26,5225.5,127,5225.75,12:30:05.762353615
25,5225.5,127,5225.75,12:30:05.762364002
25,5225.5,129,5225.75,12:30:05.762375445
24,5225.5,129,5225.75,12:30:05.762488337
22,5225.5,129,5225.75,12:30:05.807474131
21,5225.5,129,5225.75,12:30:05.807576881
21,5225.5,129,5225.75,12:30:05.871695156
21,5225.5,129,5225.75,12:30:05.871803098
21,5225.5,129,5225.75,12:30:05.872738909
21,5225.5,130,5225.75,12:30:06.002174734
21,5225.5,130,5225.75,12:30:06.007475660
21,5225.5,130,5225.75,12:30:06.021221287
21,5225.5,130,5225.75,12:30:06.021247947
22,5225.5,130,5225.75,12:30:06.048601196
22,5225.5,130,5225.75,12:30:06.103544035
22,5225.5,130,5225.75,12:30:06.103579002
22,5225.5,130,5225.75,12:30:06.103682434
18,5225.5,130,5225.75,12:30:06.134426437
15,5225.5,130,5225.75,12:30:06.134432821
13,5225.5,130,5225.75,12:30:06.134438283
13,5225.5,131,5225.75,12:30:06.134450789
108,5225.25,131,5225.75,12:30:06.134813206
108,5225.25,131,5225.75,12:30:06.134813206
108,5225.25,4,5225.5,12:30:06.134855844
108,5225.25,7,5225.5,12:30:06.134889563
108,5225.25,14,5225.5,12:30:06.134897141
108,5225.25,17,5225.5,12:30:06.134912181
108,5225.25,18,5225.5,12:30:06.134918408
108,5225.25,20,5225.5,12:30:06.134926399
108,5225.25,21,5225.5,12:30:06.134962630
108,5225.25,23,5225.5,12:30:06.134968393
108,5225.25,26,5225.5,12:30:06.135006298
108,5225.25,29,5225.5,12:30:06.135011693
108,5225.25,31,5225.5,12:30:06.135019085
108,5225.25,31,5225.5,12:30:06.135057240
108,5225.25,32,5225.5,12:30:06.135082875
108,5225.25,32,5225.5,12:30:06.135093685
108,5225.25,33,5225.5,12:30:06.135102908
108,5225.25,34,5225.5,12:30:06.135112790
108,5225.25,34,5225.5,12:30:06.135134419
108,5225.25,35,5225.5,12:30:06.135143616
108,5225.25,35,5225.5,12:30:06.135199063
108,5225.25,42,5225.5,12:30:06.135203854
108,5225.25,43,5225.5,12:30:06.135209781
108,5225.25,43,5225.5,12:30:06.135226814
107,5225.25,43,5225.5,12:30:06.135234485
107,5225.25,43,5225.5,12:30:06.135240808
107,5225.25,46,5225.5,12:30:06.135248655
107,5225.25,46,5225.5,12:30:06.135262054
107,5225.25,46,5225.5,12:30:06.135262054
107,5225.25,47,5225.5,12:30:06.135270070
107,5225.25,44,5225.5,12:30:06.135274767
107,5225.25,41,5225.5,12:30:06.135285113
107,5225.25,39,5225.5,12:30:06.135293817
107,5225.25,39,5225.5,12:30:06.135309040
107,5225.25,39,5225.5,12:30:06.135315168
107,5225.25,39,5225.5,12:30:06.135329709
105,5225.25,39,5225.5,12:30:06.135334333
103,5225.25,39,5225.5,12:30:06.135344337
103,5225.25,40,5225.5,12:30:06.135362612
103,5225.25,42,5225.5,12:30:06.135370808
103,5225.25,40,5225.5,12:30:06.135387563
100,5225.25,40,5225.5,12:30:06.135424998
100,5225.25,40,5225.5,12:30:06.135424998
100,5225.25,40,5225.5,12:30:06.135432403
100,5225.25,40,5225.5,12:30:06.135432403
99,5225.25,40,5225.5,12:30:06.135460585
99,5225.25,41,5225.5,12:30:06.135485968
98,5225.25,41,5225.5,12:30:06.135494612
98,5225.25,41,5225.5,12:30:06.135494612
98,5225.25,41,5225.5,12:30:06.135503646
97,5225.25,41,5225.5,12:30:06.135535452
97,5225.25,41,5225.5,12:30:06.135535452
97,5225.25,44,5225.5,12:30:06.135547835
97,5225.25,47,5225.5,12:30:06.135561442
97,5225.25,50,5225.5,12:30:06.135573740
97,5225.25,52,5225.5,12:30:06.135580937
96,5225.25,52,5225.5,12:30:06.135587011
96,5225.25,52,5225.5,12:30:06.135587011
96,5225.25,53,5225.5,12:30:06.135593516
96,5225.25,53,5225.5,12:30:06.135674174
96,5225.25,54,5225.5,12:30:06.135689461
95,5225.25,54,5225.5,12:30:06.135697512
95,5225.25,54,5225.5,12:30:06.135697512
95,5225.25,56,5225.5,12:30:06.135782851
95,5225.25,57,5225.5,12:30:06.135789066
95,5225.25,58,5225.5,12:30:06.135893653
95,5225.25,57,5225.5,12:30:06.135937584
95,5225.25,55,5225.5,12:30:06.136045173
95,5225.25,54,5225.5,12:30:06.136237881
95,5225.25,53,5225.5,12:30:06.136322049
95,5225.25,55,5225.5,12:30:06.136950283
95,5225.25,56,5225.5,12:30:06.136958094
95,5225.25,57,5225.5,12:30:06.136982719
95,5225.25,59,5225.5,12:30:06.137036086
95,5225.25,60,5225.5,12:30:06.137215194
95,5225.25,61,5225.5,12:30:06.137314975
91,5225.25,61,5225.5,12:30:06.137787426
90,5225.25,61,5225.5,12:30:06.137798466
89,5225.25,61,5225.5,12:30:06.137804342
89,5225.25,63,5225.5,12:30:06.137838781
87,5225.25,63,5225.5,12:30:06.137906286
84,5225.25,63,5225.5,12:30:06.137946777
83,5225.25,63,5225.5,12:30:06.137954882
80,5225.25,63,5225.5,12:30:06.137991565
80,5225.25,64,5225.5,12:30:06.138001690
80,5225.25,65,5225.5,12:30:06.138008775
80,5225.25,66,5225.5,12:30:06.138128630
80,5225.25,71,5225.5,12:30:06.138247365
80,5225.25,72,5225.5,12:30:06.138255791
80,5225.25,73,5225.5,12:30:06.138375147
80,5225.25,74,5225.5,12:30:06.138459942
80,5225.25,79,5225.5,12:30:06.138479008
80,5225.25,79,5225.5,12:30:06.138566629
78,5225.25,79,5225.5,12:30:06.138575362
78,5225.25,80,5225.5,12:30:06.138581480
77,5225.25,80,5225.5,12:30:06.138587797
77,5225.25,81,5225.5,12:30:06.138660100
76,5225.25,81,5225.5,12:30:06.138919676
76,5225.25,95,5225.5,12:30:06.139258115
76,5225.25,96,5225.5,12:30:06.139561449
75,5225.25,96,5225.5,12:30:06.139820235
75,5225.25,96,5225.5,12:30:06.145195655
75,5225.25,96,5225.5,12:30:06.145238783
75,5225.25,96,5225.5,12:30:06.145257516
75,5225.25,96,5225.5,12:30:06.145263811
75,5225.25,96,5225.5,12:30:06.145263811
75,5225.25,96,5225.5,12:30:06.145274828
75,5225.25,96,5225.5,12:30:06.145351172
75,5225.25,96,5225.5,12:30:06.145600329
75,5225.25,96,5225.5,12:30:06.145600329
75,5225.25,96,5225.5,12:30:06.145971626
75,5225.25,96,5225.5,12:30:06.145982036
75,5225.25,96,5225.5,12:30:06.145992116
75,5225.25,96,5225.5,12:30:06.146386620
61,5225.25,96,5225.5,12:30:06.146604493
60,5225.25,96,5225.5,12:30:06.146718902
59,5225.25,96,5225.5,12:30:06.146817579
58,5225.25,96,5225.5,12:30:06.146917373
57,5225.25,96,5225.5,12:30:06.146938641
49,5225.25,96,5225.5,12:30:06.147448696
47,5225.25,96,5225.5,12:30:06.147551293
46,5225.25,96,5225.5,12:30:06.147659091
46,5225.25,98,5225.5,12:30:06.147717012
39,5225.25,98,5225.5,12:30:06.147769000
39,5225.25,99,5225.5,12:30:06.147805458
39,5225.25,101,5225.5,12:30:06.147871133
38,5225.25,101,5225.5,12:30:06.148123800
37,5225.25,101,5225.5,12:30:06.148130098
34,5225.25,101,5225.5,12:30:06.148208388
31,5225.25,101,5225.5,12:30:06.148219979
28,5225.25,101,5225.5,12:30:06.148226280
28,5225.25,101,5225.5,12:30:06.148317337
27,5225.25,101,5225.5,12:30:06.148324070
26,5225.25,101,5225.5,12:30:06.148341328
25,5225.25,101,5225.5,12:30:06.148347239
24,5225.25,101,5225.5,12:30:06.148362026
23,5225.25,101,5225.5,12:30:06.148368474
22,5225.25,101,5225.5,12:30:06.148373630
21,5225.25,101,5225.5,12:30:06.148453830
20,5225.25,101,5225.5,12:30:06.148520286
19,5225.25,101,5225.5,12:30:06.148556616
18,5225.25,101,5225.5,12:30:06.148562318
17,5225.25,101,5225.5,12:30:06.148643395
17,5225.25,101,5225.5,12:30:06.148667863
16,5225.25,101,5225.5,12:30:06.148729048
16,5225.25,101,5225.5,12:30:06.148744790
16,5225.25,101,5225.5,12:30:06.148744790
15,5225.25,101,5225.5,12:30:06.148753983
15,5225.25,101,5225.5,12:30:06.148862948
15,5225.25,101,5225.5,12:30:06.148894795
5,5225.25,101,5225.5,12:30:06.149948177
5,5225.25,101,5225.5,12:30:06.149948177
5,5225.25,101,5225.5,12:30:06.149948177
169,5225.0,101,5225.5,12:30:06.149948177
169,5225.0,101,5225.5,12:30:06.149948177
169,5225.0,7,5225.25,12:30:06.149948177
169,5225.0,11,5225.25,12:30:06.149948177
169,5225.0,13,5225.25,12:30:06.149948177
169,5225.0,17,5225.25,12:30:06.149954328
169,5225.0,20,5225.25,12:30:06.149954328
169,5225.0,23,5225.25,12:30:06.149954328
169,5225.0,25,5225.25,12:30:06.149954328
169,5225.0,25,5225.25,12:30:06.149964161
169,5225.0,25,5225.25,12:30:06.149973295
169,5225.0,33,5225.25,12:30:06.149973295
169,5225.0,34,5225.25,12:30:06.149982011
169,5225.0,36,5225.25,12:30:06.149994792
169,5225.0,36,5225.25,12:30:06.150012073
169,5225.0,36,5225.25,12:30:06.150012073
169,5225.0,36,5225.25,12:30:06.150021792
169,5225.0,36,5225.25,12:30:06.150021792
169,5225.0,37,5225.25,12:30:06.150021792
169,5225.0,40,5225.25,12:30:06.150021792
169,5225.0,42,5225.25,12:30:06.150025394
169,5225.0,43,5225.25,12:30:06.150032201
169,5225.0,44,5225.25,12:30:06.150042639
169,5225.0,45,5225.25,12:30:06.150047664
169,5225.0,45,5225.25,12:30:06.150054499
169,5225.0,48,5225.25,12:30:06.150065888
169,5225.0,49,5225.25,12:30:06.150105841
170,5225.0,49,5225.25,12:30:06.150119441
170,5225.0,49,5225.25,12:30:06.150124862
169,5225.0,49,5225.25,12:30:06.150135211
169,5225.0,50,5225.25,12:30:06.150142840
169,5225.0,50,5225.25,12:30:06.150159365
168,5225.0,50,5225.25,12:30:06.150187836
168,5225.0,50,5225.25,12:30:06.150195260
168,5225.0,50,5225.25,12:30:06.150201149
168,5225.0,50,5225.25,12:30:06.150201149
168,5225.0,50,5225.25,12:30:06.150214345
168,5225.0,47,5225.25,12:30:06.150219107
168,5225.0,44,5225.25,12:30:06.150225226
168,5225.0,42,5225.25,12:30:06.150232720
168,5225.0,42,5225.25,12:30:06.150252064
169,5225.0,42,5225.25,12:30:06.150261937
169,5225.0,43,5225.25,12:30:06.150277390
169,5225.0,45,5225.25,12:30:06.150341711
169,5225.0,43,5225.25,12:30:06.150420899
169,5225.0,44,5225.25,12:30:06.150467006
169,5225.0,43,5225.25,12:30:06.150487800
169,5225.0,40,5225.25,12:30:06.150498149
169,5225.0,37,5225.25,12:30:06.150635778
169,5225.0,37,5225.25,12:30:06.150714701
169,5225.0,36,5225.25,12:30:06.150738865
169,5225.0,34,5225.25,12:30:06.150840521
169,5225.0,34,5225.25,12:30:06.151113400
169,5225.0,34,5225.25,12:30:06.152799927
169,5225.0,34,5225.25,12:30:06.156879878
169,5225.0,34,5225.25,12:30:06.158112069
169,5225.0,36,5225.25,12:30:06.158455760
169,5225.0,43,5225.25,12:30:06.158983703
169,5225.0,46,5225.25,12:30:06.159076396
169,5225.0,49,5225.25,12:30:06.159083692
169,5225.0,51,5225.25,12:30:06.159090249
169,5225.0,52,5225.25,12:30:06.159197800
169,5225.0,53,5225.25,12:30:06.159203394
169,5225.0,55,5225.25,12:30:06.159358261
169,5225.0,55,5225.25,12:30:06.159377298
169,5225.0,55,5225.25,12:30:06.159377298
169,5225.0,55,5225.25,12:30:06.159873839
169,5225.0,55,5225.25,12:30:06.160758680
169,5225.0,53,5225.25,12:30:06.161185063
169,5225.0,50,5225.25,12:30:06.161272267
169,5225.0,48,5225.25,12:30:06.161282175
169,5225.0,45,5225.25,12:30:06.161288649
169,5225.0,44,5225.25,12:30:06.161403694
169,5225.0,44,5225.25,12:30:06.161561659
169,5225.0,44,5225.25,12:30:06.161758581
169,5225.0,44,5225.25,12:30:06.161767730
169,5225.0,44,5225.25,12:30:06.164102370
169,5225.0,44,5225.25,12:30:06.164102370
169,5225.0,37,5225.25,12:30:06.165974577
169,5225.0,36,5225.25,12:30:06.166069820
169,5225.0,34,5225.25,12:30:06.166076124
169,5225.0,33,5225.25,12:30:06.166171176
169,5225.0,33,5225.25,12:30:06.167416753
169,5225.0,40,5225.25,12:30:06.167480594
169,5225.0,43,5225.25,12:30:06.169802644
169,5225.0,46,5225.25,12:30:06.169808776
169,5225.0,48,5225.25,12:30:06.169817115
169,5225.0,50,5225.25,12:30:06.169908784
169,5225.0,51,5225.25,12:30:06.169916122
169,5225.0,52,5225.25,12:30:06.169996930
169,5225.0,50,5225.25,12:30:06.171282837
169,5225.0,49,5225.25,12:30:06.177089060
169,5225.0,47,5225.25,12:30:06.177306709
169,5225.0,44,5225.25,12:30:06.177312620
169,5225.0,41,5225.25,12:30:06.177317650
169,5225.0,40,5225.25,12:30:06.177419249
169,5225.0,39,5225.25,12:30:06.177426776
169,5225.0,42,5225.25,12:30:06.200992534
169,5225.0,45,5225.25,12:30:06.200998940
169,5225.0,47,5225.25,12:30:06.201006912
169,5225.0,47,5225.25,12:30:06.201080155
169,5225.0,47,5225.25,12:30:06.201104504
169,5225.0,49,5225.25,12:30:06.201130156
169,5225.0,50,5225.25,12:30:06.201226785
169,5225.0,51,5225.25,12:30:06.201315868
169,5225.0,49,5225.25,12:30:06.201324832
169,5225.0,47,5225.25,12:30:06.202879532
169,5225.0,44,5225.25,12:30:06.202888387
169,5225.0,41,5225.25,12:30:06.202904147
169,5225.0,40,5225.25,12:30:06.202988901
169,5225.0,39,5225.25,12:30:06.203001438
169,5225.0,39,5225.25,12:30:06.217472143
169,5225.0,39,5225.25,12:30:06.231293625
169,5225.0,39,5225.25,12:30:06.231315635
169,5225.0,39,5225.25,12:30:06.237364112
169,5225.0,39,5225.25,12:30:06.237364112
169,5225.0,39,5225.25,12:30:06.237492203
169,5225.0,39,5225.25,12:30:06.237590372
169,5225.0,40,5225.25,12:30:06.237699120
169,5225.0,40,5225.25,12:30:06.248701198
169,5225.0,33,5225.25,12:30:06.368310096
169,5225.0,40,5225.25,12:30:06.368932391
169,5225.0,32,5225.25,12:30:06.369021957
169,5225.0,32,5225.25,12:30:06.381511367
169,5225.0,32,5225.25,12:30:06.381611955
169,5225.0,25,5225.25,12:30:06.431820356
169,5225.0,24,5225.25,12:30:06.432028588
169,5225.0,24,5225.25,12:30:06.432028588
169,5225.0,18,5225.25,12:30:06.432080434
169,5225.0,14,5225.25,12:30:06.432093811
169,5225.0,12,5225.25,12:30:06.432099120
169,5225.0,8,5225.25,12:30:06.432104608
169,5225.0,6,5225.25,12:30:06.432129632
169,5225.0,5,5225.25,12:30:06.432237983
169,5225.0,4,5225.25,12:30:06.432237983
169,5225.0,3,5225.25,12:30:06.432335362
169,5225.0,2,5225.25,12:30:06.432335362
169,5225.0,1,5225.25,12:30:06.432429757
169,5225.0,1,5225.25,12:30:06.432429757
169,5225.0,1,5225.25,12:30:06.432429757
169,5225.0,1,5225.25,12:30:06.432429757
169,5225.0,1,5225.25,12:30:06.432429757
169,5225.0,1,5225.25,12:30:06.432429757
169,5225.0,111,5225.5,12:30:06.432508351
169,5225.0,111,5225.5,12:30:06.432508351
1,5225.25,111,5225.5,12:30:06.432516959
169,5225.0,111,5225.5,12:30:06.432630984
169,5225.0,111,5225.5,12:30:06.432630984
169,5225.0,111,5225.5,12:30:06.432639627
1,5225.25,111,5225.5,12:30:06.432639627
169,5225.0,111,5225.5,12:30:06.432689868
169,5225.0,6,5225.25,12:30:06.432689868
169,5225.0,6,5225.25,12:30:06.432689868
169,5225.0,6,5225.25,12:30:06.432693800
169,5225.0,7,5225.25,12:30:06.432736678
169,5225.0,8,5225.25,12:30:06.432745853
169,5225.0,2,5225.25,12:30:06.432800852
169,5225.0,3,5225.25,12:30:06.432810027
169,5225.0,4,5225.25,12:30:06.432815077
169,5225.0,5,5225.25,12:30:06.432823464
169,5225.0,5,5225.25,12:30:06.432843362
169,5225.0,4,5225.25,12:30:06.432861554
169,5225.0,4,5225.25,12:30:06.432867724
169,5225.0,5,5225.25,12:30:06.432883241
169,5225.0,6,5225.25,12:30:06.432893139
176,5225.0,6,5225.25,12:30:06.432909699
176,5225.0,7,5225.25,12:30:06.432916570
176,5225.0,6,5225.25,12:30:06.432922260
176,5225.0,7,5225.25,12:30:06.432927223
176,5225.0,14,5225.25,12:30:06.432939828
169,5225.0,14,5225.25,12:30:06.432948033
169,5225.0,17,5225.25,12:30:06.432961006
169,5225.0,19,5225.25,12:30:06.432965761
169,5225.0,22,5225.25,12:30:06.432977982
169,5225.0,22,5225.25,12:30:06.432985742
169,5225.0,22,5225.25,12:30:06.433011535
169,5225.0,19,5225.25,12:30:06.433018447
169,5225.0,17,5225.25,12:30:06.433024857
169,5225.0,14,5225.25,12:30:06.433033270
169,5225.0,13,5225.25,12:30:06.433039350
166,5225.0,13,5225.25,12:30:06.433044045
166,5225.0,13,5225.25,12:30:06.433044045
166,5225.0,15,5225.25,12:30:06.433070048
166,5225.0,18,5225.25,12:30:06.433080637
166,5225.0,20,5225.25,12:30:06.433089127
166,5225.0,20,5225.25,12:30:06.433106218
166,5225.0,21,5225.25,12:30:06.433113754
165,5225.0,21,5225.25,12:30:06.433132075
165,5225.0,21,5225.25,12:30:06.433132075
165,5225.0,22,5225.25,12:30:06.433169455
164,5225.0,22,5225.25,12:30:06.433191155
164,5225.0,22,5225.25,12:30:06.433191155
164,5225.0,24,5225.25,12:30:06.433225728
164,5225.0,25,5225.25,12:30:06.433239725
164,5225.0,27,5225.25,12:30:06.433271998
164,5225.0,29,5225.25,12:30:06.433277143
164,5225.0,30,5225.25,12:30:06.433285400
163,5225.0,30,5225.25,12:30:06.433289602
163,5225.0,30,5225.25,12:30:06.433289602
163,5225.0,31,5225.25,12:30:06.433296661
162,5225.0,31,5225.25,12:30:06.433313947
162,5225.0,31,5225.25,12:30:06.433313947
162,5225.0,38,5225.25,12:30:06.433323060
162,5225.0,37,5225.25,12:30:06.433449941
162,5225.0,38,5225.25,12:30:06.433449941
162,5225.0,40,5225.25,12:30:06.433449941
162,5225.0,33,5225.25,12:30:06.433497877
162,5225.0,31,5225.25,12:30:06.433521590
162,5225.0,29,5225.25,12:30:06.433529779
162,5225.0,26,5225.25,12:30:06.433544179
162,5225.0,24,5225.25,12:30:06.433550176
162,5225.0,22,5225.25,12:30:06.433555443
162,5225.0,21,5225.25,12:30:06.433561245
162,5225.0,19,5225.25,12:30:06.433567706
162,5225.0,17,5225.25,12:30:06.433576292
162,5225.0,16,5225.25,12:30:06.433582865
162,5225.0,19,5225.25,12:30:06.433588382
162,5225.0,18,5225.25,12:30:06.433652252
162,5225.0,17,5225.25,12:30:06.433687222
162,5225.0,14,5225.25,12:30:06.433761985
162,5225.0,7,5225.25,12:30:06.433915479
162,5225.0,7,5225.25,12:30:06.435440250
162,5225.0,7,5225.25,12:30:06.435485831
162,5225.0,7,5225.25,12:30:06.435584995
162,5225.0,14,5225.25,12:30:06.435680314
162,5225.0,16,5225.25,12:30:06.436973039
162,5225.0,19,5225.25,12:30:06.436980508
162,5225.0,21,5225.25,12:30:06.436988220
162,5225.0,18,5225.25,12:30:06.437292098
162,5225.0,19,5225.25,12:30:06.437640207
162,5225.0,19,5225.25,12:30:06.440163737
162,5225.0,17,5225.25,12:30:06.440292667
162,5225.0,15,5225.25,12:30:06.440302562
162,5225.0,8,5225.25,12:30:06.440395860
162,5225.0,5,5225.25,12:30:06.440973283
162,5225.0,4,5225.25,12:30:06.441199317
162,5225.0,116,5225.5,12:30:06.441210248
162,5225.0,116,5225.5,12:30:06.441210248
1,5225.25,116,5225.5,12:30:06.441210248
6,5225.25,116,5225.5,12:30:06.441210248
7,5225.25,116,5225.5,12:30:06.441215310
7,5225.25,116,5225.5,12:30:06.441243966
8,5225.25,116,5225.5,12:30:06.441339398
9,5225.25,116,5225.5,12:30:06.441365657
9,5225.25,116,5225.5,12:30:06.441402142
9,5225.25,116,5225.5,12:30:06.441402142
10,5225.25,116,5225.5,12:30:06.441459379
10,5225.25,116,5225.5,12:30:06.441509348
10,5225.25,116,5225.5,12:30:06.441509348
10,5225.25,114,5225.5,12:30:06.441522007
10,5225.25,114,5225.5,12:30:06.441559890
17,5225.25,114,5225.5,12:30:06.441566207
17,5225.25,114,5225.5,12:30:06.441627450
17,5225.25,114,5225.5,12:30:06.441627450
20,5225.25,114,5225.5,12:30:06.441654570
21,5225.25,114,5225.5,12:30:06.441671255
25,5225.25,114,5225.5,12:30:06.441676465
27,5225.25,114,5225.5,12:30:06.441683348
27,5225.25,114,5225.5,12:30:06.441688392
27,5225.25,114,5225.5,12:30:06.441688392
27,5225.25,114,5225.5,12:30:06.441716991
27,5225.25,114,5225.5,12:30:06.441716991
27,5225.25,114,5225.5,12:30:06.441792541
27,5225.25,114,5225.5,12:30:06.441792541
27,5225.25,114,5225.5,12:30:06.441801927
27,5225.25,114,5225.5,12:30:06.441801927
27,5225.25,114,5225.5,12:30:06.441921187
27,5225.25,114,5225.5,12:30:06.441921187
27,5225.25,114,5225.5,12:30:06.442203496
27,5225.25,114,5225.5,12:30:06.442245110
27,5225.25,114,5225.5,12:30:06.442254864
27,5225.25,114,5225.5,12:30:06.442266653
27,5225.25,114,5225.5,12:30:06.443762827
28,5225.25,114,5225.5,12:30:06.443873405
28,5225.25,114,5225.5,12:30:06.449431007
27,5225.25,114,5225.5,12:30:06.449544812
27,5225.25,114,5225.5,12:30:06.450260939
27,5225.25,114,5225.5,12:30:06.450384579
28,5225.25,114,5225.5,12:30:06.477537917
28,5225.25,114,5225.5,12:30:06.486826680
28,5225.25,114,5225.5,12:30:06.486942340
28,5225.25,114,5225.5,12:30:06.487432174
28,5225.25,114,5225.5,12:30:06.497693360
27,5225.25,114,5225.5,12:30:06.505666653
27,5225.25,115,5225.5,12:30:06.505736255
22,5225.25,115,5225.5,12:30:06.505748524
23,5225.25,115,5225.5,12:30:06.565310431
24,5225.25,115,5225.5,12:30:06.565414052
23,5225.25,115,5225.5,12:30:06.583447907
23,5225.25,115,5225.5,12:30:06.622963698
23,5225.25,115,5225.5,12:30:06.622990457
23,5225.25,115,5225.5,12:30:06.623093102
23,5225.25,115,5225.5,12:30:06.631532671
23,5225.25,115,5225.5,12:30:06.665921504
24,5225.25,115,5225.5,12:30:06.677398376
24,5225.25,115,5225.5,12:30:06.943692196
24,5225.25,115,5225.5,12:30:06.943692196
24,5225.25,115,5225.5,12:30:06.943701076
24,5225.25,115,5225.5,12:30:06.943701076
23,5225.25,115,5225.5,12:30:06.943792210
23,5225.25,115,5225.5,12:30:06.943823180
23,5225.25,115,5225.5,12:30:06.943837504
23,5225.25,115,5225.5,12:30:06.943843568
23,5225.25,115,5225.5,12:30:06.971506852
16,5225.25,115,5225.5,12:30:07.012466384
12,5225.25,115,5225.5,12:30:07.012475290
10,5225.25,115,5225.5,12:30:07.012481117
7,5225.25,115,5225.5,12:30:07.012486208
6,5225.25,115,5225.5,12:30:07.012596873
5,5225.25,115,5225.5,12:30:07.012605101
4,5225.25,115,5225.5,12:30:07.012858094
4,5225.25,115,5225.5,12:30:07.012924448
3,5225.25,115,5225.5,12:30:07.012959031
2,5225.25,115,5225.5,12:30:07.013057609
2,5225.25,115,5225.5,12:30:07.013285211
2,5225.25,115,5225.5,12:30:07.013285211
176,5225.0,115,5225.5,12:30:07.013506204
176,5225.0,115,5225.5,12:30:07.013506204
176,5225.0,116,5225.5,12:30:07.013621479
169,5225.0,116,5225.5,12:30:07.013771994
166,5225.0,116,5225.5,12:30:07.014027097
166,5225.0,116,5225.5,12:30:07.014027097
165,5225.0,116,5225.5,12:30:07.014078564
165,5225.0,116,5225.5,12:30:07.014078564
164,5225.0,116,5225.5,12:30:07.014176089
164,5225.0,116,5225.5,12:30:07.014176089
163,5225.0,116,5225.5,12:30:07.014240865
163,5225.0,116,5225.5,12:30:07.014240865
162,5225.0,116,5225.5,12:30:07.014260149
162,5225.0,116,5225.5,12:30:07.014260149
162,5225.0,7,5225.25,12:30:07.023484369
162,5225.0,14,5225.25,12:30:07.023572941
162,5225.0,23,5225.25,12:30:07.023584486
162,5225.0,24,5225.25,12:30:07.023595908
162,5225.0,31,5225.25,12:30:07.023605773
162,5225.0,24,5225.25,12:30:07.023618612
162,5225.0,17,5225.25,12:30:07.023623578
162,5225.0,18,5225.25,12:30:07.023658514
162,5225.0,19,5225.25,12:30:07.023685036
162,5225.0,19,5225.25,12:30:07.023695215
162,5225.0,20,5225.25,12:30:07.023705116
162,5225.0,11,5225.25,12:30:07.026192251
162,5225.0,10,5225.25,12:30:07.033826389
162,5225.0,3,5225.25,12:30:07.063630135
162,5225.0,118,5225.5,12:30:07.063897453
162,5225.0,118,5225.5,12:30:07.063897453
1,5225.25,118,5225.5,12:30:07.063962458
2,5225.25,118,5225.5,12:30:07.063992171
7,5225.25,118,5225.5,12:30:07.063996568
9,5225.25,118,5225.5,12:30:07.064033909
16,5225.25,118,5225.5,12:30:07.064055424
25,5225.25,118,5225.5,12:30:07.064060224
26,5225.25,118,5225.5,12:30:07.064065753
26,5225.25,117,5225.5,12:30:07.064080621
27,5225.25,117,5225.5,12:30:07.064149099
28,5225.25,117,5225.5,12:30:07.064157490
29,5225.25,117,5225.5,12:30:07.064169435
30,5225.25,117,5225.5,12:30:07.064178872
31,5225.25,117,5225.5,12:30:07.064189861
31,5225.25,115,5225.5,12:30:07.064213715
31,5225.25,115,5225.5,12:30:07.065139721
32,5225.25,115,5225.5,12:30:07.066691271
33,5225.25,115,5225.5,12:30:07.066784512
40,5225.25,115,5225.5,12:30:07.066892399
42,5225.25,115,5225.5,12:30:07.066900380
43,5225.25,115,5225.5,12:30:07.066986916
43,5225.25,112,5225.5,12:30:07.067325985
43,5225.25,110,5225.5,12:30:07.067422973
43,5225.25,110,5225.5,12:30:07.067437149
43,5225.25,110,5225.5,12:30:07.075203098
42,5225.25,110,5225.5,12:30:07.075209248
41,5225.25,110,5225.5,12:30:07.075428993
40,5225.25,110,5225.5,12:30:07.077098870
40,5225.25,110,5225.5,12:30:07.123132710
40,5225.25,110,5225.5,12:30:07.128513036
40,5225.25,110,5225.5,12:30:07.128536608
40,5225.25,110,5225.5,12:30:07.128620849
40,5225.25,109,5225.5,12:30:07.145916567
41,5225.25,109,5225.5,12:30:07.145985263
42,5225.25,109,5225.5,12:30:07.145994418
40,5225.25,109,5225.5,12:30:07.146007756
40,5225.25,109,5225.5,12:30:07.146113915
40,5225.25,109,5225.5,12:30:07.146400472
40,5225.25,109,5225.5,12:30:07.146400472
40,5225.25,109,5225.5,12:30:07.146469142
40,5225.25,109,5225.5,12:30:07.146469142
40,5225.25,109,5225.5,12:30:07.146564955
40,5225.25,109,5225.5,12:30:07.146564955
40,5225.25,109,5225.5,12:30:07.146616290
40,5225.25,109,5225.5,12:30:07.146616290
40,5225.25,109,5225.5,12:30:07.146725553
40,5225.25,109,5225.5,12:30:07.146725553
40,5225.25,109,5225.5,12:30:07.152241891
40,5225.25,109,5225.5,12:30:07.152266542
40,5225.25,109,5225.5,12:30:07.152377587
39,5225.25,109,5225.5,12:30:07.171279837
38,5225.25,109,5225.5,12:30:07.171286224
38,5225.25,109,5225.5,12:30:07.189562253
38,5225.25,109,5225.5,12:30:07.189562253
41,5225.25,109,5225.5,12:30:07.213217843
44,5225.25,109,5225.5,12:30:07.213223968
45,5225.25,109,5225.5,12:30:07.213228826
42,5225.25,109,5225.5,12:30:07.218684785
39,5225.25,109,5225.5,12:30:07.218696437
38,5225.25,109,5225.5,12:30:07.218701182
31,5225.25,109,5225.5,12:30:07.269632717
31,5225.25,111,5225.5,12:30:07.269731682
31,5225.25,111,5225.5,12:30:07.269767532
31,5225.25,111,5225.5,12:30:07.269818375
30,5225.25,111,5225.5,12:30:07.269842459
29,5225.25,111,5225.5,12:30:07.269996526
29,5225.25,111,5225.5,12:30:07.270594058
22,5225.25,111,5225.5,12:30:07.274091729
13,5225.25,111,5225.5,12:30:07.274098660
12,5225.25,111,5225.5,12:30:07.274205513
7,5225.25,111,5225.5,12:30:07.274212995
6,5225.25,111,5225.5,12:30:07.274300718
6,5225.25,111,5225.5,12:30:07.274307067
6,5225.25,111,5225.5,12:30:07.274358128
6,5225.25,111,5225.5,12:30:07.274358128
3,5225.25,111,5225.5,12:30:07.275197335
1,5225.25,111,5225.5,12:30:07.275381188
1,5225.25,112,5225.5,12:30:07.275381188
169,5225.0,112,5225.5,12:30:07.275381188
169,5225.0,112,5225.5,12:30:07.275381188
169,5225.0,9,5225.25,12:30:07.275488061
168,5225.0,9,5225.25,12:30:07.275495629
168,5225.0,9,5225.25,12:30:07.275506887
168,5225.0,10,5225.25,12:30:07.275587781
168,5225.0,10,5225.25,12:30:07.275764006
168,5225.0,10,5225.25,12:30:07.275800749
168,5225.0,10,5225.25,12:30:07.275822215
168,5225.0,10,5225.25,12:30:07.275927190
168,5225.0,1,5225.25,12:30:07.278703495
168,5225.0,2,5225.25,12:30:07.278811424
168,5225.0,1,5225.25,12:30:07.278934425
168,5225.0,8,5225.25,12:30:07.278934425
168,5225.0,8,5225.25,12:30:07.279003953
168,5225.0,7,5225.25,12:30:07.279184529
168,5225.0,6,5225.25,12:30:07.279184529
168,5225.0,115,5225.5,12:30:07.279184529
168,5225.0,115,5225.5,12:30:07.279184529
168,5225.0,1,5225.25,12:30:07.279187889
168,5225.0,115,5225.5,12:30:07.279408354
168,5225.0,115,5225.5,12:30:07.279408354
1,5225.25,115,5225.5,12:30:07.279408354
6,5225.25,115,5225.5,12:30:07.279408354
7,5225.25,115,5225.5,12:30:07.279408354
8,5225.25,115,5225.5,12:30:07.279418223
15,5225.25,115,5225.5,12:30:07.279425420
16,5225.25,115,5225.5,12:30:07.279436147
17,5225.25,115,5225.5,12:30:07.279470672
18,5225.25,115,5225.5,12:30:07.279475556
20,5225.25,115,5225.5,12:30:07.279490327
23,5225.25,115,5225.5,12:30:07.279506081
26,5225.25,115,5225.5,12:30:07.279523140
28,5225.25,115,5225.5,12:30:07.279534053
30,5225.25,115,5225.5,12:30:07.279546539
31,5225.25,115,5225.5,12:30:07.279551458
34,5225.25,115,5225.5,12:30:07.279558546
34,5225.25,114,5225.5,12:30:07.279564127
35,5225.25,114,5225.5,12:30:07.279598019
36,5225.25,114,5225.5,12:30:07.279604313
33,5225.25,114,5225.5,12:30:07.279611597
31,5225.25,114,5225.5,12:30:07.279617046
30,5225.25,114,5225.5,12:30:07.279628423
30,5225.25,114,5225.5,12:30:07.279715446
30,5225.25,114,5225.5,12:30:07.279715446
31,5225.25,114,5225.5,12:30:07.279720140
31,5225.25,114,5225.5,12:30:07.279738377
31,5225.25,114,5225.5,12:30:07.279738377
32,5225.25,114,5225.5,12:30:07.279751942
32,5225.25,114,5225.5,12:30:07.279853541
32,5225.25,114,5225.5,12:30:07.279853541
30,5225.25,114,5225.5,12:30:07.279860901
30,5225.25,114,5225.5,12:30:07.279901372
30,5225.25,114,5225.5,12:30:07.279901372
30,5225.25,114,5225.5,12:30:07.279927661
30,5225.25,114,5225.5,12:30:07.279927661
30,5225.25,112,5225.5,12:30:07.279951479
29,5225.25,112,5225.5,12:30:07.279962961
28,5225.25,112,5225.5,12:30:07.279967879
29,5225.25,112,5225.5,12:30:07.280168968
32,5225.25,112,5225.5,12:30:07.280180610
34,5225.25,112,5225.5,12:30:07.280187068
35,5225.25,112,5225.5,12:30:07.280191976
36,5225.25,112,5225.5,12:30:07.280297614
33,5225.25,112,5225.5,12:30:07.280305723
31,5225.25,112,5225.5,12:30:07.280375657
30,5225.25,112,5225.5,12:30:07.280383555
29,5225.25,112,5225.5,12:30:07.280469534
28,5225.25,112,5225.5,12:30:07.280479832
28,5225.25,112,5225.5,12:30:07.285460620
35,5225.25,112,5225.5,12:30:07.289015476
36,5225.25,112,5225.5,12:30:07.289122979
36,5225.25,112,5225.5,12:30:07.295195117
36,5225.25,112,5225.5,12:30:07.295202906
36,5225.25,112,5225.5,12:30:07.420234286
36,5225.25,112,5225.5,12:30:07.426189500
36,5225.25,112,5225.5,12:30:07.426205289
36,5225.25,112,5225.5,12:30:07.443442712
36,5225.25,112,5225.5,12:30:07.443469999
36,5225.25,112,5225.5,12:30:07.443570088
36,5225.25,112,5225.5,12:30:07.444424386
37,5225.25,112,5225.5,12:30:07.450325526
39,5225.25,112,5225.5,12:30:07.450334829
40,5225.25,112,5225.5,12:30:07.450441672
41,5225.25,112,5225.5,12:30:07.450541361
40,5225.25,112,5225.5,12:30:07.450578280
39,5225.25,112,5225.5,12:30:07.460652441
37,5225.25,112,5225.5,12:30:07.460751511
30,5225.25,112,5225.5,12:30:07.503800524
29,5225.25,112,5225.5,12:30:07.503906533
29,5225.25,112,5225.5,12:30:07.505823304
29,5225.25,112,5225.5,12:30:07.505823304
28,5225.25,112,5225.5,12:30:07.609926020
35,5225.25,112,5225.5,12:30:07.647876878
37,5225.25,112,5225.5,12:30:07.648036404
40,5225.25,112,5225.5,12:30:07.648042056
42,5225.25,112,5225.5,12:30:07.648047051
43,5225.25,112,5225.5,12:30:07.648148400
43,5225.25,110,5225.5,12:30:07.648243100
44,5225.25,110,5225.5,12:30:07.648252028
41,5225.25,110,5225.5,12:30:07.648295635
39,5225.25,110,5225.5,12:30:07.648301507
39,5225.25,110,5225.5,12:30:07.648327127
40,5225.25,110,5225.5,12:30:07.648335518
40,5225.25,110,5225.5,12:30:07.648343610
41,5225.25,110,5225.5,12:30:07.648355566
55,5225.25,110,5225.5,12:30:07.648369445
57,5225.25,110,5225.5,12:30:07.648459229
59,5225.25,110,5225.5,12:30:07.648463853
60,5225.25,110,5225.5,12:30:07.648475587
60,5225.25,110,5225.5,12:30:07.648794935
60,5225.25,110,5225.5,12:30:07.648794935
58,5225.25,110,5225.5,12:30:07.653295106
56,5225.25,110,5225.5,12:30:07.653305381
55,5225.25,110,5225.5,12:30:07.653312811
57,5225.25,110,5225.5,12:30:07.656492551
59,5225.25,110,5225.5,12:30:07.656502324
60,5225.25,110,5225.5,12:30:07.656510005
60,5225.25,110,5225.5,12:30:07.667573928
58,5225.25,110,5225.5,12:30:07.722623341
57,5225.25,110,5225.5,12:30:07.722629402
58,5225.25,110,5225.5,12:30:07.722751863
60,5225.25,110,5225.5,12:30:07.722758599
59,5225.25,110,5225.5,12:30:07.764593362
57,5225.25,110,5225.5,12:30:07.764599465
59,5225.25,110,5225.5,12:30:07.811797184
60,5225.25,110,5225.5,12:30:07.811803693
60,5225.25,110,5225.5,12:30:07.812863603
60,5225.25,110,5225.5,12:30:07.812863603
59,5225.25,110,5225.5,12:30:07.815853928
59,5225.25,111,5225.5,12:30:07.815915494
57,5225.25,111,5225.5,12:30:07.815933210
55,5225.25,111,5225.5,12:30:07.815942589
54,5225.25,111,5225.5,12:30:07.815951601
53,5225.25,111,5225.5,12:30:07.816049484
39,5225.25,111,5225.5,12:30:07.816057625
38,5225.25,111,5225.5,12:30:07.816166613
36,5225.25,111,5225.5,12:30:07.816172354
37,5225.25,111,5225.5,12:30:07.816225184
37,5225.25,113,5225.5,12:30:07.816273524
37,5225.25,113,5225.5,12:30:07.816385987
37,5225.25,113,5225.5,12:30:07.816385987
37,5225.25,113,5225.5,12:30:07.816411924
37,5225.25,113,5225.5,12:30:07.816411924
37,5225.25,113,5225.5,12:30:07.816521565
37,5225.25,113,5225.5,12:30:07.816521565
37,5225.25,113,5225.5,12:30:07.816590260
37,5225.25,113,5225.5,12:30:07.816590260
37,5225.25,113,5225.5,12:30:07.816598411
37,5225.25,113,5225.5,12:30:07.816598411
37,5225.25,113,5225.5,12:30:07.970124821
37,5225.25,113,5225.5,12:30:07.970124821
39,5225.25,113,5225.5,12:30:08.022790948
39,5225.25,113,5225.5,12:30:08.023100103
39,5225.25,113,5225.5,12:30:08.023470545
39,5225.25,113,5225.5,12:30:08.024056951
42,5225.25,113,5225.5,12:30:08.080570916
45,5225.25,113,5225.5,12:30:08.080577140
46,5225.25,113,5225.5,12:30:08.080582167
46,5225.25,111,5225.5,12:30:08.080682028
43,5225.25,111,5225.5,12:30:08.080688067
40,5225.25,111,5225.5,12:30:08.080694899
43,5225.25,111,5225.5,12:30:08.080780917
42,5225.25,111,5225.5,12:30:08.080786213
43,5225.25,111,5225.5,12:30:08.107294939
43,5225.25,111,5225.5,12:30:08.140195039
43,5225.25,111,5225.5,12:30:08.143654063
43,5225.25,111,5225.5,12:30:08.143677359
43,5225.25,111,5225.5,12:30:08.143784980
43,5225.25,111,5225.5,12:30:08.268887474
43,5225.25,111,5225.5,12:30:08.268989533
43,5225.25,111,5225.5,12:30:08.269393090
43,5225.25,111,5225.5,12:30:08.269807934
43,5225.25,111,5225.5,12:30:08.279107763
43,5225.25,111,5225.5,12:30:08.279139927
43,5225.25,111,5225.5,12:30:08.279209323
43,5225.25,111,5225.5,12:30:08.360540636
57,5225.25,111,5225.5,12:30:08.360645531
60,5225.25,111,5225.5,12:30:08.360736605
61,5225.25,111,5225.5,12:30:08.360744036
64,5225.25,111,5225.5,12:30:08.360790680
67,5225.25,111,5225.5,12:30:08.360797230
68,5225.25,111,5225.5,12:30:08.360802210
69,5225.25,111,5225.5,12:30:08.360883840
70,5225.25,111,5225.5,12:30:08.360993586
67,5225.25,111,5225.5,12:30:08.361006499
66,5225.25,111,5225.5,12:30:08.361011542
63,5225.25,111,5225.5,12:30:08.361076676
65,5225.25,111,5225.5,12:30:08.361175053
67,5225.25,111,5225.5,12:30:08.361179373
69,5225.25,111,5225.5,12:30:08.361221373
70,5225.25,111,5225.5,12:30:08.361225236
68,5225.25,111,5225.5,12:30:08.361307922
66,5225.25,111,5225.5,12:30:08.361320489
64,5225.25,111,5225.5,12:30:08.361327041
63,5225.25,111,5225.5,12:30:08.361333088
63,5225.25,111,5225.5,12:30:08.434919365
63,5225.25,111,5225.5,12:30:08.434961939
63,5225.25,111,5225.5,12:30:08.435022871
66,5225.25,111,5225.5,12:30:08.489535931
68,5225.25,111,5225.5,12:30:08.489541912
70,5225.25,111,5225.5,12:30:08.489547652
67,5225.25,111,5225.5,12:30:08.489672810
65,5225.25,111,5225.5,12:30:08.489678349
63,5225.25,111,5225.5,12:30:08.489689348
62,5225.25,111,5225.5,12:30:08.542221360
61,5225.25,111,5225.5,12:30:08.696678307
61,5225.25,111,5225.5,12:30:09.161604112
61,5225.25,111,5225.5,12:30:09.161604112
61,5225.25,111,5225.5,12:30:09.161610163
61,5225.25,111,5225.5,12:30:09.161610163
61,5225.25,111,5225.5,12:30:09.196604375
61,5225.25,112,5225.5,12:30:09.242713073
58,5225.25,112,5225.5,12:30:09.242832090
44,5225.25,112,5225.5,12:30:09.243045656
41,5225.25,112,5225.5,12:30:09.243165161
41,5225.25,112,5225.5,12:30:09.243560620
41,5225.25,112,5225.5,12:30:09.243581503
41,5225.25,112,5225.5,12:30:09.244269175
41,5225.25,112,5225.5,12:30:09.244321909
41,5225.25,112,5225.5,12:30:09.269285064
41,5225.25,112,5225.5,12:30:09.300308569
41,5225.25,112,5225.5,12:30:09.300342265
41,5225.25,112,5225.5,12:30:09.300450927
44,5225.25,112,5225.5,12:30:09.370883859
45,5225.25,112,5225.5,12:30:09.371000008
48,5225.25,112,5225.5,12:30:09.371088240
62,5225.25,112,5225.5,12:30:09.371112788
63,5225.25,112,5225.5,12:30:09.371211280
62,5225.25,112,5225.5,12:30:09.381333346
62,5225.25,112,5225.5,12:30:09.387475499
48,5225.25,112,5225.5,12:30:09.470975333
45,5225.25,112,5225.5,12:30:09.471092088
42,5225.25,112,5225.5,12:30:09.471101121
41,5225.25,112,5225.5,12:30:09.471190234
41,5225.25,112,5225.5,12:30:09.478839690
40,5225.25,112,5225.5,12:30:09.479068686
39,5225.25,112,5225.5,12:30:09.479158864
38,5225.25,112,5225.5,12:30:09.479249161
38,5225.25,114,5225.5,12:30:09.479349863
31,5225.25,114,5225.5,12:30:09.479673950
31,5225.25,114,5225.5,12:30:09.493252934
31,5225.25,114,5225.5,12:30:09.493252934
32,5225.25,114,5225.5,12:30:09.549209778
39,5225.25,114,5225.5,12:30:09.549217433
38,5225.25,114,5225.5,12:30:09.584860823
31,5225.25,114,5225.5,12:30:09.690215545
31,5225.25,114,5225.5,12:30:09.690378960
28,5225.25,114,5225.5,12:30:09.691335558
25,5225.25,114,5225.5,12:30:09.691416661
23,5225.25,114,5225.5,12:30:09.691421739
23,5225.25,114,5225.5,12:30:09.691429807
22,5225.25,114,5225.5,12:30:09.691449964
21,5225.25,114,5225.5,12:30:09.691456041
20,5225.25,114,5225.5,12:30:09.691463868
13,5225.25,114,5225.5,12:30:09.691470860
12,5225.25,114,5225.5,12:30:09.691550471
12,5225.25,114,5225.5,12:30:09.691599339
12,5225.25,114,5225.5,12:30:09.691627228
11,5225.25,114,5225.5,12:30:09.691650521
11,5225.25,114,5225.5,12:30:09.692245621
11,5225.25,114,5225.5,12:30:09.692289043
10,5225.25,114,5225.5,12:30:09.692421065
10,5225.25,114,5225.5,12:30:09.692425641
10,5225.25,114,5225.5,12:30:09.692425641
9,5225.25,114,5225.5,12:30:09.692605395
171,5225.0,114,5225.5,12:30:09.692736192
171,5225.0,114,5225.5,12:30:09.692736192
171,5225.0,3,5225.25,12:30:09.692743795
171,5225.0,5,5225.25,12:30:09.692743795
171,5225.0,9,5225.25,12:30:09.692743795
171,5225.0,9,5225.25,12:30:09.692765328
171,5225.0,9,5225.25,12:30:09.692770435
171,5225.0,9,5225.25,12:30:09.692776323
171,5225.0,9,5225.25,12:30:09.692789955
171,5225.0,12,5225.25,12:30:09.692799791
171,5225.0,12,5225.25,12:30:09.692834859
170,5225.0,12,5225.25,12:30:09.692841880
170,5225.0,13,5225.25,12:30:09.692869195
170,5225.0,14,5225.25,12:30:09.692907193
170,5225.0,15,5225.25,12:30:09.692967815
170,5225.0,15,5225.25,12:30:09.692979473
170,5225.0,15,5225.25,12:30:09.693092026
170,5225.0,15,5225.25,12:30:09.693101779
170,5225.0,12,5225.25,12:30:09.693173512
167,5225.0,12,5225.25,12:30:09.693276647
167,5225.0,12,5225.25,12:30:09.693276647
166,5225.0,12,5225.25,12:30:09.693326508
166,5225.0,12,5225.25,12:30:09.693326508
166,5225.0,12,5225.25,12:30:09.693336696
166,5225.0,12,5225.25,12:30:09.693361669
166,5225.0,12,5225.25,12:30:09.693372598
166,5225.0,12,5225.25,12:30:09.693385897
165,5225.0,12,5225.25,12:30:09.693418772
165,5225.0,12,5225.25,12:30:09.693418772
164,5225.0,12,5225.25,12:30:09.693496354
164,5225.0,12,5225.25,12:30:09.693496354
164,5225.0,12,5225.25,12:30:09.693516396
164,5225.0,12,5225.25,12:30:09.693530351
163,5225.0,12,5225.25,12:30:09.693595047
163,5225.0,12,5225.25,12:30:09.693595047
163,5225.0,19,5225.25,12:30:09.700878378
163,5225.0,20,5225.25,12:30:09.700972159
163,5225.0,27,5225.25,12:30:09.700978047
163,5225.0,29,5225.25,12:30:09.701090327
163,5225.0,32,5225.25,12:30:09.701096430
163,5225.0,34,5225.25,12:30:09.701106635
163,5225.0,34,5225.25,12:30:09.701112651
163,5225.0,34,5225.25,12:30:09.701128971
163,5225.0,35,5225.25,12:30:09.701204880
163,5225.0,36,5225.25,12:30:09.701210695
163,5225.0,33,5225.25,12:30:09.701505964
163,5225.0,31,5225.25,12:30:09.701512230
163,5225.0,29,5225.25,12:30:09.701525133
163,5225.0,22,5225.25,12:30:09.701550708
163,5225.0,21,5225.25,12:30:09.701614924
163,5225.0,20,5225.25,12:30:09.701620773
163,5225.0,116,5225.5,12:30:09.702001309
163,5225.0,116,5225.5,12:30:09.702001309
163,5225.0,116,5225.5,12:30:09.702001309
1,5225.25,116,5225.5,12:30:09.702011875
2,5225.25,116,5225.5,12:30:09.702017921
5,5225.25,116,5225.5,12:30:09.702031598
7,5225.25,116,5225.5,12:30:09.702039591
11,5225.25,116,5225.5,12:30:09.702067566
18,5225.25,116,5225.5,12:30:09.702073573
22,5225.25,116,5225.5,12:30:09.702081483
24,5225.25,116,5225.5,12:30:09.702094293
27,5225.25,116,5225.5,12:30:09.702099640
29,5225.25,116,5225.5,12:30:09.702105186
29,5225.25,116,5225.5,12:30:09.702117212
29,5225.25,116,5225.5,12:30:09.702123820
29,5225.25,116,5225.5,12:30:09.702130928
30,5225.25,116,5225.5,12:30:09.702167309
31,5225.25,116,5225.5,12:30:09.702172180
33,5225.25,116,5225.5,12:30:09.702179437
34,5225.25,116,5225.5,12:30:09.702235026
39,5225.25,116,5225.5,12:30:09.702247148
42,5225.25,116,5225.5,12:30:09.702256857
42,5225.25,116,5225.5,12:30:09.702289792
43,5225.25,116,5225.5,12:30:09.702307901
43,5225.25,116,5225.5,12:30:09.702313206
44,5225.25,116,5225.5,12:30:09.702318727
44,5225.25,116,5225.5,12:30:09.702334698
45,5225.25,116,5225.5,12:30:09.702339812
45,5225.25,116,5225.5,12:30:09.702363940
45,5225.25,114,5225.5,12:30:09.702436018
44,5225.25,114,5225.5,12:30:09.702457609
42,5225.25,114,5225.5,12:30:09.702542453
42,5225.25,114,5225.5,12:30:09.702548927
42,5225.25,114,5225.5,12:30:09.702548927
43,5225.25,114,5225.5,12:30:09.702563660
44,5225.25,114,5225.5,12:30:09.702627533
44,5225.25,112,5225.5,12:30:09.703241865
44,5225.25,112,5225.5,12:30:09.703537589
45,5225.25,112,5225.5,12:30:09.703810088
45,5225.25,112,5225.5,12:30:09.703830571
46,5225.25,112,5225.5,12:30:09.703914599
46,5225.25,112,5225.5,12:30:09.704093447
46,5225.25,114,5225.5,12:30:09.704106366
44,5225.25,114,5225.5,12:30:09.706506539
41,5225.25,114,5225.5,12:30:09.706512590
39,5225.25,114,5225.5,12:30:09.706519761
39,5225.25,116,5225.5,12:30:09.706624682
36,5225.25,116,5225.5,12:30:09.706631709
31,5225.25,116,5225.5,12:30:09.706637783
30,5225.25,116,5225.5,12:30:09.706735007
29,5225.25,116,5225.5,12:30:09.706828945
29,5225.25,116,5225.5,12:30:09.706850459
29,5225.25,116,5225.5,12:30:09.707066896
29,5225.25,116,5225.5,12:30:09.707677072
29,5225.25,116,5225.5,12:30:09.707677072
29,5225.25,114,5225.5,12:30:09.710110589
25,5225.25,114,5225.5,12:30:09.712234696
24,5225.25,114,5225.5,12:30:09.712756594
24,5225.25,114,5225.5,12:30:09.713496625
24,5225.25,114,5225.5,12:30:09.714215168
23,5225.25,114,5225.5,12:30:09.714313950
30,5225.25,114,5225.5,12:30:09.724856278
31,5225.25,114,5225.5,12:30:09.724967512
31,5225.25,114,5225.5,12:30:09.735896487
32,5225.25,114,5225.5,12:30:09.742907761
32,5225.25,114,5225.5,12:30:09.747478932
32,5225.25,114,5225.5,12:30:09.750064337
32,5225.25,114,5225.5,12:30:09.750165155
31,5225.25,114,5225.5,12:30:09.750171629
33,5225.25,114,5225.5,12:30:09.767581199
31,5225.25,114,5225.5,12:30:09.780105998
24,5225.25,114,5225.5,12:30:09.781839108
24,5225.25,115,5225.5,12:30:09.822093634
24,5225.25,115,5225.5,12:30:09.822093634
24,5225.25,114,5225.5,12:30:09.845263790
25,5225.25,114,5225.5,12:30:09.845326978
18,5225.25,114,5225.5,12:30:09.845340175
18,5225.25,115,5225.5,12:30:09.845359450
19,5225.25,115,5225.5,12:30:09.845367542
18,5225.25,115,5225.5,12:30:09.845454943
18,5225.25,115,5225.5,12:30:09.845762680
18,5225.25,115,5225.5,12:30:09.845762680
18,5225.25,115,5225.5,12:30:09.845818144
18,5225.25,115,5225.5,12:30:09.845818144
18,5225.25,115,5225.5,12:30:09.845891125
18,5225.25,115,5225.5,12:30:09.845891125
18,5225.25,115,5225.5,12:30:09.846067627
18,5225.25,115,5225.5,12:30:09.846067627
18,5225.25,115,5225.5,12:30:09.846119542
18,5225.25,115,5225.5,12:30:09.846119542
24,5225.25,115,5225.5,12:30:09.847839346
23,5225.25,115,5225.5,12:30:09.856644646
17,5225.25,115,5225.5,12:30:09.941596504
14,5225.25,115,5225.5,12:30:10.013877799
12,5225.25,115,5225.5,12:30:10.013884298
8,5225.25,115,5225.5,12:30:10.013889537
13,5225.25,115,5225.5,12:30:10.014320297
8,5225.25,115,5225.5,12:30:10.025188234
7,5225.25,115,5225.5,12:30:10.025955901
6,5225.25,115,5225.5,12:30:10.026014229
12,5225.25,115,5225.5,12:30:10.135281420
15,5225.25,115,5225.5,12:30:10.135311983
19,5225.25,115,5225.5,12:30:10.135331008
21,5225.25,115,5225.5,12:30:10.135336554
22,5225.25,115,5225.5,12:30:10.135432882
23,5225.25,115,5225.5,12:30:10.135532609
22,5225.25,115,5225.5,12:30:10.145648371
24,5225.25,115,5225.5,12:30:10.162709707
31,5225.25,115,5225.5,12:30:10.171261146
32,5225.25,115,5225.5,12:30:10.171354450
33,5225.25,115,5225.5,12:30:10.171365798
26,5225.25,115,5225.5,12:30:10.208870370
25,5225.25,115,5225.5,12:30:10.312975279
25,5225.25,115,5225.5,12:30:10.313039667
32,5225.25,115,5225.5,12:30:10.421276185
33,5225.25,115,5225.5,12:30:10.423672630
35,5225.25,115,5225.5,12:30:10.423733105
38,5225.25,115,5225.5,12:30:10.423738529
40,5225.25,115,5225.5,12:30:10.423748910
43,5225.25,115,5225.5,12:30:10.423821129
44,5225.25,115,5225.5,12:30:10.423839706
58,5225.25,115,5225.5,12:30:10.423862877
59,5225.25,115,5225.5,12:30:10.423872138
59,5225.25,115,5225.5,12:30:10.423910645
60,5225.25,115,5225.5,12:30:10.423923010
60,5225.25,113,5225.5,12:30:10.423937679
61,5225.25,113,5225.5,12:30:10.423949961
61,5225.25,113,5225.5,12:30:10.424327926
61,5225.25,113,5225.5,12:30:10.424327926
61,5225.25,108,5225.5,12:30:10.424348025
64,5225.25,108,5225.5,12:30:10.424437967
64,5225.25,108,5225.5,12:30:10.424446070
65,5225.25,108,5225.5,12:30:10.424571676
65,5225.25,108,5225.5,12:30:10.424853819
65,5225.25,94,5225.5,12:30:10.426006185
67,5225.25,94,5225.5,12:30:10.426090788
69,5225.25,94,5225.5,12:30:10.426104087
71,5225.25,94,5225.5,12:30:10.426193532
72,5225.25,94,5225.5,12:30:10.426204217
73,5225.25,94,5225.5,12:30:10.426277550
71,5225.25,94,5225.5,12:30:10.429603659
70,5225.25,94,5225.5,12:30:10.429709449
70,5225.25,94,5225.5,12:30:10.429737470
70,5225.25,94,5225.5,12:30:10.429737470
68,5225.25,94,5225.5,12:30:10.429812356
65,5225.25,94,5225.5,12:30:10.429827374
65,5225.25,94,5225.5,12:30:10.435681253
64,5225.25,94,5225.5,12:30:10.436309960
66,5225.25,94,5225.5,12:30:10.436421134
69,5225.25,94,5225.5,12:30:10.436513788
71,5225.25,94,5225.5,12:30:10.436520863
71,5225.25,94,5225.5,12:30:10.437606744
71,5225.25,94,5225.5,12:30:10.437606744
70,5225.25,94,5225.5,12:30:10.440308271
68,5225.25,94,5225.5,12:30:10.440402199
65,5225.25,94,5225.5,12:30:10.440411047
65,5225.25,94,5225.5,12:30:10.442917168
65,5225.25,94,5225.5,12:30:10.451448627
65,5225.25,94,5225.5,12:30:10.451448627
65,5225.25,94,5225.5,12:30:10.455708050
65,5225.25,99,5225.5,12:30:10.456741174
63,5225.25,99,5225.5,12:30:10.456861276
63,5225.25,99,5225.5,12:30:10.495452267
63,5225.25,98,5225.5,12:30:10.616551367
63,5225.25,99,5225.5,12:30:10.616626184
64,5225.25,99,5225.5,12:30:10.621980290
64,5225.25,99,5225.5,12:30:10.694055315
64,5225.25,99,5225.5,12:30:10.694091041
64,5225.25,99,5225.5,12:30:10.694183075
64,5225.25,99,5225.5,12:30:10.694190406
64,5225.25,99,5225.5,12:30:10.694202406
64,5225.25,99,5225.5,12:30:10.694211702
64,5225.25,99,5225.5,12:30:10.694832227
64,5225.25,99,5225.5,12:30:10.694863165
64,5225.25,99,5225.5,12:30:10.696422902
64,5225.25,99,5225.5,12:30:10.696453699
64,5225.25,99,5225.5,12:30:10.705596712
64,5225.25,99,5225.5,12:30:10.705601573
64,5225.25,99,5225.5,12:30:10.714270925
64,5225.25,99,5225.5,12:30:10.842811347
62,5225.25,99,5225.5,12:30:10.878824972
55,5225.25,99,5225.5,12:30:10.878949221
52,5225.25,99,5225.5,12:30:10.878967208
52,5225.25,113,5225.5,12:30:10.879057469
38,5225.25,113,5225.5,12:30:10.879065345
38,5225.25,115,5225.5,12:30:10.879172316
36,5225.25,115,5225.5,12:30:10.879178377
33,5225.25,115,5225.5,12:30:10.879218394
33,5225.25,116,5225.5,12:30:10.879265966
31,5225.25,116,5225.5,12:30:10.879270930
30,5225.25,116,5225.5,12:30:10.879276078
29,5225.25,116,5225.5,12:30:10.879282184
28,5225.25,116,5225.5,12:30:10.879328595
27,5225.25,116,5225.5,12:30:10.879364570
27,5225.25,116,5225.5,12:30:10.879403147
26,5225.25,116,5225.5,12:30:10.879427045
29,5225.25,116,5225.5,12:30:10.879524176
32,5225.25,116,5225.5,12:30:10.879536365
33,5225.25,116,5225.5,12:30:10.879548257
32,5225.25,116,5225.5,12:30:10.879554017
29,5225.25,116,5225.5,12:30:10.879655320
28,5225.25,116,5225.5,12:30:10.879661282
25,5225.25,116,5225.5,12:30:10.879669561
25,5225.25,116,5225.5,12:30:10.887377934
25,5225.25,116,5225.5,12:30:10.892625464
25,5225.25,116,5225.5,12:30:10.892635368
25,5225.25,116,5225.5,12:30:10.907565929
25,5225.25,116,5225.5,12:30:10.907565929
25,5225.25,116,5225.5,12:30:10.977774878
26,5225.25,116,5225.5,12:30:11.004731891
29,5225.25,116,5225.5,12:30:11.146638758
32,5225.25,116,5225.5,12:30:11.146649623
35,5225.25,116,5225.5,12:30:11.146658439
36,5225.25,116,5225.5,12:30:11.146663613
37,5225.25,116,5225.5,12:30:11.146668420
34,5225.25,116,5225.5,12:30:11.146759833
31,5225.25,116,5225.5,12:30:11.146770918
30,5225.25,116,5225.5,12:30:11.146775580
31,5225.25,116,5225.5,12:30:11.146785878
32,5225.25,116,5225.5,12:30:11.146801162
31,5225.25,116,5225.5,12:30:11.146875579
28,5225.25,116,5225.5,12:30:11.146884235
30,5225.25,116,5225.5,12:30:11.146890571
31,5225.25,116,5225.5,12:30:11.146899954
33,5225.25,116,5225.5,12:30:11.146938880
35,5225.25,116,5225.5,12:30:11.146944246
34,5225.25,116,5225.5,12:30:11.146981194
35,5225.25,116,5225.5,12:30:11.146992484
36,5225.25,116,5225.5,12:30:11.147123018
37,5225.25,116,5225.5,12:30:11.147225439
37,5225.25,116,5225.5,12:30:11.147546972
36,5225.25,116,5225.5,12:30:11.155330735
34,5225.25,116,5225.5,12:30:11.155818802
33,5225.25,116,5225.5,12:30:11.155824617
31,5225.25,116,5225.5,12:30:11.155835830
29,5225.25,116,5225.5,12:30:11.155841728
29,5225.25,116,5225.5,12:30:11.158885171
27,5225.25,116,5225.5,12:30:11.159312402
23,5225.25,116,5225.5,12:30:11.159390183
20,5225.25,116,5225.5,12:30:11.159474057
20,5225.25,116,5225.5,12:30:11.159561246
19,5225.25,116,5225.5,12:30:11.159580078
18,5225.25,116,5225.5,12:30:11.159676106
17,5225.25,116,5225.5,12:30:11.159683072
16,5225.25,116,5225.5,12:30:11.159762568
15,5225.25,116,5225.5,12:30:11.159787599
14,5225.25,116,5225.5,12:30:11.160742732
6,5225.25,116,5225.5,12:30:11.160977463
4,5225.25,116,5225.5,12:30:11.160977463
2,5225.25,116,5225.5,12:30:11.161140616
170,5225.0,116,5225.5,12:30:11.161140616
170,5225.0,4,5225.25,12:30:11.161140616
170,5225.0,4,5225.25,12:30:11.161140616
170,5225.0,7,5225.25,12:30:11.161140616
170,5225.0,9,5225.25,12:30:11.161140616
170,5225.0,11,5225.25,12:30:11.161140616
170,5225.0,15,5225.25,12:30:11.161147736
170,5225.0,16,5225.25,12:30:11.161147736
170,5225.0,20,5225.25,12:30:11.161147736
170,5225.0,27,5225.25,12:30:11.161147736
170,5225.0,23,5225.25,12:30:11.161161880
170,5225.0,20,5225.25,12:30:11.161177521
170,5225.0,19,5225.25,12:30:11.161192194
170,5225.0,17,5225.25,12:30:11.161198152
170,5225.0,13,5225.25,12:30:11.161203852
170,5225.0,11,5225.25,12:30:11.161212982
170,5225.0,7,5225.25,12:30:11.161218159
170,5225.0,7,5225.25,12:30:11.161229235
169,5225.0,7,5225.25,12:30:11.161242217
169,5225.0,8,5225.25,12:30:11.161275712
169,5225.0,9,5225.25,12:30:11.161280650
169,5225.0,116,5225.5,12:30:11.161483041
169,5225.0,116,5225.5,12:30:11.161483041
169,5225.0,116,5225.5,12:30:11.161483041
169,5225.0,118,5225.5,12:30:11.161483041
169,5225.0,118,5225.5,12:30:11.161483041
169,5225.0,118,5225.5,12:30:11.161541033
169,5225.0,118,5225.5,12:30:11.161566003
1,5225.25,118,5225.5,12:30:11.161584051
5,5225.25,118,5225.5,12:30:11.161597092
8,5225.25,118,5225.5,12:30:11.161605149
13,5225.25,118,5225.5,12:30:11.161611303
14,5225.25,118,5225.5,12:30:11.161617748
16,5225.25,118,5225.5,12:30:11.161630315
20,5225.25,118,5225.5,12:30:11.161635156
22,5225.25,118,5225.5,12:30:11.161642763
23,5225.25,118,5225.5,12:30:11.161668319
26,5225.25,118,5225.5,12:30:11.161674546
28,5225.25,118,5225.5,12:30:11.161701289
34,5225.25,118,5225.5,12:30:11.161707964
34,5225.25,118,5225.5,12:30:11.161721872
34,5225.25,118,5225.5,12:30:11.161721872
34,5225.25,118,5225.5,12:30:11.161727895
34,5225.25,118,5225.5,12:30:11.161727895
35,5225.25,118,5225.5,12:30:11.161739399
34,5225.25,118,5225.5,12:30:11.161893002
35,5225.25,118,5225.5,12:30:11.161893002
36,5225.25,118,5225.5,12:30:11.161893002
37,5225.25,118,5225.5,12:30:11.161893002
37,5225.25,118,5225.5,12:30:11.161976219
38,5225.25,118,5225.5,12:30:11.161985922
38,5225.25,118,5225.5,12:30:11.162026531
38,5225.25,118,5225.5,12:30:11.162055174
38,5225.25,118,5225.5,12:30:11.162085147
38,5225.25,118,5225.5,12:30:11.162085147
36,5225.25,118,5225.5,12:30:11.162095850
36,5225.25,118,5225.5,12:30:11.162118366
36,5225.25,118,5225.5,12:30:11.162118366
36,5225.25,118,5225.5,12:30:11.162270331
36,5225.25,118,5225.5,12:30:11.162270331
36,5225.25,118,5225.5,12:30:11.162279064
36,5225.25,118,5225.5,12:30:11.162279064
36,5225.25,118,5225.5,12:30:11.162330697
36,5225.25,118,5225.5,12:30:11.162330697
36,5225.25,116,5225.5,12:30:11.162789836
36,5225.25,126,5225.5,12:30:11.166773404
35,5225.25,126,5225.5,12:30:11.166877873
32,5225.25,126,5225.5,12:30:11.166974150
30,5225.25,126,5225.5,12:30:11.166980416
28,5225.25,126,5225.5,12:30:11.166986035
23,5225.25,126,5225.5,12:30:11.167086332
22,5225.25,126,5225.5,12:30:11.167092402
22,5225.25,126,5225.5,12:30:11.172220144
23,5225.25,126,5225.5,12:30:11.177859259
23,5225.25,126,5225.5,12:30:11.182991884
24,5225.25,126,5225.5,12:30:11.183347779
21,5225.25,126,5225.5,12:30:11.195564829
15,5225.25,126,5225.5,12:30:11.195696665
14,5225.25,126,5225.5,12:30:11.196460702
11,5225.25,126,5225.5,12:30:11.196517171
10,5225.25,126,5225.5,12:30:11.196533587
6,5225.25,126,5225.5,12:30:11.196539168
5,5225.25,126,5225.5,12:30:11.196546429
6,5225.25,126,5225.5,12:30:11.211313181
10,5225.25,126,5225.5,12:30:11.224823831
13,5225.25,126,5225.5,12:30:11.224831434
15,5225.25,126,5225.5,12:30:11.224836349
21,5225.25,126,5225.5,12:30:11.224854276
15,5225.25,126,5225.5,12:30:11.224892421
15,5225.25,126,5225.5,12:30:11.224927865
16,5225.25,126,5225.5,12:30:11.224949651
15,5225.25,126,5225.5,12:30:11.235067243
15,5225.25,126,5225.5,12:30:11.357478931
15,5225.25,126,5225.5,12:30:11.357576632
14,5225.25,126,5225.5,12:30:11.443413701
14,5225.25,126,5225.5,12:30:11.455390358
14,5225.25,126,5225.5,12:30:11.455489765
15,5225.25,126,5225.5,12:30:11.455599399
21,5225.25,126,5225.5,12:30:11.457622426
24,5225.25,126,5225.5,12:30:11.660377949
25,5225.25,126,5225.5,12:30:11.660386839
26,5225.25,126,5225.5,12:30:11.660393066
27,5225.25,126,5225.5,12:30:11.660486217
28,5225.25,126,5225.5,12:30:11.660492627
29,5225.25,126,5225.5,12:30:11.660572731
28,5225.25,126,5225.5,12:30:11.660792147
28,5225.25,126,5225.5,12:30:11.663349514
28,5225.25,126,5225.5,12:30:11.663349514
28,5225.25,126,5225.5,12:30:11.663355658
28,5225.25,126,5225.5,12:30:11.663355658
27,5225.25,126,5225.5,12:30:11.670609282
24,5225.25,126,5225.5,12:30:11.670709799
23,5225.25,126,5225.5,12:30:11.670717111
23,5225.25,126,5225.5,12:30:11.815610730
23,5225.25,126,5225.5,12:30:11.815712649
162,5225.0,126,5225.5,12:30:11.822020690
160,5225.0,126,5225.5,12:30:11.822020690
160,5225.0,126,5225.5,12:30:11.822020690
160,5225.0,1,5225.25,12:30:11.822020690
160,5225.0,2,5225.25,12:30:11.822020690
160,5225.0,2,5225.25,12:30:11.822027913
160,5225.0,2,5225.25,12:30:11.822027913
160,5225.0,3,5225.25,12:30:11.822034656
160,5225.0,4,5225.25,12:30:11.822034656
160,5225.0,6,5225.25,12:30:11.822047215
160,5225.0,9,5225.25,12:30:11.822057580
160,5225.0,11,5225.25,12:30:11.822063702
160,5225.0,13,5225.25,12:30:11.822090973
160,5225.0,16,5225.25,12:30:11.822098329
160,5225.0,19,5225.25,12:30:11.822104134
160,5225.0,25,5225.25,12:30:11.822132048
160,5225.0,26,5225.25,12:30:11.822150691
160,5225.0,28,5225.25,12:30:11.822163106
160,5225.0,29,5225.25,12:30:11.822200213
160,5225.0,31,5225.25,12:30:11.822209542
160,5225.0,32,5225.25,12:30:11.822224745
160,5225.0,39,5225.25,12:30:11.822614487
160,5225.0,40,5225.25,12:30:11.822620411
160,5225.0,40,5225.25,12:30:11.822691596
160,5225.0,38,5225.25,12:30:11.822719117
160,5225.0,35,5225.25,12:30:11.823196541
160,5225.0,33,5225.25,12:30:11.823206202
161,5225.0,33,5225.25,12:30:11.823222068
161,5225.0,34,5225.25,12:30:11.823239034
161,5225.0,32,5225.25,12:30:11.823274743
161,5225.0,33,5225.25,12:30:11.823280714
161,5225.0,33,5225.25,12:30:11.823290401
161,5225.0,26,5225.25,12:30:11.823295998
161,5225.0,27,5225.25,12:30:11.823311329
161,5225.0,25,5225.25,12:30:11.823317070
161,5225.0,24,5225.25,12:30:11.823325950
161,5225.0,23,5225.25,12:30:11.823413975
161,5225.0,25,5225.25,12:30:11.824472105
161,5225.0,32,5225.25,12:30:11.824480780
161,5225.0,34,5225.25,12:30:11.824492483
161,5225.0,35,5225.25,12:30:11.824579272
161,5225.0,37,5225.25,12:30:11.824583929
161,5225.0,40,5225.25,12:30:11.824593625
161,5225.0,42,5225.25,12:30:11.824604243
161,5225.0,43,5225.25,12:30:11.824616365
161,5225.0,44,5225.25,12:30:11.824674641
161,5225.0,45,5225.25,12:30:11.824732031
160,5225.0,45,5225.25,12:30:11.830802822
160,5225.0,45,5225.25,12:30:11.833432612
160,5225.0,44,5225.25,12:30:11.834786697
160,5225.0,44,5225.25,12:30:11.835694556
160,5225.0,44,5225.25,12:30:11.881577633
160,5225.0,44,5225.25,12:30:11.881682599
160,5225.0,44,5225.25,12:30:11.895831927
161,5225.0,44,5225.25,12:30:11.895843985
161,5225.0,43,5225.25,12:30:11.895946239
161,5225.0,43,5225.25,12:30:11.916694405
161,5225.0,44,5225.25,12:30:11.916805754
161,5225.0,47,5225.25,12:30:11.916890895
161,5225.0,49,5225.25,12:30:11.916982855
161,5225.0,49,5225.25,12:30:11.916997364
161,5225.0,52,5225.25,12:30:11.922088324
161,5225.0,50,5225.25,12:30:11.926835383
161,5225.0,48,5225.25,12:30:11.928431899
161,5225.0,46,5225.25,12:30:11.928480853
161,5225.0,43,5225.25,12:30:11.928483295
161,5225.0,40,5225.25,12:30:11.928546016
161,5225.0,37,5225.25,12:30:11.928611947
161,5225.0,35,5225.25,12:30:11.928645260
161,5225.0,34,5225.25,12:30:11.928705232
161,5225.0,27,5225.25,12:30:11.928982268
161,5225.0,25,5225.25,12:30:11.929269003
161,5225.0,32,5225.25,12:30:11.929554670
161,5225.0,25,5225.25,12:30:11.962510124
161,5225.0,32,5225.25,12:30:11.966010732
161,5225.0,32,5225.25,12:30:12.125681765
161,5225.0,32,5225.25,12:30:12.125704425
161,5225.0,32,5225.25,12:30:12.137497088
161,5225.0,32,5225.25,12:30:12.162918461
161,5225.0,32,5225.25,12:30:12.162950682
161,5225.0,32,5225.25,12:30:12.163052137
161,5225.0,31,5225.25,12:30:12.163058189
161,5225.0,25,5225.25,12:30:12.164707393
161,5225.0,23,5225.25,12:30:12.164724302
161,5225.0,20,5225.25,12:30:12.164736738
161,5225.0,17,5225.25,12:30:12.164741618
161,5225.0,16,5225.25,12:30:12.164828861
161,5225.0,16,5225.25,12:30:12.164858596
161,5225.0,15,5225.25,12:30:12.164868516
161,5225.0,15,5225.25,12:30:12.164904171
161,5225.0,14,5225.25,12:30:12.164922703
161,5225.0,13,5225.25,12:30:12.164934143
161,5225.0,129,5225.5,12:30:12.165190420
161,5225.0,129,5225.5,12:30:12.165190420
4,5225.25,129,5225.5,12:30:12.165190420
4,5225.25,129,5225.5,12:30:12.165226383
5,5225.25,129,5225.5,12:30:12.165232223
6,5225.25,129,5225.5,12:30:12.165252060
7,5225.25,129,5225.5,12:30:12.165281968
9,5225.25,129,5225.5,12:30:12.165315255
10,5225.25,129,5225.5,12:30:12.165320365
13,5225.25,129,5225.5,12:30:12.165326247
18,5225.25,129,5225.5,12:30:12.165330775
21,5225.25,129,5225.5,12:30:12.165340254
21,5225.25,129,5225.5,12:30:12.165349227
24,5225.25,129,5225.5,12:30:12.165358840
24,5225.25,129,5225.5,12:30:12.165382357
24,5225.25,128,5225.5,12:30:12.165397205
25,5225.25,128,5225.5,12:30:12.165409503
25,5225.25,128,5225.5,12:30:12.165417695
25,5225.25,126,5225.5,12:30:12.165429651
26,5225.25,126,5225.5,12:30:12.165442870
26,5225.25,126,5225.5,12:30:12.165496193
27,5225.25,126,5225.5,12:30:12.165532155
27,5225.25,126,5225.5,12:30:12.165540098
27,5225.25,126,5225.5,12:30:12.165565971
27,5225.25,126,5225.5,12:30:12.165565971
33,5225.25,126,5225.5,12:30:12.165588835
33,5225.25,126,5225.5,12:30:12.165760819
33,5225.25,126,5225.5,12:30:12.165760819
33,5225.25,126,5225.5,12:30:12.166035650
33,5225.25,126,5225.5,12:30:12.166059859
33,5225.25,126,5225.5,12:30:12.166538083
40,5225.25,126,5225.5,12:30:12.174404705
41,5225.25,126,5225.5,12:30:12.174491481
42,5225.25,126,5225.5,12:30:12.174514695
43,5225.25,126,5225.5,12:30:12.174524397
43,5225.25,126,5225.5,12:30:12.176334786
43,5225.25,126,5225.5,12:30:12.176510507
43,5225.25,126,5225.5,12:30:12.177310978
43,5225.25,126,5225.5,12:30:12.177310978
42,5225.25,126,5225.5,12:30:12.184626373
44,5225.25,126,5225.5,12:30:12.184733358
44,5225.25,126,5225.5,12:30:12.207313250
44,5225.25,126,5225.5,12:30:12.207320584
44,5225.25,126,5225.5,12:30:12.224701536
37,5225.25,126,5225.5,12:30:12.307824807
37,5225.25,126,5225.5,12:30:12.307927583
36,5225.25,126,5225.5,12:30:12.307934047
34,5225.25,126,5225.5,12:30:12.308026263
28,5225.25,126,5225.5,12:30:12.308234690
23,5225.25,126,5225.5,12:30:12.308335210
23,5225.25,126,5225.5,12:30:12.320032620
23,5225.25,126,5225.5,12:30:12.320135307
30,5225.25,126,5225.5,12:30:12.320232976
31,5225.25,126,5225.5,12:30:12.320241610
37,5225.25,126,5225.5,12:30:12.320451048
37,5225.25,126,5225.5,12:30:12.321086328
31,5225.25,126,5225.5,12:30:12.351635708
24,5225.25,126,5225.5,12:30:12.351877303
30,5225.25,126,5225.5,12:30:12.369226376
37,5225.25,126,5225.5,12:30:12.369235266
31,5225.25,126,5225.5,12:30:12.369669050
31,5225.25,126,5225.5,12:30:12.392422433
24,5225.25,126,5225.5,12:30:12.405878420
24,5225.25,126,5225.5,12:30:12.405935912
23,5225.25,126,5225.5,12:30:12.405980921
20,5225.25,126,5225.5,12:30:12.406231806
20,5225.25,126,5225.5,12:30:12.406280451
20,5225.25,126,5225.5,12:30:12.406280451
19,5225.25,126,5225.5,12:30:12.406348336
26,5225.25,126,5225.5,12:30:12.435725411
25,5225.25,126,5225.5,12:30:12.446627563
31,5225.25,126,5225.5,12:30:12.461499127
31,5225.25,126,5225.5,12:30:12.461749411
31,5225.25,126,5225.5,12:30:12.461749411
31,5225.25,126,5225.5,12:30:12.461851307
31,5225.25,131,5225.5,12:30:12.482541512
25,5225.25,131,5225.5,12:30:12.482651870
26,5225.25,131,5225.5,12:30:12.484758911
26,5225.25,131,5225.5,12:30:12.493906554
25,5225.25,131,5225.5,12:30:12.506408235
26,5225.25,131,5225.5,12:30:12.506556723
25,5225.25,131,5225.5,12:30:12.541129099
25,5225.25,131,5225.5,12:30:12.626147915
25,5225.25,131,5225.5,12:30:12.626164069
18,5225.25,131,5225.5,12:30:12.648204933
17,5225.25,131,5225.5,12:30:12.648971780
16,5225.25,131,5225.5,12:30:12.649066838
15,5225.25,131,5225.5,12:30:12.649155099
15,5225.25,131,5225.5,12:30:12.649178693
15,5225.25,131,5225.5,12:30:12.649581073
15,5225.25,131,5225.5,12:30:12.649581073
15,5225.25,131,5225.5,12:30:12.649587018
15,5225.25,131,5225.5,12:30:12.649587018
15,5225.25,131,5225.5,12:30:12.649674687
15,5225.25,131,5225.5,12:30:12.649674687
