price,volume,timestamp
5225.5,1,12:30:00.023472927
5225.5,1,12:30:00.023665025
5225.75,2,12:30:00.300575960
5225.5,2,12:30:00.957339045
5225.5,2,12:30:00.971732813
5225.5,2,12:30:00.971832712
5225.5,1,12:30:00.971832712
5225.5,1,12:30:00.974916269
5225.5,3,12:30:00.975018719
5225.5,2,12:30:01.022367391
5225.5,2,12:30:01.022809758
5225.5,1,12:30:01.022988245
5225.5,2,12:30:01.023032425
5225.5,1,12:30:01.024058168
5225.5,1,12:30:01.024168291
5225.5,1,12:30:01.024347777
5225.5,1,12:30:01.024411282
5225.5,2,12:30:01.024686638
5225.5,1,12:30:01.024717112
5225.5,1,12:30:01.083003220
5225.5,7,12:30:01.157580895
5225.5,1,12:30:01.164475449
5225.75,1,12:30:01.506006512
5225.75,1,12:30:02.248070999
5225.75,2,12:30:02.447772610
5225.5,1,12:30:03.114604967
5225.5,1,12:30:04.309454438
5225.5,1,12:30:04.590315145
5225.75,1,12:30:04.623435665
5225.75,1,12:30:04.826060517
5225.75,4,12:30:05.004793087
5225.5,1,12:30:05.759426007
5225.5,13,12:30:06.134801945
5225.25,10,12:30:06.149890227
5225.25,5,12:30:06.149948177
5225.25,1,12:30:06.432019797
5225.25,1,12:30:06.432230543
5225.25,1,12:30:06.432325871
5225.25,1,12:30:06.432411847
5225.25,1,12:30:06.432500258
5225.25,1,12:30:06.432623630
5225.25,1,12:30:06.432689868
5225.25,1,12:30:06.433440421
5225.25,3,12:30:06.440965599
5225.25,1,12:30:06.441134144
5225.25,3,12:30:06.441199317
5225.25,1,12:30:06.505659774
5225.25,1,12:30:06.583441578
5225.25,1,12:30:07.012851484
5225.25,2,12:30:07.013497926
5225.25,3,12:30:07.063888252
5225.5,1,12:30:07.145910021
5225.25,3,12:30:07.275187389
5225.25,1,12:30:07.275369629
5225.25,1,12:30:07.278926102
5225.25,1,12:30:07.279122384
5225.25,1,12:30:07.279184529
5225.25,6,12:30:07.279184529
5225.25,1,12:30:07.279396124
5225.25,1,12:30:07.815846962
5225.25,1,12:30:08.542213805
5225.25,1,12:30:08.696671443
5225.25,1,12:30:09.692413756
5225.25,1,12:30:09.692597136
5225.25,8,12:30:09.692726032
5225.25,19,12:30:09.701990286
5225.5,1,12:30:09.845256792
5225.25,1,12:30:10.025948106
5225.25,1,12:30:10.312968316
5225.5,1,12:30:10.616544789
5225.25,1,12:30:11.160736173
5225.25,8,12:30:11.160930957
5225.25,2,12:30:11.160977463
5225.25,2,12:30:11.161094480
5225.25,2,12:30:11.161140616
5225.25,9,12:30:11.161469883
5225.25,1,12:30:11.161881924
5225.25,1,12:30:11.196454002
5225.25,23,12:30:11.822003199
5225.0,2,12:30:11.822003199
5225.25,13,12:30:12.165178958
5225.25,1,12:30:12.648964225
5225.25,1,12:30:13.019147078
5225.25,4,12:30:13.048046530
5225.25,6,12:30:13.145273615
5225.25,4,12:30:13.145466954
5225.25,1,12:30:13.145547307
5225.25,2,12:30:13.145547307
5225.25,2,12:30:13.145841979
5225.25,2,12:30:13.145883675
5225.25,1,12:30:13.146055196
5225.25,2,12:30:13.160419994
5225.25,4,12:30:13.160612340
5225.25,1,12:30:13.339447412
5225.25,2,12:30:13.339626558
5225.0,1,12:30:13.607762732
5225.0,1,12:30:14.280183932
5225.0,1,12:30:14.715376465
5225.0,1,12:30:14.784158258
5225.0,1,12:30:14.824865012
5225.0,2,12:30:15.021449819
5225.0,1,12:30:15.365894147
5225.0,1,12:30:15.444230702
5225.0,1,12:30:15.950410437
5225.0,1,12:30:16.617461632
5225.25,2,12:30:17.189472340
5225.0,25,12:30:17.337357485
5225.0,1,12:30:17.338098611
5225.0,1,12:30:17.434757965
5225.0,2,12:30:18.433767695
5225.0,1,12:30:19.280737069
5225.0,9,12:30:19.281027315
5225.0,8,12:30:19.281146238
5225.0,1,12:30:19.281146238
5225.0,20,12:30:19.281535555
5225.0,1,12:30:19.281677808
5225.0,1,12:30:19.281777909
5225.0,1,12:30:19.284227693
5225.25,3,12:30:20.184059023
5225.25,22,12:30:20.184247549
5225.25,1,12:30:20.184670473
5225.25,1,12:30:20.196894479
5225.25,1,12:30:20.197142327
5225.25,10,12:30:20.370873114
5225.25,1,12:30:20.370979015
5225.25,2,12:30:20.371293943
5225.25,7,12:30:20.371607872
5225.25,2,12:30:20.372342464
5225.25,9,12:30:20.372641653
5225.25,1,12:30:20.372744065
5225.25,1,12:30:20.433017596
5225.25,1,12:30:24.474829488
5225.25,8,12:30:24.971511176
5225.25,4,12:30:24.971585578
5225.25,1,12:30:24.971691538
5225.25,1,12:30:24.972060260
5225.25,2,12:30:24.972109042
5225.25,2,12:30:25.452260184
5225.25,1,12:30:26.834544426
5225.5,1,12:30:26.840153340
5225.25,15,12:30:27.037526334
5225.25,1,12:30:27.037746022
5225.25,1,12:30:27.045993548
5225.25,5,12:30:27.129117295
5225.25,15,12:30:27.129550327
5225.0,1,12:30:28.247184616
5225.0,2,12:30:28.418086875
5225.0,4,12:30:28.795039964
5225.0,1,12:30:28.795230074
5225.0,2,12:30:28.795296571
5225.0,1,12:30:28.795421639
5225.0,3,12:30:28.795421639
5225.0,1,12:30:28.795463784
5225.0,14,12:30:28.795740186
5225.0,1,12:30:28.798423309
5224.75,5,12:30:29.009348666
5224.75,4,12:30:29.009362385
5224.75,2,12:30:29.009362385
5224.75,1,12:30:29.009362385
5224.75,1,12:30:29.009374542
5224.75,2,12:30:29.009374542
5224.75,1,12:30:29.009381240
5224.75,2,12:30:29.009383924
5224.75,3,12:30:29.033919177
5224.75,1,12:30:29.474724130
5225.0,10,12:30:29.625761699
5225.0,20,12:30:29.637148831
5225.0,1,12:30:29.637196112
5225.0,1,12:30:29.637763401
5225.25,15,12:30:30.118542844
5225.0,1,12:30:30.228876489
5225.0,7,12:30:31.624295676
5225.0,1,12:30:31.704193611
5225.0,1,12:30:32.505375036
5225.0,1,12:30:32.584975855
5225.0,3,12:30:32.847602085
5225.0,1,12:30:32.847789497
5225.0,6,12:30:32.848074204
5225.0,2,12:30:32.848221721
5225.0,5,12:30:32.848466237
5225.0,1,12:30:32.848611063
5225.0,1,12:30:32.848755392
5225.0,4,12:30:32.848865090
5225.0,1,12:30:32.849051542
5225.0,2,12:30:32.849110311
5225.0,1,12:30:32.849438004
5225.0,6,12:30:32.849470335
5225.0,1,12:30:32.849848080
5225.0,1,12:30:32.850178946
5225.25,6,12:30:32.851485595
5225.0,1,12:30:33.246148502
5225.0,3,12:30:33.457581444
5225.25,1,12:30:34.049313937
5225.0,3,12:30:34.353356228
5225.25,3,12:30:34.364895207
5225.0,1,12:30:34.567414146
5225.0,2,12:30:34.568261122
5225.0,2,12:30:34.568311385
5225.0,56,12:30:34.570925534
5225.0,1,12:30:34.571952131
5224.75,6,12:30:34.913931745
5224.75,2,12:30:34.913987829
5224.75,1,12:30:34.913987829
5224.75,1,12:30:34.914067475
5224.75,1,12:30:34.914101251
5224.75,8,12:30:34.914198976
5224.75,1,12:30:34.914263575
5224.75,4,12:30:34.914396375
5224.75,2,12:30:34.914628178
5224.75,1,12:30:34.914628178
5224.75,1,12:30:34.914655596
5224.75,15,12:30:34.914795183
5224.5,1,12:30:35.196031286
5224.5,1,12:30:35.196043279
5224.5,1,12:30:35.196159157
5224.5,2,12:30:35.196236011
5224.5,2,12:30:35.196291118
5224.5,4,12:30:35.196358534
5224.5,1,12:30:35.196458440
5224.5,1,12:30:35.196492399
5224.5,1,12:30:35.196564452
5224.5,1,12:30:35.210386147
5224.75,1,12:30:35.436975816
5224.75,4,12:30:35.572504625
5224.75,1,12:30:35.572564939
5224.75,8,12:30:35.572769372
5224.75,2,12:30:35.572931648
5224.75,1,12:30:35.572931648
5224.75,1,12:30:35.572933197
5224.75,4,12:30:35.572985704
5224.75,7,12:30:35.573321144
5224.75,2,12:30:35.573393152
5224.75,5,12:30:35.573584892
5224.75,8,12:30:35.742469639
5224.75,1,12:30:35.742576989
5224.75,4,12:30:35.742658065
5224.75,2,12:30:35.743004852
5224.75,8,12:30:35.743264561
5224.75,1,12:30:35.743293607
5224.75,2,12:30:35.744921753
5224.75,8,12:30:35.745102326
5224.75,4,12:30:35.745223573
5224.75,1,12:30:35.747605583
5224.75,12,12:30:35.747820233
5224.75,5,12:30:35.748020999
5224.75,4,12:30:35.748488202
5224.75,1,12:30:35.748623299
5224.75,1,12:30:35.755880719
5224.75,1,12:30:35.756032463
5224.75,1,12:30:36.079530749
5225.0,3,12:30:36.179813913
5225.0,8,12:30:36.180076308
5225.0,8,12:30:36.180139993
5225.0,4,12:30:36.180420370
5225.0,2,12:30:36.180561854
5225.0,3,12:30:36.180561854
5225.25,1,12:30:36.434924541
5225.0,1,12:30:36.663678199
5225.0,2,12:30:37.200552624
5225.25,78,12:30:38.142815730
5225.25,2,12:30:38.142835637
5225.25,1,12:30:38.294803793
5225.0,1,12:30:38.833071295
5225.0,1,12:30:39.404229314
5225.0,1,12:30:39.892599119
5225.0,2,12:30:39.892769126
5225.0,1,12:30:39.892800201
5225.0,9,12:30:39.892927586
5224.75,1,12:30:39.958924999
5224.75,19,12:30:39.958933396
5225.0,1,12:30:40.080190749
5224.75,1,12:30:40.131731553
5224.75,5,12:30:40.925702688
5224.75,1,12:30:41.367254974
5225.0,12,12:30:41.637765025
5225.0,7,12:30:41.638088830
5225.0,1,12:30:41.638233149
5225.0,3,12:30:41.638233149
5225.0,8,12:30:41.638233149
5225.0,2,12:30:41.638233149
5225.0,1,12:30:41.638560478
5225.0,1,12:30:41.935458968
5225.0,3,12:30:43.552259731
5225.25,1,12:30:43.607762512
5225.25,2,12:30:43.610775212
5225.25,41,12:30:43.611206603
5225.5,1,12:30:43.684446452
5225.5,1,12:30:43.684456071
5225.25,1,12:30:43.757546967
5225.25,1,12:30:43.804271573
5225.5,3,12:30:44.045669633
5225.25,1,12:30:44.997187234
5225.25,1,12:30:45.005543012
5225.25,1,12:30:45.098273990
5225.5,1,12:30:45.428928970
5225.25,1,12:30:45.666306740
5225.5,3,12:30:45.811912812
5225.5,2,12:30:46.547358843
5225.5,1,12:30:46.760600089
5225.25,5,12:30:47.702328682
5225.25,1,12:30:47.702378703
5225.25,8,12:30:47.702603276
5225.25,1,12:30:47.702741897
5225.25,7,12:30:47.702741897
5225.25,1,12:30:47.703013346
5225.25,1,12:30:47.703087799
5225.25,6,12:30:47.703333604
5225.25,1,12:30:47.703529269
5225.25,1,12:30:47.703606305
5225.25,1,12:30:47.717733144
5225.5,1,12:30:48.076827642
5225.5,2,12:30:50.012967777
5225.5,2,12:30:50.013139128
5225.5,1,12:30:50.013250899
5225.5,2,12:30:50.013338018
5225.5,1,12:30:50.013374499
5225.5,1,12:30:50.013514764
5225.5,1,12:30:50.013554583
5225.5,8,12:30:50.013686854
5225.5,2,12:30:50.013820191
5225.5,1,12:30:50.013862774
5225.5,2,12:30:50.013963205
5225.5,1,12:30:50.014124687
5225.5,6,12:30:50.106680449
5225.25,1,12:30:50.106906227
5225.5,3,12:30:50.106995502
5225.5,8,12:30:50.352957872
5225.5,1,12:30:50.353021962
5225.5,2,12:30:50.353021962
5225.5,2,12:30:50.353109151
5225.5,1,12:30:50.353179717
5225.5,8,12:30:50.353225826
5225.5,38,12:30:50.353348302
5225.5,1,12:30:50.353845493
5225.5,27,12:30:50.495788682
5225.5,2,12:30:50.496766321
5225.5,1,12:30:51.606299146
5225.25,1,12:30:55.016142799
5225.5,1,12:30:58.053471864
5225.5,11,12:30:59.506713221
5225.5,1,12:30:59.916756402
5225.5,1,12:31:00.647007563
5225.5,1,12:31:00.933454154
5225.25,1,12:31:03.077070264
5225.25,5,12:31:03.744048747
5225.5,1,12:31:03.865490529
5225.25,2,12:31:03.965345239
5225.25,10,12:31:04.727759659
5225.25,8,12:31:04.825288966
5225.25,1,12:31:04.825438031
5225.25,1,12:31:04.825582968
5225.25,2,12:31:04.825582968
5225.25,8,12:31:04.825834470
5225.25,4,12:31:04.825834470
5225.25,5,12:31:04.825834470
5225.25,1,12:31:04.825834470
5225.25,3,12:31:04.825860077
5225.25,2,12:31:04.825860077
5225.25,1,12:31:04.826554050
5225.25,1,12:31:05.102553413
5225.25,8,12:31:05.388534310
5225.25,1,12:31:05.388601511
5225.25,1,12:31:05.388967199
5225.25,1,12:31:05.389131612
5225.25,3,12:31:07.102855898
5225.5,23,12:31:07.404554894
5225.5,7,12:31:07.622139540
5225.5,1,12:31:07.622264743
5225.5,1,12:31:07.622299307
5225.5,11,12:31:07.625417021
5225.5,4,12:31:07.625704968
5225.5,5,12:31:07.632610151
5225.5,1,12:31:07.632671701
5225.25,1,12:31:09.898366030
5225.5,1,12:31:10.736646101
5225.5,1,12:31:11.722687296
5225.5,1,12:31:12.359311447
5225.25,31,12:31:15.489966594
5225.25,1,12:31:15.490660872
5225.25,1,12:31:15.490817110
5225.25,3,12:31:15.491042010
5225.25,4,12:31:15.491119317
5225.25,12,12:31:15.492098265
5225.25,1,12:31:16.061885937
5225.25,1,12:31:16.111442780
5225.25,12,12:31:16.115860204
5225.25,1,12:31:16.115975771
5225.25,6,12:31:16.116011963
5225.25,1,12:31:16.116192870
5225.25,3,12:31:16.116498174
5225.25,5,12:31:16.116568066
5225.25,1,12:31:16.116665855
5225.25,1,12:31:16.116914171
5225.25,10,12:31:16.116994054
5225.25,2,12:31:16.117122434
5225.25,3,12:31:16.843156769
5225.25,2,12:31:16.843334604
5225.25,1,12:31:16.843379561
5225.25,1,12:31:16.843504911
5225.5,1,12:31:19.319242217
5225.25,1,12:31:21.318800391
5225.25,1,12:31:22.098517606
5225.25,19,12:31:22.122298437
5225.25,1,12:31:22.122753673
5225.25,16,12:31:22.123033086
5225.25,1,12:31:22.123065455
5225.25,7,12:31:22.123343528
5225.25,1,12:31:22.123557571
5225.25,5,12:31:22.123638126
5225.25,7,12:31:22.123688898
5225.25,1,12:31:22.123841096
5225.25,1,12:31:22.124034169
5225.25,1,12:31:22.238316605
5225.25,2,12:31:22.238355477
5225.25,1,12:31:22.239132136
5225.0,2,12:31:24.250275993
5225.0,1,12:31:24.406653435
5225.25,11,12:31:25.107125847
5225.0,1,12:31:26.759964272
5225.0,1,12:31:29.117830611
5225.0,1,12:31:30.508357955
5225.0,1,12:31:32.033250526
5225.25,35,12:31:34.631815131
5225.25,1,12:31:34.632494720
5225.25,1,12:31:38.492207829
5225.25,1,12:31:40.924800399
5225.5,11,12:31:40.928099678
5225.25,1,12:31:42.179922321
5225.25,1,12:31:42.179932302
5225.5,1,12:31:43.675495215
5225.5,1,12:31:45.453621688
5225.25,9,12:31:45.931560506
5225.25,5,12:31:45.931683023
5225.25,4,12:31:45.931747684
5225.25,3,12:31:45.934538217
5225.25,3,12:31:45.934631793
5225.25,1,12:31:45.935042899
5225.25,2,12:31:45.935386419
5225.25,1,12:31:45.935436894
5225.25,8,12:31:45.935730464
5225.25,1,12:31:45.935765412
5225.25,4,12:31:45.935870919
5225.25,1,12:31:45.935994740
5225.25,1,12:31:45.936035409
5225.25,1,12:31:45.936375073
5225.25,4,12:31:45.936438899
5225.25,1,12:31:45.957577085
5225.25,1,12:31:45.965502133
5225.0,1,12:31:46.028877540
5225.25,1,12:31:46.122225164
5225.25,1,12:31:46.122404947
5225.25,1,12:31:46.347914970
5225.25,12,12:31:46.348164817
5225.25,1,12:31:46.348339189
5225.25,8,12:31:46.348339189
5225.25,1,12:31:46.348339666
5225.25,40,12:31:48.266421520
5225.0,2,12:31:49.023501481
5225.0,1,12:31:50.147099783
5225.0,1,12:31:50.572388976
5225.0,1,12:31:51.443113298
5225.0,2,12:31:51.443181881
5225.0,7,12:31:51.443344000
5225.0,2,12:31:51.443344000
5225.0,3,12:31:51.443344000
5225.0,39,12:31:51.443491190
5225.0,38,12:31:51.443737479
5225.0,8,12:31:51.443970828
5225.0,4,12:31:51.444340769
5225.0,1,12:31:51.444340769
5225.0,1,12:31:51.444346174
5225.0,1,12:31:51.444375816
5225.0,1,12:31:51.444562812
5225.0,4,12:31:51.444562812
5225.0,1,12:31:51.444666725
5225.0,1,12:31:51.444823152
5225.0,1,12:31:51.444997467
5225.0,1,12:31:51.445197839
5225.0,8,12:31:51.459923552
5225.0,1,12:31:51.459957521
5225.0,1,12:31:51.460058155
5225.0,1,12:31:51.460361255
5225.0,1,12:31:51.460551106
5225.0,2,12:31:51.460600780
5225.0,3,12:31:51.460710965
5225.0,2,12:31:51.460710965
5224.75,1,12:31:51.557959601
5225.0,2,12:31:52.096591840
5225.0,45,12:31:56.024135400
5225.0,1,12:31:56.024737393
5225.0,1,12:31:56.025246747
5225.0,1,12:31:56.025543185
5225.0,3,12:31:56.516232455
5225.0,1,12:31:56.586307812
5225.0,45,12:31:58.166130016
5225.0,1,12:31:58.166244668
5225.0,1,12:31:58.166819784
5225.0,11,12:31:59.505745016
5224.75,1,12:31:59.526297894
5225.0,1,12:32:00.056303105
5224.75,1,12:32:00.543842484
5224.75,8,12:32:00.552036351
5224.75,1,12:32:00.552169384
5224.75,23,12:32:00.552398771
5224.75,1,12:32:00.552526163
5224.75,1,12:32:00.552702400
5224.75,2,12:32:00.552740849
5224.75,1,12:32:00.552970792
5224.75,3,12:32:00.552970792
5224.75,6,12:32:00.552970792
5224.75,8,12:32:00.552970792
5224.75,2,12:32:00.552970792
5224.75,2,12:32:00.553221290
5224.75,4,12:32:00.553266705
5224.75,1,12:32:00.553383892
5224.75,1,12:32:00.553505590
5224.75,1,12:32:00.553668480
5224.75,6,12:32:00.553668480
5224.75,1,12:32:00.553753461
5224.75,2,12:32:00.553753461
5224.75,1,12:32:00.553958921
5224.75,1,12:32:00.554196660
5224.75,1,12:32:00.554342388
5224.75,6,12:32:00.650097034
5224.75,6,12:32:01.123439024
5224.75,4,12:32:01.123671472
5224.75,1,12:32:01.123702823
5224.75,2,12:32:01.123918641
5224.75,1,12:32:01.124013774
5224.75,2,12:32:01.124135623
5224.75,1,12:32:01.124727456
5224.75,1,12:32:01.124789232
5224.75,4,12:32:01.280301381
5224.75,3,12:32:01.280539385
5224.75,1,12:32:01.748299944
5224.75,5,12:32:01.748544135
5224.75,1,12:32:01.748612171
5224.75,10,12:32:01.751405834
5224.75,8,12:32:01.751634136
5224.75,2,12:32:01.751710740
5224.75,3,12:32:03.570724624
5224.75,7,12:32:03.674035987
5224.75,1,12:32:03.674167503
5224.75,1,12:32:03.674239492
5224.75,1,12:32:03.674317986
5224.75,2,12:32:03.674317986
5224.75,2,12:32:03.674660713
5224.75,1,12:32:03.674723475
5224.75,1,12:32:03.674830457
5224.75,25,12:32:03.706578810
5224.75,1,12:32:04.140829982
5224.75,3,12:32:04.141038821
5224.75,2,12:32:04.141656748
5224.75,2,12:32:04.141757239
5224.75,1,12:32:04.141877564
5224.75,2,12:32:04.142461628
5224.75,1,12:32:04.142608011
5224.5,1,12:32:04.151363958
5224.75,6,12:32:04.447756604
5224.75,1,12:32:05.537475339
5224.75,1,12:32:07.159284680
5225.0,1,12:32:09.364769780
5224.75,7,12:32:10.119826668
5225.0,6,12:32:10.913912750
5224.75,3,12:32:11.173488479
5224.75,1,12:32:11.173682151
5224.75,1,12:32:11.173755887
5224.75,6,12:32:11.173755887
5224.75,1,12:32:11.173863793
5224.75,3,12:32:12.229701182
5224.75,1,12:32:12.229893686
5224.75,17,12:32:12.230831183
5224.75,5,12:32:12.231123041
5224.75,1,12:32:12.231254090
5224.75,4,12:32:12.231254090
5224.75,7,12:32:12.231254090
5224.75,3,12:32:12.231254090
5224.75,1,12:32:12.231488834
5224.75,1,12:32:12.231632856
5224.75,1,12:32:12.231696160
5224.75,5,12:32:12.231968140
5224.75,1,12:32:12.232034842
5224.75,1,12:32:12.232195521
5224.5,1,12:32:12.240026923
5224.5,1,12:32:12.241038710
5224.75,18,12:32:12.864453540
5224.75,2,12:32:12.968230568
5224.75,1,12:32:12.968458902
5224.75,4,12:32:12.968511627
5224.75,4,12:32:12.968572625
5224.5,1,12:32:12.977463973
5224.75,1,12:32:13.031951323
5224.5,3,12:32:13.057830055
5224.5,4,12:32:13.377472848
5224.5,2,12:32:13.586694419
5224.5,5,12:32:13.592272484
5224.5,1,12:32:13.749159896
5224.75,1,12:32:14.138677456
5224.5,1,12:32:14.157023928
5224.75,1,12:32:14.306399896
5224.75,4,12:32:14.323973437
5224.75,3,12:32:14.324220971
5224.75,1,12:32:14.324470878
5224.75,1,12:32:14.325140264
5224.75,1,12:32:14.379971621
5224.75,1,12:32:14.756262330
5224.75,1,12:32:14.915920803
5224.75,1,12:32:15.521720889
5225.0,1,12:32:16.233833315
5225.0,2,12:32:16.234027869
5225.0,2,12:32:16.244587781
5225.0,2,12:32:16.244738216
5225.0,11,12:32:16.244851611
5225.0,1,12:32:16.244894245
5225.0,1,12:32:16.245022887
5225.0,8,12:32:16.245022887
5225.0,4,12:32:16.245224648
5225.0,3,12:32:16.245224648
5225.0,5,12:32:16.245224648
5225.0,2,12:32:16.245224648
5225.0,3,12:32:16.245228824
5225.0,7,12:32:16.245301715
5225.0,1,12:32:16.245301715
5225.0,54,12:32:16.245382338
5225.0,2,12:32:16.245382338
5225.0,1,12:32:16.245664552
5225.0,1,12:32:16.245877442
5225.0,1,12:32:16.245960548
5225.0,2,12:32:16.246079801
5225.0,1,12:32:16.246079801
5225.0,4,12:32:16.246235174
5225.0,1,12:32:16.246336597
5225.0,1,12:32:16.246475255
5225.0,1,12:32:16.246605597
5225.0,2,12:32:16.246794081
5225.0,1,12:32:16.246998108
5225.0,5,12:32:16.247076967
5225.0,2,12:32:16.247076967
5225.0,1,12:32:16.422550330
5224.75,1,12:32:17.623567855
5225.0,1,12:32:19.034610412
5225.0,1,12:32:19.053190422
5225.0,7,12:32:19.053464609
5225.0,1,12:32:19.053651906
5225.0,1,12:32:19.073270995
5225.0,1,12:32:19.125461848
5225.0,1,12:32:20.301562093
5225.25,9,12:32:20.304222600
5225.0,1,12:32:21.048618514
5225.0,1,12:32:22.151305819
5225.25,1,12:32:25.004014003
5225.25,1,12:32:25.016657151
5225.25,7,12:32:25.058916518
5225.25,39,12:32:25.059071420
5225.25,10,12:32:25.059203051
5225.25,1,12:32:25.059203051
5225.25,1,12:32:25.059209740
5225.25,5,12:32:25.059618544
5225.25,1,12:32:25.059761341
5225.25,1,12:32:25.059912067
5225.25,11,12:32:25.060255300
5225.25,8,12:32:25.060255300
5225.25,1,12:32:25.060526368
5225.25,7,12:32:25.060526368
5225.25,2,12:32:25.060771038
5225.25,1,12:32:25.060771038
5225.25,2,12:32:25.060959435
5225.25,1,12:32:25.060959435
5225.25,1,12:32:25.061055764
5225.25,5,12:32:25.071114882
5225.25,3,12:32:25.071306843
5225.25,4,12:32:25.071413886
5225.25,2,12:32:25.071524566
5225.25,1,12:32:25.071524566
5225.25,1,12:32:25.071703566
5225.25,2,12:32:25.071816931
5225.25,1,12:32:25.071918946
5225.25,11,12:32:25.083843631
5225.25,1,12:32:25.083953096
5225.25,1,12:32:25.084056631
5225.25,1,12:32:25.084264430
5225.25,1,12:32:25.084449157
5225.25,1,12:32:25.084633448
5225.25,2,12:32:25.084841024
5225.25,1,12:32:25.100741645
5225.25,1,12:32:25.100917316
5225.25,2,12:32:25.209052433
5225.25,1,12:32:25.209379722
5225.25,1,12:32:25.508046945
5225.25,1,12:32:25.617863891
5225.25,4,12:32:26.878730835
5225.25,1,12:32:27.012161373
5225.25,15,12:32:27.808912876
5225.25,1,12:32:27.809264407
5225.25,8,12:32:27.810862301
5225.25,1,12:32:27.810997133
5225.25,1,12:32:28.146050690
5225.5,1,12:32:29.180134408
5225.25,1,12:32:29.631806612
5225.25,8,12:32:29.823113166
5225.25,1,12:32:29.823133039
5225.25,1,12:32:29.823291433
5225.25,4,12:32:29.823372474
5225.25,1,12:32:29.823556843
5225.25,1,12:32:29.823768368
5225.5,1,12:32:30.409981444
5225.5,11,12:32:31.175286995
5225.5,1,12:32:31.482412598
5225.25,33,12:32:34.812612260
5225.25,4,12:32:34.812739596
5225.25,1,12:32:34.813108353
5225.25,1,12:32:34.815106582
5225.25,8,12:32:34.815148099
5225.25,5,12:32:34.815328016
5225.25,1,12:32:34.816492005
5225.25,1,12:32:34.816646091
5225.25,4,12:32:34.816742746
5225.0,3,12:32:34.821572833
5225.25,2,12:32:34.874448162
5225.0,1,12:32:35.279648409
5225.0,2,12:32:35.504108516
5225.0,17,12:32:35.977654508
5225.0,1,12:32:35.977710135
5225.0,1,12:32:35.978178756
5225.0,1,12:32:35.978845579
5225.0,2,12:32:35.978902569
5225.0,7,12:32:35.979219970
5225.0,1,12:32:35.979471731
5225.0,4,12:32:35.979611162
5225.0,1,12:32:35.979611162
5225.0,1,12:32:35.980355283
5225.0,5,12:32:35.980539228
5225.0,1,12:32:36.043810255
5225.0,2,12:32:36.188122716
5225.0,1,12:32:36.188150541
5225.0,2,12:32:36.188285407
5225.0,7,12:32:36.188436584
5225.0,1,12:32:36.188474569
5225.0,7,12:32:37.154533405
5224.75,1,12:32:38.740702845
5225.0,1,12:32:39.065676009
5224.75,1,12:32:39.887178884
5225.0,21,12:32:40.751663602
5225.0,5,12:32:42.392070549
5225.0,1,12:32:43.081443204
5225.0,1,12:32:43.336352881
5225.0,1,12:32:44.025451842
5225.0,33,12:32:44.101420871
5225.0,1,12:32:44.240770239
5225.0,8,12:32:44.241928566
5225.0,1,12:32:44.241980737
5225.0,1,12:32:44.242868691
5225.0,1,12:32:44.242902275
5225.0,1,12:32:44.242985062
5225.0,1,12:32:44.243141932
5225.0,1,12:32:44.243179600
5225.0,1,12:32:44.243290012
5225.0,1,12:32:44.243337353
5225.0,1,12:32:44.243487679
5225.0,1,12:32:44.244038042
5225.0,1,12:32:44.732200025
5225.0,1,12:32:48.355417347
5225.0,3,12:32:53.180886466
5225.25,28,12:32:54.259224726
5225.25,9,12:32:54.259290881
5225.25,14,12:32:54.259352802
5225.25,1,12:32:54.259958328
5225.5,1,12:32:54.277764328
5225.5,1,12:32:55.644511517
5225.5,1,12:32:56.252307556
5225.5,11,12:32:59.505794988
5225.5,2,12:33:00.965709606
5225.25,1,12:33:01.053284641
5225.25,8,12:33:01.053431143
5225.25,8,12:33:01.053481883
5225.25,25,12:33:01.053918586
5225.25,2,12:33:01.055667425
5225.25,1,12:33:01.066353518
5225.25,2,12:33:02.206207911
5225.25,1,12:33:02.206253329
5225.25,1,12:33:02.206426626
5225.25,1,12:33:02.206493164
5225.25,3,12:33:02.206493164
5225.25,5,12:33:02.206640284
5225.25,1,12:33:02.206980803
5225.25,6,12:33:02.209083050
5225.0,4,12:33:03.065086891
5225.25,4,12:33:04.031709152
5225.25,5,12:33:04.031779128
5225.25,1,12:33:04.031813269
5225.25,4,12:33:04.031907070
5225.25,8,12:33:04.032110475
5225.25,1,12:33:04.032110475
5225.25,2,12:33:04.032110475
5225.5,10,12:33:04.410808494
5225.5,2,12:33:05.042211912
5225.5,2,12:33:05.043525625
5225.5,8,12:33:05.043828844
5225.5,1,12:33:05.043990667
5225.5,61,12:33:05.043990667
5225.5,8,12:33:05.044594452
5225.5,9,12:33:05.044594452
5225.5,1,12:33:05.044594452
5225.5,1,12:33:05.044724877
5225.5,2,12:33:05.044724877
5225.75,5,12:33:05.242649167
5225.75,1,12:33:05.242660246
5225.5,1,12:33:05.427881797
5225.75,1,12:33:05.997289091
5225.75,5,12:33:06.066359642
5225.75,2,12:33:06.066547761
5225.75,8,12:33:06.066688928
5225.75,1,12:33:06.080004074
5225.75,1,12:33:06.138321538
5225.75,42,12:33:06.140047281
5225.75,29,12:33:06.343316783
5225.75,1,12:33:06.660006820
5225.75,1,12:33:06.710494088
5225.75,7,12:33:06.794064053
5226.0,3,12:33:06.928126636
5226.0,3,12:33:06.928139939
5226.0,1,12:33:06.928139939
5226.0,2,12:33:06.928139939
5225.75,1,12:33:07.034804317
5225.75,18,12:33:07.037370756
5225.75,9,12:33:07.037925064
5225.75,1,12:33:07.038221055
5225.75,5,12:33:07.203556631
5225.75,6,12:33:07.204544206
5225.75,1,12:33:08.095476481
5225.75,1,12:33:13.012414126
5225.75,18,12:33:13.012736564
5225.75,4,12:33:13.012937813
5225.75,5,12:33:13.013074331
5225.75,1,12:33:13.013074331
5225.75,2,12:33:13.013074331
5225.75,9,12:33:13.013289769
5225.75,2,12:33:13.013289769
5225.75,1,12:33:13.013618456
5225.75,7,12:33:13.013915657
5225.75,1,12:33:13.014109427
5225.75,1,12:33:13.348750554
5225.75,1,12:33:13.588254388
5225.75,2,12:33:13.928139600
5225.75,3,12:33:15.340486570
5225.75,5,12:33:18.181114090
5225.75,5,12:33:18.184547495
5225.75,1,12:33:18.184865346
5225.75,3,12:33:18.185097782
5225.5,7,12:33:20.502312291
5225.5,2,12:33:20.502394338
5225.5,1,12:33:20.502394338
5225.5,2,12:33:20.502441949
5225.5,5,12:33:20.502559410
5225.5,2,12:33:20.502695483
5225.5,1,12:33:20.502695483
5225.5,3,12:33:20.502695483
5225.5,2,12:33:20.502839136
5225.5,9,12:33:20.502839136
5225.5,9,12:33:20.503034982
5225.5,2,12:33:20.503034982
5225.5,1,12:33:20.503034982
5225.5,5,12:33:20.503083392
5225.5,9,12:33:20.503134497
5225.5,3,12:33:20.503249488
5225.5,2,12:33:20.503249488
5225.5,1,12:33:20.503352558
5225.5,8,12:33:20.505353425
5225.5,4,12:33:20.514703421
5225.5,8,12:33:20.514930568
5225.5,1,12:33:20.515051053
5225.5,3,12:33:20.515051053
5225.5,1,12:33:21.206380595
5225.5,1,12:33:21.811739768
5225.5,1,12:33:21.822749382
5225.5,8,12:33:21.970900670
5225.5,1,12:33:21.970931825
5225.5,1,12:33:21.971276613
5225.5,8,12:33:21.971553416
5225.5,1,12:33:21.971703981
5225.5,1,12:33:21.971801686
5225.5,1,12:33:24.335525223
5225.5,1,12:33:24.335747576
5225.5,4,12:33:24.335834605
5225.5,1,12:33:24.336171876
5225.5,3,12:33:24.336377150
5225.5,1,12:33:24.738341963
5225.25,2,12:33:26.199644582
5225.25,8,12:33:30.312384158
5225.25,1,12:33:30.312403313
5225.25,1,12:33:30.312531249
5225.25,1,12:33:30.312566379
5225.25,7,12:33:30.312668842
5225.25,3,12:33:30.312731371
5225.25,3,12:33:30.312822185
5225.25,4,12:33:30.312822185
5225.25,2,12:33:30.312851606
5225.25,1,12:33:30.312914021
5225.25,5,12:33:30.312956681
5225.25,1,12:33:30.326994093
5225.25,1,12:33:30.442321500
5225.25,1,12:33:30.443404558
5225.25,1,12:33:30.443949299
5225.25,1,12:33:31.441937925
5225.25,1,12:33:31.442256582
5225.25,1,12:33:31.442423852
5225.25,2,12:33:31.458461471
5225.0,1,12:33:31.686360457
5225.25,40,12:33:32.907580412
5225.25,4,12:33:32.907747167
5225.25,13,12:33:32.907747167
5225.25,8,12:33:32.908063347
5225.25,2,12:33:32.908098551
5225.25,1,12:33:32.908229357
5225.25,1,12:33:32.908422119
5225.25,3,12:33:34.418364568
5225.0,25,12:33:34.693828404
5225.0,6,12:33:34.694297665
5225.0,1,12:33:34.694480859
5225.0,25,12:33:34.694614595
5225.0,1,12:33:34.706606680
5225.0,1,12:33:34.707121663
5225.0,8,12:33:34.707170413
5225.0,2,12:33:34.707307024
5225.0,3,12:33:34.707378177
5225.0,1,12:33:34.707461347
5225.0,2,12:33:34.707605747
5225.0,1,12:33:34.707867947
5225.0,1,12:33:34.707930521
5225.0,1,12:33:34.715929709
5225.0,1,12:33:34.717606818
5225.0,2,12:33:34.718805822
5225.0,1,12:33:34.719090486
5225.0,1,12:33:34.719293623
5225.0,3,12:33:34.719435846
5225.0,7,12:33:34.722879423
5225.0,1,12:33:35.005387872
5225.0,1,12:33:35.005619469
5225.0,1,12:33:35.005661905
5225.0,4,12:33:35.005897888
5225.25,1,12:33:35.619101108
5225.0,1,12:33:36.705348081
5225.0,18,12:33:37.143264256
5225.0,4,12:33:37.223300517
5225.0,1,12:33:37.706415357
5225.0,1,12:33:38.058465480
5225.0,1,12:33:38.098308783
5225.0,3,12:33:38.098373018
5225.0,1,12:33:38.098549767
5225.0,3,12:33:38.098596815
5225.0,2,12:33:38.098919663
5225.0,1,12:33:38.099263410
5224.75,1,12:33:38.913648618
5224.75,1,12:33:38.913658768
5224.75,1,12:33:39.564280328
5224.75,1,12:33:40.187622741
5224.75,1,12:33:40.187834284
5224.75,1,12:33:40.891315601
5225.0,3,12:33:41.295068171
5224.75,2,12:33:41.728901336
5224.75,2,12:33:41.729109261
5224.75,1,12:33:41.729314848
5224.75,7,12:33:41.729572387
5224.75,45,12:33:41.740679086
5224.75,17,12:33:41.740724636
5224.75,1,12:33:41.741231690
5224.5,1,12:33:41.749764012
5224.75,2,12:33:41.751776702
5224.75,1,12:33:41.760405858
5224.5,1,12:33:41.938555565
5224.5,1,12:33:41.946970060
5224.5,1,12:33:41.947006157
5224.5,3,12:33:41.947045348
5224.5,1,12:33:41.947109756
5224.5,1,12:33:41.947208874
5224.5,1,12:33:41.947284354
5224.5,1,12:33:41.947318522
5224.5,1,12:33:41.950455509
5224.5,49,12:33:41.950891384
5224.5,14,12:33:41.950977081
5224.5,1,12:33:41.962838555
5224.5,7,12:33:41.972410820
5224.5,3,12:33:41.972638963
5224.5,1,12:33:41.972666116
5224.5,1,12:33:41.972704628
5224.5,3,12:33:41.972762937
5224.5,1,12:33:41.972786598
5224.5,1,12:33:42.269874643
5224.5,1,12:33:42.269938125
5224.5,1,12:33:42.270147934
5224.5,1,12:33:42.270179592
5224.5,1,12:33:42.270510095
5224.5,1,12:33:42.270722803
5224.25,1,12:33:42.536891799
5224.25,1,12:33:42.536907028
5224.5,1,12:33:42.537913100
5224.5,5,12:33:42.538012925
5224.5,3,12:33:42.538301697
5224.5,1,12:33:42.538370728
5224.5,2,12:33:42.538520331
5224.5,1,12:33:42.538559266
5224.5,1,12:33:42.538636560
5224.5,1,12:33:42.539230268
5224.25,5,12:33:42.570732251
5224.25,1,12:33:42.644313225
5224.25,1,12:33:42.731310404
5224.25,3,12:33:43.349784570
5224.5,2,12:33:43.366826221
5224.25,1,12:33:43.706458920
5224.25,11,12:33:44.751921947
5224.25,1,12:33:44.751971604
5224.25,3,12:33:44.752024600
5224.25,8,12:33:44.752069980
5224.25,1,12:33:44.752102330
5224.25,16,12:33:44.752169451
5224.25,8,12:33:44.752302388
5224.25,2,12:33:44.752346725
5224.25,3,12:33:44.752406588
5224.25,4,12:33:44.752443719
5224.25,1,12:33:44.752460750
5224.25,2,12:33:44.752510841
5224.25,8,12:33:44.752600455
5224.25,1,12:33:44.752646107
5224.25,7,12:33:44.752700098
5224.25,6,12:33:44.752806088
5224.25,1,12:33:44.752838444
5224.25,1,12:33:44.753434155
5224.25,1,12:33:44.765137968
5224.25,8,12:33:45.172245887
5224.25,1,12:33:45.172321098
5224.25,2,12:33:45.172321098
5224.25,1,12:33:45.172393449
5224.25,4,12:33:45.172474874
5224.25,1,12:33:45.172509649
5224.25,11,12:33:45.172659482
5224.25,14,12:33:45.173205516
5224.25,1,12:33:45.173349564
5224.25,1,12:33:45.173381756
5224.25,1,12:33:45.173739514
5224.25,2,12:33:45.173939525
5224.25,13,12:33:45.174053956
5224.25,1,12:33:45.174212106
5224.25,1,12:33:45.174270843
5224.25,1,12:33:45.174508112
5224.0,1,12:33:45.566213109
5224.0,2,12:33:45.566228699
5224.0,1,12:33:45.566228699
5224.0,1,12:33:45.566235934
5224.0,5,12:33:45.566242268
5224.0,3,12:33:45.566242268
5224.0,20,12:33:45.688201363
5224.0,2,12:33:45.732385517
5224.0,2,12:33:45.767384288
5224.0,1,12:33:45.780852037
5224.0,4,12:33:45.789993657
5224.0,1,12:33:45.790214981
5224.0,1,12:33:45.815725721
5224.0,1,12:33:45.846049447
5224.0,1,12:33:46.311468594
5224.0,2,12:33:46.776846149
5224.0,1,12:33:46.870144659
5224.25,2,12:33:46.908931904
5224.0,1,12:33:47.169079795
5224.0,1,12:33:47.172734659
5224.25,4,12:33:47.597968710
5224.25,12,12:33:47.598319574
5224.25,1,12:33:47.667191091
5224.25,3,12:33:47.719968675
5224.25,1,12:33:47.908450591
5224.25,2,12:33:47.923012170
5224.25,1,12:33:49.226175413
5224.25,1,12:33:49.946450988
5224.5,11,12:33:49.949097351
5224.25,1,12:33:50.131781151
5224.25,8,12:33:50.165220121
5224.25,1,12:33:50.165293080
5224.25,2,12:33:50.165365110
5224.25,6,12:33:50.165734903
5224.25,2,12:33:50.165960956
5224.25,4,12:33:50.166043783
5224.25,1,12:33:50.166084654
5224.25,1,12:33:50.166271064
5224.25,3,12:33:50.166487142
5224.25,1,12:33:50.552502086
5224.25,1,12:33:50.592015921
5224.0,5,12:33:50.606749954
5224.0,1,12:33:50.606796281
5224.0,7,12:33:50.606935929
5224.0,2,12:33:50.607037138
5224.0,1,12:33:50.607098140
5224.0,2,12:33:50.607098140
5224.0,59,12:33:50.607250592
5224.0,4,12:33:50.611070422
5224.0,8,12:33:50.625092487
5224.0,1,12:33:50.625175506
5224.0,12,12:33:50.625333436
5224.0,27,12:33:50.625815900
5224.0,1,12:33:50.625947406
5224.0,1,12:33:50.626354791
5224.0,1,12:33:50.773991930
5224.0,1,12:33:50.774024868
5224.0,2,12:33:50.888208892
5224.0,1,12:33:50.888421079
5224.0,1,12:33:50.888674969
5224.0,3,12:33:50.889358892
5224.0,1,12:33:50.951990540
5223.75,1,12:33:52.544199546
5223.75,4,12:33:52.544220824
5223.75,2,12:33:52.544220824
5223.75,1,12:33:52.544220824
5223.75,6,12:33:52.544220824
5223.75,1,12:33:52.697026701
5224.0,1,12:33:53.154692825
5224.0,1,12:33:53.318118608
5223.75,1,12:33:53.459466792
5223.75,1,12:33:53.611119398
5223.75,5,12:33:53.619859164
5223.75,4,12:33:53.708962699
5223.75,2,12:33:53.709212237
5223.75,2,12:33:54.038488898
5223.75,3,12:33:54.280786235
5223.75,5,12:33:54.732501156
5223.75,8,12:33:54.790124867
5223.75,1,12:33:54.790139517
5223.75,9,12:33:54.790168298
5223.75,4,12:33:54.790281485
5223.75,8,12:33:54.790313862
5223.75,1,12:33:54.790357796
5223.75,7,12:33:54.790415360
5223.75,7,12:33:54.790489293
5223.75,32,12:33:54.790567695
5223.75,9,12:33:54.790567695
5223.75,2,12:33:54.790880518
5223.75,1,12:33:54.791023448
5223.75,1,12:33:54.791156267
5223.75,1,12:33:54.791271318
5223.75,1,12:33:55.400218203
5223.75,1,12:33:55.576664054
5224.0,17,12:33:56.797856357
5224.0,1,12:33:56.798012901
5224.0,1,12:33:56.798096829
5224.0,9,12:33:56.798255142
5224.0,3,12:33:56.798306878
5224.0,1,12:33:56.819171268
5224.0,35,12:33:56.822977508
5224.0,2,12:33:56.823464612
5224.0,3,12:33:56.848754637
5223.75,1,12:33:56.851839479
5223.75,1,12:33:58.051079763
5223.75,1,12:33:58.396262073
5223.75,5,12:33:58.753943341
5223.75,3,12:33:58.864871611
5223.75,13,12:33:58.898977498
5223.5,1,12:33:59.113602233
5223.5,1,12:33:59.113616048
5223.5,2,12:33:59.113616048
5223.5,3,12:33:59.113616048
5223.5,4,12:33:59.113616048
5223.75,8,12:33:59.115056816
5223.75,4,12:33:59.115234746
5223.75,5,12:33:59.115358163
5223.75,1,12:33:59.115390877
5223.75,1,12:33:59.115908686
5223.75,1,12:33:59.124003031
5223.75,3,12:33:59.137890297
5223.75,1,12:33:59.145090249
5223.75,1,12:33:59.184280350
5223.75,2,12:33:59.211126087
5223.75,2,12:33:59.223619219
5223.75,1,12:33:59.242827464
5223.5,2,12:33:59.417481322
5223.75,1,12:33:59.438322387
5223.75,10,12:33:59.494654803
5224.0,11,12:33:59.505961290
5223.25,5,12:34:05.589427059
5223.25,3,12:34:05.589525803
5223.25,2,12:34:05.589525803
5223.25,4,12:34:05.600074963
5223.0,1,12:34:05.736541602
5223.0,2,12:34:05.785888659
5223.25,17,12:34:05.997924434
5223.25,1,12:34:05.998095228
5223.25,2,12:34:05.998445011
5223.25,1,12:34:05.998491030
5223.25,10,12:34:05.998708589
5223.25,1,12:34:05.998905384
5223.25,1,12:34:06.003278349
5223.0,1,12:34:06.017790958
5223.0,1,12:34:06.203389990
5223.0,1,12:34:06.574731976
5223.25,1,12:34:06.695207037
5223.0,1,12:34:06.730927445
5223.25,2,12:34:06.829681513
5223.25,1,12:34:06.830024163
5223.25,1,12:34:06.851703207
5223.25,9,12:34:06.859997059
5223.25,1,12:34:06.860305034
5223.25,1,12:34:06.896451805
5223.25,1,12:34:07.015918129
5223.25,11,12:34:07.481167013
5223.25,2,12:34:07.481217072
5223.0,1,12:34:07.927823417
5223.25,5,12:34:08.090956633
5223.0,1,12:34:08.105309338
5223.25,10,12:34:08.398720511
5223.0,1,12:34:08.437990909
5223.0,5,12:34:08.483868613
5223.25,2,12:34:08.562930782
5223.0,1,12:34:09.137822636
5223.25,5,12:34:09.192051376
5223.0,1,12:34:09.218544917
5223.0,2,12:34:09.253988902
5223.0,1,12:34:09.347720742
5223.0,2,12:34:09.488719579
5223.0,3,12:34:09.489066897
5223.0,14,12:34:09.489345639
5223.0,6,12:34:09.489420286
5223.0,4,12:34:09.489970138
5223.0,4,12:34:09.490167841
5223.0,1,12:34:09.490167841
5223.0,1,12:34:09.490188629
5223.0,1,12:34:09.490282128
5223.0,1,12:34:09.490704866
5223.0,1,12:34:09.490973400
5223.0,1,12:34:09.501507186
5223.0,1,12:34:09.501711680
5223.0,1,12:34:09.501925774
5223.0,2,12:34:09.501978764
5223.0,1,12:34:09.502499894
5223.0,3,12:34:09.502834037
5223.0,1,12:34:09.579651867
5223.0,6,12:34:09.580032291
5223.0,2,12:34:09.620934866
5222.75,1,12:34:10.488205430
5223.0,1,12:34:10.489023880
5223.0,4,12:34:10.680442735
5223.0,1,12:34:10.680655671
5223.0,1,12:34:10.772191777
5223.0,8,12:34:10.772383156
5223.0,2,12:34:10.772429252
5223.0,1,12:34:10.772560869
5223.0,1,12:34:10.772817473
5223.0,1,12:34:10.772985742
5223.0,1,12:34:10.890400758
5222.75,1,12:34:10.987921757
5223.0,11,12:34:11.319822578
5223.0,1,12:34:11.320019958
5223.0,2,12:34:11.320121740
5223.0,2,12:34:11.320192701
5223.0,1,12:34:11.320261771
5223.0,2,12:34:11.320614959
5223.0,2,12:34:11.320653891
5223.0,6,12:34:11.320727869
5223.0,1,12:34:11.320983600
5223.0,1,12:34:11.321129001
5223.0,1,12:34:11.321207460
5223.0,4,12:34:11.321274658
5223.0,1,12:34:11.321274658
5223.0,1,12:34:11.321337505
5223.0,1,12:34:11.321401183
5222.75,1,12:34:12.062429674
5223.0,1,12:34:12.343099464
5222.75,1,12:34:12.971950850
5222.75,15,12:34:13.754918553
5223.0,1,12:34:13.776875331
5222.75,10,12:34:14.273142909
5223.0,1,12:34:14.495942145
5223.0,3,12:34:15.432958638
5223.0,6,12:34:15.433154898
5223.0,5,12:34:15.433220947
5223.0,2,12:34:15.433239946
5223.0,1,12:34:15.433371563
5223.0,2,12:34:15.433714707
5223.0,29,12:34:15.436358840
5223.0,1,12:34:15.436859907
5223.0,11,12:34:15.442868077
5223.0,5,12:34:15.443180929
5223.0,1,12:34:15.443391571
5223.0,6,12:34:15.443583402
5223.0,1,12:34:15.456380555
5223.0,1,12:34:15.494011146
5223.0,2,12:34:15.494510404
5223.0,1,12:34:15.563773771
5223.0,1,12:34:15.564080024
5223.0,5,12:34:15.573811973
5223.0,2,12:34:15.602247092
5223.0,1,12:34:15.602423133
5223.0,2,12:34:15.602482094
5223.0,1,12:34:15.603147625
5223.25,1,12:34:16.883624543
5223.25,1,12:34:16.883782421
5223.25,10,12:34:16.883908034
5223.25,1,12:34:16.883908034
5223.25,6,12:34:16.884029655
5223.25,3,12:34:16.884029655
5223.25,8,12:34:16.884209556
5223.25,2,12:34:16.884209556
5223.25,1,12:34:16.884209556
5223.25,1,12:34:16.884271990
5223.25,1,12:34:16.884629136
5223.25,1,12:34:16.892048329
5223.25,2,12:34:16.897534497
5223.25,1,12:34:16.968562374
5223.25,1,12:34:17.092999279
5223.0,7,12:34:17.194495638
5223.0,1,12:34:17.194728129
5223.0,36,12:34:17.195022292
5223.0,1,12:34:17.195519499
5223.0,1,12:34:17.208065080
5222.75,2,12:34:17.665694932
5223.0,11,12:34:18.190974258
5222.75,1,12:34:18.531030333
5223.0,33,12:34:19.066057223
5223.0,1,12:34:19.365724180
5223.0,2,12:34:19.547053232
5223.25,1,12:34:19.675170305
5223.0,1,12:34:19.718647071
5223.0,1,12:34:20.248585683
5222.5,4,12:34:20.707459899
5223.0,48,12:34:20.707459899
5222.75,148,12:34:20.707459899
5222.5,1,12:34:20.707846790
5222.5,1,12:34:20.707858694
5222.5,2,12:34:20.707858694
5222.5,1,12:34:20.707869120
5222.5,2,12:34:20.707869120
5222.5,1,12:34:20.707878189
5222.75,2,12:34:20.709028011
5222.75,1,12:34:20.709160112
5222.75,8,12:34:20.709332218
5222.75,1,12:34:20.709998438
5223.0,3,12:34:20.731977289
5223.0,1,12:34:20.804251082
5222.75,1,12:34:21.102437393
5223.0,20,12:34:21.452990860
5223.0,2,12:34:21.453035367
5223.0,4,12:34:21.453119615
5223.0,1,12:34:21.453233797
5223.0,2,12:34:21.453587817
5223.0,1,12:34:21.453671572
5223.0,6,12:34:21.453753445
5223.0,1,12:34:21.454146417
5223.0,1,12:34:21.454221778
5222.75,1,12:34:22.046831615
5223.0,1,12:34:22.243095317
5223.0,1,12:34:22.658193204
5222.75,1,12:34:22.999457721
5222.75,1,12:34:24.128451305
5222.75,1,12:34:24.380636981
5223.0,20,12:34:25.118476152
5223.0,4,12:34:25.118526309
5223.0,1,12:34:25.118569977
5223.0,6,12:34:25.118627265
5223.0,1,12:34:25.118666209
5223.0,3,12:34:25.118709301
5223.0,30,12:34:25.118793687
5223.0,1,12:34:25.119179289
5223.0,1,12:34:25.119209696
5223.0,5,12:34:25.119283691
5223.0,1,12:34:25.119365376
5223.0,3,12:34:25.119365376
5223.0,4,12:34:25.119418062
5223.0,3,12:34:25.119480737
5223.0,1,12:34:25.119545478
5223.0,2,12:34:25.119596554
5223.0,1,12:34:25.119699919
5223.0,1,12:34:25.119755917
5223.0,1,12:34:25.119978937
5223.0,1,12:34:25.120115349
5223.0,2,12:34:25.121458557
5223.0,1,12:34:25.186227206
5223.0,1,12:34:25.210832948
5223.0,1,12:34:25.784981756
5223.0,27,12:34:25.785167535
5223.0,52,12:34:25.785879720
5223.0,1,12:34:25.786124595
5223.0,1,12:34:25.786545538
5223.0,1,12:34:25.786653111
5223.0,5,12:34:25.786653111
5223.0,2,12:34:25.793352568
5223.0,1,12:34:25.793549343
5223.0,2,12:34:25.793602816
5223.0,5,12:34:25.797780916
5223.25,1,12:34:26.037217184
5223.25,21,12:34:26.047649605
5223.25,2,12:34:26.047700157
5223.25,2,12:34:26.111224730
5223.5,1,12:34:26.114589995
5223.5,2,12:34:26.114602542
5223.5,1,12:34:26.114602542
5223.25,1,12:34:26.137008926
5223.25,8,12:34:26.137107494
5223.25,1,12:34:26.137239791
5223.25,3,12:34:26.137239791
5223.25,12,12:34:26.137442182
5223.0,1,12:34:26.207300752
5223.25,1,12:34:26.259708449
5223.25,1,12:34:26.259934515
5223.25,1,12:34:26.268084566
5223.25,1,12:34:26.283636018
5223.25,1,12:34:26.311193664
5223.0,1,12:34:26.431685539
5223.25,1,12:34:26.439820778
5223.25,1,12:34:26.474712984
5223.25,3,12:34:26.474807890
5223.25,4,12:34:26.474890270
5223.25,1,12:34:26.663648174
5223.25,2,12:34:27.075061072
5223.25,6,12:34:27.077313606
5223.25,1,12:34:27.077554271
5223.25,1,12:34:27.077603718
5223.5,2,12:34:27.162167562
5223.5,6,12:34:27.162179031
5223.25,1,12:34:27.272700904
5223.25,2,12:34:27.781584725
5223.5,1,12:34:28.013748261
5223.25,1,12:34:28.253111629
5223.5,1,12:34:28.280028120
5223.5,1,12:34:29.007697052
5223.25,2,12:34:29.144410090
5223.25,1,12:34:29.355841144
5223.25,1,12:34:29.767628084
5223.5,7,12:34:29.786022637
5223.5,2,12:34:29.786078845
5223.5,1,12:34:29.786138911
5223.5,1,12:34:29.786262273
5223.5,1,12:34:29.786385655
5223.5,2,12:34:29.786450520
5223.5,26,12:34:29.786590817
5223.5,2,12:34:29.786655373
5223.5,5,12:34:29.786655373
5223.5,5,12:34:29.786733003
5223.5,1,12:34:29.786784399
5223.5,1,12:34:29.786971603
5223.5,1,12:34:29.787148496
5223.25,1,12:34:30.134956779
5223.5,9,12:34:30.137720559
5223.5,1,12:34:30.138412455
5223.5,1,12:34:30.138591572
5223.5,1,12:34:30.138730797
5223.5,1,12:34:30.138888087
5223.5,1,12:34:30.139101928
5223.5,1,12:34:30.139139621
5223.5,1,12:34:30.139292440
5223.5,1,12:34:30.140653933
5223.5,2,12:34:30.140688267
5223.5,1,12:34:30.140873986
5223.5,1,12:34:30.140907654
5223.5,1,12:34:30.141045676
5223.5,1,12:34:30.141231308
5223.5,1,12:34:30.141433991
5223.5,1,12:34:30.141472251
5223.25,1,12:34:31.262582901
5223.25,2,12:34:31.347302071
5223.5,1,12:34:31.419798210
5223.5,1,12:34:31.421982040
5223.5,1,12:34:31.422174732
5223.5,1,12:34:31.422360009
5223.5,1,12:34:31.424368174
5223.5,1,12:34:31.427884747
5223.5,1,12:34:31.428707762
5223.5,1,12:34:31.441772505
5223.5,1,12:34:32.679339722
5223.75,1,12:34:32.718935182
5223.75,1,12:34:32.718946328
5223.5,2,12:34:33.501358790
5223.75,1,12:34:35.317658161
5223.75,2,12:34:35.317673482
5223.75,1,12:34:35.317819969
5223.75,1,12:34:35.317875423
5223.75,2,12:34:35.317975076
5223.75,1,12:34:35.318091418
5223.75,1,12:34:35.318159080
5223.75,1,12:34:35.318216492
5223.75,1,12:34:35.361906597
5223.5,2,12:34:35.946739174
5223.75,1,12:34:36.115026035
5223.75,12,12:34:36.126308838
5223.75,1,12:34:36.126403519
5223.75,1,12:34:36.126440329
5223.75,9,12:34:36.126504337
5223.75,3,12:34:36.126504337
5223.75,1,12:34:36.126543940
5223.75,1,12:34:36.169703606
5223.75,57,12:34:36.948042224
5223.75,10,12:34:36.948164074
5223.75,3,12:34:36.948627871
5223.75,1,12:34:36.949049621
5223.75,8,12:34:36.949318365
5223.75,4,12:34:36.949354808
5223.75,1,12:34:36.949408249
5223.75,1,12:34:37.361489344
5223.75,4,12:34:38.354992616
5223.75,1,12:34:38.782628251
5223.75,28,12:34:39.790652791
5223.75,8,12:34:39.791014767
5223.75,1,12:34:39.791188069
5223.75,8,12:34:39.791297940
5223.75,1,12:34:39.791492408
5223.75,1,12:34:39.791631095
5223.75,1,12:34:39.791849544
5223.75,1,12:34:39.792079838
5223.75,20,12:34:39.792470213
5223.75,3,12:34:39.792699546
5223.75,1,12:34:39.800964340
5223.75,2,12:34:39.801044565
5223.75,1,12:34:39.801044565
5223.75,2,12:34:39.801255367
5223.75,1,12:34:39.979934926
5223.75,1,12:34:40.108998563
5223.75,7,12:34:40.131614102
5223.75,1,12:34:40.131870610
5223.75,2,12:34:40.132059094
5223.75,2,12:34:40.132115498
5223.75,1,12:34:40.139763025
5223.75,1,12:34:40.139805256
5223.75,1,12:34:40.139934462
5223.75,1,12:34:40.140009526
5223.75,1,12:34:40.140096683
5224.0,2,12:34:40.438102759
5224.0,1,12:34:40.438114214
5224.0,1,12:34:41.145586969
5223.75,1,12:34:41.469747941
5223.75,5,12:34:41.632050122
5223.75,4,12:34:41.632132863
5223.75,1,12:34:41.632132863
5223.75,8,12:34:41.632298344
5223.75,3,12:34:41.632298344
5223.75,2,12:34:41.632298344
5223.75,1,12:34:41.632405800
5223.75,2,12:34:41.632405800
5223.75,6,12:34:41.632405800
5223.75,1,12:34:41.632511808
5223.75,1,12:34:41.632774719
5223.75,1,12:34:41.632835491
5224.0,1,12:34:41.748618905
5223.75,2,12:34:42.034440765
5223.75,1,12:34:42.034472864
5223.75,1,12:34:42.034587235
5223.75,5,12:34:42.034672260
5223.75,1,12:34:42.034905875
5223.75,4,12:34:42.035115841
5223.75,2,12:34:42.035186661
5223.75,1,12:34:42.046704835
5223.75,1,12:34:42.216960449
5223.75,1,12:34:42.244032709
5223.75,1,12:34:42.675790698
5223.75,3,12:34:42.960460255
5223.75,1,12:34:43.247781200
5223.75,1,12:34:43.248149076
5223.75,1,12:34:43.248400879
5223.75,1,12:34:43.248481955
5223.75,1,12:34:43.248497968
5223.75,1,12:34:43.248804590
5223.75,1,12:34:43.248848821
5223.75,1,12:34:43.248974321
5223.75,1,12:34:43.249056997
5223.75,2,12:34:43.835099324
5223.75,4,12:34:43.843214767
5223.75,1,12:34:43.855453660
5223.75,1,12:34:43.855620853
5223.75,1,12:34:43.855649719
5223.75,1,12:34:43.855719425
5223.75,3,12:34:43.855771548
5223.75,2,12:34:43.856002609
5223.75,3,12:34:43.856057877
5223.75,1,12:34:43.856137107
5223.75,1,12:34:43.856182533
5223.75,1,12:34:43.856433171
5223.75,1,12:34:43.856523096
5223.5,1,12:34:45.930032342
5223.75,1,12:34:46.101203752
5223.75,6,12:34:46.101482353
5223.75,1,12:34:46.101550671
5223.75,1,12:34:46.101673122
5223.75,1,12:34:46.101727289
5223.75,1,12:34:46.101809764
5223.75,1,12:34:46.101876152
5223.75,1,12:34:47.014117879
5223.75,1,12:34:47.014295934
5223.75,8,12:34:47.014375647
5223.75,1,12:34:47.014474389
5223.75,1,12:34:47.014609869
5223.75,1,12:34:47.014720285
5223.75,1,12:34:47.014794453
5223.75,3,12:34:47.014882835
5223.75,1,12:34:47.014882835
5223.75,1,12:34:47.014931086
5223.75,1,12:34:48.613796713
5223.75,1,12:34:48.614152349
5223.75,3,12:34:48.614226207
5223.75,1,12:34:48.614479428
5223.75,1,12:34:48.614552421
5223.75,1,12:34:48.614669707
5223.75,1,12:34:48.614722508
5223.75,2,12:34:48.779215438
5223.75,1,12:34:49.527275576
5223.75,1,12:34:50.107267147
5223.75,16,12:34:51.788841608
5223.75,2,12:34:51.788980414
5223.75,1,12:34:52.007919684
5223.75,7,12:34:52.008091995
5223.75,1,12:34:52.008134926
5223.75,1,12:34:52.160655201
5223.75,1,12:34:52.304623699
5223.75,50,12:34:52.433678020
5223.75,1,12:34:52.433794861
5223.75,2,12:34:52.433888417
5223.75,2,12:34:52.434390645
5223.75,1,12:34:52.751101227
5223.75,7,12:34:52.751434594
5223.75,14,12:34:54.927879074
5223.75,2,12:34:54.950449866
5223.75,2,12:34:54.950619331
5224.0,4,12:34:58.084022593
5224.0,1,12:34:58.735674063
5224.0,1,12:34:59.387850835
5224.0,11,12:34:59.505974058
5223.75,1,12:35:00.080935839
5223.75,1,12:35:00.156518465
5223.75,1,12:35:00.234537590
5223.75,1,12:35:00.276993678
5223.75,17,12:35:00.611589611
5223.75,18,12:35:00.611763410
5223.75,7,12:35:00.612263759
5223.75,1,12:35:00.612316976
5223.75,1,12:35:00.612553628
5223.75,6,12:35:00.612655367
5223.75,1,12:35:00.651086202
5224.0,2,12:35:00.863040484
5223.75,1,12:35:01.037318967
5224.0,1,12:35:01.327757175
5224.0,2,12:35:01.344355481
5224.0,2,12:35:01.344517417
5224.0,1,12:35:01.344539251
5223.75,1,12:35:01.698601742
5224.0,1,12:35:02.236822961
5224.0,1,12:35:02.572065540
5224.0,2,12:35:03.206899088
5224.0,2,12:35:03.207002133
5224.0,3,12:35:03.207111625
5224.0,2,12:35:03.207240672
5224.0,1,12:35:03.207240672
5224.0,8,12:35:03.210953067
5224.0,1,12:35:03.211036038
5224.0,2,12:35:03.211036038
5224.0,25,12:35:03.211075306
5224.0,21,12:35:03.211188710
5224.0,4,12:35:03.211244554
5224.0,57,12:35:03.211399808
5224.0,2,12:35:03.212100290
5224.0,2,12:35:03.212167366
5224.0,8,12:35:03.212313222
5224.0,6,12:35:03.212539175
5224.0,4,12:35:03.212603759
5224.0,1,12:35:03.212831181
5224.25,1,12:35:03.403000221
5224.25,20,12:35:03.403013904
5224.25,1,12:35:03.403013904
5224.25,2,12:35:03.403013904
5224.25,3,12:35:03.571703217
5224.0,3,12:35:03.614768644
5224.0,1,12:35:03.629047718
5224.0,2,12:35:03.629207095
5224.0,1,12:35:03.629243092
5224.0,2,12:35:03.629339648
5224.0,1,12:35:03.629339648
5224.0,4,12:35:03.629464565
5224.0,1,12:35:03.629464565
5224.0,3,12:35:03.629464565
5224.0,3,12:35:03.629580974
5224.0,1,12:35:03.629580974
5224.0,2,12:35:03.629580974
5224.0,1,12:35:03.629762609
5224.0,1,12:35:03.629844953
5224.0,3,12:35:03.630290575
5224.0,2,12:35:03.771454149
5224.0,9,12:35:03.771809584
5224.0,1,12:35:03.772506606
5224.0,2,12:35:03.772763750
5224.0,1,12:35:03.772887058
5224.25,1,12:35:03.980290366
5224.25,1,12:35:04.084914360
5224.25,1,12:35:04.140113247
5224.0,34,12:35:04.140691034
5224.0,1,12:35:04.626007254
5224.0,1,12:35:04.882193469
5224.0,1,12:35:04.882223490
5224.0,1,12:35:05.337051771
5224.0,1,12:35:05.337352590
5224.0,1,12:35:05.337403737
5224.0,1,12:35:05.338215039
5224.0,4,12:35:05.338391657
5224.0,1,12:35:05.338628267
5224.0,1,12:35:06.140896873
5224.0,8,12:35:06.141175708
5224.0,2,12:35:06.141289505
5224.25,5,12:35:06.231441713
5224.0,1,12:35:06.795792310
5224.25,2,12:35:07.321516412
5224.25,1,12:35:07.359615154
5224.0,32,12:35:07.937995158
5224.0,1,12:35:07.938395025
5224.0,13,12:35:07.948503784
5224.25,1,12:35:08.677140426
5224.0,2,12:35:08.976842784
5224.0,1,12:35:09.843749038
5224.0,1,12:35:09.849160443
5224.25,1,12:35:10.069689641
5224.25,1,12:35:10.608340447
5224.0,10,12:35:10.830673604
5224.25,8,12:35:12.554760869
5224.25,1,12:35:12.554830157
5224.25,2,12:35:12.554915172
5224.25,5,12:35:12.555039053
5224.25,3,12:35:12.555039053
5224.25,2,12:35:12.555039053
5224.25,3,12:35:12.555177159
5224.25,2,12:35:12.555177159
5224.25,1,12:35:12.555243227
5224.25,2,12:35:12.555243227
5224.25,25,12:35:12.555627350
5224.25,9,12:35:12.555728040
5224.25,3,12:35:12.555728040
5224.25,2,12:35:12.555807402
5224.25,18,12:35:12.555969095
5224.25,3,12:35:12.556070837
5224.25,1,12:35:12.556070837
5224.25,3,12:35:12.556344600
5224.25,1,12:35:12.556425558
5224.25,1,12:35:12.556577717
5224.25,3,12:35:12.556682984
5224.25,5,12:35:12.556682984
5224.25,1,12:35:12.556885590
5224.25,1,12:35:12.556912701
5224.25,1,12:35:12.557035346
5224.25,1,12:35:12.557168366
5224.25,1,12:35:12.564685504
5224.25,1,12:35:12.567872384
5224.5,2,12:35:13.423635114
5224.5,1,12:35:13.423652189
5224.5,16,12:35:13.423652189
5224.5,2,12:35:13.423652189
5224.25,2,12:35:13.454854428
5224.25,2,12:35:13.490645712
5224.5,1,12:35:13.822191444
5224.5,1,12:35:14.072651915
5224.25,1,12:35:14.558806232
5224.5,2,12:35:14.579881661
5224.5,1,12:35:14.961714161
5224.5,1,12:35:15.497668772
5224.5,36,12:35:16.947505809
5224.75,2,12:35:17.173747996
5224.75,10,12:35:17.173761103
5224.75,1,12:35:17.197794125
5224.75,3,12:35:17.200888834
5224.5,1,12:35:17.375599073
5224.75,1,12:35:17.564060969
5224.5,1,12:35:17.915800206
5224.75,2,12:35:18.018711980
5224.75,1,12:35:18.664375653
5224.75,1,12:35:18.664815195
5224.75,1,12:35:18.832435819
5224.75,2,12:35:18.929545848
5224.75,11,12:35:18.929885813
5224.75,5,12:35:18.930013596
5224.75,4,12:35:18.930077792
5224.75,3,12:35:18.930135848
5224.75,9,12:35:18.930135848
5224.75,3,12:35:18.930175835
5224.75,1,12:35:18.930288820
5224.75,4,12:35:18.930370258
5224.75,2,12:35:18.930370258
5224.75,3,12:35:18.930370258
5224.75,1,12:35:18.930444116
5224.75,24,12:35:18.930527129
5224.75,2,12:35:18.931238715
5224.75,3,12:35:18.931340620
5224.75,1,12:35:18.931340620
5224.75,5,12:35:18.931502870
5224.75,1,12:35:18.931723121
5224.75,2,12:35:18.931723121
5224.75,1,12:35:18.931840221
5224.75,1,12:35:18.931921688
5224.75,1,12:35:18.932164663
5224.75,6,12:35:18.932164663
5224.75,1,12:35:18.932301260
5224.75,1,12:35:18.932387640
5224.75,1,12:35:18.932440217
5224.75,1,12:35:18.932545438
5224.75,1,12:35:19.737569397
5225.0,2,12:35:19.750747182
5225.0,1,12:35:19.750757783
5225.0,3,12:35:19.772672363
5224.75,1,12:35:19.832380777
5225.0,6,12:35:19.927598745
5224.75,1,12:35:20.111889604
5225.0,2,12:35:20.278951597
5225.0,2,12:35:20.320498456
5224.75,1,12:35:20.666746414
5225.0,1,12:35:20.939996548
5225.0,1,12:35:21.184789427
5225.0,1,12:35:21.185694303
5225.0,1,12:35:21.332254104
5225.0,1,12:35:21.518958148
5225.0,2,12:35:21.594186712
5225.0,1,12:35:22.039957856
5225.0,11,12:35:22.042810397
5225.0,46,12:35:22.043232120
5225.0,1,12:35:22.043263206
5225.0,15,12:35:22.043367903
5225.0,1,12:35:22.043436102
5225.0,63,12:35:22.043567623
5225.0,8,12:35:22.043731004
5225.0,1,12:35:22.043776038
5225.0,1,12:35:22.043913811
5225.0,1,12:35:22.044251363
5225.0,8,12:35:22.045187920
5225.0,1,12:35:22.045269857
5225.0,1,12:35:22.045310306
5225.0,1,12:35:22.045465826
5225.0,5,12:35:22.045517283
5225.0,6,12:35:22.045546419
5225.0,1,12:35:22.045561582
5225.0,2,12:35:22.045735617
5225.0,1,12:35:22.045834371
5225.0,1,12:35:22.045902976
5225.0,7,12:35:22.045955102
5225.0,2,12:35:22.046156957
5225.0,1,12:35:22.046334644
5225.0,1,12:35:22.046557970
5225.0,1,12:35:22.046785606
5225.0,1,12:35:22.047079608
5225.0,2,12:35:22.047412627
5225.0,1,12:35:22.047714425
5225.0,30,12:35:22.056358512
5225.0,1,12:35:22.056555249
5225.0,6,12:35:22.056654272
5225.0,10,12:35:22.056716411
5225.0,1,12:35:22.056804995
5225.0,1,12:35:22.056936207
5225.0,1,12:35:22.057129370
5225.0,1,12:35:22.057167246
5225.0,1,12:35:22.288008533
5225.0,1,12:35:22.671769360
5225.25,1,12:35:22.810186973
5225.25,1,12:35:22.810205917
5225.25,2,12:35:22.810205917
5225.25,3,12:35:22.810205917
5225.25,60,12:35:22.824478166
5225.25,20,12:35:22.826630510
5225.25,1,12:35:22.839537078
5225.25,1,12:35:22.982742502
5225.5,1,12:35:23.000450029
5225.5,1,12:35:23.000462916
5225.25,60,12:35:23.149281081
5225.25,1,12:35:23.593323848
5225.25,1,12:35:23.824870478
5225.25,6,12:35:23.835478448
5225.25,1,12:35:23.835794592
5225.25,2,12:35:23.901943231
5225.25,7,12:35:23.935649625
5225.25,15,12:35:23.935973123
5225.5,3,12:35:24.160636270
5225.5,1,12:35:24.208759865
5225.5,1,12:35:24.280329836
5225.5,2,12:35:24.401887407
5225.25,2,12:35:24.825744682
5225.25,1,12:35:24.972414968
5225.5,2,12:35:25.206539718
5225.25,43,12:35:25.209835521
5225.25,1,12:35:25.210598388
5225.25,2,12:35:25.210664529
5225.0,3,12:35:25.367519806
5225.0,2,12:35:25.367708033
5225.0,1,12:35:25.367781902
5225.0,1,12:35:25.367858563
5225.0,19,12:35:25.367990873
5225.0,1,12:35:25.368014013
5225.0,1,12:35:25.368120796
5225.0,2,12:35:25.368204027
5225.0,2,12:35:25.368271919
5225.0,3,12:35:25.368271919
5225.0,5,12:35:25.368417067
5225.0,4,12:35:25.368452178
5225.0,1,12:35:25.368708359
5225.0,1,12:35:25.368795824
5225.0,1,12:35:25.368909122
5225.0,2,12:35:25.368909122
5225.0,1,12:35:25.369071942
5225.0,2,12:35:25.369225737
5225.0,1,12:35:25.369291194
5225.0,1,12:35:25.511200961
5225.0,3,12:35:25.660541482
5225.0,1,12:35:25.755666130
5225.0,1,12:35:25.756961215
5225.0,1,12:35:25.766545120
5225.0,1,12:35:25.766621107
5224.75,1,12:35:26.273355513
5225.0,35,12:35:26.274142304
5225.0,21,12:35:26.274753429
5225.25,2,12:35:26.513329273
5225.25,1,12:35:26.712394953
5225.25,9,12:35:26.724293529
5225.25,5,12:35:26.724469400
5225.25,1,12:35:26.724939526
5225.25,2,12:35:26.725187937
5225.5,1,12:35:26.906095015
5225.5,1,12:35:26.973138425
5225.5,4,12:35:27.850528747
5225.5,3,12:35:28.000849446
5225.5,2,12:35:28.028742394
5225.5,1,12:35:28.400702721
5225.25,25,12:35:28.546655463
5225.25,2,12:35:28.546671674
5225.25,1,12:35:28.546771468
5225.25,1,12:35:28.546860373
5225.25,2,12:35:28.546860373
5225.25,2,12:35:28.546904885
5225.25,1,12:35:28.555119524
5225.25,6,12:35:28.555209804
5225.25,1,12:35:28.555286494
5225.25,1,12:35:28.566096145
5225.25,2,12:35:28.566196688
5225.25,1,12:35:28.566271083
5225.25,1,12:35:28.684906446
5225.25,1,12:35:28.882115019
5225.25,1,12:35:28.882133292
5225.0,1,12:35:28.968808607
5225.25,1,12:35:29.416355555
5225.25,29,12:35:29.416694298
5225.25,1,12:35:29.417500490
5225.25,1,12:35:29.417617132
5225.25,1,12:35:29.571382250
5225.25,3,12:35:29.571635086
5225.25,1,12:35:29.571975583
5225.0,5,12:35:29.586302153
5225.25,1,12:35:29.586302153
5225.25,1,12:35:29.586700356
5225.25,1,12:35:29.586748638
5225.25,2,12:35:29.586805874
5225.25,1,12:35:29.586843606
5225.5,1,12:35:29.609189807
5225.25,1,12:35:30.310770739
5225.25,1,12:35:30.310884857
5225.25,4,12:35:30.311074291
5225.25,1,12:35:30.311356841
5225.25,2,12:35:30.311410093
5225.25,1,12:35:30.311495365
5225.25,1,12:35:30.311579783
5225.25,5,12:35:30.311742691
5225.25,3,12:35:30.311792958
5225.5,1,12:35:30.891909998
5225.5,1,12:35:31.102893899
5225.5,1,12:35:33.634196414
5225.25,10,12:35:34.140647943
5225.25,2,12:35:34.140660829
5225.25,3,12:35:34.140811620
5225.25,8,12:35:34.141239894
5225.25,1,12:35:34.141697647
5225.25,1,12:35:34.141750723
5225.25,4,12:35:34.142267517
5225.25,7,12:35:34.142518578
5225.25,1,12:35:34.142556058
5225.25,2,12:35:34.142693007
5225.25,4,12:35:34.142739914
5225.25,1,12:35:34.266891491
5225.0,1,12:35:34.387235036
5225.25,3,12:35:34.418682206
5225.25,2,12:35:34.418815746
5225.25,1,12:35:34.418815746
5225.25,3,12:35:34.418815746
5225.25,1,12:35:34.418937332
5225.25,1,12:35:34.619235717
5225.5,2,12:35:35.776278004
5225.25,1,12:35:36.016350099
5225.5,10,12:35:36.019309564
5225.5,32,12:35:36.234583465
5225.5,1,12:35:36.244694677
5225.5,2,12:35:36.244916307
5225.5,1,12:35:36.245330363
5225.5,1,12:35:36.329414115
5225.5,1,12:35:36.841818780
5225.5,12,12:35:36.933334476
5225.5,1,12:35:36.933743783
5225.5,2,12:35:37.056452501
5225.5,5,12:35:37.076749239
5225.5,1,12:35:37.077048750
5225.5,1,12:35:37.427017175
5225.5,7,12:35:38.031354005
5225.5,1,12:35:38.031403052
5225.5,1,12:35:38.031745162
5225.5,6,12:35:38.033093429
5225.5,3,12:35:38.182982662
5225.25,1,12:35:38.526312113
5225.25,2,12:35:38.824131485
5225.5,3,12:35:38.896060388
5225.25,2,12:35:39.577170313
5225.25,1,12:35:39.736277549
5225.25,1,12:35:40.035862041
5225.5,1,12:35:40.885759432
5225.25,10,12:35:41.022267958
5225.5,1,12:35:41.359745591
5225.5,1,12:35:41.360657789
5225.5,1,12:35:41.796910371
5225.5,1,12:35:42.173166901
5225.5,6,12:35:42.250244652
5225.5,1,12:35:42.250273088
5225.5,1,12:35:42.250408060
5225.5,4,12:35:42.250495118
5225.5,3,12:35:42.251036857
5225.25,1,12:35:42.522451513
5225.5,2,12:35:42.750017784
5225.5,1,12:35:42.750188075
5225.5,1,12:35:42.854932166
5225.75,1,12:35:43.077028058
5225.75,1,12:35:43.077044932
5225.75,2,12:35:43.722597905
5225.5,1,12:35:44.431559776
5225.75,5,12:35:45.217592789
5225.75,1,12:35:45.269610360
5225.75,7,12:35:45.269730891
5225.75,1,12:35:45.269891620
5225.75,1,12:35:45.269950626
5225.75,2,12:35:45.270044203
5225.75,3,12:35:45.270044203
5225.75,5,12:35:45.270154355
5225.75,8,12:35:45.270154355
5225.75,3,12:35:45.270190967
5225.75,1,12:35:45.270611295
5225.75,16,12:35:45.270985082
5225.75,5,12:35:45.271062678
5225.75,5,12:35:45.403884386
5225.75,2,12:35:45.403931388
5225.75,3,12:35:45.663965149
5225.75,8,12:35:45.664036439
5225.75,1,12:35:45.664036439
5225.75,3,12:35:45.664065393
5225.75,2,12:35:45.664140458
5225.75,4,12:35:45.664239381
5225.75,5,12:35:46.055050072
5225.75,1,12:35:46.227261262
5225.75,23,12:35:46.405027959
5225.75,2,12:35:46.405620601
5225.75,4,12:35:46.405686419
5225.75,1,12:35:46.405727317
5225.75,10,12:35:46.669730768
5225.75,2,12:35:46.695734425
5225.75,2,12:35:46.793760404
5225.75,1,12:35:47.295830956
5225.75,1,12:35:47.355657763
5225.75,6,12:35:47.836203146
5225.75,2,12:35:47.983726760
5225.75,1,12:35:48.334189206
5225.75,1,12:35:49.111075342
5225.75,9,12:35:49.113980072
5225.75,1,12:35:49.206617138
5225.5,1,12:35:49.564585578
5225.75,1,12:35:50.470353083
5225.75,1,12:35:50.601802141
5225.75,5,12:35:50.601992384
5225.75,3,12:35:50.602032052
5225.75,3,12:35:50.602091910
5225.75,23,12:35:50.602255020
5225.75,1,12:35:50.602342030
5225.75,1,12:35:50.602427999
5225.75,5,12:35:50.602450669
5225.75,1,12:35:50.884858888
5225.75,18,12:35:51.487555095
5225.75,1,12:35:51.487879185
5225.75,1,12:35:51.671770800
5225.75,1,12:35:51.766655183
5225.75,2,12:35:51.806854524
5225.75,1,12:35:51.817538406
5225.75,2,12:35:51.829525646
5225.75,1,12:35:51.869651343
5225.75,7,12:35:51.893822622
5225.75,1,12:35:51.894033472
5225.75,1,12:35:51.894063546
5225.75,1,12:35:52.814458730
5226.0,4,12:35:53.336439407
5226.0,20,12:35:53.336463865
5226.0,1,12:35:53.336463865
5226.0,2,12:35:53.336463865
5226.0,1,12:35:53.359285365
5226.0,1,12:35:53.442336214
5226.0,1,12:35:53.442509961
5226.0,1,12:35:53.468396988
5226.0,3,12:35:54.535324392
5226.0,1,12:35:54.548538389
5225.75,1,12:35:54.582008829
5226.0,1,12:35:55.163594777
5225.75,1,12:35:55.446839904
5226.0,3,12:35:55.491417281
5226.0,2,12:35:55.752878107
5226.0,2,12:35:55.758568618
5226.0,104,12:35:55.758940513
5226.0,1,12:35:55.759041648
5226.0,1,12:35:55.759304217
5226.0,1,12:35:55.759382810
5226.0,2,12:35:55.759382810
5226.0,7,12:35:55.759477708
5226.0,1,12:35:55.759507661
5226.0,1,12:35:55.759637456
5225.75,86,12:35:55.766541591
5225.75,2,12:35:55.767492225
5225.75,5,12:35:55.885270575
5225.75,4,12:35:55.885593520
5225.75,1,12:35:55.885657069
5225.75,2,12:35:56.044646362
5225.75,1,12:35:56.044678106
5225.75,1,12:35:56.044782893
5225.75,10,12:35:56.044881209
5225.75,2,12:35:56.246924564
5226.0,2,12:35:57.515839848
5226.0,1,12:35:57.562877498
5226.0,1,12:35:57.566578984
5225.75,5,12:35:57.588968458
5225.75,2,12:35:57.589016385
5225.75,1,12:35:57.589305982
5225.75,1,12:35:57.589459124
5225.75,2,12:35:57.589635086
5225.75,2,12:35:57.597963766
5225.75,10,12:35:57.679960425
5225.75,2,12:35:58.212554320
5225.75,5,12:35:58.244008703
5226.0,12,12:35:59.506374990
5226.0,1,12:36:00.213348173
5226.0,1,12:36:00.349354921
5226.0,1,12:36:00.357216436
5226.0,6,12:36:00.357719157
5226.0,1,12:36:00.357757036
5226.0,29,12:36:00.358116128
5226.0,1,12:36:00.365517186
5226.0,1,12:36:00.509552670
5226.25,1,12:36:01.048074284
5226.25,1,12:36:01.048086805
5226.25,1,12:36:01.101110374
5226.25,1,12:36:01.124690995
5226.25,1,12:36:01.411749558
5226.25,1,12:36:01.761089320
5226.25,1,12:36:01.889364608
5226.25,1,12:36:02.025326041
5226.0,3,12:36:02.030585388
5226.25,2,12:36:04.016132866
5226.25,1,12:36:04.081153883
5226.0,44,12:36:04.652679051
5226.0,1,12:36:04.652788576
5226.0,1,12:36:04.653163970
5226.0,1,12:36:04.687930893
5226.0,25,12:36:06.567462831
5226.0,3,12:36:06.567732606
5226.0,8,12:36:06.567833283
5226.0,4,12:36:06.568231691
5226.0,6,12:36:06.568290447
5226.0,2,12:36:06.568369144
5226.0,3,12:36:06.572856577
5226.0,1,12:36:06.573444974
5226.0,1,12:36:06.573990614
5226.0,1,12:36:06.574025231
5226.0,1,12:36:06.574261992
5226.0,1,12:36:06.574423416
5226.0,3,12:36:06.574617954
5226.0,12,12:36:06.574741976
5226.0,1,12:36:06.575658378
5226.0,1,12:36:06.575696594
5226.0,1,12:36:06.575732808
5226.0,1,12:36:06.575826672
5226.0,1,12:36:06.575933190
5226.0,1,12:36:06.575956819
5226.0,13,12:36:06.576217746
5226.0,5,12:36:06.576471242
5226.0,4,12:36:06.576539679
5226.0,1,12:36:06.576630375
5226.0,1,12:36:06.576670773
5226.0,1,12:36:06.576754365
5226.0,6,12:36:06.576754365
5226.0,3,12:36:06.576893951
5226.0,1,12:36:06.577018274
5226.0,1,12:36:06.577101281
5226.0,6,12:36:06.579793446
5226.0,2,12:36:06.579830984
5226.0,1,12:36:06.579943415
5226.0,15,12:36:06.585265489
5226.0,2,12:36:06.585430546
5226.0,1,12:36:06.586078732
5226.0,7,12:36:06.586190267
5226.0,8,12:36:06.586360689
5226.0,1,12:36:06.610137782
5226.0,4,12:36:06.610382603
5226.0,1,12:36:06.613140131
5226.0,2,12:36:06.613458387
5226.0,1,12:36:06.613752159
5226.0,1,12:36:06.613929715
5226.0,3,12:36:06.667454260
5226.0,1,12:36:06.667485336
5226.0,2,12:36:06.667641314
5226.0,5,12:36:06.668520725
5226.0,6,12:36:06.668638639
5226.0,1,12:36:06.668710795
5226.0,1,12:36:06.668807734
5226.0,1,12:36:06.668948210
5226.0,7,12:36:06.751304757
5226.0,2,12:36:06.751625439
5226.0,6,12:36:06.751884394
5226.0,3,12:36:06.752110434
5226.0,1,12:36:06.752156646
5226.0,1,12:36:06.752464364
5226.0,1,12:36:06.752656877
5226.0,1,12:36:06.761505442
5226.0,1,12:36:06.761692361
5226.0,1,12:36:06.761981218
5226.0,1,12:36:06.762153932
5226.0,1,12:36:06.915211421
5226.0,1,12:36:06.915407969
5226.0,2,12:36:06.995251854
5226.0,1,12:36:07.305004502
5226.0,1,12:36:07.838114868
5226.0,1,12:36:07.938678192
5226.0,4,12:36:08.125882275
5226.0,1,12:36:08.125949192
5226.0,2,12:36:08.126073374
5226.0,1,12:36:08.126073374
5226.0,4,12:36:08.126180438
5226.0,1,12:36:08.771545372
5226.25,1,12:36:09.218430166
5226.25,13,12:36:09.526744366
5226.25,62,12:36:09.744932074
5226.25,33,12:36:09.745039827
5226.25,2,12:36:09.745616930
5226.5,1,12:36:10.120892789
5226.5,2,12:36:10.120903118
5226.25,14,12:36:10.657210631
5226.25,1,12:36:10.657926526
5226.25,1,12:36:10.658000301
5226.25,3,12:36:10.658049518
5226.25,3,12:36:10.659770992
5226.25,10,12:36:10.661025699
5226.25,1,12:36:10.661056641
5226.25,8,12:36:10.661918648
5226.25,2,12:36:10.662234812
5226.25,1,12:36:10.662287299
5226.25,1,12:36:10.688299234
5226.25,1,12:36:10.690962628
5226.25,1,12:36:10.691459701
5226.25,1,12:36:10.691970415
5226.25,1,12:36:10.703461120
5226.25,1,12:36:10.755337782
5226.25,1,12:36:10.881852836
5226.25,1,12:36:10.882231064
5226.25,1,12:36:11.148552677
5226.25,5,12:36:11.155861333
5226.25,2,12:36:11.156088586
5226.25,1,12:36:11.164083982
5226.5,1,12:36:11.591752494
5226.5,1,12:36:12.040608164
5226.5,1,12:36:12.195738254
5226.25,1,12:36:12.255927913
5226.5,1,12:36:12.510383487
5226.5,1,12:36:12.714896830
5226.5,1,12:36:12.936263850
5226.5,2,12:36:13.389196289
5226.5,2,12:36:14.265206042
5226.5,1,12:36:14.266794807
5226.5,1,12:36:14.311616230
5226.5,1,12:36:14.529476840
5226.5,1,12:36:16.599879598
5226.5,6,12:36:16.600155076
5226.5,3,12:36:16.600302816
5226.5,5,12:36:16.601157534
5226.5,1,12:36:16.601237850
5226.5,4,12:36:16.601237850
5226.5,1,12:36:16.601273360
5226.5,1,12:36:16.601835852
5226.5,37,12:36:16.602896401
5226.5,1,12:36:16.602982249
5226.5,3,12:36:16.603813578
5226.5,2,12:36:16.603852155
5226.5,7,12:36:16.603994817
5226.5,5,12:36:16.603994817
5226.5,4,12:36:16.604042370
5226.5,1,12:36:16.604564323
5226.5,1,12:36:16.605010300
5226.5,1,12:36:16.607042567
5226.5,1,12:36:16.608501573
5226.5,6,12:36:16.608688386
5226.5,35,12:36:18.386105769
5226.75,1,12:36:18.485942218
5226.75,1,12:36:18.485956326
5226.75,1,12:36:18.621982207
5226.75,6,12:36:18.622820096
5226.75,1,12:36:18.642785346
5226.75,1,12:36:19.116925190
5226.75,3,12:36:19.188007794
5226.75,1,12:36:19.199981033
5226.75,3,12:36:19.392435296
5226.5,1,12:36:19.404033056
5226.75,1,12:36:19.451288262
5226.75,1,12:36:19.835848590
5226.75,1,12:36:20.046876905
5226.75,1,12:36:20.156612238
5226.75,2,12:36:20.326286362
5226.75,1,12:36:20.326453712
5226.75,1,12:36:20.326596067
5226.75,1,12:36:20.335325680
5226.75,1,12:36:20.335494896
5226.75,3,12:36:20.337984385
5226.75,2,12:36:20.338032444
5226.75,3,12:36:20.338113406
5226.75,2,12:36:20.338113406
5226.75,114,12:36:20.342014781
5226.75,1,12:36:20.342055242
5226.75,4,12:36:20.342112485
5226.75,8,12:36:20.343013764
5226.75,5,12:36:20.343159261
5226.75,7,12:36:20.343248971
5226.75,2,12:36:20.343248971
5226.75,4,12:36:20.343337943
5227.0,1,12:36:20.375320539
5227.0,1,12:36:20.375338114
5227.0,3,12:36:20.375338114
5227.0,2,12:36:20.375338114
5227.0,1,12:36:20.399595422
5226.75,1,12:36:20.526310271
5227.0,7,12:36:20.567410548
5227.0,1,12:36:20.761883013
5227.0,4,12:36:21.204612116
5226.75,1,12:36:21.405769155
5227.0,1,12:36:21.677122545
5227.0,1,12:36:21.754784159
5227.0,30,12:36:21.818905966
5227.0,1,12:36:21.843035107
5227.0,1,12:36:22.250947887
5227.0,1,12:36:22.511314255
5227.0,20,12:36:22.696117848
5227.0,8,12:36:22.707907192
5227.0,4,12:36:22.792439726
5227.0,1,12:36:22.801502100
5227.0,1,12:36:23.464406498
5226.75,2,12:36:23.557397342
5226.75,1,12:36:23.642355355
5226.75,7,12:36:24.398281102
5226.75,8,12:36:24.398540708
5226.75,1,12:36:24.398706842
5226.75,4,12:36:24.398706842
5226.75,2,12:36:24.398706842
5226.75,3,12:36:24.398753304
5226.75,22,12:36:24.398879674
5226.75,4,12:36:24.399286407
5226.75,8,12:36:24.402943379
5226.75,1,12:36:24.402975844
5226.75,2,12:36:24.403092815
5226.75,1,12:36:24.403147060
5226.75,1,12:36:24.403475153
5226.75,2,12:36:24.529049147
5226.75,1,12:36:24.529254703
5226.75,2,12:36:24.529427224
5226.75,5,12:36:24.544997179
5226.75,1,12:36:24.567772956
5226.75,5,12:36:24.634348175
5226.5,1,12:36:25.492147872
5226.75,2,12:36:25.911033351
5226.75,2,12:36:26.888020744
5226.75,20,12:36:27.177059458
5226.5,1,12:36:27.815014102
5226.75,1,12:36:27.839179961
5226.75,1,12:36:27.840065626
5226.75,1,12:36:27.840221662
5226.75,2,12:36:27.840552152
5226.75,1,12:36:27.859712347
5226.75,1,12:36:27.867134532
5226.5,2,12:36:28.651329864
5226.5,10,12:36:29.084703577
5226.75,1,12:36:29.303428713
5226.75,8,12:36:29.561861135
5226.5,1,12:36:30.035168295
5226.75,1,12:36:31.275536083
5226.75,3,12:36:31.467643720
5226.75,2,12:36:31.467681391
5226.75,1,12:36:31.545500734
5226.75,1,12:36:31.971624801
5226.75,1,12:36:31.972438834
5226.75,10,12:36:31.974380706
5226.75,8,12:36:31.974667523
5226.75,6,12:36:31.974770478
5226.75,2,12:36:31.974811362
5226.75,1,12:36:31.974839093
5226.75,1,12:36:31.974869804
5226.75,3,12:36:31.974929603
5226.75,11,12:36:31.975023632
5226.75,11,12:36:31.975492115
5226.75,1,12:36:31.975560350
5226.75,1,12:36:31.975699898
5226.75,30,12:36:31.975828755
5226.75,2,12:36:31.975930491
5226.75,1,12:36:31.975930491
5226.75,4,12:36:31.976163367
5226.75,1,12:36:31.976364094
5226.75,4,12:36:31.976469386
5226.75,1,12:36:31.976569756
5226.75,2,12:36:31.976569756
5226.75,4,12:36:31.976629146
5226.75,1,12:36:31.977015090
5226.75,2,12:36:31.977080738
5226.75,8,12:36:32.186655230
5226.75,1,12:36:32.186681448
5226.75,3,12:36:32.186834072
5226.75,6,12:36:32.186918976
5226.75,2,12:36:32.187918402
5226.75,12,12:36:32.188230792
5226.75,1,12:36:32.244227900
5226.75,1,12:36:32.244416605
5226.75,1,12:36:32.288944073
5226.75,1,12:36:32.863116690
5226.75,1,12:36:32.931521581
5226.75,1,12:36:32.939628755
5226.75,1,12:36:32.977053554
5226.75,14,12:36:33.383131800
5226.75,1,12:36:33.383701270
5226.75,4,12:36:33.428003064
5226.75,3,12:36:33.428201471
5226.75,2,12:36:33.428252381
5226.75,1,12:36:33.463288781
5226.75,1,12:36:33.637157837
5226.75,1,12:36:33.637362801
5226.75,1,12:36:33.637753407
5226.75,1,12:36:33.638186021
5226.75,8,12:36:33.644755592
5227.0,1,12:36:33.686024624
5227.0,1,12:36:33.946701609
5227.0,1,12:36:34.851707088
5227.0,8,12:36:35.437182096
5227.0,2,12:36:35.694952737
5227.0,2,12:36:35.838502485
5227.0,1,12:36:36.170274979
5226.75,17,12:36:36.248579105
5226.5,8,12:36:36.262338251
5226.5,1,12:36:36.262481467
5226.5,2,12:36:36.262481467
5226.5,5,12:36:36.262598548
5226.5,12,12:36:36.262598548
5226.5,2,12:36:36.262776878
5226.5,1,12:36:36.262776878
5226.5,15,12:36:36.262776878
5226.5,4,12:36:36.262776878
5226.5,2,12:36:36.262902579
5226.5,1,12:36:36.262902579
5226.5,26,12:36:36.262947742
5226.5,1,12:36:36.262977634
5226.5,2,12:36:36.263192876
5226.5,2,12:36:36.263385165
5226.5,1,12:36:36.263388618
5226.5,2,12:36:36.263527184
5226.5,1,12:36:36.263527184
5226.5,3,12:36:36.263907543
5226.5,1,12:36:36.264019697
5226.5,2,12:36:36.264099721
5226.5,7,12:36:36.264257198
5226.5,1,12:36:36.264309382
5226.5,5,12:36:36.264617997
5226.75,5,12:36:36.435442853
5226.5,1,12:36:36.589002382
5226.75,2,12:36:37.001514883
5226.75,26,12:36:37.001940444
5226.75,2,12:36:37.002488372
5226.75,1,12:36:37.002677962
5226.75,26,12:36:37.002910861
5226.75,2,12:36:37.002957265
5226.75,1,12:36:37.003027259
5226.75,1,12:36:37.003076038
5226.75,1,12:36:37.003361890
5226.75,2,12:36:37.003445985
5226.75,8,12:36:37.003445985
5226.75,5,12:36:37.003537964
5226.75,1,12:36:37.003624785
5226.75,1,12:36:37.003788961
5226.75,1,12:36:37.436017585
5226.75,1,12:36:37.546026306
5227.0,1,12:36:38.326946966
5226.75,1,12:36:38.469706260
5227.0,1,12:36:39.811355198
5227.0,1,12:36:39.828645021
5226.75,2,12:36:40.467251815
5227.0,5,12:36:40.704835224
5227.0,1,12:36:40.857234769
5227.0,2,12:36:41.319613707
5227.0,1,12:36:42.340274189
5227.0,1,12:36:42.817630590
5227.0,10,12:36:43.602882608
5227.0,3,12:36:43.624482107
5227.0,81,12:36:43.624898023
5227.0,2,12:36:43.625040896
5227.0,13,12:36:43.625135587
5227.0,1,12:36:43.625135587
5227.0,2,12:36:43.625135587
5227.0,1,12:36:43.625657700
5227.0,1,12:36:43.625830676
5227.0,1,12:36:43.818282323
5227.25,10,12:36:44.082223942
5227.25,1,12:36:44.082234793
5227.25,1,12:36:44.217492826
5227.0,2,12:36:44.799850411
5227.0,6,12:36:44.808184968
5227.0,2,12:36:44.808294324
5227.0,7,12:36:44.808294324
5227.0,1,12:36:44.808402234
5227.0,2,12:36:44.808402234
5227.0,1,12:36:44.808455131
5227.0,2,12:36:44.808623812
5227.0,1,12:36:44.808623812
5227.0,8,12:36:44.808623812
5227.0,1,12:36:44.808923076
5227.0,1,12:36:44.808956654
5227.0,1,12:36:44.809075652
5227.0,6,12:36:44.809183518
5227.0,1,12:36:44.809183518
5227.0,8,12:36:44.809228079
5227.0,6,12:36:44.809634863
5227.0,1,12:36:44.809777938
5227.0,14,12:36:44.809911118
5227.0,13,12:36:44.810041140
5227.0,1,12:36:44.810041140
5227.0,1,12:36:44.810165440
5227.0,1,12:36:44.810358295
5227.0,10,12:36:44.810431896
5227.0,1,12:36:44.814632131
5227.0,1,12:36:44.814663844
5227.0,4,12:36:44.814728229
5227.25,5,12:36:44.861051705
5227.25,1,12:36:45.070924943
5227.25,1,12:36:45.164168025
5227.25,1,12:36:45.347747630
5227.0,1,12:36:46.320175699
5227.25,2,12:36:46.350988781
5227.25,1,12:36:46.379291013
5227.25,5,12:36:47.208175005
5227.25,1,12:36:47.960544415
5227.25,1,12:36:48.139640867
5227.0,1,12:36:49.707314107
5227.0,1,12:36:50.006038521
5227.0,1,12:36:50.127157282
5227.25,2,12:36:51.035909264
5227.0,5,12:36:53.018513110
5227.0,1,12:36:53.039134857
5227.25,3,12:36:53.787592533
5227.25,1,12:36:54.302784826
5227.25,5,12:36:54.309273996
5227.25,1,12:36:54.309568876
5227.25,2,12:36:54.317847203
5227.25,1,12:36:54.318167430
5227.25,1,12:36:54.327380623
5227.25,1,12:36:54.349279780
5227.25,39,12:36:54.349719162
5227.25,1,12:36:54.350259858
5227.25,1,12:36:54.350744373
5227.25,60,12:36:54.376080440
5227.25,2,12:36:54.881044550
5227.25,2,12:36:54.881210710
5227.25,21,12:36:54.881360470
5227.25,1,12:36:54.881430077
5227.25,23,12:36:54.881590391
5227.25,4,12:36:54.881880415
5227.25,27,12:36:54.882148635
5227.25,15,12:36:54.882276977
5227.25,1,12:36:54.882372025
5227.25,1,12:36:54.882648153
5227.25,1,12:36:55.435773845
5227.0,1,12:36:55.881336222
5227.0,9,12:36:56.069087044
5227.0,1,12:36:56.069292155
5227.0,28,12:36:56.069705901
5227.0,1,12:36:56.069835593
5227.0,1,12:36:56.069914459
5227.0,4,12:36:56.069986271
5227.0,1,12:36:56.070078404
5227.0,1,12:36:56.070125560
5227.0,4,12:36:56.070652867
5227.0,1,12:36:56.070805897
5227.0,1,12:36:56.071092057
5227.0,1,12:36:56.071374715
5227.0,1,12:36:56.071472515
5227.0,1,12:36:56.071507150
5227.0,1,12:36:56.071552434
5227.0,1,12:36:56.071736716
5227.0,1,12:36:56.077271957
5227.0,2,12:36:56.077456425
5227.0,2,12:36:56.077772444
5227.0,1,12:36:56.109296877
5227.0,1,12:36:56.150798754
5227.0,1,12:36:56.325826447
5227.0,1,12:36:56.804737432
5227.0,1,12:36:56.804915554
5227.0,1,12:36:56.906060824
5227.0,1,12:36:57.358997512
5227.0,11,12:36:57.359237453
5227.0,2,12:36:57.359569548
5227.0,2,12:36:57.359694998
5227.25,1,12:36:57.804040005
5227.0,7,12:36:58.294243172
5226.75,1,12:36:58.360270676
5226.75,1,12:36:58.360280922
5227.0,1,12:36:58.802395048
5227.0,1,12:36:58.927228157
5226.75,2,12:36:59.229829720
5226.75,1,12:36:59.475532525
5227.0,11,12:36:59.506326058
5227.0,2,12:37:00.029637684
5227.0,1,12:37:00.029661253
5227.0,2,12:37:00.029825381
5227.0,3,12:37:00.029915815
5227.0,1,12:37:00.029915815
5227.0,2,12:37:00.029973163
5227.0,1,12:37:00.030265974
5227.0,9,12:37:00.030353414
5227.0,5,12:37:00.030641451
5227.0,2,12:37:00.078459057
5227.0,1,12:37:00.078637492
5227.0,3,12:37:00.097598414
5227.0,1,12:37:00.098238623
5227.0,6,12:37:00.098781085
5227.0,1,12:37:00.098843556
5227.0,35,12:37:00.392669898
5227.0,1,12:37:01.290569878
5227.25,1,12:37:01.959675014
5227.25,14,12:37:01.960230163
5227.25,1,12:37:01.960473930
5227.25,2,12:37:01.960527838
5227.25,3,12:37:01.960650813
5227.25,6,12:37:01.960802291
5227.25,1,12:37:01.960925148
5227.25,4,12:37:01.960925148
5227.25,2,12:37:01.960925148
5227.25,6,12:37:01.961215231
5227.25,5,12:37:03.464321523
5227.0,2,12:37:03.503411536
5227.0,1,12:37:03.540030465
5227.0,7,12:37:03.979462984
5227.25,5,12:37:04.103808001
5227.0,1,12:37:04.177844884
5227.0,2,12:37:05.756150547
5227.0,5,12:37:05.756693414
5227.0,22,12:37:05.756900290
5227.0,8,12:37:05.756900290
5227.0,1,12:37:05.756900290
5227.0,7,12:37:05.757561739
5227.0,4,12:37:05.757859640
5227.0,3,12:37:05.757960880
5227.0,1,12:37:05.758044677
5227.0,2,12:37:05.758044677
5227.0,11,12:37:05.758251296
5227.0,1,12:37:05.758459473
5227.0,2,12:37:05.758629329
5227.25,1,12:37:06.518912509
5227.25,5,12:37:06.688567094
5227.0,3,12:37:07.103344721
5227.25,1,12:37:08.454670104
5227.25,1,12:37:08.812611799
5227.0,30,12:37:09.750879400
5227.0,8,12:37:09.751396871
5227.0,7,12:37:09.751654568
5227.0,1,12:37:09.751746659
5227.0,2,12:37:09.751746659
5227.0,9,12:37:09.751840128
5227.0,1,12:37:09.752000720
5227.0,5,12:37:09.752387098
5227.0,5,12:37:09.752441653
5227.0,1,12:37:09.753455843
5227.25,2,12:37:09.937225664
5227.25,1,12:37:10.398938146
5227.0,1,12:37:10.590981447
5227.0,24,12:37:10.896874901
5227.0,2,12:37:10.897415178
5227.0,2,12:37:10.897539119
5227.0,1,12:37:11.472278246
5227.0,11,12:37:11.965908655
5227.0,1,12:37:12.264377671
5227.0,1,12:37:12.848419663
5227.0,1,12:37:13.129539230
5227.0,1,12:37:15.164180290
5227.0,19,12:37:15.607644792
5227.0,28,12:37:15.608048512
5227.0,1,12:37:15.608110961
5227.0,4,12:37:15.608199140
5227.0,3,12:37:15.608199140
5227.0,1,12:37:15.608347843
5227.0,2,12:37:15.608347843
5227.0,9,12:37:15.608390868
5227.0,1,12:37:15.609255177
5227.0,1,12:37:15.609305274
5227.0,1,12:37:15.609479213
5227.25,4,12:37:18.576937015
5227.25,2,12:37:18.577062375
5227.25,1,12:37:18.577136469
5227.25,2,12:37:18.577176892
5227.25,1,12:37:18.577219747
5227.25,46,12:37:18.577467135
5227.25,2,12:37:18.577547114
5227.25,1,12:37:18.577547114
5227.25,1,12:37:18.577667805
5227.0,1,12:37:20.033125579
5227.0,1,12:37:21.342109321
5227.0,1,12:37:21.357792484
5227.0,1,12:37:21.476720857
5227.25,8,12:37:22.070535092
5227.25,1,12:37:22.070620465
5227.25,2,12:37:22.070620465
5227.25,1,12:37:22.070748295
5227.25,8,12:37:22.070748295
5227.25,2,12:37:22.070859760
5227.25,11,12:37:22.070859760
5227.25,1,12:37:22.070859760
5227.25,7,12:37:22.071052036
5227.25,2,12:37:22.071052036
5227.25,1,12:37:22.071052036
5227.25,14,12:37:22.071213713
5227.25,7,12:37:22.071213713
5227.25,3,12:37:22.071213713
5227.25,15,12:37:22.071213713
5227.25,2,12:37:22.071244719
5227.25,29,12:37:22.071354913
5227.25,7,12:37:22.071518699
5227.25,1,12:37:22.071560690
5227.25,1,12:37:22.071969223
5227.25,17,12:37:22.072024404
5227.5,2,12:37:23.502763462
5227.5,1,12:37:23.502792822
5227.5,2,12:37:23.502792822
5227.5,6,12:37:23.502792822
5227.5,3,12:37:23.502792822
5227.5,1,12:37:23.502806157
5227.5,11,12:37:23.508563244
5227.25,2,12:37:23.601623740
5227.5,1,12:37:23.642000935
5227.25,20,12:37:23.643361081
5227.25,2,12:37:23.643519884
5227.25,1,12:37:23.643647915
5227.25,3,12:37:23.643647915
5227.25,1,12:37:23.643721239
5227.25,1,12:37:23.643894694
5227.25,8,12:37:23.643894694
5227.25,1,12:37:23.643948683
5227.25,3,12:37:23.644260427
5227.25,1,12:37:23.644285041
5227.25,1,12:37:23.644428580
5227.25,1,12:37:23.644466171
5227.25,1,12:37:23.652946931
5227.25,1,12:37:23.661146059
5227.25,1,12:37:23.661322293
5227.25,1,12:37:23.661425466
5227.25,4,12:37:23.661425466
5227.25,3,12:37:23.661464517
5227.25,3,12:37:23.661757979
5227.25,1,12:37:23.661940939
5227.25,1,12:37:23.669595327
5227.25,1,12:37:23.677136966
5227.25,17,12:37:23.677306585
5227.25,2,12:37:23.677610077
5227.25,12,12:37:23.677683671
5227.25,1,12:37:23.677815892
5227.25,3,12:37:23.677873525
5227.25,2,12:37:24.139834399
5227.25,1,12:37:24.165306796
5227.25,1,12:37:24.165720618
5227.25,3,12:37:24.166697098
5227.25,1,12:37:24.166994542
5227.25,1,12:37:24.167166068
5227.25,1,12:37:24.179162239
5227.25,1,12:37:24.179494780
5227.25,2,12:37:24.183110024
5227.25,1,12:37:24.183281842
5227.25,1,12:37:24.183311429
5227.25,10,12:37:24.589561026
5227.25,2,12:37:24.589645271
5227.25,4,12:37:24.589726805
5227.25,1,12:37:24.589778873
5227.25,2,12:37:24.589964916
5227.25,1,12:37:24.590068156
5227.25,2,12:37:24.590153572
5227.25,8,12:37:24.590366217
5227.25,1,12:37:24.590647790
5227.25,1,12:37:24.602208250
5227.25,1,12:37:24.602273681
5227.0,1,12:37:24.827729364
5227.25,1,12:37:25.087531968
5227.25,1,12:37:25.500320794
5227.25,3,12:37:25.719856013
5227.0,7,12:37:27.108387829
5227.0,8,12:37:27.727506187
5227.25,5,12:37:29.204304202
5227.0,19,12:37:29.314458104
5227.0,2,12:37:29.314489760
5227.0,2,12:37:29.314576341
5227.0,2,12:37:29.314625353
5227.25,2,12:37:29.840358136
5227.0,7,12:37:30.130456546
5227.25,1,12:37:30.744263077
5227.25,1,12:37:31.025201640
5227.0,1,12:37:31.458922724
5227.25,4,12:37:31.523621367
5227.25,1,12:37:31.785286658
5227.25,1,12:37:32.294036551
5227.25,1,12:37:32.737309963
5227.0,1,12:37:33.775533085
5227.25,1,12:37:35.124592884
5227.0,19,12:37:35.125380008
5227.0,1,12:37:35.125486362
5227.0,8,12:37:35.125554363
5227.0,2,12:37:35.125667642
5227.0,1,12:37:35.125667642
5227.0,2,12:37:35.125780995
5227.0,1,12:37:35.125780995
5227.0,3,12:37:35.125831358
5227.0,5,12:37:35.125944054
5227.0,4,12:37:35.126027410
5227.0,4,12:37:35.126077465
5227.0,1,12:37:35.126310484
5227.0,1,12:37:35.126454481
5227.0,3,12:37:35.126582102
5227.0,3,12:37:35.126657895
5227.0,8,12:37:35.127117384
5227.0,16,12:37:35.127200966
5227.0,2,12:37:35.127420699
5227.0,3,12:37:35.127520885
5227.0,2,12:37:35.127568826
5227.0,1,12:37:35.127651359
5227.0,1,12:37:35.127763787
5227.0,1,12:37:35.127812927
5227.0,1,12:37:35.127844415
5227.0,1,12:37:35.129128176
5227.0,1,12:37:35.129315527
5227.0,8,12:37:35.133616413
5226.75,1,12:37:35.273995122
5227.0,1,12:37:35.375375015
5226.75,1,12:37:35.513916793
5227.0,1,12:37:35.890967642
5227.0,1,12:37:36.108223255
5226.75,1,12:37:36.382754811
5227.0,1,12:37:36.403623570
5226.75,1,12:37:37.989490081
5227.0,1,12:37:38.312650316
5227.0,1,12:37:38.329189142
5226.75,1,12:37:38.728209427
5226.75,1,12:37:38.891209713
5227.0,10,12:37:39.524226678
5227.0,1,12:37:42.389474017
5226.75,15,12:37:42.658896255
5227.0,1,12:37:42.847044212
5226.75,2,12:37:45.115145834
5227.0,4,12:37:45.118501686
5227.0,22,12:37:45.119024549
5227.0,1,12:37:45.119140426
5227.0,9,12:37:45.119365313
5227.0,2,12:37:45.119414595
5227.0,1,12:37:45.119486225
5227.0,1,12:37:45.119549435
5227.0,2,12:37:45.119596499
5227.0,1,12:37:45.119681970
5227.0,1,12:37:45.119720015
5227.0,2,12:37:45.119792324
5227.0,4,12:37:45.119838436
5227.0,1,12:37:45.119922079
5227.0,1,12:37:45.120048784
5227.0,2,12:37:45.120188041
5227.0,1,12:37:45.131762797
5227.0,2,12:37:45.132219637
5227.0,3,12:37:45.132404498
5227.0,2,12:37:45.132473641
5227.0,1,12:37:45.132517937
5227.0,1,12:37:45.132787667
5227.0,1,12:37:45.132828167
5227.0,1,12:37:45.132869399
5227.0,1,12:37:45.132921545
5227.0,4,12:37:45.132984535
5227.0,1,12:37:45.133027720
5226.75,19,12:37:48.388019242
5226.75,1,12:37:48.388309549
5226.75,2,12:37:48.388372395
5226.75,38,12:37:48.393608901
5226.75,1,12:37:48.393758382
5226.75,15,12:37:48.393939583
5226.75,2,12:37:48.393939583
5226.75,1,12:37:48.393939583
5226.75,4,12:37:48.393939583
5226.75,7,12:37:48.394191850
5226.75,1,12:37:48.394251758
5226.75,1,12:37:48.394345844
5226.75,2,12:37:48.394345844
5226.75,1,12:37:48.394490289
5226.75,11,12:37:48.394698260
5226.75,1,12:37:48.394976675
5226.75,1,12:37:48.395017169
5226.75,4,12:37:48.396182146
5226.75,1,12:37:48.396419358
5226.75,1,12:37:48.396587499
5226.75,4,12:37:48.396614379
5226.75,5,12:37:48.396706867
5226.75,1,12:37:48.396759751
5226.75,2,12:37:48.397181779
5226.75,12,12:37:48.404539793
5226.75,1,12:37:48.404576193
5226.75,1,12:37:48.404840381
5226.75,1,12:37:48.405022206
5226.75,15,12:37:48.405305523
5226.75,1,12:37:48.405411452
5226.75,1,12:37:48.512458268
5226.75,10,12:37:48.512717124
5226.75,1,12:37:48.512949542
5226.75,1,12:37:48.512989453
5226.75,7,12:37:48.513246924
5226.75,1,12:37:48.513388824
5226.75,2,12:37:48.513650222
5226.75,3,12:37:48.513722600
5226.75,1,12:37:49.245492243
5226.75,2,12:37:49.245780387
5226.75,3,12:37:49.246157287
5226.75,1,12:37:49.246192422
5226.75,2,12:37:49.246379499
5226.75,8,12:37:49.246424409
5226.75,3,12:37:49.246619148
5226.75,5,12:37:49.246619148
5226.75,1,12:37:49.246787235
5226.75,1,12:37:49.246951699
5226.75,3,12:37:49.246951699
5226.75,7,12:37:49.247174977
5226.75,2,12:37:49.247174977
5226.75,1,12:37:49.247206223
5226.75,1,12:37:49.247418205
5226.5,1,12:37:49.291236600
5226.5,1,12:37:49.291248070
5226.5,1,12:37:49.291253694
5226.75,4,12:37:49.392171395
5226.75,6,12:37:49.392459628
5226.75,1,12:37:49.392543056
5226.75,3,12:37:49.392543056
5227.0,1,12:37:49.482197797
5226.75,1,12:37:50.233386409
5227.0,2,12:37:51.022472470
5227.0,2,12:37:51.022740318
5227.0,5,12:37:51.022968505
5227.0,5,12:37:51.023054555
5227.0,3,12:37:51.023054555
5227.0,1,12:37:51.023415618
5227.0,33,12:37:51.026041590
5227.0,1,12:37:51.026320307
5227.0,7,12:37:51.026436101
5227.0,2,12:37:51.026436101
5227.0,6,12:37:51.026436101
5227.0,4,12:37:51.026436101
5227.0,3,12:37:51.026778972
5227.0,1,12:37:51.027064789
5227.0,2,12:37:51.027064789
5227.0,1,12:37:51.034259708
5227.0,1,12:37:51.035912621
5227.0,2,12:37:51.036267109
5227.0,1,12:37:51.036624073
5227.0,3,12:37:51.036846992
5227.0,1,12:37:51.083520312
5227.0,1,12:37:51.083853061
5227.0,11,12:37:51.086034910
5227.0,2,12:37:51.086186110
5227.0,4,12:37:52.012941387
5227.0,1,12:37:52.221303453
5227.0,24,12:37:52.221732617
5227.0,1,12:37:52.222106119
5227.0,1,12:37:52.652079727
5227.25,4,12:37:53.114409968
5227.0,2,12:37:53.248467679
5227.0,1,12:37:53.852338291
5227.25,1,12:37:55.736342275
5227.25,3,12:37:56.479306028
5227.25,2,12:37:56.479393826
5227.25,7,12:37:56.480325089
5227.25,1,12:37:56.480469536
5227.25,1,12:37:56.480510859
5227.25,1,12:37:56.480612014
5227.25,2,12:37:56.480655710
5227.25,1,12:37:56.480952248
5227.0,1,12:37:56.536705416
5227.25,1,12:37:57.153675109
5227.0,1,12:37:57.800546867
5227.25,12,12:37:58.418869825
5227.25,1,12:37:58.419020976
5227.25,1,12:37:58.419091212
5227.25,2,12:37:58.419200142
5227.25,1,12:37:58.419200142
5227.25,1,12:37:58.419277468
5227.25,3,12:37:58.419277468
5227.25,6,12:37:58.419277468
5227.25,1,12:37:58.419494935
5227.25,1,12:37:58.419640503
5227.25,8,12:37:58.419906957
5227.25,1,12:37:58.420007534
5227.25,2,12:37:58.420046687
5227.25,1,12:37:58.420292570
5227.25,4,12:37:58.420402255
5227.25,9,12:37:58.420402255
5227.25,1,12:37:58.420608110
5227.25,1,12:37:58.420781864
5227.25,3,12:37:58.420848489
5227.25,2,12:37:58.420996889
5227.25,3,12:37:58.421180767
5227.25,1,12:37:58.421180767
5227.25,1,12:37:58.421267523
5227.25,8,12:37:58.421676204
5227.25,1,12:37:58.434526393
5227.25,1,12:37:58.434561053
5227.25,11,12:37:59.506354272
5227.25,1,12:38:00.872510323
5227.0,1,12:38:01.462231977
5227.25,1,12:38:01.648310530
5227.25,23,12:38:01.648891620
5227.25,1,12:38:01.649066046
5227.25,1,12:38:01.649120693
5227.25,1,12:38:01.649167194
5227.25,3,12:38:01.649345328
5227.25,1,12:38:01.649345328
5227.25,2,12:38:01.649625485
5227.25,1,12:38:01.649684653
5227.25,15,12:38:01.649996784
5227.25,1,12:38:01.650120141
5227.25,2,12:38:01.650120141
5227.25,1,12:38:01.661045071
5227.25,3,12:38:01.661232598
5227.25,1,12:38:01.661297259
5227.25,1,12:38:01.661517544
5227.25,1,12:38:01.661690694
5227.25,2,12:38:01.664859964
5227.25,1,12:38:01.771485363
5227.25,4,12:38:01.771562391
5227.5,1,12:38:01.803294905
5227.5,2,12:38:02.197143513
5227.25,2,12:38:02.494749244
5227.5,1,12:38:02.770004330
5227.5,3,12:38:03.176021375
5227.25,5,12:38:03.522818231
5227.5,1,12:38:03.621798168
5227.5,2,12:38:03.621838000
5227.5,2,12:38:03.621897876
5227.5,183,12:38:03.622317324
5227.5,2,12:38:03.622629570
5227.5,1,12:38:03.622680753
5227.5,3,12:38:03.622680753
5227.5,3,12:38:03.622789961
5227.5,1,12:38:03.624073971
5227.5,8,12:38:03.624189755
5227.5,2,12:38:03.624189755
5227.5,1,12:38:03.624369964
5227.5,7,12:38:03.624369964
5227.5,3,12:38:03.624571651
5227.5,2,12:38:03.624623409
5227.5,1,12:38:03.624747847
5227.5,8,12:38:03.625385809
5227.5,1,12:38:03.625580548
5227.5,2,12:38:03.625905284
5227.5,1,12:38:03.625905284
5227.5,1,12:38:03.625907662
5227.5,3,12:38:03.630902201
5227.5,3,12:38:03.630938816
5227.5,3,12:38:03.631250925
5227.5,25,12:38:03.631599229
5227.75,2,12:38:04.314243636
5227.75,1,12:38:04.314265105
5227.75,1,12:38:04.314271819
5227.75,1,12:38:04.314280712
5227.75,6,12:38:04.314280712
5227.75,1,12:38:04.314287300
5227.75,2,12:38:04.314287300
5227.75,1,12:38:04.314293945
5227.75,1,12:38:04.314300713
5227.75,1,12:38:04.314313260
5227.75,1,12:38:04.314318428
5227.75,5,12:38:04.325754274
5227.75,1,12:38:04.357900415
5227.75,1,12:38:04.519347258
5227.5,7,12:38:04.657693807
5227.5,24,12:38:04.658249245
5227.5,1,12:38:04.692866400
5227.5,1,12:38:04.699685698
5227.5,1,12:38:05.048011856
5227.5,2,12:38:05.345285514
5227.5,1,12:38:05.376368748
5227.5,1,12:38:05.875954513
5227.5,1,12:38:05.910188147
5227.5,1,12:38:06.616537309
5227.25,4,12:38:07.081080826
5227.25,1,12:38:07.081170854
5227.25,7,12:38:07.081242365
5227.25,2,12:38:07.081305522
5227.25,1,12:38:07.081455771
5227.25,5,12:38:07.081455771
5227.25,6,12:38:07.081529459
5227.25,1,12:38:07.081529459
5227.25,1,12:38:07.081669699
5227.25,81,12:38:07.081817052
5227.25,8,12:38:07.082114108
5227.25,2,12:38:07.082338557
5227.25,2,12:38:07.082417684
5227.25,11,12:38:07.082517591
5227.25,4,12:38:07.082517591
5227.25,4,12:38:07.082647888
5227.25,6,12:38:07.083011117
5227.25,4,12:38:07.083275686
5227.25,1,12:38:07.083446688
5227.25,2,12:38:07.083508507
5227.25,1,12:38:07.188271119
5227.25,1,12:38:07.251319649
5227.25,1,12:38:07.281619603
5227.25,1,12:38:07.901172608
5227.25,1,12:38:08.283995698
5227.25,2,12:38:08.373476635
5227.25,13,12:38:08.373959034
5227.5,10,12:38:09.703932521
5227.5,1,12:38:10.578498475
5227.5,1,12:38:10.812523070
5227.5,1,12:38:11.602443404
5227.25,9,12:38:12.202054251
5227.5,1,12:38:12.640644303
5227.5,1,12:38:12.945422135
5227.5,2,12:38:13.395084425
5227.5,20,12:38:15.254118120
5227.5,1,12:38:15.617754443
5227.5,1,12:38:18.340907618
5227.5,10,12:38:18.343703883
5227.5,2,12:38:18.344266374
5227.5,1,12:38:18.344291046
5227.5,8,12:38:18.344467488
5227.5,3,12:38:18.344659406
5227.5,1,12:38:18.344719573
5227.5,3,12:38:18.344719573
5227.5,2,12:38:18.344804269
5227.5,2,12:38:18.344869496
5227.5,1,12:38:18.344950983
5227.5,1,12:38:18.743129231
5227.25,1,12:38:19.360861419
5227.25,1,12:38:19.360871573
5227.5,15,12:38:22.140524233
5227.5,1,12:38:22.617088050
5227.5,1,12:38:23.132694617
5227.5,1,12:38:23.964388060
5227.5,1,12:38:25.039331813
5227.5,1,12:38:25.039755560
5227.5,1,12:38:25.058098799
5227.5,23,12:38:25.058352068
5227.5,1,12:38:25.058391672
5227.5,1,12:38:25.058488525
5227.5,1,12:38:25.058986017
5227.5,1,12:38:25.062379605
5227.75,1,12:38:26.391916087
5227.5,5,12:38:26.580047366
5227.5,1,12:38:26.580297420
5227.5,2,12:38:26.580333487
5227.5,2,12:38:26.580388065
5227.5,2,12:38:26.580434818
5227.5,16,12:38:26.580606184
5227.5,8,12:38:26.587301381
5227.5,1,12:38:26.587347130
5227.5,5,12:38:26.587554119
5227.75,1,12:38:27.984938847
5227.5,1,12:38:28.047216670
5227.5,1,12:38:29.295477592
5227.75,10,12:38:29.298264342
5227.75,1,12:38:29.470586965
5227.75,4,12:38:29.910969322
5227.75,1,12:38:29.911094227
5227.75,2,12:38:29.911142138
5227.75,23,12:38:29.911364704
5227.75,13,12:38:29.911437495
5227.75,1,12:38:29.911483908
5227.75,1,12:38:29.911533241
5227.75,1,12:38:29.911739597
5227.75,1,12:38:29.911840664
5227.75,7,12:38:29.911840664
5227.75,2,12:38:29.911840664
5227.75,82,12:38:29.911940487
5228.0,1,12:38:30.930153985
5228.0,1,12:38:30.930188795
5228.0,1,12:38:30.930193707
5228.0,4,12:38:30.930201691
5228.0,1,12:38:30.930201691
5228.0,1,12:38:30.930210825
5228.0,1,12:38:30.930219589
5228.0,3,12:38:30.930225398
5228.0,1,12:38:30.930233667
5228.0,1,12:38:30.930242728
5228.0,1,12:38:30.930252227
5228.0,1,12:38:30.930260095
5228.0,2,12:38:30.930260095
5228.0,1,12:38:30.930265456
5228.0,1,12:38:30.942197836
5228.0,10,12:38:30.950451183
5228.0,1,12:38:30.952208009
5228.0,4,12:38:30.952686483
5227.75,1,12:38:30.957654227
5227.75,13,12:38:31.451038916
5227.75,1,12:38:31.451167213
5227.75,1,12:38:31.451302912
5227.75,4,12:38:31.451302912
5227.75,1,12:38:31.451322087
5227.75,6,12:38:31.451453062
5227.75,1,12:38:31.451895113
5227.75,1,12:38:31.452097785
5227.75,1,12:38:31.902448975
5227.75,1,12:38:32.178935576
5227.75,1,12:38:32.402098372
5227.5,2,12:38:32.440022050
5227.5,1,12:38:32.440033340
5227.5,2,12:38:32.440220416
5227.5,3,12:38:32.440258287
5227.5,1,12:38:32.440309601
5227.5,2,12:38:32.440431486
5227.5,1,12:38:32.440431486
5227.5,7,12:38:32.440548406
5227.5,5,12:38:32.440621831
5227.5,2,12:38:32.440676729
5227.5,1,12:38:32.440978601
5227.5,7,12:38:32.441125544
5227.5,1,12:38:32.441168394
5227.75,5,12:38:32.502438569
5227.75,1,12:38:33.113841211
5227.75,1,12:38:33.482233925
5227.75,1,12:38:33.490568480
5227.75,1,12:38:33.519576916
5227.75,1,12:38:33.519907521
5227.75,4,12:38:33.945815874
5227.75,1,12:38:33.946388263
5227.75,3,12:38:33.946753512
5227.75,2,12:38:33.946965158
5227.75,1,12:38:33.946993661
5227.75,4,12:38:33.947105390
5227.75,35,12:38:34.841647696
5227.75,13,12:38:34.841940691
5227.75,4,12:38:34.842365749
5227.75,13,12:38:34.842704799
5227.75,1,12:38:34.842762730
5227.75,10,12:38:34.842836488
5227.75,1,12:38:34.843165297
5227.75,19,12:38:35.147569513
5227.75,1,12:38:35.148188585
5227.75,1,12:38:35.438349775
5227.75,2,12:38:35.685599383
5227.75,5,12:38:35.685934660
5227.75,1,12:38:35.686175100
5227.75,1,12:38:35.686214637
5227.75,2,12:38:35.686757592
5227.75,3,12:38:35.687146194
5227.75,1,12:38:35.687466457
5227.75,1,12:38:35.979097553
5227.75,2,12:38:37.648959402
5227.75,27,12:38:38.785134526
5228.0,73,12:38:38.785134526
5228.0,15,12:38:38.785225862
5227.75,10,12:38:39.690340888
5227.75,4,12:38:39.690573421
5227.75,1,12:38:39.690749348
5227.75,5,12:38:39.690749348
5227.75,5,12:38:39.690813653
5227.75,3,12:38:39.691138354
5227.75,1,12:38:39.691245476
5228.0,1,12:38:39.831100596
5227.75,2,12:38:40.372297600
5227.75,27,12:38:40.372694964
5227.75,1,12:38:40.372962986
5227.75,2,12:38:40.373095599
5227.75,6,12:38:40.373168009
5227.75,3,12:38:40.373233103
5227.75,1,12:38:40.373233103
5227.75,6,12:38:40.373603936
5228.0,1,12:38:40.927532866
5227.75,1,12:38:41.208841874
5228.0,1,12:38:41.669440475
5228.0,9,12:38:41.672370774
5228.0,1,12:38:41.708747118
5228.0,4,12:38:42.794492758
5228.0,1,12:38:43.231872499
5228.0,2,12:38:43.312223518
5228.0,1,12:38:43.868151440
5227.75,1,12:38:44.434457085
5228.0,1,12:38:44.913622074
5228.0,1,12:38:46.261524823
5227.75,1,12:38:46.952823112
5227.75,1,12:38:47.379779461
5228.0,2,12:38:47.731891239
5228.0,1,12:38:48.073581898
5228.0,4,12:38:50.260836642
5227.75,1,12:38:50.445795990
5228.0,1,12:38:51.189879027
5228.0,1,12:38:52.352711994
5228.0,1,12:38:52.833876619
5228.0,1,12:38:53.140541691
5228.0,9,12:38:53.143075160
5228.0,1,12:38:53.943737565
5228.0,1,12:38:53.977625335
5227.75,1,12:38:54.873488112
5228.0,1,12:38:55.477637054
5227.75,1,12:38:56.869999375
5228.0,1,12:38:56.889874066
5228.0,2,12:38:56.890033803
5228.0,2,12:38:56.890091378
5228.0,1,12:38:56.890091378
5228.0,2,12:38:56.890156513
5228.0,1,12:38:56.890156513
5228.0,3,12:38:56.890227988
5228.0,27,12:38:56.890316032
5228.0,1,12:38:56.890316032
5228.0,11,12:38:56.890316032
5228.0,7,12:38:56.890337144
5228.0,56,12:38:56.890558092
5228.0,1,12:38:56.890720597
5228.0,1,12:38:56.890899779
5228.0,6,12:38:56.890899779
5228.0,8,12:38:56.890899779
5228.0,1,12:38:56.890902367
5228.0,1,12:38:56.891040386
5228.0,2,12:38:56.891040386
5228.0,1,12:38:56.891076380
5228.0,1,12:38:56.891505826
5228.0,8,12:38:56.891678243
5228.0,1,12:38:56.891678243
5228.0,8,12:38:56.891923786
5228.0,4,12:38:56.891923786
5228.0,7,12:38:56.891923786
5228.0,5,12:38:56.891923786
5228.0,1,12:38:56.891958645
5228.0,1,12:38:56.892084951
5228.0,4,12:38:56.892314460
5228.0,1,12:38:56.892461349
5228.0,6,12:38:56.893040289
5228.0,1,12:38:56.893040289
5228.0,2,12:38:56.893199672
5228.0,3,12:38:56.893199672
5228.0,1,12:38:56.893199672
5228.0,4,12:38:56.893323521
5228.0,1,12:38:56.893538539
5228.0,9,12:38:56.893538539
5227.75,1,12:38:56.893654596
5228.0,1,12:38:56.893654596
5228.0,1,12:38:56.893768054
5228.0,1,12:38:56.893925680
5228.0,1,12:38:56.893956451
5228.0,1,12:38:56.894285700
5228.0,4,12:38:56.894349208
5228.0,2,12:38:56.927104913
5228.0,1,12:38:57.056612833
5228.0,3,12:38:57.133543914
5228.0,11,12:38:57.481862445
5228.0,2,12:38:57.482079717
5228.0,2,12:38:57.482119411
5228.0,8,12:38:57.902068566
5228.0,1,12:38:57.902194157
5228.0,1,12:38:57.902227505
5228.0,6,12:38:57.902436523
5228.0,1,12:38:57.905407690
5228.0,1,12:38:57.908012424
5228.0,3,12:38:57.908181288
5228.0,1,12:38:57.908291966
5228.0,1,12:38:57.908510572
5228.0,3,12:38:57.908557305
5228.0,2,12:38:57.908706448
5228.0,3,12:38:57.908923463
5228.0,2,12:38:57.909480511
5228.0,4,12:38:57.914943476
5228.0,2,12:38:57.914989886
5228.0,1,12:38:57.960926106
5228.0,1,12:38:58.032916859
5228.0,1,12:38:58.205934504
5228.0,1,12:38:58.212697264
5227.75,1,12:38:58.292755673
5228.0,1,12:38:58.352853742
5228.0,1,12:38:58.362084030
5227.75,1,12:38:58.808867345
5228.0,1,12:38:59.008148527
5228.0,3,12:38:59.008300594
5228.25,11,12:38:59.506687568
5228.25,2,12:38:59.506701898
5228.25,1,12:38:59.506701898
5228.25,1,12:38:59.506709340
