bidVolume,bidPrice,askVolume,askPrice,timestamp
94,109.74,23,109.75,09:45:00.006352242
78,109.74,23,109.75,09:45:00.006352242
78,109.74,33,109.75,09:45:00.010823602
78,109.74,70,109.75,09:45:00.010823602
78,109.74,88,109.75,09:45:00.010823602
78,109.74,70,109.75,09:45:00.019143884
78,109.74,33,109.75,09:45:00.019173769
78,109.74,23,109.75,09:45:00.019447816
78,109.74,33,109.75,09:45:00.046049427
78,109.74,23,109.75,09:45:00.058386749
96,109.74,23,109.75,09:45:00.107208894
104,109.74,23,109.75,09:45:00.107285005
96,109.74,23,109.75,09:45:00.264183920
78,109.74,23,109.75,09:45:00.264183920
78,109.74,60,109.75,09:45:00.264200966
78,109.74,78,109.75,09:45:00.264200966
78,109.74,88,109.75,09:45:00.264371837
78,109.74,96,109.75,09:45:00.327834584
78,109.74,100,109.75,09:45:00.327956385
78,109.74,101,109.75,09:45:00.328393594
80,109.74,101,109.75,09:45:02.144159060
100,109.74,101,109.75,09:45:02.144243863
106,109.74,101,109.75,09:45:02.144311665
106,109.74,97,109.75,09:45:02.145496940
106,109.74,60,109.75,09:45:02.145520998
106,109.74,42,109.75,09:45:02.145520998
106,109.74,34,109.75,09:45:02.145542853
106,109.74,24,109.75,09:45:02.145699258
106,109.74,23,109.75,09:45:02.145803403
112,109.74,23,109.75,09:45:02.146312450
108,109.74,23,109.75,09:45:02.146850580
112,109.74,23,109.75,09:45:02.147173591
112,109.74,22,109.75,09:45:02.148700624
112,109.74,17,109.75,09:45:02.148813187
112,109.74,15,109.75,09:45:02.148836713
112,109.74,13,109.75,09:45:02.148836713
112,109.74,139,109.76,09:45:02.148836713
122,109.74,139,109.76,09:45:02.148983280
122,109.74,117,109.76,09:45:02.149414050
50,109.75,117,109.76,09:45:02.149565631
51,109.75,117,109.76,09:45:02.150613937
51,109.75,128,109.76,09:45:02.150613937
64,109.75,128,109.76,09:45:02.151799827
51,109.75,128,109.76,09:45:02.152234973
51,109.75,118,109.76,09:45:02.152234973
51,109.75,122,109.76,09:45:02.160104766
51,109.75,126,109.76,09:45:02.160184263
51,109.75,136,109.76,09:45:02.218826032
1,109.75,136,109.76,09:45:04.104706771
1,109.75,156,109.76,09:45:04.104798041
110,109.74,156,109.76,09:45:04.105206774
110,109.74,162,109.76,09:45:04.105409543
110,109.74,142,109.76,09:45:04.121027958
110,109.74,136,109.76,09:45:04.121103065
110,109.74,156,109.76,09:45:05.044872937
110,109.74,162,109.76,09:45:05.045082975
106,109.74,162,109.76,09:45:05.045890241
112,109.74,162,109.76,09:45:05.058291351
112,109.74,5,109.75,09:45:05.850425973
122,109.74,5,109.75,09:45:07.769369089
122,109.74,3,109.75,09:45:07.769591384
122,109.74,129,109.76,09:45:07.769850459
25,109.75,129,109.76,09:45:07.770181963
71,109.75,129,109.76,09:45:07.770181963
73,109.75,129,109.76,09:45:07.770304296
74,109.75,129,109.76,09:45:07.771004298
86,109.75,129,109.76,09:45:07.771065488
87,109.75,129,109.76,09:45:07.771982563
87,109.75,125,109.76,09:45:07.772018944
87,109.75,116,109.76,09:45:07.772038931
87,109.75,112,109.76,09:45:07.772038931
87,109.75,106,109.76,09:45:07.772072380
87,109.75,99,109.76,09:45:07.772360339
86,109.75,99,109.76,09:45:07.772375811
99,109.75,99,109.76,09:45:07.772613691
99,109.75,89,109.76,09:45:07.772673204
74,109.75,89,109.76,09:45:07.772792672
74,109.75,98,109.76,09:45:07.772792672
74,109.75,94,109.76,09:45:07.773203845
74,109.75,104,109.76,09:45:07.776193754
74,109.75,125,109.76,09:45:08.040066689
61,109.75,125,109.76,09:45:08.041037830
59,109.75,125,109.76,09:45:08.044193719
59,109.75,104,109.76,09:45:08.136101661
72,109.75,104,109.76,09:45:08.137079746
59,109.75,104,109.76,09:45:09.329810791
59,109.75,113,109.76,09:45:09.330168838
72,109.75,113,109.76,09:45:09.342300154
72,109.75,118,109.76,09:45:11.719556074
72,109.75,123,109.76,09:45:11.721080530
59,109.75,123,109.76,09:45:11.725527423
59,109.75,124,109.76,09:45:11.727600301
52,109.75,124,109.76,09:45:13.374468601
52,109.75,134,109.76,09:45:13.374525880
40,109.75,134,109.76,09:45:13.374920485
28,109.75,134,109.76,09:45:13.375018239
1,109.75,134,109.76,09:45:13.375018239
1,109.75,154,109.76,09:45:13.375039349
1,109.75,153,109.76,09:45:13.375384069
1,109.75,152,109.76,09:45:13.375845527
154,109.74,152,109.76,09:45:13.375845527
154,109.74,5,109.75,09:45:13.375865098
154,109.74,10,109.75,09:45:13.375865098
130,109.74,10,109.75,09:45:13.375991265
112,109.74,10,109.75,09:45:13.386002211
123,109.74,10,109.75,09:45:13.419822022
117,109.74,10,109.75,09:45:15.637580612
117,109.74,5,109.75,09:45:15.948241189
117,109.74,139,109.76,09:45:15.948447294
117,109.74,121,109.76,09:45:15.948462936
117,109.74,116,109.76,09:45:15.948462936
117,109.74,98,109.76,09:45:15.948476791
117,109.74,91,109.76,09:45:15.948494084
117,109.74,83,109.76,09:45:15.948494084
117,109.74,73,109.76,09:45:15.948508961
117,109.74,61,109.76,09:45:15.948508961
117,109.74,59,109.76,09:45:15.948523585
117,109.74,58,109.76,09:45:15.948523585
117,109.74,54,109.76,09:45:15.948538017
117,109.74,50,109.76,09:45:15.948538017
117,109.74,45,109.76,09:45:15.948552023
117,109.74,35,109.76,09:45:15.948566875
117,109.74,25,109.76,09:45:15.948566875
117,109.74,167,109.77,09:45:15.948580622
79,109.76,167,109.77,09:45:15.949004218
75,109.76,167,109.77,09:45:15.949253142
75,109.76,185,109.77,09:45:15.949394049
51,109.76,185,109.77,09:45:15.949828752
33,109.76,185,109.77,09:45:15.949985504
33,109.76,186,109.77,09:45:15.950066457
25,109.76,186,109.77,09:45:15.950517023
25,109.76,196,109.77,09:45:15.950517023
25,109.76,216,109.77,09:45:15.950597561
6,109.76,216,109.77,09:45:15.950649308
1,109.76,216,109.77,09:45:15.950675916
181,109.75,216,109.77,09:45:15.950689644
55,109.76,216,109.77,09:45:15.951034075
55,109.76,226,109.77,09:45:15.951052670
54,109.76,226,109.77,09:45:15.951071141
54,109.76,206,109.77,09:45:15.951090210
49,109.76,206,109.77,09:45:15.951174130
50,109.76,206,109.77,09:45:15.951723327
50,109.76,210,109.77,09:45:15.959861473
50,109.76,214,109.77,09:45:15.959939482
50,109.76,212,109.77,09:45:15.978970886
50,109.76,183,109.77,09:45:16.012446458
1,109.76,183,109.77,09:45:16.046988307
148,109.75,183,109.77,09:45:16.047146054
130,109.75,183,109.77,09:45:16.047146054
124,109.75,183,109.77,09:45:16.047385821
100,109.75,183,109.77,09:45:16.047755606
114,109.75,183,109.77,09:45:16.048374889
114,109.75,11,109.76,09:45:16.148066312
114,109.75,14,109.76,09:45:16.148471230
114,109.75,19,109.76,09:45:16.148471230
110,109.75,19,109.76,09:45:16.149405639
110,109.75,22,109.76,09:45:16.730915211
104,109.75,22,109.76,09:45:17.052125900
100,109.75,22,109.76,09:45:17.052454299
100,109.75,32,109.76,09:45:17.052714788
100,109.75,33,109.76,09:45:17.052885845
100,109.75,23,109.76,09:45:17.070088686
106,109.75,23,109.76,09:45:17.070217732
110,109.75,23,109.76,09:45:17.070684170
106,109.75,23,109.76,09:45:17.168348275
106,109.75,20,109.76,09:45:17.172427354
106,109.75,17,109.76,09:45:17.172578327
110,109.75,17,109.76,09:45:17.173227996
110,109.75,8,109.76,09:45:17.221834821
110,109.75,6,109.76,09:45:17.222143643
117,109.75,6,109.76,09:45:17.222143643
122,109.75,6,109.76,09:45:17.222222942
126,109.75,6,109.76,09:45:17.222679274
121,109.75,6,109.76,09:45:17.528976832
114,109.75,6,109.76,09:45:17.528976832
110,109.75,6,109.76,09:45:17.531183316
110,109.75,9,109.76,09:45:17.543509877
110,109.75,6,109.76,09:45:17.551545602
110,109.75,13,109.76,09:45:17.699761749
110,109.75,23,109.76,09:45:18.445956795
104,109.75,23,109.76,09:45:18.446269093
114,109.75,23,109.76,09:45:18.446660330
100,109.75,23,109.76,09:45:18.447061741
100,109.75,13,109.76,09:45:18.449579019
110,109.75,13,109.76,09:45:18.449835898
104,109.75,13,109.76,09:45:18.453776628
100,109.75,13,109.76,09:45:18.454160913
104,109.75,13,109.76,09:45:18.458731933
110,109.75,13,109.76,09:45:18.899450871
100,109.75,13,109.76,09:45:19.387609535
100,109.75,23,109.76,09:45:19.571252213
100,109.75,24,109.76,09:45:19.571432383
100,109.75,37,109.76,09:45:22.709751781
100,109.75,44,109.76,09:45:22.729895433
100,109.75,48,109.76,09:45:22.729971890
100,109.75,51,109.76,09:45:22.741312218
100,109.75,54,109.76,09:45:22.741390387
100,109.75,57,109.76,09:45:25.002341065
100,109.75,52,109.76,09:45:26.169328183
100,109.75,51,109.76,09:45:26.169362481
100,109.75,44,109.76,09:45:26.169362481
100,109.75,34,109.76,09:45:26.169362481
100,109.75,33,109.76,09:45:26.169362481
100,109.75,20,109.76,09:45:26.169362481
100,109.75,13,109.76,09:45:26.169362481
100,109.75,9,109.76,09:45:26.169362481
100,109.75,6,109.76,09:45:26.169362481
100,109.75,3,109.76,09:45:26.169362481
100,109.75,198,109.77,09:45:26.169362481
43,109.76,198,109.77,09:45:26.169362481
43,109.76,220,109.77,09:45:26.169874930
43,109.76,223,109.77,09:45:26.170015716
39,109.76,223,109.77,09:45:26.170015716
18,109.76,223,109.77,09:45:26.170290941
54,109.76,223,109.77,09:45:26.170359227
73,109.76,223,109.77,09:45:26.170359227
73,109.76,233,109.77,09:45:26.170359227
71,109.76,233,109.77,09:45:26.170359227
55,109.76,233,109.77,09:45:26.170359227
31,109.76,233,109.77,09:45:26.170359227
28,109.76,233,109.77,09:45:26.170616145
25,109.76,233,109.77,09:45:26.170616145
25,109.76,243,109.77,09:45:26.170738717
6,109.76,243,109.77,09:45:26.170816404
133,109.75,243,109.77,09:45:26.170816404
133,109.75,237,109.77,09:45:26.170816404
121,109.75,237,109.77,09:45:26.170916970
121,109.75,232,109.77,09:45:26.170916970
121,109.75,238,109.77,09:45:26.171285175
127,109.75,238,109.77,09:45:26.171285175
127,109.75,243,109.77,09:45:26.171424208
103,109.75,243,109.77,09:45:26.171791583
103,109.75,238,109.77,09:45:26.898520588
103,109.75,243,109.77,09:45:27.104449368
103,109.75,238,109.77,09:45:27.237269712
103,109.75,218,109.77,09:45:27.244389722
103,109.75,196,109.77,09:45:27.245509952
115,109.75,196,109.77,09:45:27.245776102
117,109.75,196,109.77,09:45:27.246130457
13,109.76,196,109.77,09:45:27.248418286
50,109.76,196,109.77,09:45:27.248838583
52,109.76,196,109.77,09:45:27.248942583
70,109.76,196,109.77,09:45:27.248942583
57,109.76,196,109.77,09:45:27.249108842
58,109.76,196,109.77,09:45:27.249108842
56,109.76,196,109.77,09:45:27.249201514
56,109.76,167,109.77,09:45:27.268560449
56,109.76,164,109.77,09:45:27.321556773
56,109.76,162,109.77,09:45:27.321937470
58,109.76,162,109.77,09:45:27.350557250
56,109.76,162,109.77,09:45:27.351651655
57,109.76,162,109.77,09:45:27.366905890
58,109.76,162,109.77,09:45:27.394780175
60,109.76,162,109.77,09:45:27.395299967
61,109.76,162,109.77,09:45:27.395363135
60,109.76,162,109.77,09:45:27.483667246
59,109.76,162,109.77,09:45:27.483770203
57,109.76,162,109.77,09:45:27.498677763
58,109.76,162,109.77,09:45:27.504522126
59,109.76,162,109.77,09:45:27.504648046
58,109.76,162,109.77,09:45:27.518978736
57,109.76,162,109.77,09:45:27.527071695
58,109.76,162,109.77,09:45:27.582473343
57,109.76,162,109.77,09:45:27.583264498
58,109.76,162,109.77,09:45:27.742476871
57,109.76,162,109.77,09:45:27.759462305
56,109.76,162,109.77,09:45:28.035481277
58,109.76,162,109.77,09:45:28.101076862
59,109.76,162,109.77,09:45:28.101227802
58,109.76,162,109.77,09:45:28.160729026
56,109.76,162,109.77,09:45:28.697444628
57,109.76,162,109.77,09:45:28.701254951
58,109.76,162,109.77,09:45:28.701463633
59,109.76,162,109.77,09:45:28.840113869
58,109.76,162,109.77,09:45:29.094990643
57,109.76,162,109.77,09:45:29.095274233
58,109.76,162,109.77,09:45:29.095566269
57,109.76,162,109.77,09:45:29.117122607
58,109.76,162,109.77,09:45:29.200287698
57,109.76,162,109.77,09:45:29.546789478
56,109.76,162,109.77,09:45:29.572786130
58,109.76,162,109.77,09:45:29.600095376
59,109.76,162,109.77,09:45:29.878664622
58,109.76,162,109.77,09:45:29.906088402
59,109.76,162,109.77,09:45:30.007881440
58,109.76,162,109.77,09:45:30.225312068
56,109.76,162,109.77,09:45:30.352763745
57,109.76,162,109.77,09:45:30.356119070
59,109.76,162,109.77,09:45:30.356288868
57,109.76,162,109.77,09:45:30.368494779
58,109.76,162,109.77,09:45:30.464754339
59,109.76,162,109.77,09:45:30.505852240
58,109.76,162,109.77,09:45:30.986575185
59,109.76,162,109.77,09:45:31.376547006
58,109.76,162,109.77,09:45:31.631825892
59,109.76,162,109.77,09:45:31.631987147
58,109.76,162,109.77,09:45:31.632170139
57,109.76,162,109.77,09:45:31.632242651
56,109.76,162,109.77,09:45:31.632315367
56,109.76,163,109.77,09:45:31.632456298
56,109.76,164,109.77,09:45:31.658172163
56,109.76,179,109.77,09:45:31.707406598
38,109.76,179,109.77,09:45:31.707509152
1,109.76,179,109.77,09:45:31.707509152
1,109.76,186,109.77,09:45:31.707553632
1,109.76,187,109.77,09:45:31.707911046
139,109.75,187,109.77,09:45:31.708057633
139,109.75,195,109.77,09:45:31.708424968
139,109.75,197,109.77,09:45:31.708424968
109,109.75,197,109.77,09:45:31.708510907
109,109.75,1,109.76,09:45:31.708777359
109,109.75,6,109.76,09:45:31.709120481
109,109.75,5,109.76,09:45:31.711234071
109,109.75,191,109.77,09:45:31.711455020
8,109.76,191,109.77,09:45:31.711455020
109,109.75,191,109.77,09:45:31.711858387
117,109.75,191,109.77,09:45:31.711955378
109,109.75,191,109.77,09:45:31.712305724
109,109.75,201,109.77,09:45:31.712627308
109,109.75,1,109.76,09:45:31.723950880
109,109.75,3,109.76,09:45:31.724216016
109,109.75,6,109.76,09:45:31.724388768
109,109.75,7,109.76,09:45:31.725091001
109,109.75,8,109.76,09:45:31.725355209
109,109.75,9,109.76,09:45:31.771335791
109,109.75,10,109.76,09:45:32.917323982
109,109.75,39,109.76,09:45:33.117820941
109,109.75,38,109.76,09:45:34.582089371
109,109.75,37,109.76,09:45:34.582089371
109,109.75,35,109.76,09:45:34.582181345
109,109.75,34,109.76,09:45:34.582181345
109,109.75,33,109.76,09:45:34.582201325
109,109.75,30,109.76,09:45:34.582821225
109,109.75,29,109.76,09:45:34.582821225
109,109.75,21,109.76,09:45:34.582821225
109,109.75,8,109.76,09:45:34.583124787
109,109.75,205,109.77,09:45:34.583124787
109,109.75,185,109.77,09:45:34.583249155
109,109.75,170,109.77,09:45:34.583592610
109,109.75,163,109.77,09:45:34.583592610
109,109.75,173,109.77,09:45:34.583821983
123,109.75,173,109.77,09:45:34.584165742
1,109.76,173,109.77,09:45:34.586460302
2,109.76,173,109.77,09:45:34.586537261
3,109.76,173,109.77,09:45:34.586729706
4,109.76,173,109.77,09:45:34.586826394
54,109.76,173,109.77,09:45:34.586843446
54,109.76,172,109.77,09:45:34.587734595
54,109.76,170,109.77,09:45:34.590134590
54,109.76,169,109.77,09:45:34.594511396
55,109.76,169,109.77,09:45:34.594703562
56,109.76,169,109.77,09:45:34.595526304
55,109.76,169,109.77,09:45:34.596622302
56,109.76,169,109.77,09:45:34.597927976
57,109.76,169,109.77,09:45:34.598557681
57,109.76,168,109.77,09:45:34.598636727
56,109.76,168,109.77,09:45:36.966186659
55,109.76,168,109.77,09:45:36.966338573
54,109.76,168,109.77,09:45:36.966537946
54,109.76,169,109.77,09:45:36.966711261
4,109.76,169,109.77,09:45:38.307788516
3,109.76,169,109.77,09:45:38.307788516
2,109.76,169,109.77,09:45:38.307815027
2,109.76,170,109.77,09:45:38.308184579
2,109.76,187,109.77,09:45:38.308281856
1,109.76,187,109.77,09:45:38.308281856
1,109.76,192,109.77,09:45:38.308296528
131,109.75,192,109.77,09:45:38.308762431
131,109.75,193,109.77,09:45:38.308762431
109,109.75,193,109.77,09:45:38.308762431
109,109.75,205,109.77,09:45:38.309191474
109,109.75,193,109.77,09:45:38.312769087
109,109.75,205,109.77,09:45:38.319128173
109,109.75,213,109.77,09:45:38.319528256
109,109.75,1,109.76,09:45:38.337538150
109,109.75,6,109.76,09:45:38.337804783
109,109.75,7,109.76,09:45:38.338805650
109,109.75,8,109.76,09:45:38.339881252
109,109.75,9,109.76,09:45:38.340698612
109,109.75,10,109.76,09:45:38.341889340
109,109.75,11,109.76,09:45:38.350525983
109,109.75,12,109.76,09:45:38.352143181
109,109.75,15,109.76,09:45:38.353006189
109,109.75,25,109.76,09:45:38.354791999
109,109.75,38,109.76,09:45:38.381395217
109,109.75,39,109.76,09:45:38.390047760
109,109.75,40,109.76,09:45:38.390474055
109,109.75,50,109.76,09:45:38.390664851
109,109.75,51,109.76,09:45:38.390664851
109,109.75,50,109.76,09:45:38.390847527
103,109.75,50,109.76,09:45:38.900462536
77,109.75,50,109.76,09:45:38.900771005
77,109.75,101,109.76,09:45:38.901160503
77,109.75,50,109.76,09:45:38.911232089
77,109.75,53,109.76,09:45:38.912539118
77,109.75,56,109.76,09:45:38.912639489
77,109.75,46,109.76,09:45:38.964936867
78,109.75,46,109.76,09:45:38.965325372
79,109.75,46,109.76,09:45:38.965631737
80,109.75,46,109.76,09:45:38.965737710
82,109.75,46,109.76,09:45:38.965756571
83,109.75,46,109.76,09:45:38.968994240
83,109.75,43,109.76,09:45:38.979137807
83,109.75,30,109.76,09:45:38.979942910
83,109.75,20,109.76,09:45:38.981150944
83,109.75,19,109.76,09:45:38.985825163
83,109.75,18,109.76,09:45:38.989124692
83,109.75,17,109.76,09:45:38.989194212
83,109.75,16,109.76,09:45:38.992415184
105,109.75,16,109.76,09:45:39.000684948
105,109.75,15,109.76,09:45:39.001009095
105,109.75,14,109.76,09:45:39.001306429
105,109.75,13,109.76,09:45:39.001456342
105,109.75,12,109.76,09:45:39.007595285
105,109.75,11,109.76,09:45:39.015889474
105,109.75,10,109.76,09:45:39.015889474
105,109.75,5,109.76,09:45:39.026025677
105,109.75,2,109.76,09:45:39.026025677
105,109.75,181,109.77,09:45:39.026025677
53,109.76,181,109.77,09:45:39.026366352
54,109.76,181,109.77,09:45:39.026764383
54,109.76,177,109.77,09:45:39.027076936
54,109.76,183,109.77,09:45:39.027443285
54,109.76,182,109.77,09:45:39.027443285
54,109.76,166,109.77,09:45:39.027664959
55,109.76,166,109.77,09:45:39.027810191
54,109.76,166,109.77,09:45:39.030058315
56,109.76,166,109.77,09:45:39.033233301
56,109.76,165,109.77,09:45:39.033422282
57,109.76,165,109.77,09:45:39.033639032
57,109.76,164,109.77,09:45:39.040524313
58,109.76,164,109.77,09:45:39.051745955
59,109.76,164,109.77,09:45:39.051896675
72,109.76,164,109.77,09:45:39.052590018
71,109.76,164,109.77,09:45:39.356482236
70,109.76,164,109.77,09:45:39.356542780
57,109.76,164,109.77,09:45:39.356647046
56,109.76,164,109.77,09:45:39.606009279
56,109.76,165,109.77,09:45:39.606509740
54,109.76,165,109.77,09:45:39.707802089
55,109.76,165,109.77,09:45:39.708305161
56,109.76,165,109.77,09:45:39.708434622
55,109.76,165,109.77,09:45:39.802455356
54,109.76,165,109.77,09:45:39.802616517
54,109.76,166,109.77,09:45:39.820831434
54,109.76,167,109.77,09:45:40.825021598
54,109.76,168,109.77,09:45:42.029785805
54,109.76,180,109.77,09:45:42.030362637
54,109.76,188,109.77,09:45:42.030821244
54,109.76,208,109.77,09:45:42.031105581
1,109.76,208,109.77,09:45:42.033834286
127,109.75,208,109.77,09:45:42.034179560
105,109.75,208,109.77,09:45:42.034421228
105,109.75,1,109.76,09:45:42.036580345
105,109.75,2,109.76,09:45:42.037090101
105,109.75,1,109.76,09:45:42.041528284
105,109.75,2,109.76,09:45:42.043421201
105,109.75,3,109.76,09:45:42.043421201
105,109.75,4,109.76,09:45:42.044455068
105,109.75,5,109.76,09:45:42.047052791
105,109.75,6,109.76,09:45:42.047462060
105,109.75,16,109.76,09:45:42.047695619
105,109.75,18,109.76,09:45:42.048060371
105,109.75,29,109.76,09:45:42.048180768
102,109.75,29,109.76,09:45:42.049754597
102,109.75,30,109.76,09:45:42.049836968
100,109.75,30,109.76,09:45:42.050142820
100,109.75,32,109.76,09:45:42.050142820
100,109.75,33,109.76,09:45:42.050142820
78,109.75,33,109.76,09:45:42.050301666
76,109.75,33,109.76,09:45:42.060456499
75,109.75,33,109.76,09:45:42.060653158
75,109.75,46,109.76,09:45:42.060872383
87,109.75,46,109.76,09:45:42.414783351
97,109.75,46,109.76,09:45:42.414887749
97,109.75,33,109.76,09:45:42.420443719
97,109.75,23,109.76,09:45:42.434298510
97,109.75,12,109.76,09:45:42.434439410
97,109.75,11,109.76,09:45:42.439325486
97,109.75,10,109.76,09:45:42.439628216
97,109.75,11,109.76,09:45:42.654315787
97,109.75,24,109.76,09:45:42.707286462
97,109.75,29,109.76,09:45:42.707440650
97,109.75,16,109.76,09:45:43.085592798
97,109.75,14,109.76,09:45:44.245848537
97,109.75,13,109.76,09:45:44.250054928
97,109.75,12,109.76,09:45:44.250145417
97,109.75,11,109.76,09:45:44.250145417
97,109.75,10,109.76,09:45:44.250755397
97,109.75,9,109.76,09:45:44.250837391
97,109.75,8,109.76,09:45:44.250918242
97,109.75,6,109.76,09:45:44.251258590
97,109.75,5,109.76,09:45:44.251363812
97,109.75,209,109.77,09:45:44.251383748
97,109.75,207,109.77,09:45:44.252105188
97,109.75,195,109.77,09:45:44.252486733
97,109.75,200,109.77,09:45:44.252486733
97,109.75,196,109.77,09:45:44.252878918
97,109.75,1,109.76,09:45:44.253349597
97,109.75,2,109.76,09:45:44.254877263
97,109.75,3,109.76,09:45:44.257237088
97,109.75,4,109.76,09:45:44.257819033
97,109.75,3,109.76,09:45:44.264329921
97,109.75,2,109.76,09:45:44.264453153
97,109.75,1,109.76,09:45:44.276717178
97,109.75,176,109.77,09:45:44.286255776
97,109.75,196,109.77,09:45:44.454363904
97,109.75,2,109.76,09:45:44.634183339
97,109.75,3,109.76,09:45:44.634593547
97,109.75,4,109.76,09:45:44.634610021
97,109.75,5,109.76,09:45:44.634702625
97,109.75,6,109.76,09:45:44.804579463
97,109.75,19,109.76,09:45:44.813351037
97,109.75,6,109.76,09:45:44.819757167
97,109.75,4,109.76,09:45:45.490240047
97,109.75,3,109.76,09:45:45.490240047
97,109.75,2,109.76,09:45:45.490327516
97,109.75,1,109.76,09:45:45.490349046
97,109.75,214,109.77,09:45:45.490349046
94,109.76,214,109.77,09:45:45.490349046
94,109.76,194,109.77,09:45:45.490795916
94,109.76,193,109.77,09:45:45.490907328
97,109.76,193,109.77,09:45:45.490981983
97,109.76,192,109.77,09:45:45.490981983
97,109.76,180,109.77,09:45:45.491130064
98,109.76,180,109.77,09:45:45.491145190
98,109.76,178,109.77,09:45:45.491145190
95,109.76,178,109.77,09:45:45.491356104
96,109.76,178,109.77,09:45:45.491851535
96,109.76,170,109.77,09:45:45.491851535
96,109.76,166,109.77,09:45:45.491911816
96,109.76,165,109.77,09:45:45.491911816
98,109.76,165,109.77,09:45:45.492016716
98,109.76,162,109.77,09:45:45.492544226
98,109.76,161,109.77,09:45:45.519179831
111,109.76,161,109.77,09:45:45.519337901
113,109.76,161,109.77,09:45:45.520140527
111,109.76,161,109.77,09:45:45.541708448
98,109.76,161,109.77,09:45:45.639342643
111,109.76,161,109.77,09:45:45.730503307
109,109.76,161,109.77,09:45:45.823319775
96,109.76,161,109.77,09:45:45.823468927
96,109.76,162,109.77,09:45:45.823724485
95,109.76,162,109.77,09:45:45.828019179
96,109.76,162,109.77,09:45:45.831645420
95,109.76,162,109.77,09:45:46.288682821
96,109.76,162,109.77,09:45:46.292523554
109,109.76,162,109.77,09:45:46.293099659
108,109.76,162,109.77,09:45:46.293271259
95,109.76,162,109.77,09:45:46.293401496
96,109.76,162,109.77,09:45:46.293495656
97,109.76,162,109.77,09:45:46.293591774
98,109.76,162,109.77,09:45:46.293591774
97,109.76,162,109.77,09:45:46.297497650
96,109.76,162,109.77,09:45:46.304137827
96,109.76,160,109.77,09:45:46.304137827
95,109.76,160,109.77,09:45:46.304481269
94,109.76,160,109.77,09:45:46.304481269
94,109.76,161,109.77,09:45:46.304481269
95,109.76,161,109.77,09:45:46.307403905
96,109.76,161,109.77,09:45:46.313292719
96,109.76,160,109.77,09:45:46.313466050
96,109.76,175,109.77,09:45:46.315148163
95,109.76,175,109.77,09:45:46.315262254
95,109.76,176,109.77,09:45:46.318982885
94,109.76,176,109.77,09:45:46.319096904
94,109.76,180,109.77,09:45:46.349569139
95,109.76,180,109.77,09:45:46.400218730
94,109.76,180,109.77,09:45:46.418342243
96,109.76,180,109.77,09:45:46.892983323
97,109.76,180,109.77,09:45:46.894638089
96,109.76,180,109.77,09:45:46.896217647
94,109.76,180,109.77,09:45:46.896769412
95,109.76,180,109.77,09:45:46.897214436
96,109.76,180,109.77,09:45:46.897894961
97,109.76,180,109.77,09:45:46.900781246
110,109.76,180,109.77,09:45:46.900887011
109,109.76,180,109.77,09:45:46.913097013
110,109.76,180,109.77,09:45:46.916662539
97,109.76,180,109.77,09:45:46.922621185
96,109.76,180,109.77,09:45:46.922818465
95,109.76,180,109.77,09:45:46.922897917
94,109.76,180,109.77,09:45:46.922897917
94,109.76,181,109.77,09:45:46.932354765
95,109.76,181,109.77,09:45:46.934815543
96,109.76,181,109.77,09:45:46.935077383
97,109.76,181,109.77,09:45:46.935467053
97,109.76,180,109.77,09:45:46.935537988
97,109.76,179,109.77,09:45:46.943967549
110,109.76,179,109.77,09:45:46.944044246
97,109.76,179,109.77,09:45:46.986691772
96,109.76,179,109.77,09:45:46.986864524
96,109.76,180,109.77,09:45:46.986935955
97,109.76,180,109.77,09:45:47.035429658
110,109.76,180,109.77,09:45:47.038398338
110,109.76,179,109.77,09:45:47.038529797
110,109.76,174,109.77,09:45:47.124267557
110,109.76,178,109.77,09:45:47.355591988
110,109.76,179,109.77,09:45:47.516910605
109,109.76,179,109.77,09:45:47.516978205
108,109.76,179,109.77,09:45:47.517217180
110,109.76,179,109.77,09:45:47.517397193
108,109.76,179,109.77,09:45:47.518205013
95,109.76,179,109.77,09:45:47.518306015
94,109.76,179,109.77,09:45:47.518485724
94,109.76,180,109.77,09:45:47.518938740
94,109.76,181,109.77,09:45:47.527365909
96,109.76,181,109.77,09:45:48.182393772
96,109.76,180,109.77,09:45:48.182461097
94,109.76,180,109.77,09:45:48.187107211
95,109.76,180,109.77,09:45:48.187168244
97,109.76,180,109.77,09:45:48.351907768
110,109.76,180,109.77,09:45:48.351989275
110,109.76,179,109.77,09:45:48.352185838
110,109.76,178,109.77,09:45:48.352268043
110,109.76,179,109.77,09:45:48.444125745
110,109.76,178,109.77,09:45:49.770943986
110,109.76,180,109.77,09:45:50.041789215
108,109.76,180,109.77,09:45:50.041872053
95,109.76,180,109.77,09:45:50.041872053
95,109.76,178,109.77,09:45:50.041979936
97,109.76,178,109.77,09:45:50.042058173
110,109.76,178,109.77,09:45:50.042390975
110,109.76,172,109.77,09:45:51.872058254
110,109.76,159,109.77,09:45:51.872235140
97,109.76,159,109.77,09:45:56.064907608
97,109.76,172,109.77,09:45:56.064907608
97,109.76,173,109.77,09:45:56.065098098
97,109.76,174,109.77,09:45:56.838417795
95,109.76,174,109.77,09:45:56.838417795
94,109.76,174,109.77,09:45:56.838601835
95,109.76,174,109.77,09:45:56.867562142
97,109.76,174,109.77,09:45:56.867766325
97,109.76,173,109.77,09:45:56.874993705
97,109.76,202,109.77,09:45:57.748872644
95,109.76,202,109.77,09:45:57.749099547
97,109.76,202,109.77,09:45:57.751264143
97,109.76,200,109.77,09:45:57.754317906
97,109.76,202,109.77,09:45:57.755113907
97,109.76,200,109.77,09:45:57.852713480
97,109.76,202,109.77,09:45:57.853591035
95,109.76,202,109.77,09:45:57.917929863
94,109.76,202,109.77,09:45:57.922354000
94,109.76,203,109.77,09:45:57.923386159
94,109.76,205,109.77,09:45:58.125345219
96,109.76,205,109.77,09:45:58.361661807
97,109.76,205,109.77,09:45:58.361799855
96,109.76,205,109.77,09:45:58.364635546
94,109.76,205,109.77,09:45:58.364945296
95,109.76,205,109.77,09:45:58.366399359
97,109.76,205,109.77,09:45:58.367042148
97,109.76,204,109.77,09:45:58.368886739
97,109.76,191,109.77,09:45:58.369353084
110,109.76,191,109.77,09:45:58.369454635
110,109.76,166,109.77,09:45:58.381614076
110,109.76,165,109.77,09:45:58.465116983
108,109.76,165,109.77,09:45:58.628997996
108,109.76,167,109.77,09:45:58.628997996
95,109.76,167,109.77,09:45:58.629723409
96,109.76,167,109.77,09:45:58.629723409
96,109.76,180,109.77,09:45:58.629758837
95,109.76,180,109.77,09:45:58.629758837
94,109.76,180,109.77,09:45:58.629793383
96,109.76,180,109.77,09:45:58.629963694
97,109.76,180,109.77,09:45:58.630271605
95,109.76,180,109.77,09:45:58.631205697
94,109.76,180,109.77,09:45:58.631280743
95,109.76,180,109.77,09:45:58.631507555
95,109.76,167,109.77,09:45:58.631629472
97,109.76,167,109.77,09:45:58.631738877
110,109.76,167,109.77,09:45:58.631974787
97,109.76,167,109.77,09:45:58.635437165
95,109.76,167,109.77,09:45:58.635573889
96,109.76,167,109.77,09:45:58.635883862
97,109.76,167,109.77,09:45:58.636046154
97,109.76,180,109.77,09:45:58.636957411
96,109.76,180,109.77,09:45:58.637141839
95,109.76,180,109.77,09:45:58.637745669
94,109.76,180,109.77,09:45:58.637887861
95,109.76,180,109.77,09:45:58.638788075
94,109.76,180,109.77,09:45:58.639110721
94,109.76,181,109.77,09:45:58.639697789
95,109.76,181,109.77,09:45:58.640782221
94,109.76,181,109.77,09:45:58.643432420
94,109.76,206,109.77,09:45:58.763010958
94,109.76,209,109.77,09:46:00.015316544
93,109.76,209,109.77,09:46:00.015761760
92,109.76,209,109.77,09:46:00.016439280
92,109.76,208,109.77,09:46:00.016439280
92,109.76,230,109.77,09:46:00.016506089
137,109.75,230,109.77,09:46:00.026402465
111,109.75,230,109.77,09:46:00.026691466
111,109.75,5,109.76,09:46:00.026785467
111,109.75,9,109.76,09:46:00.026785467
93,109.75,9,109.76,09:46:00.026962334
93,109.75,14,109.76,09:46:00.026986593
93,109.75,29,109.76,09:46:00.026986593
93,109.75,30,109.76,09:46:00.027186888
89,109.75,30,109.76,09:46:00.027435698
89,109.75,40,109.76,09:46:00.027523485
89,109.75,53,109.76,09:46:00.759423654
89,109.75,48,109.76,09:46:00.973964336
89,109.75,35,109.76,09:46:00.974300465
89,109.75,25,109.76,09:46:00.974418581
89,109.75,24,109.76,09:46:00.974502897
89,109.75,25,109.76,09:46:01.037046534
89,109.75,26,109.76,09:46:01.382865859
89,109.75,36,109.76,09:46:01.492398459
89,109.75,54,109.76,09:46:01.749369947
89,109.75,36,109.76,09:46:02.027844051
89,109.75,54,109.76,09:46:02.277435092
89,109.75,66,109.76,09:46:03.519641247
89,109.75,48,109.76,09:46:03.796537335
89,109.75,70,109.76,09:46:04.421276266
89,109.75,83,109.76,09:46:05.442998318
89,109.75,84,109.76,09:46:05.443222713
89,109.75,102,109.76,09:46:05.534399691
89,109.75,109,109.76,09:46:05.909125909
89,109.75,110,109.76,09:46:05.909279726
89,109.75,109,109.76,09:46:06.392333716
89,109.75,96,109.76,09:46:06.397043808
89,109.75,84,109.76,09:46:06.422401286
89,109.75,66,109.76,09:46:06.425740678
89,109.75,78,109.76,09:46:06.447234162
89,109.75,96,109.76,09:46:06.534228685
89,109.75,78,109.76,09:46:06.672272066
89,109.75,66,109.76,09:46:06.677460700
89,109.75,78,109.76,09:46:06.704174995
89,109.75,96,109.76,09:46:06.786331304
89,109.75,74,109.76,09:46:06.801504526
89,109.75,56,109.76,09:46:06.829533381
89,109.75,78,109.76,09:46:08.014717958
91,109.75,78,109.76,09:46:08.554050446
91,109.75,56,109.76,09:46:08.566585923
91,109.75,46,109.76,09:46:08.566857870
89,109.75,46,109.76,09:46:08.651357914
89,109.75,56,109.76,09:46:08.651456824
89,109.75,46,109.76,09:46:08.745136681
99,109.75,46,109.76,09:46:08.745498301
91,109.75,46,109.76,09:46:08.746013350
89,109.75,46,109.76,09:46:08.746843896
89,109.75,34,109.76,09:46:09.607344663
93,109.75,34,109.76,09:46:09.765183710
93,109.75,47,109.76,09:46:09.765250358
89,109.75,47,109.76,09:46:09.765648996
89,109.75,59,109.76,09:46:10.274457715
89,109.75,69,109.76,09:46:10.274719463
89,109.75,91,109.76,09:46:10.513345694
89,109.75,109,109.76,09:46:12.523298313
89,109.75,112,109.76,09:46:13.877377134
86,109.75,112,109.76,09:46:13.877463280
89,109.75,112,109.76,09:46:13.877835094
86,109.75,112,109.76,09:46:13.881213805
88,109.75,112,109.76,09:46:13.881423066
89,109.75,112,109.76,09:46:13.881654586
89,109.75,125,109.76,09:46:13.892769819
88,109.75,125,109.76,09:46:13.895017741
86,109.75,125,109.76,09:46:13.895723238
74,109.75,125,109.76,09:46:13.898626655
64,109.75,125,109.76,09:46:13.898626655
64,109.75,127,109.76,09:46:13.899832418
66,109.75,127,109.76,09:46:13.899851813
64,109.75,127,109.76,09:46:13.900174146
64,109.75,129,109.76,09:46:13.900412139
64,109.75,125,109.76,09:46:13.900876158
64,109.75,107,109.76,09:46:13.912993371
65,109.75,107,109.76,09:46:13.920381405
67,109.75,107,109.76,09:46:13.920634687
67,109.75,123,109.76,09:46:14.091143596
65,109.75,123,109.76,09:46:14.554398315
67,109.75,123,109.76,09:46:14.554917317
65,109.75,123,109.76,09:46:14.907144821
64,109.75,123,109.76,09:46:14.914874905
64,109.75,130,109.76,09:46:14.927379379
64,109.75,134,109.76,09:46:14.927603596
14,109.75,134,109.76,09:46:14.927779234
9,109.75,134,109.76,09:46:14.927866374
8,109.75,134,109.76,09:46:14.928102905
6,109.75,134,109.76,09:46:14.928346127
5,109.75,134,109.76,09:46:14.928346127
4,109.75,134,109.76,09:46:14.928346127
3,109.75,134,109.76,09:46:14.928359916
1,109.75,134,109.76,09:46:14.928359916
151,109.74,134,109.76,09:46:14.928375346
151,109.74,7,109.75,09:46:14.928393605
151,109.74,20,109.75,09:46:14.928466524
151,109.74,25,109.75,09:46:14.928466524
151,109.74,29,109.75,09:46:14.928488101
151,109.74,44,109.75,09:46:14.928488101
143,109.74,44,109.75,09:46:14.928776293
143,109.74,37,109.75,09:46:14.929243394
143,109.74,30,109.75,09:46:14.929243394
146,109.74,30,109.75,09:46:14.929243394
146,109.74,24,109.75,09:46:14.929426899
146,109.74,19,109.75,09:46:14.929440140
146,109.74,15,109.75,09:46:14.929457609
146,109.74,168,109.76,09:46:14.929474374
146,109.74,10,109.75,09:46:14.929495488
138,109.74,10,109.75,09:46:14.929679348
138,109.74,164,109.76,09:46:14.929748356
138,109.74,174,109.76,09:46:14.929748356
138,109.74,160,109.76,09:46:14.929761774
138,109.74,174,109.76,09:46:14.930005847
130,109.74,174,109.76,09:46:14.930113126
130,109.74,158,109.76,09:46:14.930357564
134,109.74,158,109.76,09:46:14.930551241
134,109.74,154,109.76,09:46:14.930771488
134,109.74,22,109.75,09:46:14.932616565
134,109.74,21,109.75,09:46:14.934012637
134,109.74,20,109.75,09:46:14.934245844
134,109.74,19,109.75,09:46:14.934360961
134,109.74,152,109.76,09:46:14.934463671
47,109.75,152,109.76,09:46:14.934463671
50,109.75,152,109.76,09:46:14.934751744
51,109.75,152,109.76,09:46:14.934751744
51,109.75,136,109.76,09:46:14.934865622
51,109.75,118,109.76,09:46:14.935224461
51,109.75,114,109.76,09:46:14.935316390
52,109.75,114,109.76,09:46:14.935436200
5,109.75,114,109.76,09:46:14.935436200
18,109.75,114,109.76,09:46:14.935696710
20,109.75,114,109.76,09:46:14.935696710
18,109.75,114,109.76,09:46:14.936308370
19,109.75,114,109.76,09:46:14.938159812
19,109.75,107,109.76,09:46:14.939651199
16,109.75,107,109.76,09:46:14.939669653
15,109.75,107,109.76,09:46:14.939669653
14,109.75,107,109.76,09:46:14.939669653
12,109.75,107,109.76,09:46:14.939669653
10,109.75,107,109.76,09:46:14.939757667
9,109.75,107,109.76,09:46:14.939828426
10,109.75,107,109.76,09:46:14.946270949
12,109.75,107,109.76,09:46:14.946342862
13,109.75,107,109.76,09:46:14.946342862
14,109.75,107,109.76,09:46:14.946470887
15,109.75,107,109.76,09:46:14.946537847
14,109.75,107,109.76,09:46:14.951492926
14,109.75,115,109.76,09:46:14.952485225
14,109.75,133,109.76,09:46:14.956185344
14,109.75,121,109.76,09:46:14.956272541
5,109.75,121,109.76,09:46:14.956291651
4,109.75,121,109.76,09:46:14.956291651
2,109.75,121,109.76,09:46:14.956291651
1,109.75,121,109.76,09:46:14.956466496
14,109.75,121,109.76,09:46:14.956663100
16,109.75,121,109.76,09:46:14.957055334
15,109.75,121,109.76,09:46:14.995689576
6,109.75,121,109.76,09:46:15.005161832
2,109.75,121,109.76,09:46:15.005288192
4,109.75,121,109.76,09:46:15.005492792
6,109.75,121,109.76,09:46:15.005836199
6,109.75,136,109.76,09:46:15.030011972
6,109.75,143,109.76,09:46:15.030161012
4,109.75,143,109.76,09:46:15.030225406
5,109.75,143,109.76,09:46:15.041732268
5,109.75,148,109.76,09:46:15.086238099
6,109.75,148,109.76,09:46:15.086868189
19,109.75,148,109.76,09:46:15.087044731
22,109.75,148,109.76,09:46:15.087044731
22,109.75,141,109.76,09:46:15.087135730
22,109.75,126,109.76,09:46:15.087135730
66,109.75,126,109.76,09:46:15.088030165
67,109.75,126,109.76,09:46:15.088253170
64,109.75,126,109.76,09:46:15.089038827
64,109.75,127,109.76,09:46:15.092179470
20,109.75,127,109.76,09:46:15.099401037
21,109.75,127,109.76,09:46:15.099577040
21,109.75,126,109.76,09:46:15.099659654
20,109.75,126,109.76,09:46:15.099659654
21,109.75,126,109.76,09:46:15.100360691
22,109.75,126,109.76,09:46:15.100599377
22,109.75,121,109.76,09:46:15.242762493
21,109.75,121,109.76,09:46:15.242777814
19,109.75,121,109.76,09:46:15.242777814
18,109.75,121,109.76,09:46:15.242853138
17,109.75,121,109.76,09:46:15.242879631
16,109.75,121,109.76,09:46:15.243110636
15,109.75,121,109.76,09:46:15.243206377
2,109.75,121,109.76,09:46:15.243206377
1,109.75,121,109.76,09:46:15.243229388
14,109.75,121,109.76,09:46:15.243320787
14,109.75,136,109.76,09:46:15.243389631
17,109.75,136,109.76,09:46:15.243505909
16,109.75,136,109.76,09:46:15.243505909
16,109.75,143,109.76,09:46:15.243572892
13,109.75,143,109.76,09:46:15.415657401
150,109.74,143,109.76,09:46:15.416316905
150,109.74,136,109.76,09:46:15.416614002
150,109.74,121,109.76,09:46:15.416688450
138,109.74,121,109.76,09:46:15.416889892
134,109.74,121,109.76,09:46:15.417494212
134,109.74,1,109.75,09:46:16.032223377
134,109.74,9,109.75,09:46:16.043424092
134,109.74,8,109.75,09:46:20.170944125
134,109.74,6,109.75,09:46:20.171046272
134,109.74,5,109.75,09:46:20.171141747
134,109.74,139,109.76,09:46:20.171384304
51,109.75,139,109.76,09:46:20.171577986
51,109.75,135,109.76,09:46:20.171667240
51,109.75,127,109.76,09:46:20.172174213
154,109.74,127,109.76,09:46:20.182344955
138,109.74,127,109.76,09:46:20.182821509
134,109.74,127,109.76,09:46:20.183374944
134,109.74,109,109.76,09:46:20.220574112
134,109.74,127,109.76,09:46:20.284544662
138,109.74,127,109.76,09:46:20.296448467
134,109.74,127,109.76,09:46:22.376778304
134,109.74,130,109.76,09:46:22.841181440
138,109.74,130,109.76,09:46:24.597640911
134,109.74,130,109.76,09:46:24.980135643
32,109.75,130,109.76,09:46:26.512982492
51,109.75,130,109.76,09:46:26.512982492
54,109.75,130,109.76,09:46:26.513509500
54,109.75,127,109.76,09:46:26.513745349
68,109.75,127,109.76,09:46:26.529314026
76,109.75,127,109.76,09:46:26.529391053
77,109.75,127,109.76,09:46:26.529655532
90,109.75,127,109.76,09:46:26.534610501
90,109.75,107,109.76,09:46:26.540522507
90,109.75,77,109.76,09:46:26.540522507
90,109.75,78,109.76,09:46:26.541729306
90,109.75,79,109.76,09:46:26.550160032
90,109.75,72,109.76,09:46:26.554972188
90,109.75,57,109.76,09:46:26.555046860
90,109.75,53,109.76,09:46:26.555046860
90,109.75,35,109.76,09:46:26.583786489
90,109.75,25,109.76,09:46:26.583971641
76,109.75,25,109.76,09:46:27.352653787
73,109.75,25,109.76,09:46:27.352676222
73,109.75,35,109.76,09:46:27.353078644
65,109.75,35,109.76,09:46:27.353078644
65,109.75,78,109.76,09:46:27.353078644
65,109.75,88,109.76,09:46:27.353152557
67,109.75,88,109.76,09:46:27.353152557
65,109.75,88,109.76,09:46:27.353763658
66,109.75,88,109.76,09:46:27.354638969
67,109.75,88,109.76,09:46:27.355725105
66,109.75,88,109.76,09:46:27.356262504
65,109.75,88,109.76,09:46:27.356760065
66,109.75,88,109.76,09:46:27.356963102
65,109.75,88,109.76,09:46:27.366206916
65,109.75,94,109.76,09:46:27.368132514
52,109.75,94,109.76,09:46:27.368420879
33,109.75,94,109.76,09:46:27.378355786
1,109.75,94,109.76,09:46:27.378428730
154,109.74,94,109.76,09:46:27.378673837
154,109.74,112,109.76,09:46:27.378959875
138,109.74,112,109.76,09:46:27.379049945
138,109.74,114,109.76,09:46:27.379049945
134,109.74,114,109.76,09:46:27.379353820
134,109.74,118,109.76,09:46:27.380724936
134,109.74,115,109.76,09:46:27.382457699
134,109.74,133,109.76,09:46:27.415669645
134,109.74,115,109.76,09:46:27.455028860
134,109.74,97,109.76,09:46:27.457764092
33,109.75,97,109.76,09:46:27.478697859
51,109.75,97,109.76,09:46:27.478766822
52,109.75,97,109.76,09:46:27.481113118
51,109.75,97,109.76,09:46:27.481498663
51,109.75,119,109.76,09:46:27.874007047
33,109.75,119,109.76,09:46:27.874175694
134,109.74,119,109.76,09:46:27.874244491
134,109.74,22,109.75,09:46:27.874388858
134,109.74,97,109.76,09:46:27.874704289
34,109.75,97,109.76,09:46:27.875051514
34,109.75,101,109.76,09:46:27.875067981
34,109.75,97,109.76,09:46:27.875461608
154,109.74,97,109.76,09:46:27.885455109
154,109.74,91,109.76,09:46:27.885568171
138,109.74,91,109.76,09:46:27.885929976
138,109.74,109,109.76,09:46:27.911195149
34,109.75,109,109.76,09:46:28.050153330
51,109.75,109,109.76,09:46:28.050269520
51,109.75,99,109.76,09:46:28.050572153
52,109.75,99,109.76,09:46:28.050657996
55,109.75,99,109.76,09:46:28.050657996
52,109.75,99,109.76,09:46:28.143999472
35,109.75,99,109.76,09:46:28.144184448
1,109.75,99,109.76,09:46:28.144336365
3,109.75,99,109.76,09:46:28.144497690
16,109.75,99,109.76,09:46:28.144657949
17,109.75,99,109.76,09:46:28.144657949
17,109.75,81,109.76,09:46:28.166280300
49,109.75,81,109.76,09:46:28.246265785
65,109.75,81,109.76,09:46:28.246339804
65,109.75,92,109.76,09:46:28.375028971
65,109.75,110,109.76,09:46:28.402718092
65,109.75,92,109.76,09:46:28.444194944
65,109.75,110,109.76,09:46:28.537917736
65,109.75,92,109.76,09:46:29.421352639
65,109.75,49,109.76,09:46:30.148779665
65,109.75,97,109.76,09:46:30.266680945
65,109.75,115,109.76,09:46:30.278628212
85,109.75,115,109.76,09:46:30.371580657
85,109.75,67,109.76,09:46:30.371944122
85,109.75,49,109.76,09:46:30.529072697
65,109.75,49,109.76,09:46:30.919616914
65,109.75,97,109.76,09:46:30.921276398
49,109.75,97,109.76,09:46:30.921387046
17,109.75,97,109.76,09:46:30.921518176
4,109.75,97,109.76,09:46:30.922021021
4,109.75,100,109.76,09:46:30.924864953
4,109.75,97,109.76,09:46:30.928611153
4,109.75,115,109.76,09:46:31.012547219
3,109.75,115,109.76,09:46:31.034609993
4,109.75,115,109.76,09:46:31.147091262
3,109.75,115,109.76,09:46:31.204465877
1,109.75,115,109.76,09:46:31.204623343
3,109.75,115,109.76,09:46:31.221952481
4,109.75,115,109.76,09:46:31.222149937
3,109.75,115,109.76,09:46:31.229755867
1,109.75,115,109.76,09:46:31.229987185
2,109.75,115,109.76,09:46:31.526695043
3,109.75,115,109.76,09:46:31.526822982
2,109.75,115,109.76,09:46:31.527118028
1,109.75,115,109.76,09:46:31.527278738
2,109.75,115,109.76,09:46:31.528173745
3,109.75,115,109.76,09:46:31.529710045
2,109.75,115,109.76,09:46:31.557857182
1,109.75,115,109.76,09:46:31.565550928
2,109.75,115,109.76,09:46:31.591986070
3,109.75,115,109.76,09:46:31.592130195
2,109.75,115,109.76,09:46:31.685254746
1,109.75,115,109.76,09:46:31.698444745
2,109.75,115,109.76,09:46:31.731006539
1,109.75,115,109.76,09:46:31.823865296
3,109.75,115,109.76,09:46:32.329895285
4,109.75,115,109.76,09:46:32.339201563
3,109.75,115,109.76,09:46:32.343399591
1,109.75,115,109.76,09:46:32.343531335
1,109.75,127,109.76,09:46:33.318077759
1,109.75,137,109.76,09:46:33.318148265
124,109.74,137,109.76,09:46:33.318305266
124,109.74,140,109.76,09:46:33.320713628
134,109.74,140,109.76,09:46:33.591230310
134,109.74,1,109.75,09:46:37.054335589
134,109.74,3,109.75,09:46:37.054529819
134,109.74,2,109.75,09:46:37.056916435
134,109.74,124,109.76,09:46:37.058416209
2,109.75,124,109.76,09:46:37.058727813
2,109.75,118,109.76,09:46:37.059192396
140,109.74,118,109.76,09:46:37.062410146
140,109.74,8,109.75,09:46:37.065586066
134,109.74,8,109.75,09:46:37.066195291
134,109.74,136,109.76,09:46:37.075593997
134,109.74,128,109.76,09:46:37.076046949
134,109.74,124,109.76,09:46:37.076425830
134,109.74,8,109.75,09:46:37.085580655
134,109.74,136,109.76,09:46:37.095565764
134,109.74,128,109.76,09:46:37.096059182
134,109.74,124,109.76,09:46:37.096421575
134,109.74,8,109.75,09:46:37.105579709
134,109.74,132,109.76,09:46:37.115555723
134,109.74,124,109.76,09:46:37.116074049
134,109.74,8,109.75,09:46:37.125539542
134,109.74,132,109.76,09:46:37.135519718
134,109.74,124,109.76,09:46:37.135948911
134,109.74,8,109.75,09:46:37.145476945
134,109.74,132,109.76,09:46:37.155454026
134,109.74,124,109.76,09:46:37.155913010
134,109.74,8,109.75,09:46:37.165451849
134,109.74,9,109.75,09:46:37.165975723
134,109.74,1,109.75,09:46:37.175433934
134,109.74,9,109.75,09:46:37.185465289
134,109.74,12,109.75,09:46:38.813085126
134,109.74,13,109.75,09:46:38.813085126
134,109.74,14,109.75,09:46:38.813085126
134,109.74,15,109.75,09:46:38.813154484
134,109.74,16,109.75,09:46:38.813354384
134,109.74,17,109.75,09:46:38.816729678
134,109.74,16,109.75,09:46:38.819122028
134,109.74,17,109.75,09:46:38.819576357
134,109.74,30,109.75,09:46:38.820405614
134,109.74,37,109.75,09:46:38.835055296
134,109.74,39,109.75,09:46:40.264133066
134,109.74,40,109.75,09:46:40.264566441
116,109.74,40,109.75,09:46:40.264944643
116,109.74,50,109.75,09:46:40.264944643
106,109.74,50,109.75,09:46:40.264944643
106,109.74,40,109.75,09:46:41.229751552
86,109.74,40,109.75,09:46:41.232010716
84,109.74,40,109.75,09:46:41.232100863
82,109.74,40,109.75,09:46:41.232348190
97,109.74,40,109.75,09:46:41.766935207
104,109.74,40,109.75,09:46:41.767001786
104,109.74,38,109.75,09:46:48.158221481
104,109.74,37,109.75,09:46:48.194889600
104,109.74,24,109.75,09:46:48.194889600
104,109.74,37,109.75,09:46:48.194965235
122,109.74,37,109.75,09:46:48.195153321
122,109.74,36,109.75,09:46:48.195280777
122,109.74,35,109.75,09:46:48.195298076
126,109.74,35,109.75,09:46:48.195614684
126,109.74,36,109.75,09:46:48.195767257
126,109.74,37,109.75,09:46:48.195876697
124,109.74,37,109.75,09:46:48.195952722
126,109.74,37,109.75,09:46:48.196342254
122,109.74,37,109.75,09:46:48.208508773
104,109.74,37,109.75,09:46:48.209078396
104,109.74,38,109.75,09:46:48.209078396
104,109.74,48,109.75,09:46:48.220430284
104,109.74,50,109.75,09:46:48.799129662
104,109.74,40,109.75,09:46:49.116992455
104,109.74,39,109.75,09:46:49.220969407
104,109.74,38,109.75,09:46:49.229283628
104,109.74,39,109.75,09:46:49.232125357
104,109.74,40,109.75,09:46:49.232336442
104,109.74,38,109.75,09:46:49.327395294
104,109.74,37,109.75,09:46:50.620421595
104,109.74,36,109.75,09:46:50.620714341
110,109.74,36,109.75,09:46:50.621069629
110,109.74,38,109.75,09:46:50.622358751
104,109.74,38,109.75,09:46:50.622694175
104,109.74,48,109.75,09:46:50.643795654
104,109.74,38,109.75,09:46:50.644098332
104,109.74,36,109.75,09:46:50.644262284
104,109.74,37,109.75,09:46:50.703037557
104,109.74,38,109.75,09:46:50.721927498
104,109.74,37,109.75,09:46:53.092450845
104,109.74,36,109.75,09:46:53.092521722
104,109.74,35,109.75,09:46:53.092613296
104,109.74,22,109.75,09:46:53.103428162
122,109.74,22,109.75,09:46:53.103679130
124,109.74,22,109.75,09:46:53.103679130
132,109.74,22,109.75,09:46:53.104401840
132,109.74,21,109.75,09:46:53.104401840
132,109.74,20,109.75,09:46:53.104653164
132,109.74,22,109.75,09:46:53.123456703
132,109.74,20,109.75,09:46:53.133514868
132,109.74,21,109.75,09:46:53.215055254
132,109.74,22,109.75,09:46:53.215232921
132,109.74,35,109.75,09:46:53.227062922
132,109.74,34,109.75,09:46:55.582859710
132,109.74,33,109.75,09:46:55.583011601
132,109.74,20,109.75,09:46:55.583011601
132,109.74,19,109.75,09:46:55.583230768
132,109.74,22,109.75,09:46:56.031179903
132,109.74,23,109.75,09:46:56.031457983
132,109.74,20,109.75,09:46:56.189374562
132,109.74,21,109.75,09:46:58.543065283
132,109.74,23,109.75,09:46:58.543239619
132,109.74,24,109.75,09:46:58.771256183
132,109.74,37,109.75,09:46:58.771402181
132,109.74,38,109.75,09:46:58.890761532
132,109.74,36,109.75,09:46:58.893510000
132,109.74,35,109.75,09:46:58.893865137
132,109.74,36,109.75,09:46:58.907145607
132,109.74,38,109.75,09:46:58.907253942
132,109.74,36,109.75,09:46:58.923433732
132,109.74,37,109.75,09:46:58.950127646
132,109.74,38,109.75,09:46:58.950266502
132,109.74,37,109.75,09:46:59.010143423
132,109.74,36,109.75,09:46:59.010273610
132,109.74,37,109.75,09:46:59.585428350
132,109.74,38,109.75,09:46:59.585576104
132,109.74,37,109.75,09:46:59.741524729
132,109.74,36,109.75,09:46:59.741725418
132,109.74,37,109.75,09:47:00.005573597
132,109.74,38,109.75,09:47:00.005729446
132,109.74,48,109.75,09:47:00.265935951
132,109.74,49,109.75,09:47:00.266067064
132,109.74,39,109.75,09:47:00.575954469
132,109.74,38,109.75,09:47:00.576182908
132,109.74,39,109.75,09:47:00.580649435
132,109.74,38,109.75,09:47:00.963364768
132,109.74,30,109.75,09:47:00.963380823
132,109.74,29,109.75,09:47:00.963397619
132,109.74,28,109.75,09:47:00.963638849
132,109.74,27,109.75,09:47:00.963656641
132,109.74,26,109.75,09:47:00.963656641
132,109.74,13,109.75,09:47:00.963907780
132,109.74,12,109.75,09:47:00.963924203
132,109.74,11,109.75,09:47:00.963940416
132,109.74,9,109.75,09:47:00.963955732
132,109.74,8,109.75,09:47:00.963970273
132,109.74,7,109.75,09:47:00.963990638
138,109.74,7,109.75,09:47:00.964104337
138,109.74,4,109.75,09:47:00.964120235
138,109.74,153,109.76,09:47:00.964153642
143,109.74,153,109.76,09:47:00.964153642
143,109.74,123,109.76,09:47:00.964255855
163,109.74,123,109.76,09:47:00.964255855
34,109.75,123,109.76,09:47:00.964272806
46,109.75,123,109.76,09:47:00.964325299
46,109.75,105,109.76,09:47:00.964325299
46,109.75,113,109.76,09:47:00.964555632
49,109.75,113,109.76,09:47:00.964616724
49,109.75,105,109.76,09:47:00.964796166
37,109.75,105,109.76,09:47:00.964913303
37,109.75,118,109.76,09:47:00.964996745
37,109.75,127,109.76,09:47:00.965066079
34,109.75,127,109.76,09:47:00.972958030
152,109.74,127,109.76,09:47:00.973160141
152,109.74,118,109.76,09:47:00.973160141
152,109.74,105,109.76,09:47:00.973225076
1,109.75,105,109.76,09:47:00.973472938
2,109.75,105,109.76,09:47:00.973692134
3,109.75,105,109.76,09:47:00.973761820
4,109.75,105,109.76,09:47:00.973857811
4,109.75,112,109.76,09:47:00.973857811
5,109.75,112,109.76,09:47:00.973857811
5,109.75,116,109.76,09:47:00.973857811
6,109.75,116,109.76,09:47:00.974174451
6,109.75,113,109.76,09:47:00.975651176
10,109.75,113,109.76,09:47:01.097375368
9,109.75,113,109.76,09:47:01.579524954
8,109.75,113,109.76,09:47:01.579610995
7,109.75,113,109.76,09:47:01.579628473
6,109.75,113,109.76,09:47:01.579628473
5,109.75,113,109.76,09:47:01.618786395
4,109.75,113,109.76,09:47:01.618919575
2,109.75,113,109.76,09:47:01.618919575
2,109.75,126,109.76,09:47:01.618992437
128,109.74,126,109.76,09:47:01.619094104
128,109.74,135,109.76,09:47:01.619094104
122,109.74,135,109.76,09:47:01.619376122
122,109.74,141,109.76,09:47:01.630097407
122,109.74,161,109.76,09:47:01.726894548
122,109.74,141,109.76,09:47:01.909907139
122,109.74,149,109.76,09:47:01.959237135
122,109.74,156,109.76,09:47:01.974455891
122,109.74,1,109.75,09:47:01.989572904
122,109.74,2,109.75,09:47:01.989922020
122,109.74,3,109.75,09:47:01.990019502
122,109.74,2,109.75,09:47:01.990128800
122,109.74,3,109.75,09:47:01.990332566
122,109.74,9,109.75,09:47:02.000679729
123,109.74,9,109.75,09:47:02.699884367
124,109.74,9,109.75,09:47:03.287980614
124,109.74,8,109.75,09:47:03.347253124
124,109.74,7,109.75,09:47:03.347360093
124,109.74,6,109.75,09:47:03.347385181
124,109.74,180,109.76,09:47:03.347385181
124,109.74,172,109.76,09:47:03.347729750
125,109.74,172,109.76,09:47:03.840105888
125,109.74,1,109.75,09:47:05.011298702
125,109.74,4,109.75,09:47:05.011696438
125,109.74,3,109.75,09:47:05.014384663
125,109.74,176,109.76,09:47:05.014384663
125,109.74,172,109.76,09:47:05.014864276
126,109.74,172,109.76,09:47:05.061317736
126,109.74,1,109.75,09:47:05.657050959
126,109.74,5,109.75,09:47:05.657174825
126,109.74,4,109.75,09:47:05.657385445
126,109.74,5,109.75,09:47:05.664517661
126,109.74,1,109.75,09:47:05.667171169
126,109.74,2,109.75,09:47:05.707432793
127,109.74,2,109.75,09:47:06.225977726
127,109.74,1,109.75,09:47:06.711169096
127,109.74,172,109.76,09:47:06.711247671
2,109.75,172,109.76,09:47:06.711574292
2,109.75,154,109.76,09:47:06.711738763
129,109.74,154,109.76,09:47:06.715037586
127,109.74,154,109.76,09:47:06.715510716
127,109.74,150,109.76,09:47:07.018768664
128,109.74,150,109.76,09:47:07.602033055
128,109.74,154,109.76,09:47:08.025156915
128,109.74,150,109.76,09:47:08.464306119
129,109.74,150,109.76,09:47:08.562606923
129,109.74,154,109.76,09:47:08.587437543
1,109.75,154,109.76,09:47:09.644415711
129,109.74,154,109.76,09:47:09.648086145
129,109.74,1,109.75,09:47:10.514946097
129,109.74,2,109.75,09:47:10.515015831
129,109.74,6,109.75,09:47:10.515179850
129,109.74,2,109.75,09:47:10.925682151
129,109.74,1,109.75,09:47:10.926133354
129,109.74,174,109.76,09:47:10.926303508
129,109.74,172,109.76,09:47:10.926594678
129,109.74,182,109.76,09:47:10.929515904
129,109.74,172,109.76,09:47:10.931614370
129,109.74,182,109.76,09:47:10.932544337
129,109.74,172,109.76,09:47:10.932990830
129,109.74,182,109.76,09:47:10.933326673
129,109.74,174,109.76,09:47:10.946256628
129,109.74,167,109.76,09:47:10.966612121
129,109.74,149,109.76,09:47:10.977012024
129,109.74,145,109.76,09:47:11.238300643
129,109.74,135,109.76,09:47:11.779730496
129,109.74,139,109.76,09:47:11.780146729
129,109.74,135,109.76,09:47:11.995870243
129,109.74,139,109.76,09:47:12.185409941
129,109.74,135,109.76,09:47:12.211286130
129,109.74,139,109.76,09:47:12.311984315
129,109.74,135,109.76,09:47:12.620927031
129,109.74,139,109.76,09:47:15.599748900
129,109.74,135,109.76,09:47:15.731589102
129,109.74,139,109.76,09:47:16.183317231
129,109.74,135,109.76,09:47:16.267659615
1,109.75,135,109.76,09:47:17.532533520
3,109.75,135,109.76,09:47:17.532908389
4,109.75,135,109.76,09:47:17.532908389
47,109.75,135,109.76,09:47:17.533150294
47,109.75,117,109.76,09:47:17.533242223
48,109.75,117,109.76,09:47:17.533242223
48,109.75,121,109.76,09:47:17.533594344
48,109.75,108,109.76,09:47:17.538879963
48,109.75,99,109.76,09:47:17.539010100
61,109.75,99,109.76,09:47:17.539031252
63,109.75,99,109.76,09:47:17.539265857
63,109.75,89,109.76,09:47:17.539516951
63,109.75,85,109.76,09:47:17.539516951
63,109.75,92,109.76,09:47:17.559974813
63,109.75,99,109.76,09:47:17.560057223
50,109.75,99,109.76,09:47:17.606857904
50,109.75,109,109.76,09:47:17.607080781
51,109.75,109,109.76,09:47:17.623354848
51,109.75,102,109.76,09:47:17.652678222
51,109.75,95,109.76,09:47:17.652774200
51,109.75,102,109.76,09:47:17.695552878
51,109.75,109,109.76,09:47:17.701727062
52,109.75,109,109.76,09:47:17.736954162
52,109.75,121,109.76,09:47:17.927159661
50,109.75,121,109.76,09:47:18.164430442
51,109.75,121,109.76,09:47:19.450047770
52,109.75,121,109.76,09:47:19.450628189
53,109.75,121,109.76,09:47:19.450789411
66,109.75,121,109.76,09:47:19.450956666
67,109.75,121,109.76,09:47:19.538554070
66,109.75,121,109.76,09:47:20.541363653
65,109.75,121,109.76,09:47:20.541363653
64,109.75,121,109.76,09:47:20.541363653
63,109.75,121,109.76,09:47:20.541591096
50,109.75,121,109.76,09:47:20.541619934
50,109.75,123,109.76,09:47:20.541798133
7,109.75,123,109.76,09:47:20.541815791
8,109.75,123,109.76,09:47:20.541973269
7,109.75,123,109.76,09:47:20.542188174
5,109.75,123,109.76,09:47:20.542188174
4,109.75,123,109.76,09:47:20.542324638
3,109.75,123,109.76,09:47:20.542351281
2,109.75,123,109.76,09:47:20.542351281
1,109.75,123,109.76,09:47:20.542351281
125,109.74,123,109.76,09:47:20.542351281
125,109.74,4,109.75,09:47:20.542351281
127,109.74,4,109.75,09:47:20.542351281
127,109.74,109,109.76,09:47:20.542520235
127,109.74,124,109.76,09:47:20.542625616
127,109.74,146,109.76,09:47:20.542797274
129,109.74,146,109.76,09:47:20.542888017
125,109.74,146,109.76,09:47:20.543239696
125,109.74,150,109.76,09:47:20.543413315
125,109.74,146,109.76,09:47:20.543834099
4,109.75,146,109.76,09:47:20.545229474
5,109.75,146,109.76,09:47:20.545412129
6,109.75,146,109.76,09:47:20.545488578
2,109.75,146,109.76,09:47:20.548445494
5,109.75,146,109.76,09:47:20.567058974
53,109.75,146,109.76,09:47:20.842867052
53,109.75,124,109.76,09:47:21.025168179
5,109.75,124,109.76,09:47:21.118776119
5,109.75,128,109.76,09:47:21.119157452
2,109.75,128,109.76,09:47:21.119244550
1,109.75,128,109.76,09:47:21.119377869
1,109.75,124,109.76,09:47:21.120059771
2,109.75,124,109.76,09:47:21.121491471
4,109.75,124,109.76,09:47:21.121661407
4,109.75,146,109.76,09:47:21.127965533
4,109.75,139,109.76,09:47:21.138964778
4,109.75,132,109.76,09:47:21.140564028
2,109.75,132,109.76,09:47:21.185095351
1,109.75,132,109.76,09:47:21.185194990
1,109.75,136,109.76,09:47:21.186111526
1,109.75,132,109.76,09:47:21.213255588
1,109.75,136,109.76,09:47:21.349630087
1,109.75,132,109.76,09:47:21.371673846
2,109.75,132,109.76,09:47:21.489130172
2,109.75,136,109.76,09:47:21.489486881
1,109.75,136,109.76,09:47:22.558998439
1,109.75,132,109.76,09:47:22.559660885
1,109.75,135,109.76,09:47:24.798039514
4,109.75,135,109.76,09:47:25.034438481
4,109.75,139,109.76,09:47:25.035193130
1,109.75,139,109.76,09:47:25.549447309
1,109.75,135,109.76,09:47:25.550625442
1,109.75,145,109.76,09:47:25.551483048
126,109.74,145,109.76,09:47:25.551737497
126,109.74,135,109.76,09:47:25.552053380
126,109.74,139,109.76,09:47:25.552428990
126,109.74,135,109.76,09:47:25.564464365
126,109.74,145,109.76,09:47:25.799326685
126,109.74,6,109.75,09:47:27.016621666
126,109.74,8,109.75,09:47:27.016971701
126,109.74,2,109.75,09:47:27.017090503
126,109.74,3,109.75,09:47:27.017371314
126,109.74,1,109.75,09:47:27.017450421
126,109.74,169,109.76,09:47:27.017657137
126,109.74,163,109.76,09:47:27.018515136
126,109.74,166,109.76,09:47:27.028931305
126,109.74,169,109.76,09:47:27.028998150
126,109.74,1,109.75,09:47:27.136519156
126,109.74,2,109.75,09:47:27.136584874
126,109.74,3,109.75,09:47:27.136751498
126,109.74,6,109.75,09:47:27.137370399
126,109.74,7,109.75,09:47:27.137434515
126,109.74,8,109.75,09:47:27.137510032
126,109.74,9,109.75,09:47:27.137774347
126,109.74,11,109.75,09:47:27.203670890
126,109.74,24,109.75,09:47:27.204621929
108,109.74,24,109.75,09:47:27.204900185
108,109.74,25,109.75,09:47:27.205089842
108,109.74,35,109.75,09:47:27.207317915
108,109.74,40,109.75,09:47:27.207830963
108,109.74,47,109.75,09:47:27.207940400
101,109.74,47,109.75,09:47:27.207940400
86,109.74,47,109.75,09:47:27.207940400
86,109.74,75,109.75,09:47:27.318760950
86,109.74,95,109.75,09:47:27.318827132
86,109.74,75,109.75,09:47:27.588535039
99,109.74,75,109.75,09:47:27.588619391
101,109.74,75,109.75,09:47:27.588639033
101,109.74,70,109.75,09:47:27.588639033
101,109.74,42,109.75,09:47:27.588639033
101,109.74,35,109.75,09:47:27.588740241
110,109.74,35,109.75,09:47:27.588740241
110,109.74,22,109.75,09:47:27.588849810
110,109.74,12,109.75,09:47:27.588883879
128,109.74,12,109.75,09:47:27.589023726
142,109.74,12,109.75,09:47:27.589139061
142,109.74,11,109.75,09:47:27.589171608
142,109.74,10,109.75,09:47:27.589323000
142,109.74,9,109.75,09:47:27.589341797
142,109.74,8,109.75,09:47:27.589341797
142,109.74,5,109.75,09:47:27.589341797
142,109.74,4,109.75,09:47:27.589690766
134,109.74,4,109.75,09:47:27.589710800
128,109.74,4,109.75,09:47:27.589939389
128,109.74,3,109.75,09:47:27.607105678
128,109.74,2,109.75,09:47:27.715284101
128,109.74,3,109.75,09:47:28.108472324
128,109.74,2,109.75,09:47:28.118917442
128,109.74,179,109.76,09:47:29.631862197
128,109.74,175,109.76,09:47:29.632432553
128,109.74,185,109.76,09:47:29.633563318
128,109.74,181,109.76,09:47:29.634042233
128,109.74,200,109.76,09:47:29.733055795
128,109.74,190,109.76,09:47:30.040488791
128,109.74,194,109.76,09:47:30.040933854
128,109.74,204,109.76,09:47:30.042690499
128,109.74,194,109.76,09:47:30.044181525
128,109.74,204,109.76,09:47:30.262846803
128,109.74,1,109.75,09:47:31.142302533
128,109.74,2,109.75,09:47:31.142734195
128,109.74,3,109.75,09:47:31.143143607
128,109.74,7,109.75,09:47:31.143260055
128,109.74,9,109.75,09:47:31.143421520
128,109.74,7,109.75,09:47:31.165946788
128,109.74,8,109.75,09:47:31.258800557
128,109.74,7,109.75,09:47:31.279132912
128,109.74,8,109.75,09:47:31.279375050
128,109.74,9,109.75,09:47:31.359000495
128,109.74,8,109.75,09:47:31.465971404
128,109.74,7,109.75,09:47:31.466126181
128,109.74,9,109.75,09:47:31.574195871
128,109.74,7,109.75,09:47:31.629922532
128,109.74,9,109.75,09:47:31.741714930
128,109.74,7,109.75,09:47:31.912788730
128,109.74,8,109.75,09:47:31.913315512
128,109.74,9,109.75,09:47:31.913423540
128,109.74,8,109.75,09:47:31.983108724
128,109.74,7,109.75,09:47:31.983244712
128,109.74,9,109.75,09:47:32.335776004
128,109.74,7,109.75,09:47:32.526326893
128,109.74,6,109.75,09:47:32.526505603
128,109.74,2,109.75,09:47:32.526583695
128,109.74,1,109.75,09:47:32.526694025
128,109.74,3,109.75,09:47:32.717157532
128,109.74,5,109.75,09:47:32.717305650
128,109.74,7,109.75,09:47:32.721306380
128,109.74,8,109.75,09:47:32.721455848
128,109.74,9,109.75,09:47:32.721539006
128,109.74,8,109.75,09:47:32.731095444
128,109.74,9,109.75,09:47:32.742381144
128,109.74,8,109.75,09:47:32.990122035
128,109.74,9,109.75,09:47:32.997713277
128,109.74,8,109.75,09:47:33.203928784
128,109.74,9,109.75,09:47:35.008434423
128,109.74,22,109.75,09:47:35.014664481
128,109.74,23,109.75,09:47:36.012116832
110,109.74,23,109.75,09:47:36.013157528
110,109.74,10,109.75,09:47:36.944456935
110,109.74,23,109.75,09:47:37.040593970
110,109.74,25,109.75,09:47:37.970086098
110,109.74,23,109.75,09:47:38.940599352
110,109.74,10,109.75,09:47:38.940757147
128,109.74,10,109.75,09:47:38.940963618
128,109.74,12,109.75,09:47:40.261070745
128,109.74,25,109.75,09:47:40.261194254
110,109.74,25,109.75,09:47:40.261603244
110,109.74,35,109.75,09:47:40.261603244
101,109.74,35,109.75,09:47:40.261623060
88,109.74,35,109.75,09:47:40.261623060
88,109.74,25,109.75,09:47:41.925082594
108,109.74,25,109.75,09:47:41.925157583
88,109.74,25,109.75,09:47:42.028851151
88,109.74,35,109.75,09:47:42.028959387
88,109.74,25,109.75,09:47:42.484474624
108,109.74,25,109.75,09:47:42.484474624
108,109.74,23,109.75,09:47:43.245085758
108,109.74,10,109.75,09:47:43.245299722
108,109.74,23,109.75,09:47:47.015840864
108,109.74,24,109.75,09:47:51.032640109
88,109.74,24,109.75,09:47:51.141912754
88,109.74,25,109.75,09:47:51.142141475
88,109.74,52,109.75,09:47:51.142166476
88,109.74,73,109.75,09:47:51.142577698
88,109.74,46,109.75,09:47:51.142934130
88,109.74,25,109.75,09:47:51.142934130
101,109.74,25,109.75,09:47:51.256177346
110,109.74,25,109.75,09:47:51.256245122
110,109.74,24,109.75,09:47:52.094381274
110,109.74,23,109.75,09:47:52.853577753
110,109.74,10,109.75,09:47:52.853774703
128,109.74,10,109.75,09:47:52.854061362
128,109.74,9,109.75,09:47:52.854061362
128,109.74,10,109.75,09:47:53.137333380
128,109.74,9,109.75,09:47:53.179097973
128,109.74,7,109.75,09:47:53.605715241
128,109.74,8,109.75,09:47:53.606974245
128,109.74,10,109.75,09:47:53.607116818
128,109.74,8,109.75,09:47:54.104630211
128,109.74,7,109.75,09:47:54.104834871
128,109.74,6,109.75,09:47:54.281360677
128,109.74,5,109.75,09:47:54.281577797
128,109.74,3,109.75,09:47:54.281907915
128,109.74,1,109.75,09:47:54.282183723
128,109.74,189,109.76,09:47:54.282261237
128,109.74,187,109.76,09:47:54.282412385
128,109.74,185,109.76,09:47:54.282844432
128,109.74,181,109.76,09:47:54.877405182
128,109.74,1,109.75,09:47:55.439206633
128,109.74,2,109.75,09:47:55.439493039
128,109.74,3,109.75,09:47:55.439810745
128,109.74,2,109.75,09:47:55.441406749
128,109.74,1,109.75,09:47:55.704278283
128,109.74,187,109.76,09:47:55.704357965
128,109.74,181,109.76,09:47:55.705045626
128,109.74,176,109.76,09:47:57.266695307
128,109.74,181,109.76,09:47:57.266971278
128,109.74,176,109.76,09:47:57.268412841
128,109.74,181,109.76,09:47:57.271849568
128,109.74,199,109.76,09:47:57.317902189
128,109.74,181,109.76,09:47:57.351022055
128,109.74,2,109.75,09:47:57.367652321
128,109.74,3,109.75,09:47:57.367797686
128,109.74,4,109.75,09:47:57.367950247
128,109.74,3,109.75,09:47:57.371324893
128,109.74,2,109.75,09:47:57.730542800
128,109.74,189,109.76,09:47:57.730542800
128,109.74,185,109.76,09:47:57.731096785
128,109.74,181,109.76,09:47:57.731501173
128,109.74,171,109.76,09:48:05.312635043
128,109.74,175,109.76,09:48:05.313047033
128,109.74,1,109.75,09:48:05.688268273
128,109.74,3,109.75,09:48:05.695271794
128,109.74,4,109.75,09:48:05.696300377
128,109.74,5,109.75,09:48:05.696440535
128,109.74,6,109.75,09:48:05.696440535
128,109.74,7,109.75,09:48:05.696490595
128,109.74,6,109.75,09:48:05.754782880
128,109.74,7,109.75,09:48:05.756538450
128,109.74,6,109.75,09:48:06.039934952
128,109.74,5,109.75,09:48:06.040010466
128,109.74,4,109.75,09:48:06.040010466
128,109.74,5,109.75,09:48:06.041127931
128,109.74,4,109.75,09:48:06.043897250
128,109.74,3,109.75,09:48:06.044264104
128,109.74,1,109.75,09:48:06.044628936
128,109.74,191,109.76,09:48:06.044709649
128,109.74,187,109.76,09:48:06.044795614
128,109.74,185,109.76,09:48:06.045259354
128,109.74,171,109.76,09:48:06.045582963
128,109.74,175,109.76,09:48:06.158627409
128,109.74,171,109.76,09:48:06.452120135
128,109.74,181,109.76,09:48:06.458415615
128,109.74,171,109.76,09:48:07.016369867
128,109.74,175,109.76,09:48:07.016769979
128,109.74,171,109.76,09:48:10.014772893
128,109.74,181,109.76,09:48:11.289154602
128,109.74,1,109.75,09:48:19.037407036
128,109.74,2,109.75,09:48:19.037694354
128,109.74,4,109.75,09:48:19.037782956
128,109.74,6,109.75,09:48:19.037782956
128,109.74,7,109.75,09:48:19.037797240
128,109.74,9,109.75,09:48:26.427275507
128,109.74,22,109.75,09:48:26.427291433
110,109.74,22,109.75,09:48:26.427601264
110,109.74,23,109.75,09:48:26.427730918
110,109.74,33,109.75,09:48:26.428062917
101,109.74,33,109.75,09:48:26.428079244
88,109.74,33,109.75,09:48:26.428079244
88,109.74,34,109.75,09:48:26.428811685
88,109.74,71,109.75,09:48:26.438998945
88,109.74,82,109.75,09:48:26.439076257
86,109.74,82,109.75,09:48:26.439889322
86,109.74,92,109.75,09:48:26.441162972
87,109.74,92,109.75,09:48:26.444847024
88,109.74,92,109.75,09:48:26.446094296
88,109.74,82,109.75,09:48:26.448935888
88,109.74,92,109.75,09:48:26.556900763
87,109.74,92,109.75,09:48:26.584962258
86,109.74,92,109.75,09:48:26.585039718
86,109.74,81,109.75,09:48:30.903609640
86,109.74,44,109.75,09:48:30.903609640
104,109.74,44,109.75,09:48:30.903791466
104,109.74,34,109.75,09:48:30.904097969
122,109.74,34,109.75,09:48:30.904119873
122,109.74,24,109.75,09:48:30.913417504
122,109.74,11,109.75,09:48:31.027072755
122,109.74,10,109.75,09:48:31.027522124
122,109.74,8,109.75,09:48:31.030629739
122,109.74,9,109.75,09:48:31.035708256
122,109.74,10,109.75,09:48:31.035850266
122,109.74,9,109.75,09:48:31.115540645
122,109.74,8,109.75,09:48:31.115687805
122,109.74,10,109.75,09:48:31.181121771
122,109.74,8,109.75,09:48:31.276079089
122,109.74,10,109.75,09:48:32.761181619
122,109.74,8,109.75,09:48:33.011729556
122,109.74,6,109.75,09:48:34.106973286
122,109.74,4,109.75,09:48:34.107440260
122,109.74,3,109.75,09:48:34.107767557
122,109.74,2,109.75,09:48:34.108008972
122,109.74,1,109.75,09:48:34.108112060
132,109.74,1,109.75,09:48:34.109086113
132,109.74,185,109.76,09:48:34.109217267
132,109.74,171,109.76,09:48:34.109217267
132,109.74,153,109.76,09:48:34.109295568
138,109.74,153,109.76,09:48:34.109661520
128,109.74,153,109.76,09:48:34.110065894
128,109.74,152,109.76,09:48:34.120533210
122,109.74,152,109.76,09:48:35.027081578
122,109.74,151,109.76,09:48:38.812445555
124,109.74,151,109.76,09:48:38.812533817
128,109.74,151,109.76,09:48:38.812919228
1,109.75,151,109.76,09:48:38.815619870
4,109.75,151,109.76,09:48:38.815893489
5,109.75,151,109.76,09:48:38.816003623
6,109.75,151,109.76,09:48:38.817721039
7,109.75,151,109.76,09:48:38.817798387
8,109.75,151,109.76,09:48:38.817798387
9,109.75,151,109.76,09:48:38.817866684
8,109.75,151,109.76,09:48:38.817939408
21,109.75,151,109.76,09:48:38.818023507
20,109.75,151,109.76,09:48:38.818023507
20,109.75,146,109.76,09:48:38.819415567
21,109.75,146,109.76,09:48:38.822541398
22,109.75,146,109.76,09:48:38.822619087
47,109.75,146,109.76,09:48:38.822784040
48,109.75,146,109.76,09:48:38.822878331
71,109.75,146,109.76,09:48:38.822878331
72,109.75,146,109.76,09:48:38.822915499
71,109.75,146,109.76,09:48:38.823109202
71,109.75,124,109.76,09:48:38.824333147
70,109.75,124,109.76,09:48:38.826499608
70,109.75,123,109.76,09:48:38.826903538
69,109.75,123,109.76,09:48:38.838884915
69,109.75,141,109.76,09:48:38.892290794
56,109.75,141,109.76,09:48:38.892495908
33,109.75,141,109.76,09:48:38.892650001
8,109.75,141,109.76,09:48:38.892720148
10,109.75,141,109.76,09:48:38.900007343
11,109.75,141,109.76,09:48:38.900166785
10,109.75,141,109.76,09:48:38.904547627
11,109.75,141,109.76,09:48:38.910047306
9,109.75,141,109.76,09:48:38.912435762
11,109.75,141,109.76,09:48:38.923908269
12,109.75,141,109.76,09:48:38.924055129
12,109.75,123,109.76,09:48:38.929710055
11,109.75,123,109.76,09:48:38.937109467
9,109.75,123,109.76,09:48:38.937265401
10,109.75,123,109.76,09:48:38.953841523
12,109.75,123,109.76,09:48:38.994019861
14,109.75,123,109.76,09:48:38.994153168
27,109.75,123,109.76,09:48:39.505405785
52,109.75,123,109.76,09:48:39.509598739
75,109.75,123,109.76,09:48:39.509669127
76,109.75,123,109.76,09:48:39.517693840
75,109.75,123,109.76,09:48:39.530241706
75,109.75,141,109.76,09:48:39.556228156
76,109.75,141,109.76,09:48:39.596847586
77,109.75,141,109.76,09:48:40.859827740
78,109.75,141,109.76,09:48:41.870713052
55,109.75,141,109.76,09:48:43.214974081
30,109.75,141,109.76,09:48:43.215076590
30,109.75,156,109.76,09:48:43.215181889
30,109.75,163,109.76,09:48:43.215433988
17,109.75,163,109.76,09:48:43.215452864
15,109.75,163,109.76,09:48:43.215452864
14,109.75,163,109.76,09:48:43.215452864
17,109.75,163,109.76,09:48:43.636002200
14,109.75,163,109.76,09:48:43.636450669
15,109.75,163,109.76,09:48:43.639131042
16,109.75,163,109.76,09:48:43.639273170
15,109.75,163,109.76,09:48:43.642258554
14,109.75,163,109.76,09:48:43.642398201
16,109.75,163,109.76,09:48:44.357222585
17,109.75,163,109.76,09:48:44.372983831
30,109.75,163,109.76,09:48:44.373606291
30,109.75,156,109.76,09:48:44.373863106
30,109.75,141,109.76,09:48:44.373863106
17,109.75,141,109.76,09:48:44.600731146
16,109.75,141,109.76,09:48:44.600905770
14,109.75,141,109.76,09:48:44.600972163
14,109.75,156,109.76,09:48:44.601321549
14,109.75,163,109.76,09:48:44.601442640
16,109.75,163,109.76,09:48:44.879692502
16,109.75,148,109.76,09:48:44.879880729
16,109.75,141,109.76,09:48:44.879947189
17,109.75,141,109.76,09:48:44.880054384
30,109.75,141,109.76,09:48:44.880125360
29,109.75,141,109.76,09:48:45.608105808
16,109.75,141,109.76,09:48:46.033549725
14,109.75,141,109.76,09:48:46.033755350
14,109.75,161,109.76,09:48:46.033828701
15,109.75,161,109.76,09:48:46.033978943
14,109.75,161,109.76,09:48:46.075129651
14,109.75,141,109.76,09:48:46.133718187
16,109.75,141,109.76,09:48:46.133787506
29,109.75,141,109.76,09:48:46.133941955
60,109.75,141,109.76,09:48:46.184330200
77,109.75,141,109.76,09:48:46.184404895
77,109.75,142,109.76,09:48:46.195697062
77,109.75,143,109.76,09:48:46.195767184
60,109.75,143,109.76,09:48:47.016408520
29,109.75,143,109.76,09:48:47.016493701
16,109.75,143,109.76,09:48:47.016574091
14,109.75,143,109.76,09:48:47.016677234
15,109.75,143,109.76,09:48:47.023324349
16,109.75,143,109.76,09:48:47.023491113
29,109.75,143,109.76,09:48:47.023708319
28,109.75,143,109.76,09:48:47.549799996
27,109.75,143,109.76,09:48:47.549907357
64,109.75,143,109.76,09:48:51.043328810
75,109.75,143,109.76,09:48:51.043343025
76,109.75,143,109.76,09:48:51.043509714
75,109.75,143,109.76,09:48:51.043767199
76,109.75,143,109.76,09:48:51.052357509
76,109.75,140,109.76,09:48:51.053073079
77,109.75,140,109.76,09:48:51.056789720
76,109.75,140,109.76,09:48:51.077870305
75,109.75,140,109.76,09:48:51.077935991
76,109.75,140,109.76,09:48:51.140132641
75,109.75,140,109.76,09:48:51.162473429
75,109.75,143,109.76,09:48:51.209724719
76,109.75,143,109.76,09:48:51.411970256
77,109.75,143,109.76,09:48:51.412083084
76,109.75,143,109.76,09:48:51.481754048
76,109.75,140,109.76,09:48:51.515178250
77,109.75,140,109.76,09:48:51.975906543
76,109.75,140,109.76,09:48:51.976533941
75,109.75,140,109.76,09:48:51.987166053
76,109.75,140,109.76,09:48:52.001061786
75,109.75,140,109.76,09:48:52.277904689
75,109.75,143,109.76,09:48:52.282608475
76,109.75,143,109.76,09:48:52.542500286
76,109.75,140,109.76,09:48:53.562483494
76,109.75,143,109.76,09:48:53.580141426
75,109.75,143,109.76,09:48:53.591015549
78,109.75,143,109.76,09:48:55.773817523
75,109.75,143,109.76,09:48:56.519228891
38,109.75,143,109.76,09:48:57.016171295
27,109.75,143,109.76,09:48:57.016242722
28,109.75,143,109.76,09:48:57.016382103
29,109.75,143,109.76,09:48:57.016466911
30,109.75,143,109.76,09:48:57.016523948
73,109.75,143,109.76,09:48:57.169245365
73,109.75,140,109.76,09:49:00.009633598
73,109.75,143,109.76,09:49:00.749396792
72,109.75,143,109.76,09:49:01.911973933
71,109.75,143,109.76,09:49:01.912612170
70,109.75,143,109.76,09:49:02.461565101
27,109.75,143,109.76,09:49:02.461740560
14,109.75,143,109.76,09:49:02.461871171
14,109.75,155,109.76,09:49:02.462441753
14,109.75,165,109.76,09:49:02.462441753
14,109.75,164,109.76,09:49:02.473735805
14,109.75,163,109.76,09:49:02.473810608
12,109.75,163,109.76,09:49:02.504354303
12,109.75,183,109.76,09:49:03.771082059
11,109.75,183,109.76,09:49:04.331573692
10,109.75,183,109.76,09:49:04.332475992
7,109.75,183,109.76,09:49:04.335474930
6,109.75,183,109.76,09:49:04.335545951
5,109.75,183,109.76,09:49:04.337271280
4,109.75,183,109.76,09:49:04.337371319
3,109.75,183,109.76,09:49:04.337511280
2,109.75,183,109.76,09:49:04.337511280
3,109.75,183,109.76,09:49:04.370323972
3,109.75,165,109.76,09:49:04.382240014
3,109.75,185,109.76,09:49:04.449271895
2,109.75,185,109.76,09:49:04.453012997
2,109.75,165,109.76,09:49:04.634309087
3,109.75,165,109.76,09:49:04.754069827
4,109.75,165,109.76,09:49:04.758091091
5,109.75,165,109.76,09:49:04.762506573
6,109.75,165,109.76,09:49:04.764583889
5,109.75,165,109.76,09:49:07.029551149
4,109.75,165,109.76,09:49:07.029551149
8,109.75,165,109.76,09:49:07.030103618
9,109.75,165,109.76,09:49:07.045612060
10,109.75,165,109.76,09:49:07.046065921
9,109.75,165,109.76,09:49:07.051454457
11,109.75,165,109.76,09:49:07.071185705
12,109.75,165,109.76,09:49:07.071417521
25,109.75,165,109.76,09:49:07.071577373
25,109.75,155,109.76,09:49:07.313665809
25,109.75,143,109.76,09:49:07.313732522
24,109.75,143,109.76,09:49:07.616359420
22,109.75,143,109.76,09:49:07.616470303
22,109.75,158,109.76,09:49:08.373359703
22,109.75,165,109.76,09:49:08.373500711
22,109.75,195,109.76,09:49:08.373638626
24,109.75,195,109.76,09:49:08.437770665
24,109.75,180,109.76,09:49:08.439686868
26,109.75,180,109.76,09:49:08.439686868
27,109.75,180,109.76,09:49:08.439701431
27,109.75,173,109.76,09:49:08.439757659
57,109.75,173,109.76,09:49:08.440290442
75,109.75,173,109.76,09:49:08.440504311
75,109.75,191,109.76,09:49:08.475608674
75,109.75,171,109.76,09:49:08.524485558
57,109.75,171,109.76,09:49:08.537083686
27,109.75,171,109.76,09:49:08.537145933
26,109.75,171,109.76,09:49:08.537941878
26,109.75,186,109.76,09:49:08.539534333
26,109.75,193,109.76,09:49:08.539652043
24,109.75,193,109.76,09:49:08.540576327
11,109.75,193,109.76,09:49:08.543576229
11,109.75,175,109.76,09:49:08.574109661
13,109.75,175,109.76,09:49:08.574367280
14,109.75,175,109.76,09:49:08.659586377
13,109.75,175,109.76,09:49:08.694128430
11,109.75,175,109.76,09:49:08.695553276
12,109.75,175,109.76,09:49:08.698103745
13,109.75,175,109.76,09:49:08.698282205
14,109.75,175,109.76,09:49:08.698355736
13,109.75,175,109.76,09:49:08.706076680
12,109.75,175,109.76,09:49:08.707959027
11,109.75,175,109.76,09:49:08.708135939
9,109.75,175,109.76,09:49:09.004797904
11,109.75,175,109.76,09:49:09.223144854
9,109.75,175,109.76,09:49:09.236520108
11,109.75,175,109.76,09:49:10.637297931
9,109.75,175,109.76,09:49:11.306122716
5,109.75,175,109.76,09:49:11.314636233
4,109.75,175,109.76,09:49:11.317349568
3,109.75,175,109.76,09:49:11.323367503
4,109.75,175,109.76,09:49:11.583069358
4,109.75,180,109.76,09:49:12.216352523
3,109.75,180,109.76,09:49:13.327847130
3,109.75,200,109.76,09:49:13.515011364
2,109.75,200,109.76,09:49:13.515233976
3,109.75,200,109.76,09:49:13.571184598
2,109.75,200,109.76,09:49:13.780837973
2,109.75,170,109.76,09:49:14.439642877
3,109.75,170,109.76,09:49:14.705913528
2,109.75,170,109.76,09:49:16.445945777
3,109.75,170,109.76,09:49:16.494798988
2,109.75,170,109.76,09:49:19.322332486
1,109.75,170,109.76,09:49:19.323004245
120,109.74,170,109.76,09:49:19.323004245
120,109.74,1,109.75,09:49:19.323316559
120,109.74,3,109.75,09:49:19.323336917
120,109.74,2,109.75,09:49:19.323693336
120,109.74,4,109.75,09:49:19.323718018
120,109.74,2,109.75,09:49:19.324283102
118,109.74,2,109.75,09:49:19.324804026
118,109.74,150,109.76,09:49:19.327360546
118,109.74,148,109.76,09:49:19.327767313
118,109.74,168,109.76,09:49:19.424111791
118,109.74,188,109.76,09:49:19.435670921
118,109.74,168,109.76,09:49:19.622292650
1,109.75,168,109.76,09:49:22.574027030
2,109.75,168,109.76,09:49:22.574258518
32,109.75,168,109.76,09:49:22.574258518
33,109.75,168,109.76,09:49:22.574339827
32,109.75,168,109.76,09:49:22.579815992
32,109.75,163,109.76,09:49:23.129270666
2,109.75,163,109.76,09:49:26.201552859
2,109.75,183,109.76,09:49:26.319900727
1,109.75,183,109.76,09:49:26.981969131
2,109.75,183,109.76,09:49:26.984883733
3,109.75,183,109.76,09:49:26.985718098
4,109.75,183,109.76,09:49:27.009375142
3,109.75,183,109.76,09:49:27.011028926
4,109.75,183,109.76,09:49:27.193451965
5,109.75,183,109.76,09:49:29.680715339
6,109.75,183,109.76,09:49:29.681178473
7,109.75,183,109.76,09:49:29.684823144
7,109.75,163,109.76,09:49:29.685387345
8,109.75,163,109.76,09:49:29.685772052
45,109.75,163,109.76,09:49:29.686052708
56,109.75,163,109.76,09:49:29.686131492
56,109.75,143,109.76,09:49:29.800642763
56,109.75,161,109.76,09:49:30.617135601
56,109.75,143,109.76,09:49:30.704781781
56,109.75,123,109.76,09:49:30.770336387
19,109.75,123,109.76,09:49:31.851043095
8,109.75,123,109.76,09:49:31.851113243
7,109.75,123,109.76,09:49:31.851225576
8,109.75,123,109.76,09:49:31.851355007
7,109.75,123,109.76,09:49:31.851355007
8,109.75,123,109.76,09:49:31.851585413
10,109.75,123,109.76,09:49:31.975412785
49,109.75,123,109.76,09:49:32.003071152
10,109.75,123,109.76,09:49:37.016307852
54,109.75,123,109.76,09:49:37.149325335
10,109.75,123,109.76,09:49:38.735287609
55,109.75,123,109.76,09:49:38.850337569
55,109.75,141,109.76,09:49:41.054769004
55,109.75,123,109.76,09:49:41.088309916
68,109.75,123,109.76,09:49:41.139302249
68,109.75,141,109.76,09:49:41.292742501
69,109.75,141,109.76,09:49:41.791857906
91,109.75,141,109.76,09:49:41.793505972
92,109.75,141,109.76,09:49:41.793823471
92,109.75,131,109.76,09:49:41.794106672
92,109.75,83,109.76,09:49:41.803434102
92,109.75,65,109.76,09:49:41.829093454
92,109.75,62,109.76,09:49:41.830532993
92,109.75,61,109.76,09:49:42.576503590
92,109.75,60,109.76,09:49:42.576503590
92,109.75,45,109.76,09:49:42.580030528
92,109.75,41,109.76,09:49:42.580030528
92,109.75,34,109.76,09:49:42.580030528
92,109.75,27,109.76,09:49:42.604095277
92,109.75,26,109.76,09:49:42.833046626
92,109.75,13,109.76,09:49:42.833358343
92,109.75,12,109.76,09:49:43.315483504
92,109.75,10,109.76,09:49:43.315483504
92,109.75,7,109.76,09:49:43.315483504
92,109.75,4,109.76,09:49:43.315484567
110,109.75,4,109.76,09:49:43.315484567
117,109.75,4,109.76,09:49:43.316045373
122,109.75,4,109.76,09:49:43.316080643
122,109.75,2,109.76,09:49:43.317103717
122,109.75,173,109.77,09:49:43.317103717
19,109.76,173,109.77,09:49:43.317575691
19,109.76,165,109.77,09:49:43.317605893
64,109.76,165,109.77,09:49:43.317605893
64,109.76,187,109.77,09:49:43.317605893
77,109.76,187,109.77,09:49:43.317714620
78,109.76,187,109.77,09:49:43.317973999
59,109.76,187,109.77,09:49:43.318115589
59,109.76,169,109.77,09:49:43.318368821
46,109.76,169,109.77,09:49:43.318386869
46,109.76,168,109.77,09:49:43.318481282
46,109.76,164,109.77,09:49:43.318481282
54,109.76,164,109.77,09:49:43.318629280
46,109.76,164,109.77,09:49:43.321068547
1,109.76,164,109.77,09:49:43.331658020
1,109.76,159,109.77,09:49:43.341734420
1,109.76,152,109.77,09:49:43.345515635
2,109.76,152,109.77,09:49:43.351470401
3,109.76,152,109.77,09:49:43.428496230
2,109.76,152,109.77,09:49:43.491867262
1,109.76,152,109.77,09:49:43.491867262
112,109.75,152,109.77,09:49:43.491940561
112,109.75,12,109.76,09:49:43.491940561
112,109.75,8,109.76,09:49:43.492166197
110,109.75,8,109.76,09:49:43.492589307
110,109.75,138,109.77,09:49:43.505323541
110,109.75,130,109.77,09:49:43.505773600
110,109.75,152,109.77,09:49:43.596447164
110,109.75,149,109.77,09:49:45.099918920
110,109.75,3,109.76,09:49:48.167256451
110,109.75,13,109.76,09:49:48.167718758
110,109.75,15,109.76,09:49:48.167737212
110,109.75,28,109.76,09:49:48.167811763
110,109.75,29,109.76,09:49:48.168138344
110,109.75,28,109.76,09:49:48.172780073
110,109.75,29,109.76,09:49:48.276823714
110,109.75,16,109.76,09:49:48.300605642
110,109.75,6,109.76,09:49:48.300790144
110,109.75,7,109.76,09:49:48.375377149
110,109.75,20,109.76,09:49:48.379347274
110,109.75,19,109.76,09:49:48.416273041
110,109.75,17,109.76,09:49:48.476020515
110,109.75,4,109.76,09:49:48.762125903
110,109.75,3,109.76,09:49:48.762397993
118,109.75,3,109.76,09:49:48.762465951
122,109.75,3,109.76,09:49:48.762465951
122,109.75,149,109.77,09:49:48.762609537
122,109.75,153,109.77,09:49:48.763031380
122,109.75,149,109.77,09:49:48.763422464
114,109.75,149,109.77,09:49:48.800757554
110,109.75,149,109.77,09:49:48.800941883
110,109.75,2,109.76,09:49:49.422683784
110,109.75,5,109.76,09:49:49.422834824
110,109.75,3,109.76,09:49:49.505079667
118,109.75,3,109.76,09:49:49.505154355
122,109.75,3,109.76,09:49:49.505275993
122,109.75,149,109.77,09:49:49.505388796
122,109.75,151,109.77,09:49:49.505552393
122,109.75,149,109.77,09:49:49.505954696
114,109.75,149,109.77,09:49:49.506142150
110,109.75,149,109.77,09:49:49.506212582
110,109.75,4,109.76,09:49:52.702661508
110,109.75,17,109.76,09:49:52.702797712
110,109.75,18,109.76,09:49:52.703244019
110,109.75,21,109.76,09:49:52.703343688
110,109.75,31,109.76,09:49:52.703432253
92,109.75,31,109.76,09:49:52.703770870
92,109.75,21,109.76,09:49:52.750594466
92,109.75,18,109.76,09:49:55.219676233
110,109.75,18,109.76,09:49:55.219845596
110,109.75,19,109.76,09:49:55.219915343
110,109.75,21,109.76,09:49:55.220024607
110,109.75,17,109.76,09:49:55.220690725
110,109.75,15,109.76,09:49:55.220801544
110,109.75,14,109.76,09:49:55.220942529
110,109.75,13,109.76,09:49:55.221282097
120,109.75,13,109.76,09:49:55.221439230
120,109.75,197,109.77,09:49:55.221605220
19,109.76,197,109.77,09:49:55.221635639
19,109.76,175,109.77,09:49:55.221635639
19,109.76,145,109.77,09:49:55.221703466
49,109.76,145,109.77,09:49:55.221945111
49,109.76,127,109.77,09:49:55.221990781
49,109.76,139,109.77,09:49:55.222206141
49,109.76,127,109.77,09:49:55.222667631
67,109.76,127,109.77,09:49:55.222887818
48,109.76,127,109.77,09:49:55.224602024
30,109.76,127,109.77,09:49:55.224768216
140,109.75,127,109.77,09:49:55.224837819
110,109.75,127,109.77,09:49:55.225252641
110,109.75,147,109.77,09:49:55.321847840
110,109.75,149,109.77,09:49:56.077165925
110,109.75,163,109.77,09:49:56.077634492
110,109.75,147,109.77,09:49:56.078147844
112,109.75,147,109.77,09:49:56.078220799
114,109.75,147,109.77,09:49:56.078639806
112,109.75,147,109.77,09:49:56.079005357
116,109.75,147,109.77,09:49:56.080196740
1,109.76,147,109.77,09:49:56.113999703
31,109.76,147,109.77,09:49:56.114322913
32,109.76,147,109.77,09:49:56.114425655
50,109.76,147,109.77,09:49:56.115247907
51,109.76,147,109.77,09:49:56.137569125
51,109.76,127,109.77,09:49:56.137639080
50,109.76,127,109.77,09:49:56.138483915
52,109.76,127,109.77,09:49:56.138954904
50,109.76,127,109.77,09:49:56.139144774
51,109.76,127,109.77,09:49:56.140120253
50,109.76,127,109.77,09:49:56.140410688
51,109.76,127,109.77,09:49:56.140868018
50,109.76,127,109.77,09:49:56.144526469
50,109.76,130,109.77,09:49:56.151064820
51,109.76,130,109.77,09:49:56.157807055
52,109.76,130,109.77,09:49:56.158064412
51,109.76,130,109.77,09:49:56.159018623
52,109.76,130,109.77,09:49:56.160466993
52,109.76,127,109.77,09:49:56.161255011
53,109.76,127,109.77,09:49:56.161662051
54,109.76,127,109.77,09:49:56.162549726
56,109.76,127,109.77,09:49:56.162659890
55,109.76,127,109.77,09:49:56.162893080
53,109.76,127,109.77,09:49:56.162893080
53,109.76,128,109.77,09:49:56.162893080
66,109.76,128,109.77,09:49:56.163052229
65,109.76,128,109.77,09:49:56.163052229
64,109.76,128,109.77,09:49:56.163435326
63,109.76,128,109.77,09:49:56.163435326
62,109.76,128,109.77,09:49:56.163435326
49,109.76,128,109.77,09:49:56.163517985
50,109.76,128,109.77,09:49:56.163816907
52,109.76,128,109.77,09:49:56.163888446
65,109.76,128,109.77,09:49:56.166525487
65,109.76,118,109.77,09:49:56.167704853
52,109.76,118,109.77,09:49:56.168530950
52,109.76,128,109.77,09:49:56.168604606
65,109.76,128,109.77,09:49:56.169835213
65,109.76,123,109.77,09:49:56.173623413
65,109.76,118,109.77,09:49:56.173623413
65,109.76,116,109.77,09:49:56.173641087
65,109.76,108,109.77,09:49:56.173641087
65,109.76,102,109.77,09:49:56.173641087
67,109.76,102,109.77,09:49:56.178612754
67,109.76,82,109.77,09:49:56.184533964
67,109.76,100,109.77,09:49:56.188731130
54,109.76,100,109.77,09:49:56.209435892
54,109.76,120,109.77,09:49:56.260425203
54,109.76,102,109.77,09:49:56.261231692
67,109.76,102,109.77,09:49:56.292297071
67,109.76,110,109.77,09:49:56.381915591
65,109.76,110,109.77,09:49:56.382074746
65,109.76,108,109.77,09:49:56.389943571
65,109.76,110,109.77,09:49:56.390734509
52,109.76,110,109.77,09:49:56.391638035
53,109.76,110,109.77,09:49:56.406499204
52,109.76,110,109.77,09:49:56.417842536
51,109.76,110,109.77,09:49:56.525031920
52,109.76,110,109.77,09:49:56.547324277
51,109.76,110,109.77,09:49:56.606206495
52,109.76,110,109.77,09:49:56.897896014
51,109.76,110,109.77,09:49:56.975093843
49,109.76,110,109.77,09:49:57.205347937
49,109.76,127,109.77,09:49:57.205519838
49,109.76,132,109.77,09:49:57.205626580
50,109.76,132,109.77,09:49:57.498786879
51,109.76,132,109.77,09:49:57.498933923
51,109.76,115,109.77,09:49:57.499123420
51,109.76,110,109.77,09:49:57.499191004
50,109.76,110,109.77,09:49:57.511945442
49,109.76,110,109.77,09:49:57.709283440
49,109.76,127,109.77,09:49:57.709464487
49,109.76,132,109.77,09:49:57.709595124
50,109.76,132,109.77,09:49:58.325130985
49,109.76,132,109.77,09:49:58.325912684
50,109.76,132,109.77,09:49:59.346315640
51,109.76,132,109.77,09:49:59.347756772
52,109.76,132,109.77,09:49:59.347844832
52,109.76,127,109.77,09:49:59.350721569
52,109.76,110,109.77,09:49:59.350785499
65,109.76,110,109.77,09:49:59.682491282
64,109.76,110,109.77,09:49:59.693520835
63,109.76,110,109.77,09:49:59.693625011
62,109.76,110,109.77,09:49:59.693751750
49,109.76,110,109.77,09:49:59.693908931
49,109.76,128,109.77,09:49:59.694081267
50,109.76,128,109.77,09:49:59.990985944
51,109.76,128,109.77,09:49:59.991133976
51,109.76,128,109.77,09:49:59.991133976
50,109.76,128,109.77,09:50:00.007121086
49,109.76,128,109.77,09:50:00.007463400
50,109.76,128,109.77,09:50:00.012831780
51,109.76,128,109.77,09:50:00.036358705
50,109.76,128,109.77,09:50:00.066166904
51,109.76,128,109.77,09:50:00.146572932
50,109.76,128,109.77,09:50:00.280615966
49,109.76,128,109.77,09:50:00.280755247
31,109.76,128,109.77,09:50:00.280924245
4,109.76,128,109.77,09:50:00.280999733
4,109.76,126,109.77,09:50:00.281242674
3,109.76,126,109.77,09:50:00.281259739
2,109.76,126,109.77,09:50:00.281259739
1,109.76,126,109.77,09:50:00.281336069
1,109.76,125,109.77,09:50:00.281409803
146,109.75,125,109.77,09:50:00.281734174
146,109.75,5,109.76,09:50:00.281734174
126,109.75,5,109.76,09:50:00.281890372
126,109.75,4,109.76,09:50:00.281922942
126,109.75,3,109.76,09:50:00.281942248
126,109.75,2,109.76,09:50:00.282040932
126,109.75,129,109.77,09:50:00.282210075
126,109.75,111,109.77,09:50:00.282307044
20,109.76,111,109.77,09:50:00.282324878
55,109.76,111,109.77,09:50:00.282324878
58,109.76,111,109.77,09:50:00.282463547
59,109.76,111,109.77,09:50:00.282487172
61,109.76,111,109.77,09:50:00.282487172
61,109.76,115,109.77,09:50:00.282487172
61,109.76,121,109.77,09:50:00.282589235
61,109.76,129,109.77,09:50:00.282589235
60,109.76,129,109.77,09:50:00.282904931
58,109.76,129,109.77,09:50:00.282904931
58,109.76,125,109.77,09:50:00.283102960
23,109.76,125,109.77,09:50:00.283276986
3,109.76,125,109.77,09:50:00.283276986
4,109.76,125,109.77,09:50:00.303865306
4,109.76,143,109.77,09:50:00.385678918
5,109.76,143,109.77,09:50:00.415279449
5,109.76,146,109.77,09:50:00.775835353
7,109.76,146,109.77,09:50:01.068869536
6,109.76,146,109.77,09:50:01.263444745
5,109.76,146,109.77,09:50:01.551069681
2,109.76,146,109.77,09:50:01.555322055
3,109.76,146,109.77,09:50:01.642433709
4,109.76,146,109.77,09:50:01.642503050
5,109.76,146,109.77,09:50:01.679565111
7,109.76,146,109.77,09:50:01.717172320
5,109.76,146,109.77,09:50:01.726786418
4,109.76,146,109.77,09:50:01.786066907
3,109.76,146,109.77,09:50:01.786219838
2,109.76,146,109.77,09:50:01.798576878
3,109.76,146,109.77,09:50:01.850962831
2,109.76,146,109.77,09:50:02.040697218
132,109.75,146,109.77,09:50:02.593650001
1,109.76,146,109.77,09:50:02.984849661
38,109.76,146,109.77,09:50:02.985173338
40,109.76,146,109.77,09:50:02.985173338
38,109.76,146,109.77,09:50:02.985607603
41,109.76,146,109.77,09:50:02.994802937
52,109.76,146,109.77,09:50:02.996187745
60,109.76,146,109.77,09:50:02.996478073
60,109.76,128,109.77,09:50:02.996492574
62,109.76,128,109.77,09:50:02.996642666
54,109.76,128,109.77,09:50:02.996969200
54,109.76,118,109.77,09:50:02.997115281
67,109.76,118,109.77,09:50:02.997216996
75,109.76,118,109.77,09:50:02.997680528
72,109.76,118,109.77,09:50:02.997847603
64,109.76,118,109.77,09:50:02.997954387
51,109.76,118,109.77,09:50:02.997973350
52,109.76,118,109.77,09:50:03.009021544
53,109.76,118,109.77,09:50:03.009346212
53,109.76,98,109.77,09:50:03.014028457
52,109.76,98,109.77,09:50:03.017524196
51,109.76,98,109.77,09:50:03.017524196
14,109.76,98,109.77,09:50:03.017860365
3,109.76,98,109.77,09:50:03.017860365
6,109.76,98,109.77,09:50:03.018018433
7,109.76,98,109.77,09:50:03.028455141
7,109.76,118,109.77,09:50:03.044470315
13,109.76,118,109.77,09:50:03.046600980
13,109.76,98,109.77,09:50:03.047639187
15,109.76,98,109.77,09:50:03.053769747
13,109.76,98,109.77,09:50:03.057192689
26,109.76,98,109.77,09:50:03.057269758
26,109.76,118,109.77,09:50:03.057417623
28,109.76,118,109.77,09:50:03.057501476
26,109.76,118,109.77,09:50:03.066995175
13,109.76,118,109.77,09:50:03.067068177
13,109.76,98,109.77,09:50:03.067995257
12,109.76,98,109.77,09:50:03.089890809
9,109.76,98,109.77,09:50:03.094434082
9,109.76,117,109.77,09:50:03.096160804
10,109.76,117,109.77,09:50:03.117116884
9,109.76,117,109.77,09:50:03.123418306
10,109.76,117,109.77,09:50:03.184811417
10,109.76,98,109.77,09:50:03.184991369
12,109.76,98,109.77,09:50:03.185315142
49,109.76,98,109.77,09:50:03.185529960
60,109.76,98,109.77,09:50:03.185529960
60,109.76,118,109.77,09:50:03.197118645
61,109.76,118,109.77,09:50:03.891153480
60,109.76,118,109.77,09:50:04.005039495
23,109.76,118,109.77,09:50:04.197559860
12,109.76,118,109.77,09:50:04.197655774
13,109.76,118,109.77,09:50:04.256689082
14,109.76,118,109.77,09:50:04.256851514
53,109.76,118,109.77,09:50:04.897227553
14,109.76,118,109.77,09:50:05.049784158
13,109.76,118,109.77,09:50:05.049957350
11,109.76,118,109.77,09:50:05.050024201
10,109.76,118,109.77,09:50:05.172944497
8,109.76,118,109.77,09:50:05.172944497
2,109.76,118,109.77,09:50:05.172944497
1,109.76,118,109.77,09:50:05.172944497
165,109.75,118,109.77,09:50:05.173406493
165,109.75,138,109.77,09:50:05.173434195
140,109.75,138,109.77,09:50:05.173434195
140,109.75,149,109.77,09:50:05.173434195
130,109.75,149,109.77,09:50:05.173481257
130,109.75,138,109.77,09:50:05.346760418
1,109.76,138,109.77,09:50:08.666543049
2,109.76,138,109.77,09:50:08.666725154
3,109.76,138,109.77,09:50:08.670449613
4,109.76,138,109.77,09:50:08.671690341
3,109.76,138,109.77,09:50:08.972266162
2,109.76,138,109.77,09:50:09.005591533
3,109.76,138,109.77,09:50:10.433409844
4,109.76,138,109.77,09:50:10.543758041
3,109.76,138,109.77,09:50:10.766233681
2,109.76,138,109.77,09:50:11.033557181
1,109.76,138,109.77,09:50:11.048282549
3,109.76,138,109.77,09:50:11.796084728
6,109.76,138,109.77,09:50:11.798194483
7,109.76,138,109.77,09:50:11.802586275
9,109.76,138,109.77,09:50:11.802792726
22,109.76,138,109.77,09:50:12.527017556
22,109.76,118,109.77,09:50:12.527565322
70,109.76,118,109.77,09:50:12.527912371
78,109.76,118,109.77,09:50:12.528001875
100,109.76,118,109.77,09:50:12.528021353
100,109.76,115,109.77,09:50:12.535595535
101,109.76,115,109.77,09:50:12.536201213
102,109.76,115,109.77,09:50:12.538627186
102,109.76,95,109.77,09:50:12.540683189
102,109.76,97,109.77,09:50:12.542017958
101,109.76,97,109.77,09:50:12.550578799
100,109.76,97,109.77,09:50:12.550653459
78,109.76,97,109.77,09:50:12.551744731
79,109.76,97,109.77,09:50:12.552804737
80,109.76,97,109.77,09:50:12.552932007
72,109.76,97,109.77,09:50:12.553093773
24,109.76,97,109.77,09:50:12.553713708
11,109.76,97,109.77,09:50:12.564454767
24,109.76,97,109.77,09:50:12.573382206
24,109.76,117,109.77,09:50:12.584716126
24,109.76,97,109.77,09:50:12.587980524
11,109.76,97,109.77,09:50:12.590026796
11,109.76,117,109.77,09:50:12.601792997
11,109.76,120,109.77,09:50:12.634309332
11,109.76,132,109.77,09:50:12.724667175
11,109.76,142,109.77,09:50:12.724767124
8,109.76,142,109.77,09:50:12.724842052
10,109.76,142,109.77,09:50:12.913795824
10,109.76,130,109.77,09:50:13.038971644
10,109.76,120,109.77,09:50:13.039081269
11,109.76,120,109.77,09:50:13.039223919
24,109.76,120,109.77,09:50:13.458702450
72,109.76,120,109.77,09:50:13.459048834
72,109.76,100,109.77,09:50:13.470435215
24,109.76,100,109.77,09:50:13.481479777
24,109.76,120,109.77,09:50:13.493324891
72,109.76,120,109.77,09:50:14.072148215
94,109.76,120,109.77,09:50:14.072580023
94,109.76,117,109.77,09:50:14.072735155
94,109.76,97,109.77,09:50:14.086426974
94,109.76,89,109.77,09:50:14.090255805
94,109.76,83,109.77,09:50:14.090411347
94,109.76,73,109.77,09:50:14.090681642
94,109.76,72,109.77,09:50:14.092637002
94,109.76,73,109.77,09:50:14.096248536
94,109.76,71,109.77,09:50:14.174014091
94,109.76,65,109.77,09:50:15.659659648
94,109.76,64,109.77,09:50:15.659805418
94,109.76,65,109.77,09:50:15.682094349
94,109.76,64,109.77,09:50:16.590144518
94,109.76,62,109.77,09:50:16.590247973
94,109.76,54,109.77,09:50:16.590373130
94,109.76,37,109.77,09:50:16.590373130
94,109.76,27,109.77,09:50:16.590395504
94,109.76,20,109.77,09:50:16.590395504
94,109.76,7,109.77,09:50:16.590395504
94,109.76,1,109.77,09:50:16.590395504
112,109.76,1,109.77,09:50:16.590395504
118,109.76,1,109.77,09:50:16.590395504
123,109.76,1,109.77,09:50:16.590559393
123,109.76,14,109.77,09:50:16.590783720
123,109.76,20,109.77,09:50:16.590783720
123,109.76,22,109.77,09:50:16.590783720
123,109.76,23,109.77,09:50:16.590874865
123,109.76,22,109.77,09:50:16.591161956
123,109.76,21,109.77,09:50:16.592324100
123,109.76,19,109.77,09:50:16.592474442
124,109.76,19,109.77,09:50:16.592550970
124,109.76,20,109.77,09:50:16.592665802
124,109.76,23,109.77,09:50:16.592794298
124,109.76,10,109.77,09:50:16.593957714
124,109.76,4,109.77,09:50:16.594051445
124,109.76,3,109.77,09:50:16.594066793
124,109.76,235,109.78,09:50:16.594066793
132,109.76,235,109.78,09:50:16.594215689
132,109.76,238,109.78,09:50:16.594296361
138,109.76,238,109.78,09:50:16.594296361
138,109.76,246,109.78,09:50:16.594406588
138,109.76,261,109.78,09:50:16.594424914
138,109.76,262,109.78,09:50:16.594424914
132,109.76,262,109.78,09:50:16.594424914
127,109.76,262,109.78,09:50:16.594424914
127,109.76,269,109.78,09:50:16.594424914
127,109.76,4,109.77,09:50:16.594571557
127,109.76,5,109.77,09:50:16.594875118
127,109.76,6,109.77,09:50:16.594875118
127,109.76,5,109.77,09:50:16.595062786
133,109.76,5,109.77,09:50:16.595423402
133,109.76,6,109.77,09:50:16.595475298
127,109.76,6,109.77,09:50:16.595789841
127,109.76,7,109.77,09:50:16.595890849
127,109.76,4,109.77,09:50:16.597382867
127,109.76,3,109.77,09:50:16.597396524
127,109.76,2,109.77,09:50:16.597477750
127,109.76,1,109.77,09:50:16.597502699
127,109.76,2,109.77,09:50:16.603223160
127,109.76,3,109.77,09:50:16.603299720
127,109.76,2,109.77,09:50:17.556843058
127,109.76,1,109.77,09:50:17.556843058
127,109.76,259,109.78,09:50:17.556920367
127,109.76,253,109.78,09:50:17.557860346
127,109.76,228,109.78,09:50:17.570104965
127,109.76,230,109.78,09:50:21.507030591
127,109.76,244,109.78,09:50:24.010909646
127,109.76,269,109.78,09:50:24.023270385
127,109.76,283,109.78,09:50:28.122472667
127,109.76,273,109.78,09:50:29.792372219
127,109.76,285,109.78,09:50:30.490028745
127,109.76,303,109.78,09:50:30.523937049
127,109.76,277,109.78,09:50:36.140561304
127,109.76,2,109.77,09:50:37.820753605
127,109.76,10,109.77,09:50:37.821395566
127,109.76,50,109.77,09:50:37.821424039
127,109.76,53,109.77,09:50:37.821424039
127,109.76,54,109.77,09:50:37.821424039
127,109.76,60,109.77,09:50:37.821491219
119,109.76,60,109.77,09:50:37.821845202
101,109.76,60,109.77,09:50:37.821866121
101,109.76,70,109.77,09:50:37.821979440
95,109.76,70,109.77,09:50:37.822318547
47,109.76,70,109.77,09:50:37.822595117
25,109.76,70,109.77,09:50:37.822672850
25,109.76,83,109.77,09:50:37.823045385
33,109.76,83,109.77,09:50:37.839381437
39,109.76,83,109.77,09:50:37.839822368
39,109.76,84,109.77,09:50:37.841228325
38,109.76,84,109.77,09:50:37.841542824
38,109.76,94,109.77,09:50:37.841786913
38,109.76,95,109.77,09:50:37.841950053
39,109.76,95,109.77,09:50:37.841950053
33,109.76,95,109.77,09:50:37.841969521
25,109.76,95,109.77,09:50:37.841969521
24,109.76,95,109.77,09:50:37.842123700
23,109.76,95,109.77,09:50:37.842416241
23,109.76,94,109.77,09:50:37.842416241
24,109.76,94,109.77,09:50:37.842493495
24,109.76,95,109.77,09:50:37.842493495
25,109.76,95,109.77,09:50:37.842734814
25,109.76,96,109.77,09:50:37.842748839
24,109.76,96,109.77,09:50:37.844538371
24,109.76,97,109.77,09:50:37.844776050
25,109.76,97,109.77,09:50:37.844776050
23,109.76,97,109.77,09:50:37.851944122
25,109.76,97,109.77,09:50:37.852272109
25,109.76,99,109.77,09:50:37.852272109
24,109.76,99,109.77,09:50:37.852523577
23,109.76,99,109.77,09:50:37.852598374
23,109.76,122,109.77,09:50:39.030015710
22,109.76,122,109.77,09:50:39.030015710
20,109.76,122,109.77,09:50:39.030030755
19,109.76,122,109.77,09:50:39.037929941
18,109.76,122,109.77,09:50:39.037999748
17,109.76,122,109.77,09:50:39.037999748
17,109.76,142,109.77,09:50:39.067987536
17,109.76,122,109.77,09:50:39.097208666
17,109.76,142,109.77,09:50:39.198808996
17,109.76,122,109.77,09:50:39.264576726
19,109.76,122,109.77,09:50:39.284836280
20,109.76,122,109.77,09:50:39.426717209
20,109.76,99,109.77,09:50:39.427207641
21,109.76,99,109.77,09:50:39.441591533
22,109.76,99,109.77,09:50:39.441779112
23,109.76,99,109.77,09:50:39.598867072
22,109.76,99,109.77,09:50:41.368626113
21,109.76,99,109.77,09:50:41.368817134
20,109.76,99,109.77,09:50:41.368916382
18,109.76,99,109.77,09:50:41.369021710
17,109.76,99,109.77,09:50:41.369040766
17,109.76,124,109.77,09:50:41.369297738
17,109.76,144,109.77,09:50:41.382001066
17,109.76,124,109.77,09:50:41.513673010
18,109.76,124,109.77,09:50:42.148489126
18,109.76,99,109.77,09:50:42.148769408
19,109.76,99,109.77,09:50:42.161850353
19,109.76,119,109.77,09:50:42.286344928
19,109.76,99,109.77,09:50:42.553076519
20,109.76,99,109.77,09:50:42.603848873
20,109.76,119,109.77,09:50:44.262826118
19,109.76,119,109.77,09:50:47.458882722
18,109.76,119,109.77,09:50:47.458950085
23,109.76,119,109.77,09:50:47.533754077
54,109.76,119,109.77,09:50:47.533754077
54,109.76,109,109.77,09:50:47.533848189
71,109.76,109,109.77,09:50:47.533871041
71,109.76,89,109.77,09:50:47.544928536
72,109.76,89,109.77,09:50:48.026955386
73,109.76,89,109.77,09:50:48.026955386
81,109.76,89,109.77,09:50:48.027217756
99,109.76,89,109.77,09:50:48.027217756
117,109.76,89,109.77,09:50:48.027339756
