bidVolume,bidPrice,askVolume,askPrice,timestamp
11,5043.75,27,5044.0,08:00:00.005926909
11,5043.75,27,5044.0,08:00:00.005933024
11,5043.75,27,5044.0,08:00:00.005946458
11,5043.75,27,5044.0,08:00:00.005954208
11,5043.75,27,5044.0,08:00:00.005962634
11,5043.75,27,5044.0,08:00:00.006118727
12,5043.75,27,5044.0,08:00:00.007209456
12,5043.75,26,5044.0,08:00:00.015541550
13,5043.75,26,5044.0,08:00:00.015637524
13,5043.75,27,5044.0,08:00:00.015662977
11,5043.75,27,5044.0,08:00:00.023309790
10,5043.75,27,5044.0,08:00:00.023318181
9,5043.75,27,5044.0,08:00:00.023406234
6,5043.75,27,5044.0,08:00:00.037395438
4,5043.75,27,5044.0,08:00:00.037631654
4,5043.75,30,5044.0,08:00:00.037631654
3,5043.75,30,5044.0,08:00:00.037676746
2,5043.75,30,5044.0,08:00:00.037688004
38,5043.5,30,5044.0,08:00:00.037838039
38,5043.5,30,5044.0,08:00:00.037838039
38,5043.5,1,5043.75,08:00:00.037852209
38,5043.5,2,5043.75,08:00:00.037852209
38,5043.5,3,5043.75,08:00:00.037934549
38,5043.5,4,5043.75,08:00:00.037942697
38,5043.5,5,5043.75,08:00:00.037950364
38,5043.5,5,5043.75,08:00:00.037958422
38,5043.5,6,5043.75,08:00:00.037975142
39,5043.5,6,5043.75,08:00:00.037983779
39,5043.5,5,5043.75,08:00:00.037993398
39,5043.5,4,5043.75,08:00:00.038007763
39,5043.5,5,5043.75,08:00:00.038027358
39,5043.5,5,5043.75,08:00:00.038063483
39,5043.5,4,5043.75,08:00:00.038188641
39,5043.5,5,5043.75,08:00:00.038188641
40,5043.5,5,5043.75,08:00:00.038193572
40,5043.5,5,5043.75,08:00:00.038282425
40,5043.5,4,5043.75,08:00:00.038313834
40,5043.5,3,5043.75,08:00:00.038319552
40,5043.5,31,5044.0,08:00:00.038449402
40,5043.5,31,5044.0,08:00:00.038449402
40,5043.5,28,5044.0,08:00:00.038458893
1,5043.75,28,5044.0,08:00:00.038569413
3,5043.75,28,5044.0,08:00:00.038575244
3,5043.75,27,5044.0,08:00:00.038653444
3,5043.75,27,5044.0,08:00:00.039106800
4,5043.75,27,5044.0,08:00:00.040959631
7,5043.75,27,5044.0,08:00:00.046320933
8,5043.75,27,5044.0,08:00:00.046424852
8,5043.75,26,5044.0,08:00:00.046431741
8,5043.75,25,5044.0,08:00:00.046812671
8,5043.75,22,5044.0,08:00:00.046892138
10,5043.75,22,5044.0,08:00:00.046900781
11,5043.75,22,5044.0,08:00:00.046906592
13,5043.75,22,5044.0,08:00:00.046913895
14,5043.75,22,5044.0,08:00:00.046934753
15,5043.75,22,5044.0,08:00:00.046939902
16,5043.75,22,5044.0,08:00:00.047031757
16,5043.75,22,5044.0,08:00:00.048083996
16,5043.75,18,5044.0,08:00:00.048186020
16,5043.75,21,5044.0,08:00:00.049790110
15,5043.75,21,5044.0,08:00:00.049886301
13,5043.75,21,5044.0,08:00:00.049892128
12,5043.75,21,5044.0,08:00:00.050340921
10,5043.75,21,5044.0,08:00:00.050456258
10,5043.75,21,5044.0,08:00:00.050536045
10,5043.75,22,5044.0,08:00:00.050637263
10,5043.75,22,5044.0,08:00:00.051938739
10,5043.75,26,5044.0,08:00:00.074131708
10,5043.75,29,5044.0,08:00:00.139887389
10,5043.75,28,5044.0,08:00:00.148565951
12,5043.75,28,5044.0,08:00:00.148572441
13,5043.75,28,5044.0,08:00:00.148582271
15,5043.75,28,5044.0,08:00:00.148591884
14,5043.75,28,5044.0,08:00:00.148655552
13,5043.75,28,5044.0,08:00:00.148689048
14,5043.75,28,5044.0,08:00:00.148696510
14,5043.75,24,5044.0,08:00:00.148709288
13,5043.75,24,5044.0,08:00:00.148740569
11,5043.75,24,5044.0,08:00:00.148763133
9,5043.75,24,5044.0,08:00:00.148775984
9,5043.75,21,5044.0,08:00:00.149101316
11,5043.75,21,5044.0,08:00:00.149189250
13,5043.75,21,5044.0,08:00:00.149288807
14,5043.75,21,5044.0,08:00:00.149295188
15,5043.75,21,5044.0,08:00:00.149300904
15,5043.75,18,5044.0,08:00:00.149405395
15,5043.75,21,5044.0,08:00:00.149957186
13,5043.75,21,5044.0,08:00:00.150279742
12,5043.75,21,5044.0,08:00:00.150286027
10,5043.75,21,5044.0,08:00:00.150395089
10,5043.75,23,5044.0,08:00:00.151483396
9,5043.75,23,5044.0,08:00:00.151583193
9,5043.75,27,5044.0,08:00:00.174797133
9,5043.75,27,5044.0,08:00:00.174983812
9,5043.75,27,5044.0,08:00:00.174991959
9,5043.75,27,5044.0,08:00:00.174999521
9,5043.75,27,5044.0,08:00:00.175007803
9,5043.75,27,5044.0,08:00:00.175023717
9,5043.75,27,5044.0,08:00:00.175028405
9,5043.75,27,5044.0,08:00:00.175034709
9,5043.75,25,5044.0,08:00:00.175263452
8,5043.75,25,5044.0,08:00:00.175486446
10,5043.75,25,5044.0,08:00:00.175486446
10,5043.75,25,5044.0,08:00:00.175486446
10,5043.75,25,5044.0,08:00:00.175486446
10,5043.75,25,5044.0,08:00:00.175486446
10,5043.75,25,5044.0,08:00:00.175486446
10,5043.75,25,5044.0,08:00:00.175486446
10,5043.75,25,5044.0,08:00:00.175493221
10,5043.75,26,5044.0,08:00:00.175674680
8,5043.75,26,5044.0,08:00:00.175681685
5,5043.75,26,5044.0,08:00:00.175691292
4,5043.75,26,5044.0,08:00:00.176345611
3,5043.75,26,5044.0,08:00:00.176422062
2,5043.75,26,5044.0,08:00:00.176448523
1,5043.75,26,5044.0,08:00:00.176553731
1,5043.75,27,5044.0,08:00:00.176641388
1,5043.75,28,5044.0,08:00:00.176649765
39,5043.5,28,5044.0,08:00:00.176756773
39,5043.5,28,5044.0,08:00:00.176756773
39,5043.5,1,5043.75,08:00:00.176843961
39,5043.5,2,5043.75,08:00:00.176962348
39,5043.5,2,5043.75,08:00:00.177077656
39,5043.5,5,5043.75,08:00:00.177574030
39,5043.5,6,5043.75,08:00:00.177681594
38,5043.5,6,5043.75,08:00:00.177715668
37,5043.5,6,5043.75,08:00:00.177760578
36,5043.5,6,5043.75,08:00:00.177798646
36,5043.5,6,5043.75,08:00:00.177911983
36,5043.5,6,5043.75,08:00:00.177919145
35,5043.5,6,5043.75,08:00:00.177985933
35,5043.5,7,5043.75,08:00:00.178053227
35,5043.5,7,5043.75,08:00:00.178061595
34,5043.5,7,5043.75,08:00:00.180803493
33,5043.5,7,5043.75,08:00:00.195077814
33,5043.5,9,5043.75,08:00:00.195147953
33,5043.5,10,5043.75,08:00:00.195158020
33,5043.5,11,5043.75,08:00:00.195169841
33,5043.5,11,5043.75,08:00:00.195268022
33,5043.5,11,5043.75,08:00:00.195273654
33,5043.5,12,5043.75,08:00:00.195286256
33,5043.5,12,5043.75,08:00:00.195318430
33,5043.5,11,5043.75,08:00:00.195326414
32,5043.5,11,5043.75,08:00:00.195385417
31,5043.5,11,5043.75,08:00:00.195430134
31,5043.5,9,5043.75,08:00:00.195448215
31,5043.5,10,5043.75,08:00:00.195647892
31,5043.5,17,5043.75,08:00:00.195854953
31,5043.5,17,5043.75,08:00:00.195897126
31,5043.5,17,5043.75,08:00:00.195928458
30,5043.5,17,5043.75,08:00:00.195954830
30,5043.5,18,5043.75,08:00:00.195973563
30,5043.5,18,5043.75,08:00:00.195981381
25,5043.5,18,5043.75,08:00:00.196053152
24,5043.5,18,5043.75,08:00:00.196071776
24,5043.5,19,5043.75,08:00:00.196171781
21,5043.5,19,5043.75,08:00:00.196479228
20,5043.5,19,5043.75,08:00:00.196488444
20,5043.5,19,5043.75,08:00:00.196587316
19,5043.5,19,5043.75,08:00:00.196593736
19,5043.5,20,5043.75,08:00:00.196693606
18,5043.5,20,5043.75,08:00:00.196800927
17,5043.5,20,5043.75,08:00:00.196849520
16,5043.5,20,5043.75,08:00:00.196888388
16,5043.5,21,5043.75,08:00:00.196900074
16,5043.5,26,5043.75,08:00:00.196946306
15,5043.5,26,5043.75,08:00:00.196980114
15,5043.5,26,5043.75,08:00:00.197022138
15,5043.5,27,5043.75,08:00:00.197042970
14,5043.5,27,5043.75,08:00:00.197048746
14,5043.5,28,5043.75,08:00:00.197142816
14,5043.5,28,5043.75,08:00:00.197180771
15,5043.5,28,5043.75,08:00:00.197327507
18,5043.5,28,5043.75,08:00:00.224845547
19,5043.5,28,5043.75,08:00:00.224933337
19,5043.5,27,5043.75,08:00:00.224947882
19,5043.5,22,5043.75,08:00:00.225026341
19,5043.5,21,5043.75,08:00:00.225037480
19,5043.5,20,5043.75,08:00:00.225147430
19,5043.5,20,5043.75,08:00:00.336919461
16,5043.5,20,5043.75,08:00:00.349845005
15,5043.5,20,5043.75,08:00:00.349931966
15,5043.5,20,5043.75,08:00:00.350047617
15,5043.5,22,5043.75,08:00:00.371020225
10,5043.5,22,5043.75,08:00:00.390411397
10,5043.5,23,5043.75,08:00:00.390465856
10,5043.5,25,5043.75,08:00:00.390499117
10,5043.5,30,5043.75,08:00:00.390507178
9,5043.5,30,5043.75,08:00:00.390516132
2,5043.5,30,5043.75,08:00:00.390700543
2,5043.5,31,5043.75,08:00:00.390700543
2,5043.5,31,5043.75,08:00:00.390700543
2,5043.5,31,5043.75,08:00:00.390700543
2,5043.5,31,5043.75,08:00:00.390723340
2,5043.5,31,5043.75,08:00:00.390723340
2,5043.5,32,5043.75,08:00:00.390730562
2,5043.5,32,5043.75,08:00:00.390787513
1,5043.5,32,5043.75,08:00:00.390926665
37,5043.25,32,5043.75,08:00:00.390926665
37,5043.25,32,5043.75,08:00:00.390926665
29,5043.25,32,5043.75,08:00:00.390936467
29,5043.25,4,5043.5,08:00:00.390944291
29,5043.25,4,5043.5,08:00:00.391052725
29,5043.25,4,5043.5,08:00:00.391079436
29,5043.25,4,5043.5,08:00:00.391086441
29,5043.25,5,5043.5,08:00:00.391109629
28,5043.25,5,5043.5,08:00:00.391115209
29,5043.25,5,5043.5,08:00:00.391164433
30,5043.25,5,5043.5,08:00:00.391185928
31,5043.25,5,5043.5,08:00:00.391203582
31,5043.25,5,5043.5,08:00:00.391214911
31,5043.25,6,5043.5,08:00:00.391223951
32,5043.25,6,5043.5,08:00:00.391230879
33,5043.25,6,5043.5,08:00:00.391238767
34,5043.25,6,5043.5,08:00:00.391250371
35,5043.25,6,5043.5,08:00:00.391256038
36,5043.25,6,5043.5,08:00:00.391266323
37,5043.25,6,5043.5,08:00:00.391275277
36,5043.25,6,5043.5,08:00:00.391304673
37,5043.25,6,5043.5,08:00:00.391314878
37,5043.25,6,5043.5,08:00:00.391467450
37,5043.25,6,5043.5,08:00:00.391477143
37,5043.25,24,5043.75,08:00:00.391734787
37,5043.25,24,5043.75,08:00:00.391734787
37,5043.25,27,5043.75,08:00:00.391797130
1,5043.5,27,5043.75,08:00:00.391905898
2,5043.5,27,5043.75,08:00:00.391937069
3,5043.5,27,5043.75,08:00:00.391960161
4,5043.5,27,5043.75,08:00:00.391966776
6,5043.5,27,5043.75,08:00:00.391997115
7,5043.5,27,5043.75,08:00:00.392032799
8,5043.5,27,5043.75,08:00:00.392053052
7,5043.5,27,5043.75,08:00:00.392150766
6,5043.5,27,5043.75,08:00:00.392156203
5,5043.5,27,5043.75,08:00:00.392271978
6,5043.5,27,5043.75,08:00:00.392271978
6,5043.5,27,5043.75,08:00:00.392271978
7,5043.5,27,5043.75,08:00:00.392271978
8,5043.5,27,5043.75,08:00:00.392271978
9,5043.5,27,5043.75,08:00:00.392271978
8,5043.5,27,5043.75,08:00:00.392284862
7,5043.5,27,5043.75,08:00:00.392357724
6,5043.5,27,5043.75,08:00:00.392365379
7,5043.5,27,5043.75,08:00:00.392809762
6,5043.5,27,5043.75,08:00:00.393015936
6,5043.5,27,5043.75,08:00:00.393280226
7,5043.5,27,5043.75,08:00:00.393483107
6,5043.5,27,5043.75,08:00:00.393680404
6,5043.5,24,5043.75,08:00:00.393954579
8,5043.5,24,5043.75,08:00:00.394047384
11,5043.5,24,5043.75,08:00:00.394076783
12,5043.5,24,5043.75,08:00:00.394176407
10,5043.5,24,5043.75,08:00:00.448043612
11,5043.5,24,5043.75,08:00:00.448160852
10,5043.5,24,5043.75,08:00:00.448172843
10,5043.5,24,5043.75,08:00:00.448179810
12,5043.5,24,5043.75,08:00:00.448257965
9,5043.5,24,5043.75,08:00:00.478935489
7,5043.5,24,5043.75,08:00:00.479052323
5,5043.5,24,5043.75,08:00:00.479274945
4,5043.5,24,5043.75,08:00:00.479374115
3,5043.5,24,5043.75,08:00:00.479473289
4,5043.5,24,5043.75,08:00:00.479595153
5,5043.5,24,5043.75,08:00:00.479781564
6,5043.5,24,5043.75,08:00:00.479887111
9,5043.5,24,5043.75,08:00:00.484655121
11,5043.5,24,5043.75,08:00:00.484749241
12,5043.5,24,5043.75,08:00:00.484757626
13,5043.5,24,5043.75,08:00:00.484769504
12,5043.5,24,5043.75,08:00:00.522760229
12,5043.5,22,5043.75,08:00:00.567705359
13,5043.5,22,5043.75,08:00:00.567803085
14,5043.5,22,5043.75,08:00:00.567810817
14,5043.5,22,5043.75,08:00:00.567917936
14,5043.5,22,5043.75,08:00:00.567924307
15,5043.5,22,5043.75,08:00:00.568035913
15,5043.5,22,5043.75,08:00:00.568068147
16,5043.5,22,5043.75,08:00:00.568125182
16,5043.5,17,5043.75,08:00:00.568146292
17,5043.5,17,5043.75,08:00:00.568153800
17,5043.5,17,5043.75,08:00:00.568217071
17,5043.5,16,5043.75,08:00:00.568264730
17,5043.5,15,5043.75,08:00:00.568273076
17,5043.5,14,5043.75,08:00:00.568277885
17,5043.5,13,5043.75,08:00:00.568286113
17,5043.5,14,5043.75,08:00:00.568303681
17,5043.5,13,5043.75,08:00:00.568370700
22,5043.5,13,5043.75,08:00:00.568377948
22,5043.5,13,5043.75,08:00:00.569084196
22,5043.5,13,5043.75,08:00:00.569091700
23,5043.5,13,5043.75,08:00:00.569191427
26,5043.5,13,5043.75,08:00:00.569873582
27,5043.5,13,5043.75,08:00:00.569988659
27,5043.5,13,5043.75,08:00:00.569996877
27,5043.5,13,5043.75,08:00:00.570012055
27,5043.5,13,5043.75,08:00:00.570203560
25,5043.5,13,5043.75,08:00:00.589418731
25,5043.5,15,5043.75,08:00:00.589467122
25,5043.5,13,5043.75,08:00:00.589609842
22,5043.5,13,5043.75,08:00:00.589688858
21,5043.5,13,5043.75,08:00:00.647939383
21,5043.5,15,5043.75,08:00:00.648028271
21,5043.5,17,5043.75,08:00:00.648034761
16,5043.5,17,5043.75,08:00:00.648125092
16,5043.5,18,5043.75,08:00:00.648139595
16,5043.5,25,5043.75,08:00:00.648475637
16,5043.5,26,5043.75,08:00:00.648592065
16,5043.5,27,5043.75,08:00:00.648694185
15,5043.5,27,5043.75,08:00:00.648804671
14,5043.5,27,5043.75,08:00:00.648906685
13,5043.5,27,5043.75,08:00:00.649010646
12,5043.5,27,5043.75,08:00:00.649095886
11,5043.5,27,5043.75,08:00:00.649109134
11,5043.5,28,5043.75,08:00:00.649186365
11,5043.5,28,5043.75,08:00:00.649539828
12,5043.5,28,5043.75,08:00:00.665369341
12,5043.5,27,5043.75,08:00:00.665420749
11,5043.5,27,5043.75,08:00:00.665926533
12,5043.5,27,5043.75,08:00:00.669036711
13,5043.5,27,5043.75,08:00:00.669130600
14,5043.5,27,5043.75,08:00:00.669246481
14,5043.5,25,5043.75,08:00:00.669350739
13,5043.5,25,5043.75,08:00:00.685909827
14,5043.5,25,5043.75,08:00:00.686349056
13,5043.5,25,5043.75,08:00:00.686411144
14,5043.5,25,5043.75,08:00:00.696173026
15,5043.5,25,5043.75,08:00:00.696274725
15,5043.5,25,5043.75,08:00:00.696370484
15,5043.5,25,5043.75,08:00:00.750962114
16,5043.5,25,5043.75,08:00:00.751067097
16,5043.5,25,5043.75,08:00:00.751096579
16,5043.5,25,5043.75,08:00:00.751156142
21,5043.5,25,5043.75,08:00:00.751256857
21,5043.5,25,5043.75,08:00:00.751281552
22,5043.5,25,5043.75,08:00:00.751354466
22,5043.5,24,5043.75,08:00:00.753687908
21,5043.5,24,5043.75,08:00:00.759182335
19,5043.5,24,5043.75,08:00:00.795516133
19,5043.5,24,5043.75,08:00:00.795579818
19,5043.5,30,5043.75,08:00:00.795587438
19,5043.5,30,5043.75,08:00:00.795587438
19,5043.5,31,5043.75,08:00:00.795677823
14,5043.5,31,5043.75,08:00:00.795686732
13,5043.5,31,5043.75,08:00:00.795794504
12,5043.5,31,5043.75,08:00:00.846786180
11,5043.5,31,5043.75,08:00:00.846875645
8,5043.5,31,5043.75,08:00:00.888657908
7,5043.5,31,5043.75,08:00:00.888746454
6,5043.5,31,5043.75,08:00:00.888751801
6,5043.5,31,5043.75,08:00:00.888762976
6,5043.5,31,5043.75,08:00:00.888771779
6,5043.5,32,5043.75,08:00:00.888795178
7,5043.5,32,5043.75,08:00:00.888844546
5,5043.5,32,5043.75,08:00:00.888850309
6,5043.5,32,5043.75,08:00:00.888968958
9,5043.5,32,5043.75,08:00:00.889014840
10,5043.5,32,5043.75,08:00:00.889055532
12,5043.5,32,5043.75,08:00:00.889104365
12,5043.5,31,5043.75,08:00:00.889157618
12,5043.5,35,5043.75,08:00:00.905003860
11,5043.5,35,5043.75,08:00:00.905600512
9,5043.5,35,5043.75,08:00:00.905605936
9,5043.5,36,5043.75,08:00:00.905616413
8,5043.5,36,5043.75,08:00:00.905719692
7,5043.5,36,5043.75,08:00:00.905812222
7,5043.5,36,5043.75,08:00:00.928102242
7,5043.5,35,5043.75,08:00:01.023111025
9,5043.5,35,5043.75,08:00:01.023216329
10,5043.5,35,5043.75,08:00:01.023225859
10,5043.5,35,5043.75,08:00:01.042318308
11,5043.5,35,5043.75,08:00:01.080631224
12,5043.5,35,5043.75,08:00:01.080638120
13,5043.5,35,5043.75,08:00:01.080645605
13,5043.5,36,5043.75,08:00:01.080767278
12,5043.5,36,5043.75,08:00:01.080856028
12,5043.5,35,5043.75,08:00:01.081007114
11,5043.5,35,5043.75,08:00:01.081007114
12,5043.5,35,5043.75,08:00:01.081073847
13,5043.5,35,5043.75,08:00:01.081081979
15,5043.5,35,5043.75,08:00:01.081097537
16,5043.5,35,5043.75,08:00:01.081200240
14,5043.5,35,5043.75,08:00:01.081248068
13,5043.5,35,5043.75,08:00:01.103533307
11,5043.5,35,5043.75,08:00:01.103595661
10,5043.5,35,5043.75,08:00:01.103605108
9,5043.5,35,5043.75,08:00:01.103688895
8,5043.5,35,5043.75,08:00:01.103700610
8,5043.5,36,5043.75,08:00:01.103763997
7,5043.5,36,5043.75,08:00:01.103782100
8,5043.5,36,5043.75,08:00:01.103923431
8,5043.5,35,5043.75,08:00:01.104501090
8,5043.5,36,5043.75,08:00:01.104721968
8,5043.5,35,5043.75,08:00:01.104901924
9,5043.5,35,5043.75,08:00:01.106710380
10,5043.5,35,5043.75,08:00:01.106716799
6,5043.5,35,5043.75,08:00:01.106861970
5,5043.5,35,5043.75,08:00:01.106910339
4,5043.5,35,5043.75,08:00:01.106918461
4,5043.5,36,5043.75,08:00:01.106974856
4,5043.5,36,5043.75,08:00:01.107056502
4,5043.5,36,5043.75,08:00:01.107066131
4,5043.5,36,5043.75,08:00:01.107082675
4,5043.5,36,5043.75,08:00:01.107088551
4,5043.5,36,5043.75,08:00:01.107094295
4,5043.5,36,5043.75,08:00:01.107102145
3,5043.5,36,5043.75,08:00:01.107118612
31,5043.25,36,5043.75,08:00:01.107342486
31,5043.25,36,5043.75,08:00:01.107342486
31,5043.25,1,5043.5,08:00:01.107477659
31,5043.25,2,5043.5,08:00:01.107484107
31,5043.25,3,5043.5,08:00:01.107490572
31,5043.25,5,5043.5,08:00:01.107503100
31,5043.25,8,5043.5,08:00:01.107515935
31,5043.25,9,5043.5,08:00:01.107575799
32,5043.25,9,5043.5,08:00:01.107588596
32,5043.25,9,5043.5,08:00:01.107608756
32,5043.25,41,5043.75,08:00:01.107823472
32,5043.25,41,5043.75,08:00:01.107823472
32,5043.25,1,5043.5,08:00:01.107823472
32,5043.25,1,5043.5,08:00:01.107823472
33,5043.25,1,5043.5,08:00:01.107823472
33,5043.25,2,5043.5,08:00:01.107823472
34,5043.25,2,5043.5,08:00:01.107823472
33,5043.25,2,5043.5,08:00:01.107823472
34,5043.25,2,5043.5,08:00:01.107829123
34,5043.25,3,5043.5,08:00:01.107829123
34,5043.25,3,5043.5,08:00:01.107829123
34,5043.25,2,5043.5,08:00:01.108011894
34,5043.25,2,5043.5,08:00:01.108011894
35,5043.25,2,5043.5,08:00:01.108011894
35,5043.25,1,5043.5,08:00:01.108011894
35,5043.25,40,5043.75,08:00:01.108042830
35,5043.25,40,5043.75,08:00:01.108042830
1,5043.5,40,5043.75,08:00:01.108051690
3,5043.5,40,5043.75,08:00:01.108059175
6,5043.5,40,5043.75,08:00:01.108098789
5,5043.5,40,5043.75,08:00:01.108234520
5,5043.5,40,5043.75,08:00:01.108234520
3,5043.5,40,5043.75,08:00:01.108255173
4,5043.5,40,5043.75,08:00:01.108281199
4,5043.5,40,5043.75,08:00:01.108281199
4,5043.5,44,5043.75,08:00:01.108281199
5,5043.5,44,5043.75,08:00:01.108281199
5,5043.5,37,5043.75,08:00:01.108281199
5,5043.5,37,5043.75,08:00:01.109027655
5,5043.5,33,5043.75,08:00:01.109037480
6,5043.5,33,5043.75,08:00:01.109147651
6,5043.5,34,5043.75,08:00:01.109162208
5,5043.5,34,5043.75,08:00:01.109281209
5,5043.5,33,5043.75,08:00:01.109338365
6,5043.5,33,5043.75,08:00:01.109472893
5,5043.5,33,5043.75,08:00:01.111258734
4,5043.5,33,5043.75,08:00:01.111339798
5,5043.5,33,5043.75,08:00:01.111436130
4,5043.5,33,5043.75,08:00:01.111443170
4,5043.5,34,5043.75,08:00:01.111494848
3,5043.5,34,5043.75,08:00:01.111585569
34,5043.25,34,5043.75,08:00:01.149592803
31,5043.25,34,5043.75,08:00:01.149592803
31,5043.25,34,5043.75,08:00:01.149592803
31,5043.25,1,5043.5,08:00:01.149624266
31,5043.25,1,5043.5,08:00:01.149635229
31,5043.25,2,5043.5,08:00:01.149692260
31,5043.25,2,5043.5,08:00:01.149701277
31,5043.25,3,5043.5,08:00:01.149706359
31,5043.25,4,5043.5,08:00:01.149713473
31,5043.25,5,5043.5,08:00:01.149729490
31,5043.25,5,5043.5,08:00:01.149759846
31,5043.25,8,5043.5,08:00:01.149780121
31,5043.25,9,5043.5,08:00:01.149789491
32,5043.25,9,5043.5,08:00:01.149832103
32,5043.25,9,5043.5,08:00:01.149859090
33,5043.25,9,5043.5,08:00:01.149932755
34,5043.25,9,5043.5,08:00:01.149941725
33,5043.25,9,5043.5,08:00:01.149968695
32,5043.25,9,5043.5,08:00:01.150453370
31,5043.25,9,5043.5,08:00:01.150461294
31,5043.25,9,5043.5,08:00:01.154177759
31,5043.25,9,5043.5,08:00:01.164698424
27,5043.25,9,5043.5,08:00:01.174496914
27,5043.25,10,5043.5,08:00:01.174533043
27,5043.25,11,5043.5,08:00:01.174542397
27,5043.25,13,5043.5,08:00:01.174549200
27,5043.25,14,5043.5,08:00:01.174555712
27,5043.25,16,5043.5,08:00:01.174587070
27,5043.25,15,5043.5,08:00:01.174593460
27,5043.25,16,5043.5,08:00:01.174598359
30,5043.25,16,5043.5,08:00:01.174721824
30,5043.25,14,5043.5,08:00:01.174816825
30,5043.25,12,5043.5,08:00:01.174841011
30,5043.25,11,5043.5,08:00:01.174879898
30,5043.25,10,5043.5,08:00:01.174900116
30,5043.25,11,5043.5,08:00:01.174972940
30,5043.25,18,5043.5,08:00:01.175169926
27,5043.25,18,5043.5,08:00:01.175269189
27,5043.25,19,5043.5,08:00:01.175477516
27,5043.25,20,5043.5,08:00:01.175564888
26,5043.25,20,5043.5,08:00:01.175610364
25,5043.25,20,5043.5,08:00:01.176009796
24,5043.25,20,5043.5,08:00:01.176117686
25,5043.25,20,5043.5,08:00:01.176216884
25,5043.25,20,5043.5,08:00:01.191903847
25,5043.25,20,5043.5,08:00:01.191929979
25,5043.25,20,5043.5,08:00:01.191971292
25,5043.25,19,5043.5,08:00:01.231742109
24,5043.25,19,5043.5,08:00:01.231747380
24,5043.25,19,5043.5,08:00:01.231849030
24,5043.25,19,5043.5,08:00:01.240287322
24,5043.25,20,5043.5,08:00:01.240403606
23,5043.25,20,5043.5,08:00:01.247848207
23,5043.25,23,5043.5,08:00:01.247974833
23,5043.25,24,5043.5,08:00:01.248075235
23,5043.25,24,5043.5,08:00:01.248590487
23,5043.25,24,5043.5,08:00:01.332967158
20,5043.25,24,5043.5,08:00:01.344202933
19,5043.25,24,5043.5,08:00:01.344210194
18,5043.25,24,5043.5,08:00:01.344219250
18,5043.25,29,5043.5,08:00:01.344309226
13,5043.25,29,5043.5,08:00:01.344317246
12,5043.25,29,5043.5,08:00:01.344328676
12,5043.25,29,5043.5,08:00:01.344333572
12,5043.25,30,5043.5,08:00:01.344361935
12,5043.25,30,5043.5,08:00:01.344370706
12,5043.25,31,5043.5,08:00:01.344418512
11,5043.25,31,5043.5,08:00:01.344425952
10,5043.25,31,5043.5,08:00:01.344434595
10,5043.25,31,5043.5,08:00:01.344507166
11,5043.25,31,5043.5,08:00:01.344521512
11,5043.25,31,5043.5,08:00:01.344541474
11,5043.25,32,5043.5,08:00:01.344565471
10,5043.25,32,5043.5,08:00:01.344742323
13,5043.25,32,5043.5,08:00:01.344742323
11,5043.25,32,5043.5,08:00:01.344742323
11,5043.25,31,5043.5,08:00:01.344757146
11,5043.25,31,5043.5,08:00:01.344850015
13,5043.25,31,5043.5,08:00:01.344888198
14,5043.25,31,5043.5,08:00:01.344898345
12,5043.25,31,5043.5,08:00:01.345487442
12,5043.25,32,5043.5,08:00:01.345546256
11,5043.25,32,5043.5,08:00:01.345561127
10,5043.25,32,5043.5,08:00:01.345568861
2,5043.25,32,5043.5,08:00:01.345884586
2,5043.25,33,5043.5,08:00:01.345887962
2,5043.25,34,5043.5,08:00:01.345897485
1,5043.25,34,5043.5,08:00:01.346082072
1,5043.25,35,5043.5,08:00:01.346082072
1,5043.25,32,5043.5,08:00:01.346090251
36,5043.0,32,5043.5,08:00:01.346142694
36,5043.0,32,5043.5,08:00:01.346142694
2,5043.25,32,5043.5,08:00:01.346142694
36,5043.0,32,5043.5,08:00:01.346200730
36,5043.0,1,5043.25,08:00:01.346200730
36,5043.0,1,5043.25,08:00:01.346200730
36,5043.0,1,5043.25,08:00:01.346200730
36,5043.0,2,5043.25,08:00:01.346200730
36,5043.0,2,5043.25,08:00:01.346200730
35,5043.0,2,5043.25,08:00:01.346208433
35,5043.0,2,5043.25,08:00:01.346208433
35,5043.0,2,5043.25,08:00:01.346216084
35,5043.0,26,5043.5,08:00:01.346470460
35,5043.0,26,5043.5,08:00:01.346470460
35,5043.0,1,5043.25,08:00:01.346484592
35,5043.0,26,5043.5,08:00:01.346643373
35,5043.0,26,5043.5,08:00:01.346643373
3,5043.25,26,5043.5,08:00:01.346643373
2,5043.25,26,5043.5,08:00:01.346643373
2,5043.25,25,5043.5,08:00:01.346643373
2,5043.25,26,5043.5,08:00:01.346643373
2,5043.25,26,5043.5,08:00:01.346643373
2,5043.25,26,5043.5,08:00:01.346643373
2,5043.25,26,5043.5,08:00:01.346648125
2,5043.25,26,5043.5,08:00:01.346648125
4,5043.25,26,5043.5,08:00:01.346659693
4,5043.25,26,5043.5,08:00:01.346659693
4,5043.25,26,5043.5,08:00:01.346667379
4,5043.25,26,5043.5,08:00:01.346673319
4,5043.25,26,5043.5,08:00:01.346681792
4,5043.25,26,5043.5,08:00:01.346689831
2,5043.25,26,5043.5,08:00:01.346694797
2,5043.25,27,5043.5,08:00:01.346732549
3,5043.25,27,5043.5,08:00:01.346737368
3,5043.25,27,5043.5,08:00:01.346744139
3,5043.25,27,5043.5,08:00:01.346750274
4,5043.25,27,5043.5,08:00:01.346758495
5,5043.25,27,5043.5,08:00:01.346773551
5,5043.25,20,5043.5,08:00:01.346797574
4,5043.25,20,5043.5,08:00:01.346943574
4,5043.25,20,5043.5,08:00:01.346943574
4,5043.25,20,5043.5,08:00:01.346943574
5,5043.25,20,5043.5,08:00:01.346943574
6,5043.25,20,5043.5,08:00:01.346964127
6,5043.25,19,5043.5,08:00:01.347004445
6,5043.25,21,5043.5,08:00:01.347029883
8,5043.25,21,5043.5,08:00:01.347036472
8,5043.25,24,5043.5,08:00:01.347046280
9,5043.25,24,5043.5,08:00:01.347134954
9,5043.25,25,5043.5,08:00:01.347281833
7,5043.25,25,5043.5,08:00:01.347383893
7,5043.25,22,5043.5,08:00:01.347451498
9,5043.25,22,5043.5,08:00:01.347543739
9,5043.25,20,5043.5,08:00:01.347550844
10,5043.25,20,5043.5,08:00:01.348093641
10,5043.25,20,5043.5,08:00:01.348313304
15,5043.25,20,5043.5,08:00:01.348820616
15,5043.25,19,5043.5,08:00:01.348926580
16,5043.25,19,5043.5,08:00:01.348937492
17,5043.25,19,5043.5,08:00:01.349014003
17,5043.25,18,5043.5,08:00:01.349054723
19,5043.25,18,5043.5,08:00:01.349426638
19,5043.25,18,5043.5,08:00:01.349494265
19,5043.25,18,5043.5,08:00:01.349542180
19,5043.25,18,5043.5,08:00:01.351875983
19,5043.25,13,5043.5,08:00:01.354867481
19,5043.25,13,5043.5,08:00:01.354977888
19,5043.25,12,5043.5,08:00:01.354983827
19,5043.25,12,5043.5,08:00:01.355104621
19,5043.25,11,5043.5,08:00:01.358047177
19,5043.25,10,5043.5,08:00:01.358150097
16,5043.25,10,5043.5,08:00:01.387341946
16,5043.25,12,5043.5,08:00:01.387397868
16,5043.25,14,5043.5,08:00:01.387410306
16,5043.25,15,5043.5,08:00:01.387430284
16,5043.25,16,5043.5,08:00:01.387435520
16,5043.25,19,5043.5,08:00:01.387444365
16,5043.25,20,5043.5,08:00:01.387534667
19,5043.25,20,5043.5,08:00:01.387584889
17,5043.25,20,5043.5,08:00:01.387653985
17,5043.25,17,5043.5,08:00:01.387740802
17,5043.25,15,5043.5,08:00:01.387876098
17,5043.25,14,5043.5,08:00:01.387882031
18,5043.25,14,5043.5,08:00:01.387965501
18,5043.25,12,5043.5,08:00:01.388074393
18,5043.25,11,5043.5,08:00:01.388160248
18,5043.25,10,5043.5,08:00:01.388256848
18,5043.25,11,5043.5,08:00:01.390628352
18,5043.25,14,5043.5,08:00:01.390825572
17,5043.25,14,5043.5,08:00:01.390919353
17,5043.25,11,5043.5,08:00:01.414389240
18,5043.25,11,5043.5,08:00:01.414482410
18,5043.25,10,5043.5,08:00:01.414570290
18,5043.25,10,5043.5,08:00:01.415688553
16,5043.25,10,5043.5,08:00:01.420240366
15,5043.25,10,5043.5,08:00:01.420292268
15,5043.25,12,5043.5,08:00:01.420303270
15,5043.25,13,5043.5,08:00:01.420310636
15,5043.25,15,5043.5,08:00:01.420330019
15,5043.25,16,5043.5,08:00:01.420338387
15,5043.25,17,5043.5,08:00:01.420450956
13,5043.25,17,5043.5,08:00:01.444796218
13,5043.25,18,5043.5,08:00:01.444862648
13,5043.25,19,5043.5,08:00:01.444870767
13,5043.25,24,5043.5,08:00:01.444893602
13,5043.25,25,5043.5,08:00:01.444914889
8,5043.25,25,5043.5,08:00:01.444965405
7,5043.25,25,5043.5,08:00:01.445074505
7,5043.25,24,5043.5,08:00:01.445085898
8,5043.25,24,5043.5,08:00:01.445431719
9,5043.25,24,5043.5,08:00:01.445543587
10,5043.25,24,5043.5,08:00:01.445637854
10,5043.25,23,5043.5,08:00:01.625515405
10,5043.25,23,5043.5,08:00:01.644583658
10,5043.25,24,5043.5,08:00:01.648656598
10,5043.25,24,5043.5,08:00:01.944147559
10,5043.25,24,5043.5,08:00:01.944254476
10,5043.25,25,5043.5,08:00:01.944365787
9,5043.25,25,5043.5,08:00:01.944660328
9,5043.25,28,5043.5,08:00:01.944670043
8,5043.25,28,5043.5,08:00:01.944806289
8,5043.25,27,5043.5,08:00:01.944811908
8,5043.25,24,5043.5,08:00:02.026972016
9,5043.25,24,5043.5,08:00:02.028706263
8,5043.25,24,5043.5,08:00:02.031195987
9,5043.25,24,5043.5,08:00:02.065642973
8,5043.25,24,5043.5,08:00:02.519841330
9,5043.25,24,5043.5,08:00:02.520182953
8,5043.25,24,5043.5,08:00:02.520306235
9,5043.25,24,5043.5,08:00:02.528048215
9,5043.25,24,5043.5,08:00:02.528322189
9,5043.25,24,5043.5,08:00:02.529736944
9,5043.25,24,5043.5,08:00:02.580939413
9,5043.25,24,5043.5,08:00:02.580995747
10,5043.25,24,5043.5,08:00:02.581088603
2,5043.25,24,5043.5,08:00:02.619743703
2,5043.25,29,5043.5,08:00:02.619743703
2,5043.25,30,5043.5,08:00:02.619755472
1,5043.25,30,5043.5,08:00:02.619762417
43,5043.0,30,5043.5,08:00:02.619904955
43,5043.0,30,5043.5,08:00:02.619904955
42,5043.0,30,5043.5,08:00:02.619904955
42,5043.0,33,5043.5,08:00:02.619904955
42,5043.0,33,5043.5,08:00:02.619904955
1,5043.25,33,5043.5,08:00:02.619928717
1,5043.25,34,5043.5,08:00:02.620006370
1,5043.25,34,5043.5,08:00:02.620013641
1,5043.25,34,5043.5,08:00:02.620023443
1,5043.25,35,5043.5,08:00:02.620116779
1,5043.25,35,5043.5,08:00:02.620156226
4,5043.25,35,5043.5,08:00:02.621705915
4,5043.25,32,5043.5,08:00:02.621809178
4,5043.25,36,5043.5,08:00:02.621909478
4,5043.25,32,5043.5,08:00:02.622153729
4,5043.25,35,5043.5,08:00:02.734325242
4,5043.25,35,5043.5,08:00:02.734714168
4,5043.25,34,5043.5,08:00:02.734812922
3,5043.25,34,5043.5,08:00:03.090544757
42,5043.0,34,5043.5,08:00:03.090726524
42,5043.0,34,5043.5,08:00:03.090726524
41,5043.0,34,5043.5,08:00:03.090741375
41,5043.0,35,5043.5,08:00:03.090840513
40,5043.0,35,5043.5,08:00:03.090901849
40,5043.0,3,5043.25,08:00:03.090906793
39,5043.0,3,5043.25,08:00:03.091011688
39,5043.0,4,5043.25,08:00:03.091038569
40,5043.0,4,5043.25,08:00:03.091053628
41,5043.0,4,5043.25,08:00:03.091067123
42,5043.0,4,5043.25,08:00:03.091084077
43,5043.0,4,5043.25,08:00:03.091090067
38,5043.0,4,5043.25,08:00:03.095497273
38,5043.0,5,5043.25,08:00:03.095605400
38,5043.0,6,5043.25,08:00:03.095704963
38,5043.0,7,5043.25,08:00:03.095810034
38,5043.0,7,5043.25,08:00:03.095816134
38,5043.0,7,5043.25,08:00:03.096628396
38,5043.0,6,5043.25,08:00:03.106057355
38,5043.0,6,5043.25,08:00:03.107509694
38,5043.0,6,5043.25,08:00:03.107515813
38,5043.0,6,5043.25,08:00:03.107523214
38,5043.0,6,5043.25,08:00:03.107534687
38,5043.0,6,5043.25,08:00:03.107544335
38,5043.0,6,5043.25,08:00:03.107549196
38,5043.0,6,5043.25,08:00:03.107554345
38,5043.0,6,5043.25,08:00:03.107560630
38,5043.0,6,5043.25,08:00:03.107573452
38,5043.0,6,5043.25,08:00:03.107703842
38,5043.0,6,5043.25,08:00:03.107709986
38,5043.0,6,5043.25,08:00:03.107718143
38,5043.0,6,5043.25,08:00:03.107723094
38,5043.0,6,5043.25,08:00:03.107741331
38,5043.0,6,5043.25,08:00:03.107747882
38,5043.0,6,5043.25,08:00:03.108106407
38,5043.0,7,5043.25,08:00:03.141614740
38,5043.0,8,5043.25,08:00:03.141632613
38,5043.0,7,5043.25,08:00:03.141765729
38,5043.0,7,5043.25,08:00:03.141876877
38,5043.0,7,5043.25,08:00:03.141876877
38,5043.0,6,5043.25,08:00:03.141883920
38,5043.0,6,5043.25,08:00:03.141975096
38,5043.0,6,5043.25,08:00:03.141984162
38,5043.0,6,5043.25,08:00:03.148264942
38,5043.0,6,5043.25,08:00:03.148269735
38,5043.0,6,5043.25,08:00:03.183942669
38,5043.0,6,5043.25,08:00:03.183957047
38,5043.0,6,5043.25,08:00:03.183985435
38,5043.0,7,5043.25,08:00:03.293741001
38,5043.0,7,5043.25,08:00:03.293750307
38,5043.0,7,5043.25,08:00:03.293865557
38,5043.0,7,5043.25,08:00:03.324924141
38,5043.0,6,5043.25,08:00:03.332713105
39,5043.0,6,5043.25,08:00:03.332898501
39,5043.0,40,5043.5,08:00:03.333181573
39,5043.0,40,5043.5,08:00:03.333181573
1,5043.25,40,5043.5,08:00:03.333245362
2,5043.25,40,5043.5,08:00:03.333278237
2,5043.25,40,5043.5,08:00:03.333309626
2,5043.25,39,5043.5,08:00:03.333320666
2,5043.25,38,5043.5,08:00:03.333324452
2,5043.25,38,5043.5,08:00:03.333442982
2,5043.25,34,5043.5,08:00:03.333463482
2,5043.25,35,5043.5,08:00:03.333469841
3,5043.25,35,5043.5,08:00:03.333585599
2,5043.25,35,5043.5,08:00:03.333697496
2,5043.25,35,5043.5,08:00:03.334275521
2,5043.25,35,5043.5,08:00:03.334283140
5,5043.25,35,5043.5,08:00:03.334562659
6,5043.25,35,5043.5,08:00:03.334584813
7,5043.25,35,5043.5,08:00:03.334673861
8,5043.25,35,5043.5,08:00:03.334680408
8,5043.25,32,5043.5,08:00:03.334689650
8,5043.25,32,5043.5,08:00:03.334751553
7,5043.25,32,5043.5,08:00:03.335162073
6,5043.25,32,5043.5,08:00:03.335258197
8,5043.25,32,5043.5,08:00:03.335394654
9,5043.25,32,5043.5,08:00:03.335484739
9,5043.25,32,5043.5,08:00:03.432955792
9,5043.25,32,5043.5,08:00:03.432968541
9,5043.25,32,5043.5,08:00:03.432993559
9,5043.25,32,5043.5,08:00:03.433416019
10,5043.25,32,5043.5,08:00:03.443012449
10,5043.25,32,5043.5,08:00:03.482799856
10,5043.25,32,5043.5,08:00:03.482805610
10,5043.25,32,5043.5,08:00:03.488628546
10,5043.25,32,5043.5,08:00:03.488634377
11,5043.25,32,5043.5,08:00:03.512069339
11,5043.25,32,5043.5,08:00:03.512069339
11,5043.25,32,5043.5,08:00:03.512185616
11,5043.25,31,5043.5,08:00:03.512192179
11,5043.25,31,5043.5,08:00:03.573931779
12,5043.25,31,5043.5,08:00:03.591455864
12,5043.25,31,5043.5,08:00:03.591500146
12,5043.25,31,5043.5,08:00:03.591597310
12,5043.25,30,5043.5,08:00:03.591681615
11,5043.25,30,5043.5,08:00:03.591698214
12,5043.25,30,5043.5,08:00:03.591771639
12,5043.25,29,5043.5,08:00:03.591794984
12,5043.25,28,5043.5,08:00:03.591806251
13,5043.25,28,5043.5,08:00:03.591864329
13,5043.25,28,5043.5,08:00:03.591874342
14,5043.25,28,5043.5,08:00:03.591889047
14,5043.25,28,5043.5,08:00:03.592293768
14,5043.25,23,5043.5,08:00:03.592394410
15,5043.25,23,5043.5,08:00:03.592403780
15,5043.25,23,5043.5,08:00:03.592409627
15,5043.25,22,5043.5,08:00:03.592522755
15,5043.25,22,5043.5,08:00:03.592798195
16,5043.25,22,5043.5,08:00:03.592821547
16,5043.25,22,5043.5,08:00:03.593155037
16,5043.25,22,5043.5,08:00:03.593160983
17,5043.25,22,5043.5,08:00:03.594868950
17,5043.25,22,5043.5,08:00:03.613500180
18,5043.25,22,5043.5,08:00:03.613620067
19,5043.25,22,5043.5,08:00:03.613636016
20,5043.25,22,5043.5,08:00:03.613719211
20,5043.25,20,5043.5,08:00:03.613726072
20,5043.25,19,5043.5,08:00:03.613737580
20,5043.25,17,5043.5,08:00:03.613809226
20,5043.25,16,5043.5,08:00:03.613834571
20,5043.25,15,5043.5,08:00:03.613844977
25,5043.25,15,5043.5,08:00:03.613913017
25,5043.25,14,5043.5,08:00:03.613950583
26,5043.25,14,5043.5,08:00:03.614008235
27,5043.25,14,5043.5,08:00:03.614019115
28,5043.25,14,5043.5,08:00:03.614341451
27,5043.25,14,5043.5,08:00:03.614439103
28,5043.25,14,5043.5,08:00:03.856691936
28,5043.25,13,5043.5,08:00:03.875364773
28,5043.25,12,5043.5,08:00:03.875477908
28,5043.25,11,5043.5,08:00:03.875485380
29,5043.25,11,5043.5,08:00:03.878654510
30,5043.25,11,5043.5,08:00:03.878733007
30,5043.25,7,5043.5,08:00:03.878922737
30,5043.25,6,5043.5,08:00:03.878922737
31,5043.25,6,5043.5,08:00:03.878933338
31,5043.25,4,5043.5,08:00:03.879105252
31,5043.25,2,5043.5,08:00:03.879105252
32,5043.25,2,5043.5,08:00:03.879105252
33,5043.25,2,5043.5,08:00:03.879105252
33,5043.25,2,5043.5,08:00:03.879164377
33,5043.25,1,5043.5,08:00:03.879164377
33,5043.25,28,5043.75,08:00:03.879213760
33,5043.25,28,5043.75,08:00:03.879213760
34,5043.25,28,5043.75,08:00:03.879227431
34,5043.25,28,5043.75,08:00:03.879227431
35,5043.25,28,5043.75,08:00:03.879235978
6,5043.5,28,5043.75,08:00:03.879235978
6,5043.5,28,5043.75,08:00:03.879246544
6,5043.5,28,5043.75,08:00:03.879326143
6,5043.5,29,5043.75,08:00:03.879350962
7,5043.5,29,5043.75,08:00:03.879369967
7,5043.5,29,5043.75,08:00:03.879378416
7,5043.5,29,5043.75,08:00:03.879390362
1,5043.5,29,5043.75,08:00:03.879397709
1,5043.5,29,5043.75,08:00:03.879497500
1,5043.5,28,5043.75,08:00:03.879521734
2,5043.5,28,5043.75,08:00:03.879530847
2,5043.5,28,5043.75,08:00:03.879541040
2,5043.5,28,5043.75,08:00:03.879777476
2,5043.5,28,5043.75,08:00:03.879803685
1,5043.5,28,5043.75,08:00:03.879875606
1,5043.5,28,5043.75,08:00:03.880070033
4,5043.5,28,5043.75,08:00:03.880232462
4,5043.5,29,5043.75,08:00:03.880347821
5,5043.5,29,5043.75,08:00:03.881449632
6,5043.5,29,5043.75,08:00:03.881554668
7,5043.5,29,5043.75,08:00:03.891688933
7,5043.5,29,5043.75,08:00:03.891688933
7,5043.5,28,5043.75,08:00:03.898930640
9,5043.5,28,5043.75,08:00:03.899023000
10,5043.5,28,5043.75,08:00:03.899116983
8,5043.5,28,5043.75,08:00:03.914943021
6,5043.5,28,5043.75,08:00:03.915023019
6,5043.5,29,5043.75,08:00:03.915035819
6,5043.5,29,5043.75,08:00:03.930961571
6,5043.5,29,5043.75,08:00:03.930981853
6,5043.5,29,5043.75,08:00:03.930993542
6,5043.5,28,5043.75,08:00:03.958876869
7,5043.5,28,5043.75,08:00:03.972284432
9,5043.5,28,5043.75,08:00:03.972379781
9,5043.5,28,5043.75,08:00:04.071884702
10,5043.5,28,5043.75,08:00:04.072075843
10,5043.5,28,5043.75,08:00:04.072075843
10,5043.5,28,5043.75,08:00:04.083585694
10,5043.5,27,5043.75,08:00:04.087365914
10,5043.5,28,5043.75,08:00:04.329568287
8,5043.5,28,5043.75,08:00:04.329692901
8,5043.5,28,5043.75,08:00:04.329947261
8,5043.5,28,5043.75,08:00:04.329953312
10,5043.5,28,5043.75,08:00:04.374511618
10,5043.5,29,5043.75,08:00:04.374517519
10,5043.5,28,5043.75,08:00:04.492311544
10,5043.5,27,5043.75,08:00:04.492342792
11,5043.5,27,5043.75,08:00:04.492386448
11,5043.5,22,5043.75,08:00:04.492425700
11,5043.5,22,5043.75,08:00:04.492528575
10,5043.5,22,5043.75,08:00:04.492564611
11,5043.5,22,5043.75,08:00:04.492797281
11,5043.5,21,5043.75,08:00:04.493079754
12,5043.5,21,5043.75,08:00:04.493084663
12,5043.5,21,5043.75,08:00:04.493094241
12,5043.5,21,5043.75,08:00:04.493226839
13,5043.5,21,5043.75,08:00:04.493395889
13,5043.5,20,5043.75,08:00:04.493402385
18,5043.5,20,5043.75,08:00:04.493414564
19,5043.5,20,5043.75,08:00:04.493520134
19,5043.5,20,5043.75,08:00:04.493559479
20,5043.5,20,5043.75,08:00:04.493610293
20,5043.5,21,5043.75,08:00:04.493617899
20,5043.5,21,5043.75,08:00:04.493628879
20,5043.5,22,5043.75,08:00:04.493634031
20,5043.5,22,5043.75,08:00:04.493654966
20,5043.5,22,5043.75,08:00:04.493671085
20,5043.5,21,5043.75,08:00:04.493693447
21,5043.5,21,5043.75,08:00:04.493715229
21,5043.5,21,5043.75,08:00:04.493725777
21,5043.5,21,5043.75,08:00:04.493732756
21,5043.5,22,5043.75,08:00:04.493757454
21,5043.5,23,5043.75,08:00:04.493768373
21,5043.5,26,5043.75,08:00:04.493777362
21,5043.5,26,5043.75,08:00:04.493793813
21,5043.5,26,5043.75,08:00:04.493801801
21,5043.5,25,5043.75,08:00:04.493934345
20,5043.5,25,5043.75,08:00:04.493934345
20,5043.5,24,5043.75,08:00:04.493934345
19,5043.5,24,5043.75,08:00:04.493934345
19,5043.5,24,5043.75,08:00:04.493960271
19,5043.5,24,5043.75,08:00:04.494003788
20,5043.5,24,5043.75,08:00:04.494154243
20,5043.5,25,5043.75,08:00:04.495376351
21,5043.5,25,5043.75,08:00:04.495488462
21,5043.5,25,5043.75,08:00:04.501357950
21,5043.5,25,5043.75,08:00:04.964525706
21,5043.5,25,5043.75,08:00:05.082957183
20,5043.5,25,5043.75,08:00:05.083056683
18,5043.5,25,5043.75,08:00:05.091069670
18,5043.5,26,5043.75,08:00:05.091103254
13,5043.5,26,5043.75,08:00:05.091179019
13,5043.5,27,5043.75,08:00:05.091215090
12,5043.5,27,5043.75,08:00:05.091273194
11,5043.5,27,5043.75,08:00:05.091280829
11,5043.5,28,5043.75,08:00:05.091319821
8,5043.5,28,5043.75,08:00:05.091524857
7,5043.5,28,5043.75,08:00:05.091524857
5,5043.5,28,5043.75,08:00:05.091524857
5,5043.5,28,5043.75,08:00:05.091524857
5,5043.5,28,5043.75,08:00:05.091524857
4,5043.5,28,5043.75,08:00:05.091699238
30,5043.25,28,5043.75,08:00:05.091800779
30,5043.25,28,5043.75,08:00:05.091800779
30,5043.25,1,5043.5,08:00:05.091800779
30,5043.25,3,5043.5,08:00:05.091800779
30,5043.25,3,5043.5,08:00:05.091808123
30,5043.25,33,5043.75,08:00:05.091923489
30,5043.25,33,5043.75,08:00:05.091923489
30,5043.25,3,5043.5,08:00:05.091934894
30,5043.25,3,5043.5,08:00:05.091934894
30,5043.25,4,5043.5,08:00:05.091934894
30,5043.25,3,5043.5,08:00:05.092028044
31,5043.25,3,5043.5,08:00:05.092042214
31,5043.25,3,5043.5,08:00:05.092053875
32,5043.25,3,5043.5,08:00:05.092076231
34,5043.25,3,5043.5,08:00:05.092084724
35,5043.25,3,5043.5,08:00:05.092088218
36,5043.25,3,5043.5,08:00:05.092095972
37,5043.25,3,5043.5,08:00:05.092118632
38,5043.25,3,5043.5,08:00:05.092142254
39,5043.25,3,5043.5,08:00:05.092148581
40,5043.25,3,5043.5,08:00:05.092166607
40,5043.25,35,5043.75,08:00:05.092299550
40,5043.25,35,5043.75,08:00:05.092299550
39,5043.25,35,5043.75,08:00:05.092299550
39,5043.25,1,5043.5,08:00:05.092378490
39,5043.25,1,5043.5,08:00:05.092390320
39,5043.25,34,5043.75,08:00:05.092495903
39,5043.25,34,5043.75,08:00:05.092495903
39,5043.25,33,5043.75,08:00:05.092495903
39,5043.25,32,5043.75,08:00:05.092581335
39,5043.25,29,5043.75,08:00:05.092589364
39,5043.25,33,5043.75,08:00:05.092609496
39,5043.25,33,5043.75,08:00:05.092621016
39,5043.25,33,5043.75,08:00:05.092748785
39,5043.25,33,5043.75,08:00:05.092754651
39,5043.25,33,5043.75,08:00:05.092761333
39,5043.25,33,5043.75,08:00:05.092837945
39,5043.25,29,5043.75,08:00:05.093503139
39,5043.25,3,5043.5,08:00:05.094519467
38,5043.25,3,5043.5,08:00:05.094749302
39,5043.25,3,5043.5,08:00:05.096493996
39,5043.25,3,5043.5,08:00:05.100509070
39,5043.25,3,5043.5,08:00:05.100515188
39,5043.25,4,5043.5,08:00:05.151209131
39,5043.25,5,5043.5,08:00:05.151215544
39,5043.25,6,5043.5,08:00:05.151317552
39,5043.25,7,5043.5,08:00:05.151322343
38,5043.25,7,5043.5,08:00:05.151436694
33,5043.25,7,5043.5,08:00:05.151566034
34,5043.25,7,5043.5,08:00:05.151593478
34,5043.25,8,5043.5,08:00:05.151644323
34,5043.25,10,5043.5,08:00:05.151653613
34,5043.25,10,5043.5,08:00:05.151678244
34,5043.25,10,5043.5,08:00:05.151683383
34,5043.25,15,5043.5,08:00:05.151698814
34,5043.25,14,5043.5,08:00:05.151713128
33,5043.25,14,5043.5,08:00:05.151719176
33,5043.25,13,5043.5,08:00:05.151737567
33,5043.25,11,5043.5,08:00:05.151771967
33,5043.25,11,5043.5,08:00:05.151803069
33,5043.25,12,5043.5,08:00:05.151820387
32,5043.25,12,5043.5,08:00:05.151831328
32,5043.25,13,5043.5,08:00:05.151913174
32,5043.25,15,5043.5,08:00:05.151931248
31,5043.25,15,5043.5,08:00:05.152216431
30,5043.25,15,5043.5,08:00:05.152228786
29,5043.25,15,5043.5,08:00:05.152322062
28,5043.25,15,5043.5,08:00:05.152517503
27,5043.25,15,5043.5,08:00:05.152748880
27,5043.25,16,5043.5,08:00:05.152837215
27,5043.25,16,5043.5,08:00:05.153108497
26,5043.25,16,5043.5,08:00:05.153219187
26,5043.25,17,5043.5,08:00:05.153319695
26,5043.25,18,5043.5,08:00:05.153407412
26,5043.25,18,5043.5,08:00:05.154317097
26,5043.25,18,5043.5,08:00:05.154323296
26,5043.25,18,5043.5,08:00:05.156777556
26,5043.25,18,5043.5,08:00:05.158855816
26,5043.25,18,5043.5,08:00:05.160935618
26,5043.25,18,5043.5,08:00:05.163156434
26,5043.25,18,5043.5,08:00:05.164727732
26,5043.25,18,5043.5,08:00:05.175940400
26,5043.25,18,5043.5,08:00:05.175952189
26,5043.25,18,5043.5,08:00:05.175972781
25,5043.25,18,5043.5,08:00:05.216949712
25,5043.25,20,5043.5,08:00:05.216959943
24,5043.25,20,5043.5,08:00:05.217126452
23,5043.25,20,5043.5,08:00:05.217185144
24,5043.25,20,5043.5,08:00:05.217237177
24,5043.25,20,5043.5,08:00:05.217275332
24,5043.25,20,5043.5,08:00:05.217281758
24,5043.25,18,5043.5,08:00:05.217325294
24,5043.25,17,5043.5,08:00:05.217450378
23,5043.25,17,5043.5,08:00:05.217608990
23,5043.25,18,5043.5,08:00:05.217699043
23,5043.25,18,5043.5,08:00:05.316923482
24,5043.25,18,5043.5,08:00:05.363266253
24,5043.25,17,5043.5,08:00:05.363382188
24,5043.25,15,5043.5,08:00:05.363498613
24,5043.25,14,5043.5,08:00:05.363588541
24,5043.25,18,5043.5,08:00:05.908753985
24,5043.25,18,5043.5,08:00:05.908753985
24,5043.25,18,5043.5,08:00:05.974955462
24,5043.25,18,5043.5,08:00:06.035166758
24,5043.25,18,5043.5,08:00:06.164707994
23,5043.25,18,5043.5,08:00:06.235688639
23,5043.25,20,5043.5,08:00:06.235784005
23,5043.25,21,5043.5,08:00:06.236009436
23,5043.25,21,5043.5,08:00:06.236166003
23,5043.25,21,5043.5,08:00:06.236176227
23,5043.25,19,5043.5,08:00:06.652543538
24,5043.25,19,5043.5,08:00:06.653088579
24,5043.25,18,5043.5,08:00:06.653675861
26,5043.25,18,5043.5,08:00:06.653785777
25,5043.25,18,5043.5,08:00:06.658117166
24,5043.25,18,5043.5,08:00:06.855107697
23,5043.25,18,5043.5,08:00:06.855391652
23,5043.25,23,5043.5,08:00:06.868431547
24,5043.25,23,5043.5,08:00:07.510930095
26,5043.25,23,5043.5,08:00:07.756614635
26,5043.25,23,5043.5,08:00:08.032937090
26,5043.25,23,5043.5,08:00:08.773262071
26,5043.25,23,5043.5,08:00:08.773268129
26,5043.25,23,5043.5,08:00:08.779801384
26,5043.25,23,5043.5,08:00:08.779808030
27,5043.25,23,5043.5,08:00:08.896373832
27,5043.25,20,5043.5,08:00:09.110222015
27,5043.25,20,5043.5,08:00:09.110265264
28,5043.25,20,5043.5,08:00:09.110391763
28,5043.25,19,5043.5,08:00:09.110445758
29,5043.25,19,5043.5,08:00:09.110838073
30,5043.25,19,5043.5,08:00:09.110849193
31,5043.25,19,5043.5,08:00:09.110875264
32,5043.25,19,5043.5,08:00:09.110941371
32,5043.25,25,5043.75,08:00:09.111203620
32,5043.25,25,5043.75,08:00:09.111203620
33,5043.25,25,5043.75,08:00:09.111203620
34,5043.25,25,5043.75,08:00:09.111203620
35,5043.25,25,5043.75,08:00:09.111203620
1,5043.5,25,5043.75,08:00:09.111255851
1,5043.5,25,5043.75,08:00:09.111280312
1,5043.5,25,5043.75,08:00:09.111286325
2,5043.5,25,5043.75,08:00:09.111291579
3,5043.5,25,5043.75,08:00:09.111317676
3,5043.5,25,5043.75,08:00:09.111323769
4,5043.5,25,5043.75,08:00:09.111329740
5,5043.5,25,5043.75,08:00:09.111345568
7,5043.5,25,5043.75,08:00:09.111369091
7,5043.5,25,5043.75,08:00:09.111376810
7,5043.5,24,5043.75,08:00:09.111383079
8,5043.5,24,5043.75,08:00:09.111389857
11,5043.5,24,5043.75,08:00:09.111407780
12,5043.5,24,5043.75,08:00:09.111416494
12,5043.5,25,5043.75,08:00:09.111425710
12,5043.5,25,5043.75,08:00:09.111438683
12,5043.5,25,5043.75,08:00:09.111448021
12,5043.5,25,5043.75,08:00:09.111465609
14,5043.5,25,5043.75,08:00:09.111492124
14,5043.5,25,5043.75,08:00:09.111511142
14,5043.5,25,5043.75,08:00:09.111519168
14,5043.5,25,5043.75,08:00:09.111576513
13,5043.5,25,5043.75,08:00:09.111736395
11,5043.5,25,5043.75,08:00:09.111858634
11,5043.5,25,5043.75,08:00:09.111926194
11,5043.5,25,5043.75,08:00:09.111931656
8,5043.5,25,5043.75,08:00:09.111956409
6,5043.5,25,5043.75,08:00:09.111965327
5,5043.5,25,5043.75,08:00:09.112080277
4,5043.5,25,5043.75,08:00:09.112119375
6,5043.5,25,5043.75,08:00:09.112153955
6,5043.5,25,5043.75,08:00:09.112153955
6,5043.5,25,5043.75,08:00:09.112163209
8,5043.5,25,5043.75,08:00:09.112667304
8,5043.5,25,5043.75,08:00:09.112667304
9,5043.5,25,5043.75,08:00:09.124605262
9,5043.5,25,5043.75,08:00:09.124605262
9,5043.5,25,5043.75,08:00:09.133598909
9,5043.5,25,5043.75,08:00:09.159948368
9,5043.5,25,5043.75,08:00:09.159987869
9,5043.5,25,5043.75,08:00:09.160018948
12,5043.5,25,5043.75,08:00:09.161489919
14,5043.5,25,5043.75,08:00:09.161589713
15,5043.5,25,5043.75,08:00:09.161596411
15,5043.5,24,5043.75,08:00:09.161606331
15,5043.5,24,5043.75,08:00:09.161718950
15,5043.5,24,5043.75,08:00:09.161730108
15,5043.5,24,5043.75,08:00:09.163155751
15,5043.5,24,5043.75,08:00:09.300930360
16,5043.5,24,5043.75,08:00:09.301040362
17,5043.5,24,5043.75,08:00:09.301127625
17,5043.5,19,5043.75,08:00:09.301137667
18,5043.5,19,5043.75,08:00:09.301235624
18,5043.5,18,5043.75,08:00:09.301242555
18,5043.5,17,5043.75,08:00:09.301346947
19,5043.5,17,5043.75,08:00:09.301408498
19,5043.5,17,5043.75,08:00:09.301632211
19,5043.5,17,5043.75,08:00:09.301806368
24,5043.5,17,5043.75,08:00:09.302037345
24,5043.5,16,5043.75,08:00:09.302137783
24,5043.5,14,5043.75,08:00:09.302259996
24,5043.5,13,5043.75,08:00:09.302364274
24,5043.5,13,5043.75,08:00:09.302724995
25,5043.5,13,5043.75,08:00:09.305721311
27,5043.5,13,5043.75,08:00:09.305801501
27,5043.5,12,5043.75,08:00:09.305815719
27,5043.5,12,5043.75,08:00:09.359039709
27,5043.5,12,5043.75,08:00:09.359136806
27,5043.5,13,5043.75,08:00:09.359218872
26,5043.5,13,5043.75,08:00:09.359561711
24,5043.5,13,5043.75,08:00:09.359570370
24,5043.5,13,5043.75,08:00:09.363462906
25,5043.5,13,5043.75,08:00:09.364372021
25,5043.5,13,5043.75,08:00:09.364818338
25,5043.5,12,5043.75,08:00:09.482267851
25,5043.5,11,5043.75,08:00:09.482376823
25,5043.5,10,5043.75,08:00:09.482382295
25,5043.5,9,5043.75,08:00:09.482503993
25,5043.5,9,5043.75,08:00:09.482544625
25,5043.5,9,5043.75,08:00:09.482603052
25,5043.5,9,5043.75,08:00:09.482612418
25,5043.5,8,5043.75,08:00:09.482619142
25,5043.5,8,5043.75,08:00:09.617203974
26,5043.5,8,5043.75,08:00:09.626225388
26,5043.5,8,5043.75,08:00:09.626225388
26,5043.5,9,5043.75,08:00:09.626345579
27,5043.5,9,5043.75,08:00:09.626354724
26,5043.5,9,5043.75,08:00:09.626468782
26,5043.5,9,5043.75,08:00:09.626468782
26,5043.5,9,5043.75,08:00:09.626543848
26,5043.5,9,5043.75,08:00:10.355875699
26,5043.5,8,5043.75,08:00:10.751555686
27,5043.5,8,5043.75,08:00:10.751988492
28,5043.5,8,5043.75,08:00:10.930898231
28,5043.5,5,5043.75,08:00:10.930904167
28,5043.5,4,5043.75,08:00:10.931008492
29,5043.5,4,5043.75,08:00:10.931136514
28,5043.5,4,5043.75,08:00:10.931144505
28,5043.5,3,5043.75,08:00:10.931156041
27,5043.5,3,5043.75,08:00:10.931182204
27,5043.5,2,5043.75,08:00:10.931264837
27,5043.5,22,5044.0,08:00:10.931573141
27,5043.5,22,5044.0,08:00:10.931573141
1,5043.75,22,5044.0,08:00:10.931667190
2,5043.75,22,5044.0,08:00:10.931675255
2,5043.75,23,5044.0,08:00:10.931697204
4,5043.75,23,5044.0,08:00:10.931704449
4,5043.75,23,5044.0,08:00:10.931724081
4,5043.75,23,5044.0,08:00:10.931734024
4,5043.75,23,5044.0,08:00:10.931746168
5,5043.75,23,5044.0,08:00:10.931782882
5,5043.75,24,5044.0,08:00:10.931789289
5,5043.75,25,5044.0,08:00:10.931841255
7,5043.75,25,5044.0,08:00:10.931849514
7,5043.75,25,5044.0,08:00:10.931849514
9,5043.75,25,5044.0,08:00:10.931882584
9,5043.75,25,5044.0,08:00:10.931882584
10,5043.75,25,5044.0,08:00:10.931889550
10,5043.75,24,5044.0,08:00:10.931999367
11,5043.75,24,5044.0,08:00:10.932006260
11,5043.75,24,5044.0,08:00:10.932006260
11,5043.75,24,5044.0,08:00:10.932126803
11,5043.75,24,5044.0,08:00:10.932245368
11,5043.75,24,5044.0,08:00:10.932730428
11,5043.75,24,5044.0,08:00:10.932736594
11,5043.75,24,5044.0,08:00:11.043939139
11,5043.75,24,5044.0,08:00:11.151944172
11,5043.75,24,5044.0,08:00:11.151959056
11,5043.75,23,5044.0,08:00:11.152050677
11,5043.75,23,5044.0,08:00:11.152076108
6,5043.75,23,5044.0,08:00:11.305942600
24,5043.5,23,5044.0,08:00:11.306189271
24,5043.5,23,5044.0,08:00:11.306189271
24,5043.5,24,5044.0,08:00:11.306195955
24,5043.5,1,5043.75,08:00:11.306219370
24,5043.5,2,5043.75,08:00:11.306226378
24,5043.5,3,5043.75,08:00:11.306232318
24,5043.5,4,5043.75,08:00:11.306272978
24,5043.5,4,5043.75,08:00:11.306281349
24,5043.5,5,5043.75,08:00:11.306349245
23,5043.5,5,5043.75,08:00:11.306365914
24,5043.5,5,5043.75,08:00:11.306459990
24,5043.5,5,5043.75,08:00:11.306459990
25,5043.5,5,5043.75,08:00:11.306475993
25,5043.5,6,5043.75,08:00:11.306480953
25,5043.5,7,5043.75,08:00:11.306488048
26,5043.5,7,5043.75,08:00:11.306494710
27,5043.5,7,5043.75,08:00:11.306540749
26,5043.5,7,5043.75,08:00:11.306546340
26,5043.5,7,5043.75,08:00:11.306546340
27,5043.5,7,5043.75,08:00:11.306563431
28,5043.5,7,5043.75,08:00:11.306571704
29,5043.5,7,5043.75,08:00:11.306583678
30,5043.5,7,5043.75,08:00:11.306593903
29,5043.5,7,5043.75,08:00:11.306602322
30,5043.5,7,5043.75,08:00:11.306607404
29,5043.5,7,5043.75,08:00:11.306613413
29,5043.5,6,5043.75,08:00:11.306638182
29,5043.5,5,5043.75,08:00:11.306650134
29,5043.5,5,5043.75,08:00:11.306657990
29,5043.5,5,5043.75,08:00:11.307488938
29,5043.5,7,5043.75,08:00:11.307590387
29,5043.5,10,5043.75,08:00:11.307596435
30,5043.5,10,5043.75,08:00:11.307602800
31,5043.5,10,5043.75,08:00:11.307615453
30,5043.5,10,5043.75,08:00:11.307676516
29,5043.5,10,5043.75,08:00:11.308979908
28,5043.5,10,5043.75,08:00:11.308995592
27,5043.5,10,5043.75,08:00:11.309049449
27,5043.5,10,5043.75,08:00:11.317932544
27,5043.5,11,5043.75,08:00:11.323542810
27,5043.5,13,5043.75,08:00:11.323565832
27,5043.5,14,5043.75,08:00:11.323657274
26,5043.5,14,5043.75,08:00:11.323663767
25,5043.5,14,5043.75,08:00:11.324538821
25,5043.5,14,5043.75,08:00:11.327346333
25,5043.5,15,5043.75,08:00:11.327621987
25,5043.5,16,5043.75,08:00:11.327734667
24,5043.5,16,5043.75,08:00:11.327814969
19,5043.5,16,5043.75,08:00:11.327917868
19,5043.5,17,5043.75,08:00:11.328026574
19,5043.5,18,5043.75,08:00:11.328113165
19,5043.5,23,5043.75,08:00:11.328136493
18,5043.5,23,5043.75,08:00:11.328240460
17,5043.5,23,5043.75,08:00:11.328247529
16,5043.5,23,5043.75,08:00:11.328890924
16,5043.5,23,5043.75,08:00:11.329023628
16,5043.5,23,5043.75,08:00:11.401430191
16,5043.5,23,5043.75,08:00:11.401447270
16,5043.5,23,5043.75,08:00:11.401462172
16,5043.5,23,5043.75,08:00:11.541919487
15,5043.5,23,5043.75,08:00:11.855168637
14,5043.5,23,5043.75,08:00:11.855483443
14,5043.5,23,5043.75,08:00:11.947628767
14,5043.5,23,5043.75,08:00:11.947628767
14,5043.5,22,5043.75,08:00:12.078307558
15,5043.5,22,5043.75,08:00:12.078372321
15,5043.5,22,5043.75,08:00:12.078979594
16,5043.5,22,5043.75,08:00:12.084792914
16,5043.5,21,5043.75,08:00:12.084902974
16,5043.5,20,5043.75,08:00:12.085012183
17,5043.5,20,5043.75,08:00:12.305848748
17,5043.5,20,5043.75,08:00:12.305848748
17,5043.5,21,5043.75,08:00:12.374467785
16,5043.5,21,5043.75,08:00:12.374520577
15,5043.5,21,5043.75,08:00:12.374565829
15,5043.5,20,5043.75,08:00:12.374574056
12,5043.5,20,5043.75,08:00:12.374590754
10,5043.5,20,5043.75,08:00:12.374600255
9,5043.5,20,5043.75,08:00:12.374616911
9,5043.5,21,5043.75,08:00:12.374715582
8,5043.5,21,5043.75,08:00:12.374721195
8,5043.5,21,5043.75,08:00:12.375171204
8,5043.5,23,5043.75,08:00:12.375211714
8,5043.5,24,5043.75,08:00:12.375297437
7,5043.5,24,5043.75,08:00:12.375320046
7,5043.5,25,5043.75,08:00:12.375400252
7,5043.5,25,5043.75,08:00:12.375407807
6,5043.5,25,5043.75,08:00:12.375415443
6,5043.5,25,5043.75,08:00:12.375637294
6,5043.5,25,5043.75,08:00:12.375763590
5,5043.5,25,5043.75,08:00:12.377858571
5,5043.5,25,5043.75,08:00:12.377858571
1,5043.5,25,5043.75,08:00:12.378026741
28,5043.25,25,5043.75,08:00:12.378026741
28,5043.25,1,5043.5,08:00:12.378026741
28,5043.25,1,5043.5,08:00:12.378026741
28,5043.25,2,5043.5,08:00:12.378035957
28,5043.25,5,5043.5,08:00:12.378035957
28,5043.25,5,5043.5,08:00:12.378043422
28,5043.25,5,5043.5,08:00:12.378117945
28,5043.25,6,5043.5,08:00:12.378125725
28,5043.25,7,5043.5,08:00:12.378150794
28,5043.25,8,5043.5,08:00:12.378159959
28,5043.25,8,5043.5,08:00:12.378246879
28,5043.25,9,5043.5,08:00:12.378270524
27,5043.25,9,5043.5,08:00:12.378275184
28,5043.25,9,5043.5,08:00:12.378285027
29,5043.25,9,5043.5,08:00:12.378298317
28,5043.25,9,5043.5,08:00:12.378311565
28,5043.25,9,5043.5,08:00:12.378323991
28,5043.25,10,5043.5,08:00:12.378328529
29,5043.25,10,5043.5,08:00:12.378343175
30,5043.25,10,5043.5,08:00:12.378360369
31,5043.25,10,5043.5,08:00:12.378375074
32,5043.25,10,5043.5,08:00:12.378383787
33,5043.25,10,5043.5,08:00:12.378395557
34,5043.25,10,5043.5,08:00:12.378400146
34,5043.25,10,5043.5,08:00:12.378412383
34,5043.25,9,5043.5,08:00:12.378424483
34,5043.25,8,5043.5,08:00:12.378430022
35,5043.25,8,5043.5,08:00:12.378451734
36,5043.25,8,5043.5,08:00:12.378470211
35,5043.25,8,5043.5,08:00:12.378488221
35,5043.25,27,5043.75,08:00:12.378768586
35,5043.25,27,5043.75,08:00:12.378768586
35,5043.25,1,5043.5,08:00:12.378768586
35,5043.25,3,5043.5,08:00:12.378768586
35,5043.25,3,5043.5,08:00:12.378768586
35,5043.25,1,5043.5,08:00:12.378936019
35,5043.25,28,5043.75,08:00:12.378936019
35,5043.25,28,5043.75,08:00:12.378936019
36,5043.25,28,5043.75,08:00:12.378936019
1,5043.5,28,5043.75,08:00:12.378936019
2,5043.5,28,5043.75,08:00:12.378936019
2,5043.5,28,5043.75,08:00:12.378949456
3,5043.5,28,5043.75,08:00:12.378949456
3,5043.5,28,5043.75,08:00:12.378949456
3,5043.5,28,5043.75,08:00:12.378949456
3,5043.5,28,5043.75,08:00:12.378949456
3,5043.5,28,5043.75,08:00:12.378952365
2,5043.5,28,5043.75,08:00:12.379057452
1,5043.5,28,5043.75,08:00:12.379071427
37,5043.25,28,5043.75,08:00:12.379071427
37,5043.25,28,5043.75,08:00:12.379071427
36,5043.25,28,5043.75,08:00:12.379071427
35,5043.25,28,5043.75,08:00:12.379088723
35,5043.25,29,5043.75,08:00:12.379160885
35,5043.25,30,5043.75,08:00:12.379170894
34,5043.25,30,5043.75,08:00:12.379176011
35,5043.25,30,5043.75,08:00:12.379184485
35,5043.25,30,5043.75,08:00:12.379731770
35,5043.25,30,5043.75,08:00:12.380247127
35,5043.25,30,5043.75,08:00:12.380257003
36,5043.25,30,5043.75,08:00:12.380265448
37,5043.25,30,5043.75,08:00:12.380309749
37,5043.25,30,5043.75,08:00:12.380314684
3,5043.5,30,5043.75,08:00:12.381539947
37,5043.25,30,5043.75,08:00:12.384390376
37,5043.25,30,5043.75,08:00:12.384390376
37,5043.25,1,5043.5,08:00:12.384483913
37,5043.25,2,5043.5,08:00:12.384496906
37,5043.25,4,5043.5,08:00:12.384502279
38,5043.25,4,5043.5,08:00:12.384676446
38,5043.25,5,5043.5,08:00:12.384685854
38,5043.25,6,5043.5,08:00:12.384699396
38,5043.25,9,5043.5,08:00:12.384752684
38,5043.25,10,5043.5,08:00:12.384796797
38,5043.25,10,5043.5,08:00:12.384802906
38,5043.25,9,5043.5,08:00:12.384808381
37,5043.25,9,5043.5,08:00:12.384817898
36,5043.25,9,5043.5,08:00:12.384846183
36,5043.25,9,5043.5,08:00:12.385106016
36,5043.25,10,5043.5,08:00:12.386641391
35,5043.25,10,5043.5,08:00:12.386657385
35,5043.25,11,5043.5,08:00:12.386667186
35,5043.25,13,5043.5,08:00:12.386679071
35,5043.25,14,5043.5,08:00:12.386689926
35,5043.25,15,5043.5,08:00:12.386708966
35,5043.25,16,5043.5,08:00:12.386734628
34,5043.25,16,5043.5,08:00:12.386796050
34,5043.25,17,5043.5,08:00:12.386813257
29,5043.25,17,5043.5,08:00:12.386837107
29,5043.25,18,5043.5,08:00:12.386934433
28,5043.25,18,5043.5,08:00:12.386942008
28,5043.25,18,5043.5,08:00:12.387019334
28,5043.25,19,5043.5,08:00:12.387027494
27,5043.25,19,5043.5,08:00:12.387204900
26,5043.25,19,5043.5,08:00:12.387593013
25,5043.25,19,5043.5,08:00:12.387802147
25,5043.25,21,5043.5,08:00:12.387867422
25,5043.25,26,5043.5,08:00:12.387910795
25,5043.25,26,5043.5,08:00:12.387977136
24,5043.25,26,5043.5,08:00:12.388017156
24,5043.25,27,5043.5,08:00:12.388035745
22,5043.25,27,5043.5,08:00:12.388423327
21,5043.25,27,5043.5,08:00:12.388428614
20,5043.25,27,5043.5,08:00:12.388441101
17,5043.25,27,5043.5,08:00:12.388453933
16,5043.25,27,5043.5,08:00:12.388480465
15,5043.25,27,5043.5,08:00:12.388487047
15,5043.25,28,5043.5,08:00:12.388519572
15,5043.25,29,5043.5,08:00:12.388525144
14,5043.25,29,5043.5,08:00:12.388569462
13,5043.25,29,5043.5,08:00:12.388590396
12,5043.25,29,5043.5,08:00:12.388629872
12,5043.25,29,5043.5,08:00:12.388696546
11,5043.25,29,5043.5,08:00:12.388726885
11,5043.25,30,5043.5,08:00:12.388770957
10,5043.25,30,5043.5,08:00:12.388844165
9,5043.25,30,5043.5,08:00:12.388886748
8,5043.25,30,5043.5,08:00:12.388897705
7,5043.25,30,5043.5,08:00:12.389072556
7,5043.25,30,5043.5,08:00:12.389168558
7,5043.25,30,5043.5,08:00:12.389176459
6,5043.25,30,5043.5,08:00:12.389290359
5,5043.25,30,5043.5,08:00:12.390207802
2,5043.25,30,5043.5,08:00:12.390358253
1,5043.25,30,5043.5,08:00:12.390537492
1,5043.25,31,5043.5,08:00:12.390537492
30,5043.0,31,5043.5,08:00:12.390590911
30,5043.0,31,5043.5,08:00:12.390590911
30,5043.0,1,5043.25,08:00:12.390596712
30,5043.0,1,5043.25,08:00:12.390608626
30,5043.0,1,5043.25,08:00:12.390608626
30,5043.0,1,5043.25,08:00:12.390608626
30,5043.0,1,5043.25,08:00:12.390608626
30,5043.0,4,5043.25,08:00:12.390632300
30,5043.0,4,5043.25,08:00:12.390730321
30,5043.0,5,5043.25,08:00:12.390740782
31,5043.0,5,5043.25,08:00:12.390753746
32,5043.0,5,5043.25,08:00:12.390797574
33,5043.0,5,5043.25,08:00:12.390826681
33,5043.0,5,5043.25,08:00:12.390847213
34,5043.0,5,5043.25,08:00:12.390856381
35,5043.0,5,5043.25,08:00:12.390861530
35,5043.0,6,5043.25,08:00:12.390876510
36,5043.0,6,5043.25,08:00:12.390891822
35,5043.0,6,5043.25,08:00:12.390905429
36,5043.0,6,5043.25,08:00:12.390914002
37,5043.0,6,5043.25,08:00:12.390921397
38,5043.0,6,5043.25,08:00:12.390927115
39,5043.0,6,5043.25,08:00:12.390932952
39,5043.0,6,5043.25,08:00:12.390952102
39,5043.0,6,5043.25,08:00:12.391068597
40,5043.0,6,5043.25,08:00:12.391094268
41,5043.0,6,5043.25,08:00:12.391152429
41,5043.0,6,5043.25,08:00:12.391301302
40,5043.0,6,5043.25,08:00:12.391803095
40,5043.0,6,5043.25,08:00:12.392175851
40,5043.0,6,5043.25,08:00:12.392179656
40,5043.0,6,5043.25,08:00:12.396940264
40,5043.0,6,5043.25,08:00:12.396962415
40,5043.0,6,5043.25,08:00:12.396978284
40,5043.0,6,5043.25,08:00:12.398321373
40,5043.0,3,5043.25,08:00:12.405817070
40,5043.0,34,5043.5,08:00:12.406057053
40,5043.0,34,5043.5,08:00:12.406057053
1,5043.25,34,5043.5,08:00:12.406111847
2,5043.25,34,5043.5,08:00:12.406146005
2,5043.25,34,5043.5,08:00:12.406167211
2,5043.25,32,5043.5,08:00:12.406283886
2,5043.25,32,5043.5,08:00:12.406290529
3,5043.25,32,5043.5,08:00:12.406382601
4,5043.25,32,5043.5,08:00:12.406764011
3,5043.25,32,5043.5,08:00:12.406813023
2,5043.25,32,5043.5,08:00:12.406924657
2,5043.25,33,5043.5,08:00:12.407201760
2,5043.25,33,5043.5,08:00:12.407215127
40,5043.0,33,5043.5,08:00:12.407359489
40,5043.0,33,5043.5,08:00:12.407359489
40,5043.0,33,5043.5,08:00:12.407359489
40,5043.0,33,5043.5,08:00:12.407359489
40,5043.0,33,5043.5,08:00:12.407359489
40,5043.0,1,5043.25,08:00:12.407407307
40,5043.0,3,5043.25,08:00:12.407418395
40,5043.0,3,5043.25,08:00:12.407424190
40,5043.0,3,5043.25,08:00:12.407503533
40,5043.0,2,5043.25,08:00:12.407509443
41,5043.0,2,5043.25,08:00:12.407611173
41,5043.0,2,5043.25,08:00:12.407839418
41,5043.0,2,5043.25,08:00:12.408377304
41,5043.0,3,5043.25,08:00:12.426409924
41,5043.0,6,5043.25,08:00:12.431729666
41,5043.0,7,5043.25,08:00:12.431837371
41,5043.0,8,5043.25,08:00:12.431849918
41,5043.0,9,5043.25,08:00:12.432665519
41,5043.0,10,5043.25,08:00:12.432675938
41,5043.0,11,5043.25,08:00:12.432684956
41,5043.0,12,5043.25,08:00:12.432692460
40,5043.0,12,5043.25,08:00:12.432703241
40,5043.0,17,5043.25,08:00:12.432711593
40,5043.0,18,5043.25,08:00:12.432723046
34,5043.0,18,5043.25,08:00:12.432736416
33,5043.0,18,5043.25,08:00:12.432742503
33,5043.0,19,5043.25,08:00:12.432747543
33,5043.0,20,5043.25,08:00:12.432771031
33,5043.0,20,5043.25,08:00:12.432777786
32,5043.0,20,5043.25,08:00:12.432782926
32,5043.0,20,5043.25,08:00:12.432800933
31,5043.0,20,5043.25,08:00:12.432843337
30,5043.0,20,5043.25,08:00:12.432852879
30,5043.0,21,5043.25,08:00:12.432862639
29,5043.0,21,5043.25,08:00:12.432868112
29,5043.0,22,5043.25,08:00:12.432887129
28,5043.0,22,5043.25,08:00:12.432896445
27,5043.0,22,5043.25,08:00:12.432923044
27,5043.0,23,5043.25,08:00:12.432948603
27,5043.0,23,5043.25,08:00:12.432959029
26,5043.0,23,5043.25,08:00:12.432970587
26,5043.0,23,5043.25,08:00:12.432976159
25,5043.0,23,5043.25,08:00:12.432989400
25,5043.0,23,5043.25,08:00:12.433000111
25,5043.0,24,5043.25,08:00:12.433017145
25,5043.0,24,5043.25,08:00:12.433947186
25,5043.0,24,5043.25,08:00:12.433953417
25,5043.0,25,5043.25,08:00:12.434202935
24,5043.0,25,5043.25,08:00:12.434241045
24,5043.0,26,5043.25,08:00:12.434265055
23,5043.0,26,5043.25,08:00:12.434273420
23,5043.0,27,5043.25,08:00:12.434356349
22,5043.0,27,5043.25,08:00:12.434382446
22,5043.0,27,5043.25,08:00:12.434396693
22,5043.0,27,5043.25,08:00:12.434464851
21,5043.0,27,5043.25,08:00:12.434482022
20,5043.0,27,5043.25,08:00:12.434490240
21,5043.0,27,5043.25,08:00:12.434508954
20,5043.0,27,5043.25,08:00:12.435415200
19,5043.0,27,5043.25,08:00:12.435454487
17,5043.0,27,5043.25,08:00:12.435673669
16,5043.0,27,5043.25,08:00:12.435682063
15,5043.0,27,5043.25,08:00:12.435784068
15,5043.0,27,5043.25,08:00:12.436298030
15,5043.0,27,5043.25,08:00:12.436403559
15,5043.0,27,5043.25,08:00:12.436799420
15,5043.0,27,5043.25,08:00:12.442599297
15,5043.0,27,5043.25,08:00:12.442701142
16,5043.0,27,5043.25,08:00:12.453923675
16,5043.0,27,5043.25,08:00:12.454026733
16,5043.0,27,5043.25,08:00:12.459991052
16,5043.0,27,5043.25,08:00:12.459991052
16,5043.0,27,5043.25,08:00:12.460093950
16,5043.0,27,5043.25,08:00:12.521879076
16,5043.0,27,5043.25,08:00:12.537918861
16,5043.0,27,5043.25,08:00:12.632503861
16,5043.0,27,5043.25,08:00:12.632615706
16,5043.0,27,5043.25,08:00:12.639727916
15,5043.0,27,5043.25,08:00:12.712494367
14,5043.0,27,5043.25,08:00:12.712501238
14,5043.0,27,5043.25,08:00:12.712603807
13,5043.0,27,5043.25,08:00:12.712614517
13,5043.0,27,5043.25,08:00:12.712621285
12,5043.0,27,5043.25,08:00:12.712726241
11,5043.0,27,5043.25,08:00:12.712840342
11,5043.0,28,5043.25,08:00:12.718772531
8,5043.0,28,5043.25,08:00:12.718831490
48,5042.75,28,5043.25,08:00:12.719128054
48,5042.75,28,5043.25,08:00:12.719128054
48,5042.75,28,5043.25,08:00:12.719146191
48,5042.75,28,5043.25,08:00:12.719152444
48,5042.75,29,5043.25,08:00:12.719188096
48,5042.75,1,5043.0,08:00:12.719198483
48,5042.75,2,5043.0,08:00:12.719204442
48,5042.75,3,5043.0,08:00:12.719224122
48,5042.75,3,5043.0,08:00:12.719256498
48,5042.75,3,5043.0,08:00:12.719256498
48,5042.75,3,5043.0,08:00:12.719266776
40,5042.75,3,5043.0,08:00:12.719274491
40,5042.75,3,5043.0,08:00:12.719283989
39,5042.75,3,5043.0,08:00:12.719289128
39,5042.75,3,5043.0,08:00:12.719307039
38,5042.75,3,5043.0,08:00:12.719327670
38,5042.75,3,5043.0,08:00:12.719333750
39,5042.75,3,5043.0,08:00:12.719338880
39,5042.75,4,5043.0,08:00:12.719351453
40,5042.75,4,5043.0,08:00:12.719356218
41,5042.75,4,5043.0,08:00:12.719423595
42,5042.75,4,5043.0,08:00:12.719431851
41,5042.75,4,5043.0,08:00:12.719446325
41,5042.75,5,5043.0,08:00:12.719466309
42,5042.75,5,5043.0,08:00:12.719471241
43,5042.75,5,5043.0,08:00:12.719487728
43,5042.75,5,5043.0,08:00:12.719496777
44,5042.75,5,5043.0,08:00:12.719519725
45,5042.75,5,5043.0,08:00:12.719522682
46,5042.75,5,5043.0,08:00:12.719533632
46,5042.75,5,5043.0,08:00:12.719540756
47,5042.75,5,5043.0,08:00:12.719547079
47,5042.75,6,5043.0,08:00:12.719566337
47,5042.75,5,5043.0,08:00:12.719588994
47,5042.75,5,5043.0,08:00:12.720404840
47,5042.75,5,5043.0,08:00:12.720412409
47,5042.75,6,5043.0,08:00:12.720521195
47,5042.75,6,5043.0,08:00:12.720685153
46,5042.75,6,5043.0,08:00:12.721049729
45,5042.75,6,5043.0,08:00:12.721275415
44,5042.75,6,5043.0,08:00:12.721388959
44,5042.75,7,5043.0,08:00:12.721396172
44,5042.75,7,5043.0,08:00:12.728129063
44,5042.75,7,5043.0,08:00:12.738091013
44,5042.75,7,5043.0,08:00:12.738191538
44,5042.75,7,5043.0,08:00:12.894948561
44,5042.75,7,5043.0,08:00:12.894969604
44,5042.75,7,5043.0,08:00:12.894985800
44,5042.75,7,5043.0,08:00:12.895048098
44,5042.75,7,5043.0,08:00:12.985937068
44,5042.75,7,5043.0,08:00:13.006280131
44,5042.75,7,5043.0,08:00:13.006300106
44,5042.75,7,5043.0,08:00:13.006381944
44,5042.75,7,5043.0,08:00:13.164718627
44,5042.75,7,5043.0,08:00:13.167175320
44,5042.75,7,5043.0,08:00:13.172187677
44,5042.75,7,5043.0,08:00:13.182208528
44,5042.75,7,5043.0,08:00:13.187216808
44,5042.75,3,5043.0,08:00:13.331632907
44,5042.75,1,5043.0,08:00:13.331632907
44,5042.75,31,5043.25,08:00:13.331632907
44,5042.75,31,5043.25,08:00:13.331632907
45,5042.75,31,5043.25,08:00:13.331645531
1,5043.0,31,5043.25,08:00:13.331645531
2,5043.0,31,5043.25,08:00:13.331698041
3,5043.0,31,5043.25,08:00:13.331710752
6,5043.0,31,5043.25,08:00:13.331741383
6,5043.0,31,5043.25,08:00:13.331795048
6,5043.0,30,5043.25,08:00:13.331819855
6,5043.0,30,5043.25,08:00:13.331860134
7,5043.0,30,5043.25,08:00:13.331930314
7,5043.0,30,5043.25,08:00:13.332094752
7,5043.0,30,5043.25,08:00:13.332100813
6,5043.0,30,5043.25,08:00:13.332171297
7,5043.0,30,5043.25,08:00:13.332875313
7,5043.0,29,5043.25,08:00:13.332973843
7,5043.0,28,5043.25,08:00:13.332980227
7,5043.0,27,5043.25,08:00:13.332986716
6,5043.0,27,5043.25,08:00:13.333011472
7,5043.0,27,5043.25,08:00:13.333083781
8,5043.0,27,5043.25,08:00:13.333357479
9,5043.0,27,5043.25,08:00:13.333374267
10,5043.0,27,5043.25,08:00:13.333473037
11,5043.0,27,5043.25,08:00:13.342348498
11,5043.0,26,5043.25,08:00:13.342514223
11,5043.0,26,5043.25,08:00:13.392920589
11,5043.0,26,5043.25,08:00:13.392940817
11,5043.0,26,5043.25,08:00:13.392985365
11,5043.0,26,5043.25,08:00:13.533932592
12,5043.0,26,5043.25,08:00:13.650934505
12,5043.0,25,5043.25,08:00:13.650959965
12,5043.0,24,5043.25,08:00:13.651048021
12,5043.0,23,5043.25,08:00:13.651055071
12,5043.0,22,5043.25,08:00:13.651064508
12,5043.0,22,5043.25,08:00:13.651434211
12,5043.0,22,5043.25,08:00:13.657763632
12,5043.0,22,5043.25,08:00:13.917540497
12,5043.0,22,5043.25,08:00:13.917686253
12,5043.0,22,5043.25,08:00:13.917698746
12,5043.0,23,5043.25,08:00:14.204729236
11,5043.0,23,5043.25,08:00:14.204837830
10,5043.0,23,5043.25,08:00:14.204852758
9,5043.0,23,5043.25,08:00:14.204863987
8,5043.0,23,5043.25,08:00:14.204945221
7,5043.0,23,5043.25,08:00:14.204953823
7,5043.0,23,5043.25,08:00:14.303781735
7,5043.0,23,5043.25,08:00:14.310007105
7,5043.0,22,5043.25,08:00:14.329184813
9,5043.0,22,5043.25,08:00:14.329404492
10,5043.0,22,5043.25,08:00:14.329412869
11,5043.0,22,5043.25,08:00:14.329683860
16,5043.0,22,5043.25,08:00:14.330116087
16,5043.0,17,5043.25,08:00:14.330121927
17,5043.0,17,5043.25,08:00:14.330240185
17,5043.0,16,5043.25,08:00:14.330248253
19,5043.0,16,5043.25,08:00:14.330296561
20,5043.0,16,5043.25,08:00:14.330352002
20,5043.0,15,5043.25,08:00:14.330357864
21,5043.0,15,5043.25,08:00:14.330461095
21,5043.0,15,5043.25,08:00:14.331516710
21,5043.0,14,5043.25,08:00:14.331535338
21,5043.0,13,5043.25,08:00:14.331653830
21,5043.0,12,5043.25,08:00:14.331742506
21,5043.0,12,5043.25,08:00:14.332120312
22,5043.0,12,5043.25,08:00:14.397496251
23,5043.0,12,5043.25,08:00:14.397603309
23,5043.0,12,5043.25,08:00:14.397706361
23,5043.0,13,5043.25,08:00:15.000484683
23,5043.0,14,5043.25,08:00:15.000581248
22,5043.0,14,5043.25,08:00:15.000588007
21,5043.0,14,5043.25,08:00:15.000704300
21,5043.0,15,5043.25,08:00:15.000794992
21,5043.0,16,5043.25,08:00:15.000804957
21,5043.0,17,5043.25,08:00:15.001014402
21,5043.0,16,5043.25,08:00:15.037497087
21,5043.0,15,5043.25,08:00:15.037503151
21,5043.0,14,5043.25,08:00:15.037592692
21,5043.0,13,5043.25,08:00:15.037625950
21,5043.0,12,5043.25,08:00:15.037633681
21,5043.0,11,5043.25,08:00:15.037737447
21,5043.0,11,5043.25,08:00:15.138394698
22,5043.0,11,5043.25,08:00:15.247484488
23,5043.0,11,5043.25,08:00:15.247586370
23,5043.0,10,5043.25,08:00:15.331176287
23,5043.0,8,5043.25,08:00:15.331276356
23,5043.0,7,5043.25,08:00:15.331388297
28,5043.0,7,5043.25,08:00:15.333514011
29,5043.0,7,5043.25,08:00:15.333613462
29,5043.0,4,5043.25,08:00:15.333620858
29,5043.0,3,5043.25,08:00:15.333722287
29,5043.0,2,5043.25,08:00:15.333729884
29,5043.0,2,5043.25,08:00:15.333840782
29,5043.0,1,5043.25,08:00:15.334100636
29,5043.0,35,5043.5,08:00:15.334100636
29,5043.0,35,5043.5,08:00:15.334100636
3,5043.25,35,5043.5,08:00:15.334113072
3,5043.25,35,5043.5,08:00:15.334113072
3,5043.25,35,5043.5,08:00:15.334178152
3,5043.25,34,5043.5,08:00:15.334763754
3,5043.25,34,5043.5,08:00:15.334777540
4,5043.25,34,5043.5,08:00:15.334792817
4,5043.25,34,5043.5,08:00:15.334803278
4,5043.25,34,5043.5,08:00:15.334824373
1,5043.25,34,5043.5,08:00:15.334851251
1,5043.25,34,5043.5,08:00:15.334856284
1,5043.25,34,5043.5,08:00:15.334863350
1,5043.25,34,5043.5,08:00:15.334876995
1,5043.25,34,5043.5,08:00:15.334881635
1,5043.25,34,5043.5,08:00:15.334898186
36,5043.0,34,5043.5,08:00:15.334917339
36,5043.0,34,5043.5,08:00:15.334917339
36,5043.0,33,5043.5,08:00:15.335028857
37,5043.0,33,5043.5,08:00:15.335075597
38,5043.0,33,5043.5,08:00:15.335126775
37,5043.0,33,5043.5,08:00:15.335247591
38,5043.0,33,5043.5,08:00:15.335563902
3,5043.25,33,5043.5,08:00:15.342839520
3,5043.25,33,5043.5,08:00:15.342950143
3,5043.25,33,5043.5,08:00:15.343082284
4,5043.25,33,5043.5,08:00:15.355493477
4,5043.25,33,5043.5,08:00:15.355493477
4,5043.25,33,5043.5,08:00:15.384953582
4,5043.25,33,5043.5,08:00:15.384969717
4,5043.25,33,5043.5,08:00:15.384999404
4,5043.25,33,5043.5,08:00:15.525930134
5,5043.25,33,5043.5,08:00:15.693685524
6,5043.25,33,5043.5,08:00:15.693692638
7,5043.25,33,5043.5,08:00:15.693783795
8,5043.25,33,5043.5,08:00:15.693900063
8,5043.25,32,5043.5,08:00:15.693954185
8,5043.25,31,5043.5,08:00:15.694027364
7,5043.25,31,5043.5,08:00:15.704176814
6,5043.25,31,5043.5,08:00:15.704285507
6,5043.25,31,5043.5,08:00:15.855120956
6,5043.25,31,5043.5,08:00:15.858506100
6,5043.25,31,5043.5,08:00:15.858512273
7,5043.25,31,5043.5,08:00:15.908092774
10,5043.25,31,5043.5,08:00:16.208535391
11,5043.25,31,5043.5,08:00:16.208632068
12,5043.25,31,5043.5,08:00:16.208638190
12,5043.25,30,5043.5,08:00:16.208747497
12,5043.25,30,5043.5,08:00:16.208853343
12,5043.25,30,5043.5,08:00:16.208865042
12,5043.25,29,5043.5,08:00:16.208870246
12,5043.25,29,5043.5,08:00:16.208915133
13,5043.25,29,5043.5,08:00:16.208931146
13,5043.25,24,5043.5,08:00:16.208953774
13,5043.25,23,5043.5,08:00:16.208969457
14,5043.25,23,5043.5,08:00:16.209058536
14,5043.25,23,5043.5,08:00:16.209193519
14,5043.25,23,5043.5,08:00:16.209199983
14,5043.25,23,5043.5,08:00:16.209627391
14,5043.25,23,5043.5,08:00:16.209843360
14,5043.25,23,5043.5,08:00:16.210498019
13,5043.25,23,5043.5,08:00:16.238099450
13,5043.25,24,5043.5,08:00:16.238137479
12,5043.25,24,5043.5,08:00:16.238213161
11,5043.25,24,5043.5,08:00:16.285642665
11,5043.25,25,5043.5,08:00:16.285665692
11,5043.25,30,5043.5,08:00:16.285739572
10,5043.25,30,5043.5,08:00:16.285755521
10,5043.25,30,5043.5,08:00:16.286005005
10,5043.25,31,5043.5,08:00:16.286121713
10,5043.25,31,5043.5,08:00:16.286194678
10,5043.25,31,5043.5,08:00:16.286201699
10,5043.25,31,5043.5,08:00:16.286350656
10,5043.25,31,5043.5,08:00:16.351037043
10,5043.25,30,5043.5,08:00:16.351326994
10,5043.25,29,5043.5,08:00:16.870926217
11,5043.25,29,5043.5,08:00:17.324752686
13,5043.25,29,5043.5,08:00:17.324845706
13,5043.25,24,5043.5,08:00:17.331340937
14,5043.25,24,5043.5,08:00:18.146309289
14,5043.25,24,5043.5,08:00:18.146309289
14,5043.25,24,5043.5,08:00:19.067436013
14,5043.25,23,5043.5,08:00:19.637847073
15,5043.25,23,5043.5,08:00:19.637952362
16,5043.25,23,5043.5,08:00:19.638071353
17,5043.25,23,5043.5,08:00:19.638170955
17,5043.25,21,5043.5,08:00:19.638364031
17,5043.25,20,5043.5,08:00:19.647492266
18,5043.25,20,5043.5,08:00:19.647592873
18,5043.25,19,5043.5,08:00:19.647597753
18,5043.25,18,5043.5,08:00:19.647608499
23,5043.25,18,5043.5,08:00:19.647711979
23,5043.25,17,5043.5,08:00:19.647717253
24,5043.25,17,5043.5,08:00:19.647727250
24,5043.25,16,5043.5,08:00:19.647739407
25,5043.25,16,5043.5,08:00:19.647834468
25,5043.25,15,5043.5,08:00:19.647842103
25,5043.25,13,5043.5,08:00:19.647850536
25,5043.25,12,5043.5,08:00:19.647863445
26,5043.25,12,5043.5,08:00:19.647880155
26,5043.25,9,5043.5,08:00:19.647972388
26,5043.25,9,5043.5,08:00:19.648029796
26,5043.25,9,5043.5,08:00:19.670379105
26,5043.25,8,5043.5,08:00:19.670491222
26,5043.25,7,5043.5,08:00:19.670603419
27,5043.25,7,5043.5,08:00:19.671160077
27,5043.25,6,5043.5,08:00:19.671267027
32,5043.25,6,5043.5,08:00:19.672942753
32,5043.25,6,5043.5,08:00:19.673058711
32,5043.25,31,5043.75,08:00:19.673379287
32,5043.25,31,5043.75,08:00:19.673379287
1,5043.5,31,5043.75,08:00:19.673434958
2,5043.5,31,5043.75,08:00:19.673443858
2,5043.5,31,5043.75,08:00:19.673452654
3,5043.5,31,5043.75,08:00:19.673467922
3,5043.5,31,5043.75,08:00:19.673479407
4,5043.5,31,5043.75,08:00:19.673507088
5,5043.5,31,5043.75,08:00:19.673517728
6,5043.5,31,5043.75,08:00:19.673531402
6,5043.5,30,5043.75,08:00:19.673545143
6,5043.5,29,5043.75,08:00:19.673567825
7,5043.5,29,5043.75,08:00:19.673579272
7,5043.5,29,5043.75,08:00:19.673638383
7,5043.5,29,5043.75,08:00:19.673692848
7,5043.5,30,5043.75,08:00:19.673713293
6,5043.5,30,5043.75,08:00:19.673822665
5,5043.5,30,5043.75,08:00:19.673829683
4,5043.5,30,5043.75,08:00:19.673868151
3,5043.5,30,5043.75,08:00:19.673963698
2,5043.5,30,5043.75,08:00:19.673968934
1,5043.5,30,5043.75,08:00:19.674069681
1,5043.5,30,5043.75,08:00:19.674155005
35,5043.25,30,5043.75,08:00:19.674182769
35,5043.25,30,5043.75,08:00:19.674182769
35,5043.25,29,5043.75,08:00:19.674276642
35,5043.25,29,5043.75,08:00:19.674373377
33,5043.25,29,5043.75,08:00:19.674466358
33,5043.25,29,5043.75,08:00:19.674501389
1,5043.5,29,5043.75,08:00:19.675956933
1,5043.5,29,5043.75,08:00:19.675956933
1,5043.5,29,5043.75,08:00:19.676187129
1,5043.5,29,5043.75,08:00:19.676363203
1,5043.5,29,5043.75,08:00:19.676376669
4,5043.5,29,5043.75,08:00:19.678858239
4,5043.5,29,5043.75,08:00:19.681626854
4,5043.5,29,5043.75,08:00:19.681635514
4,5043.5,29,5043.75,08:00:19.681640960
4,5043.5,29,5043.75,08:00:19.681744972
4,5043.5,29,5043.75,08:00:19.758926156
4,5043.5,29,5043.75,08:00:19.866954910
4,5043.5,29,5043.75,08:00:19.866969595
4,5043.5,29,5043.75,08:00:19.866996700
4,5043.5,28,5043.75,08:00:19.867053531
4,5043.5,28,5043.75,08:00:19.879001816
5,5043.5,28,5043.75,08:00:19.879118667
6,5043.5,28,5043.75,08:00:19.879222803
6,5043.5,27,5043.75,08:00:19.891360581
8,5043.5,27,5043.75,08:00:19.891430566
9,5043.5,27,5043.75,08:00:19.891440140
10,5043.5,27,5043.75,08:00:19.891451334
9,5043.5,27,5043.75,08:00:19.891578873
9,5043.5,27,5043.75,08:00:19.891772598
10,5043.5,27,5043.75,08:00:19.892055564
10,5043.5,27,5043.75,08:00:20.005397015
10,5043.5,27,5043.75,08:00:20.005504278
10,5043.5,27,5043.75,08:00:20.076559092
10,5043.5,27,5043.75,08:00:20.076559092
10,5043.5,26,5043.75,08:00:20.170344636
11,5043.5,26,5043.75,08:00:20.170443425
12,5043.5,26,5043.75,08:00:20.170507590
12,5043.5,25,5043.75,08:00:20.170560615
12,5043.5,25,5043.75,08:00:20.170600135
12,5043.5,25,5043.75,08:00:20.170728737
17,5043.5,25,5043.75,08:00:20.170808818
17,5043.5,20,5043.75,08:00:20.170816719
18,5043.5,20,5043.75,08:00:20.170837203
19,5043.5,20,5043.75,08:00:20.170847088
19,5043.5,19,5043.75,08:00:20.171369702
18,5043.5,19,5043.75,08:00:20.171377139
18,5043.5,17,5043.75,08:00:20.171392017
18,5043.5,17,5043.75,08:00:20.171548887
18,5043.5,17,5043.75,08:00:20.171557496
18,5043.5,18,5043.75,08:00:20.656637546
17,5043.5,18,5043.75,08:00:20.656682251
17,5043.5,19,5043.75,08:00:20.656714719
12,5043.5,19,5043.75,08:00:20.656720873
12,5043.5,24,5043.75,08:00:20.656783569
13,5043.5,24,5043.75,08:00:20.656834238
13,5043.5,24,5043.75,08:00:20.656847954
11,5043.5,24,5043.75,08:00:20.656858773
11,5043.5,24,5043.75,08:00:20.656877283
11,5043.5,24,5043.75,08:00:20.656877283
10,5043.5,24,5043.75,08:00:20.656957479
9,5043.5,24,5043.75,08:00:20.656963694
9,5043.5,24,5043.75,08:00:20.657178104
9,5043.5,24,5043.75,08:00:20.657183730
9,5043.5,26,5043.75,08:00:20.657612408
8,5043.5,26,5043.75,08:00:20.657718909
8,5043.5,26,5043.75,08:00:20.663919034
8,5043.5,24,5043.75,08:00:20.705738699
8,5043.5,25,5043.75,08:00:20.705854986
5,5043.5,25,5043.75,08:00:21.116075831
5,5043.5,24,5043.75,08:00:21.116182551
8,5043.5,24,5043.75,08:00:21.116948415
9,5043.5,24,5043.75,08:00:21.117002890
8,5043.5,24,5043.75,08:00:21.117137440
9,5043.5,24,5043.75,08:00:21.136172112
9,5043.5,24,5043.75,08:00:21.136172112
10,5043.5,24,5043.75,08:00:21.379501782
10,5043.5,23,5043.75,08:00:21.688152665
12,5043.5,23,5043.75,08:00:21.688252270
12,5043.5,18,5043.75,08:00:21.688351748
13,5043.5,18,5043.75,08:00:21.688366918
13,5043.5,18,5043.75,08:00:21.688459887
14,5043.5,18,5043.75,08:00:21.688465545
13,5043.5,18,5043.75,08:00:21.726260559
12,5043.5,18,5043.75,08:00:21.726349867
12,5043.5,19,5043.75,08:00:21.726468471
12,5043.5,20,5043.75,08:00:21.726686879
12,5043.5,21,5043.75,08:00:21.726864415
12,5043.5,27,5043.75,08:00:21.726874101
10,5043.5,27,5043.75,08:00:21.726989605
9,5043.5,27,5043.75,08:00:21.727098020
10,5043.5,27,5043.75,08:00:21.727664601
11,5043.5,27,5043.75,08:00:21.741026780
11,5043.5,26,5043.75,08:00:21.741475944
13,5043.5,26,5043.75,08:00:21.741568919
14,5043.5,26,5043.75,08:00:21.741589108
13,5043.5,26,5043.75,08:00:21.741892254
13,5043.5,27,5043.75,08:00:21.741916283
11,5043.5,27,5043.75,08:00:21.742098501
11,5043.5,27,5043.75,08:00:23.984599936
10,5043.5,27,5043.75,08:00:23.984726306
7,5043.5,27,5043.75,08:00:25.253867780
6,5043.5,27,5043.75,08:00:25.253992023
6,5043.5,32,5043.75,08:00:25.254139783
5,5043.5,32,5043.75,08:00:25.254289235
1,5043.5,32,5043.75,08:00:25.254417891
30,5043.25,32,5043.75,08:00:25.254417891
30,5043.25,32,5043.75,08:00:25.254417891
30,5043.25,1,5043.5,08:00:25.256326239
30,5043.25,2,5043.5,08:00:25.256428792
30,5043.25,2,5043.5,08:00:25.256437771
30,5043.25,2,5043.5,08:00:25.256468511
30,5043.25,2,5043.5,08:00:25.256482124
30,5043.25,2,5043.5,08:00:25.256534400
30,5043.25,3,5043.5,08:00:25.256548702
30,5043.25,4,5043.5,08:00:25.256554737
30,5043.25,5,5043.5,08:00:25.256560337
30,5043.25,4,5043.5,08:00:25.256728091
30,5043.25,4,5043.5,08:00:25.256728091
30,5043.25,4,5043.5,08:00:25.256728091
30,5043.25,5,5043.5,08:00:25.256728091
30,5043.25,8,5043.5,08:00:25.256728091
31,5043.25,8,5043.5,08:00:25.256728091
31,5043.25,8,5043.5,08:00:25.256733237
31,5043.25,8,5043.5,08:00:25.256733237
31,5043.25,7,5043.5,08:00:25.256797161
31,5043.25,6,5043.5,08:00:25.256839229
31,5043.25,6,5043.5,08:00:25.256882235
31,5043.25,6,5043.5,08:00:25.256967100
31,5043.25,6,5043.5,08:00:25.256974064
31,5043.25,6,5043.5,08:00:25.257083509
31,5043.25,6,5043.5,08:00:25.257083509
31,5043.25,6,5043.5,08:00:25.257119740
26,5043.25,6,5043.5,08:00:25.258080358
25,5043.25,6,5043.5,08:00:25.258347243
24,5043.25,6,5043.5,08:00:25.258446525
24,5043.25,6,5043.5,08:00:25.305236518
29,5043.25,6,5043.5,08:00:25.306223981
30,5043.25,6,5043.5,08:00:25.307292233
33,5043.25,6,5043.5,08:00:25.307299679
33,5043.25,6,5043.5,08:00:25.307310710
33,5043.25,6,5043.5,08:00:25.307316787
33,5043.25,3,5043.5,08:00:25.307401083
34,5043.25,3,5043.5,08:00:25.307494832
34,5043.25,2,5043.5,08:00:25.307501245
34,5043.25,1,5043.5,08:00:25.307599670
34,5043.25,31,5043.75,08:00:25.307964116
34,5043.25,31,5043.75,08:00:25.307964116
2,5043.5,31,5043.75,08:00:25.308063077
34,5043.25,31,5043.75,08:00:25.308473764
34,5043.25,31,5043.75,08:00:25.308473764
1,5043.5,31,5043.75,08:00:25.308473764
2,5043.5,31,5043.75,08:00:25.308485198
2,5043.5,28,5043.75,08:00:25.308509621
2,5043.5,27,5043.75,08:00:25.308516821
34,5043.25,27,5043.75,08:00:25.308695944
34,5043.25,27,5043.75,08:00:25.308695944
34,5043.25,1,5043.5,08:00:25.308695944
34,5043.25,3,5043.5,08:00:25.308695944
34,5043.25,4,5043.5,08:00:25.308695944
34,5043.25,3,5043.5,08:00:25.308695944
34,5043.25,4,5043.5,08:00:25.308695944
34,5043.25,2,5043.5,08:00:25.308707897
34,5043.25,3,5043.5,08:00:25.308761533
37,5043.25,3,5043.5,08:00:25.308772080
36,5043.25,3,5043.5,08:00:25.308779770
36,5043.25,4,5043.5,08:00:25.308813025
33,5043.25,4,5043.5,08:00:25.308850268
33,5043.25,7,5043.5,08:00:25.321717515
33,5043.25,8,5043.5,08:00:25.321836888
33,5043.25,9,5043.5,08:00:25.321842667
32,5043.25,9,5043.5,08:00:25.321922467
32,5043.25,11,5043.5,08:00:25.322015275
32,5043.25,11,5043.5,08:00:25.344909884
32,5043.25,11,5043.5,08:00:25.344934176
32,5043.25,11,5043.5,08:00:25.344989265
32,5043.25,11,5043.5,08:00:25.485924481
32,5043.25,8,5043.5,08:00:25.531605199
33,5043.25,8,5043.5,08:00:25.531695233
33,5043.25,6,5043.5,08:00:25.531720309
33,5043.25,5,5043.5,08:00:25.531841150
33,5043.25,5,5043.5,08:00:25.532109844
33,5043.25,5,5043.5,08:00:25.532109844
32,5043.25,5,5043.5,08:00:25.582028749
32,5043.25,7,5043.5,08:00:25.582034688
32,5043.25,10,5043.5,08:00:25.582040867
32,5043.25,12,5043.5,08:00:25.582128712
32,5043.25,13,5043.5,08:00:25.582148233
32,5043.25,13,5043.5,08:00:25.582277256
27,5043.25,13,5043.5,08:00:25.584176078
27,5043.25,14,5043.5,08:00:25.607547470
27,5043.25,14,5043.5,08:00:25.607612217
27,5043.25,14,5043.5,08:00:25.607621059
22,5043.25,14,5043.5,08:00:25.607645555
22,5043.25,15,5043.5,08:00:25.607748498
22,5043.25,16,5043.5,08:00:25.607763065
22,5043.25,17,5043.5,08:00:25.607838049
22,5043.25,22,5043.5,08:00:25.607849265
21,5043.25,22,5043.5,08:00:25.607958003
20,5043.25,22,5043.5,08:00:25.607963396
20,5043.25,22,5043.5,08:00:25.608011035
20,5043.25,22,5043.5,08:00:25.608321329
18,5043.25,22,5043.5,08:00:25.613910844
16,5043.25,22,5043.5,08:00:25.613994650
16,5043.25,22,5043.5,08:00:25.614018263
16,5043.25,23,5043.5,08:00:25.614036567
15,5043.25,23,5043.5,08:00:25.614099794
14,5043.25,23,5043.5,08:00:25.614197019
14,5043.25,23,5043.5,08:00:25.614268006
14,5043.25,24,5043.5,08:00:25.614402712
14,5043.25,25,5043.5,08:00:25.614414169
13,5043.25,25,5043.5,08:00:25.614423042
13,5043.25,26,5043.5,08:00:25.614502676
12,5043.25,26,5043.5,08:00:25.614542587
12,5043.25,26,5043.5,08:00:25.614574985
12,5043.25,26,5043.5,08:00:25.614580799
12,5043.25,36,5043.5,08:00:25.614596259
11,5043.25,36,5043.5,08:00:25.614648836
11,5043.25,37,5043.5,08:00:25.614693057
10,5043.25,37,5043.5,08:00:25.614699790
29,5043.0,37,5043.5,08:00:25.614891234
29,5043.0,37,5043.5,08:00:25.614891234
29,5043.0,37,5043.5,08:00:25.614891234
29,5043.0,37,5043.5,08:00:25.614919948
29,5043.0,1,5043.25,08:00:25.614935721
29,5043.0,2,5043.25,08:00:25.614954650
29,5043.0,3,5043.25,08:00:25.614962861
29,5043.0,6,5043.25,08:00:25.614981601
29,5043.0,7,5043.25,08:00:25.614996011
29,5043.0,8,5043.25,08:00:25.615008568
28,5043.0,8,5043.25,08:00:25.615022133
27,5043.0,8,5043.25,08:00:25.615033006
27,5043.0,8,5043.25,08:00:25.615054162
27,5043.0,8,5043.25,08:00:25.615067894
28,5043.0,8,5043.25,08:00:25.615087747
28,5043.0,8,5043.25,08:00:25.615097158
28,5043.0,9,5043.25,08:00:25.615107306
28,5043.0,10,5043.25,08:00:25.615115463
28,5043.0,10,5043.25,08:00:25.615129956
29,5043.0,10,5043.25,08:00:25.615138090
30,5043.0,10,5043.25,08:00:25.615160395
30,5043.0,12,5043.25,08:00:25.615220933
31,5043.0,12,5043.25,08:00:25.615236499
32,5043.0,12,5043.25,08:00:25.615253686
33,5043.0,12,5043.25,08:00:25.615266880
34,5043.0,12,5043.25,08:00:25.615273213
35,5043.0,12,5043.25,08:00:25.615295166
36,5043.0,12,5043.25,08:00:25.615309345
36,5043.0,13,5043.25,08:00:25.615319688
39,5043.0,13,5043.25,08:00:25.615376607
39,5043.0,12,5043.25,08:00:25.615383673
39,5043.0,10,5043.25,08:00:25.615425805
39,5043.0,10,5043.25,08:00:25.615452100
39,5043.0,10,5043.25,08:00:25.615479780
39,5043.0,9,5043.25,08:00:25.615546863
36,5043.0,9,5043.25,08:00:25.615660526
35,5043.0,9,5043.25,08:00:25.615680853
34,5043.0,9,5043.25,08:00:25.615685989
34,5043.0,9,5043.25,08:00:25.615875243
34,5043.0,9,5043.25,08:00:25.615914250
34,5043.0,10,5043.25,08:00:25.616469045
33,5043.0,10,5043.25,08:00:25.616609589
32,5043.0,10,5043.25,08:00:25.616627810
32,5043.0,9,5043.25,08:00:25.616662415
32,5043.0,11,5043.25,08:00:25.616701831
32,5043.0,12,5043.25,08:00:25.616754200
32,5043.0,13,5043.25,08:00:25.616803996
27,5043.0,13,5043.25,08:00:25.620704270
27,5043.0,13,5043.25,08:00:25.664533709
27,5043.0,13,5043.25,08:00:25.664721027
27,5043.0,13,5043.25,08:00:25.664727776
31,5043.0,13,5043.25,08:00:25.687303276
31,5043.0,13,5043.25,08:00:25.687410166
31,5043.0,12,5043.25,08:00:25.687415395
31,5043.0,10,5043.25,08:00:25.687425981
31,5043.0,9,5043.25,08:00:25.687544354
31,5043.0,8,5043.25,08:00:25.687626695
31,5043.0,8,5043.25,08:00:25.687665649
31,5043.0,8,5043.25,08:00:25.687677918
31,5043.0,8,5043.25,08:00:25.734920287
30,5043.0,8,5043.25,08:00:25.735229541
30,5043.0,5,5043.25,08:00:25.773445334
30,5043.0,1,5043.25,08:00:25.773718114
26,5043.0,1,5043.25,08:00:25.773741987
27,5043.0,1,5043.25,08:00:25.773749190
27,5043.0,31,5043.5,08:00:25.773913984
27,5043.0,31,5043.5,08:00:25.773913984
27,5043.0,31,5043.5,08:00:25.773913984
28,5043.0,31,5043.5,08:00:25.774008626
28,5043.0,27,5043.5,08:00:25.774094636
33,5043.0,27,5043.5,08:00:25.774399408
33,5043.0,27,5043.5,08:00:25.774456523
33,5043.0,27,5043.5,08:00:25.774462948
33,5043.0,27,5043.5,08:00:25.774600391
33,5043.0,27,5043.5,08:00:25.776061361
28,5043.0,27,5043.5,08:00:25.778676220
28,5043.0,27,5043.5,08:00:25.780663949
28,5043.0,27,5043.5,08:00:25.780670573
28,5043.0,27,5043.5,08:00:25.780678202
33,5043.0,27,5043.5,08:00:25.781718518
3,5043.25,27,5043.5,08:00:25.834373309
4,5043.25,27,5043.5,08:00:25.834482611
5,5043.25,27,5043.5,08:00:25.834586394
5,5043.25,27,5043.5,08:00:25.834594874
6,5043.25,27,5043.5,08:00:25.834692241
6,5043.25,26,5043.5,08:00:25.834796438
5,5043.25,26,5043.5,08:00:25.845143734
5,5043.25,26,5043.5,08:00:25.845352110
5,5043.25,26,5043.5,08:00:25.983934316
5,5043.25,27,5043.5,08:00:26.120615269
5,5043.25,27,5043.5,08:00:26.148259198
5,5043.25,27,5043.5,08:00:26.164713657
5,5043.25,27,5043.5,08:00:26.483690603
5,5043.25,27,5043.5,08:00:26.483796304
5,5043.25,26,5043.5,08:00:26.483901641
6,5043.25,26,5043.5,08:00:26.484010469
7,5043.25,26,5043.5,08:00:26.484621588
7,5043.25,25,5043.5,08:00:26.484628715
8,5043.25,25,5043.5,08:00:26.485057779
9,5043.25,25,5043.5,08:00:26.485153820
10,5043.25,25,5043.5,08:00:26.485161609
11,5043.25,25,5043.5,08:00:26.485280097
11,5043.25,24,5043.5,08:00:26.485286418
11,5043.25,24,5043.5,08:00:26.486030733
11,5043.25,19,5043.5,08:00:26.486133084
11,5043.25,19,5043.5,08:00:26.486261607
11,5043.25,19,5043.5,08:00:26.486266983
11,5043.25,19,5043.5,08:00:26.486962147
11,5043.25,19,5043.5,08:00:26.486982237
11,5043.25,20,5043.5,08:00:26.620720331
10,5043.25,20,5043.5,08:00:26.620843649
9,5043.25,20,5043.5,08:00:26.620947792
8,5043.25,20,5043.5,08:00:26.620956326
8,5043.25,20,5043.5,08:00:26.799299629
8,5043.25,20,5043.5,08:00:27.009695388
9,5043.25,20,5043.5,08:00:27.068684848
9,5043.25,19,5043.5,08:00:27.249821409
11,5043.25,19,5043.5,08:00:27.249912339
12,5043.25,19,5043.5,08:00:27.375690740
12,5043.25,18,5043.5,08:00:27.375697240
13,5043.25,18,5043.5,08:00:27.375805549
13,5043.25,17,5043.5,08:00:27.375908364
13,5043.25,16,5043.5,08:00:27.376004353
18,5043.25,16,5043.5,08:00:27.376043608
18,5043.25,15,5043.5,08:00:27.376160039
18,5043.25,15,5043.5,08:00:27.398999555
19,5043.25,15,5043.5,08:00:27.572009702
19,5043.25,14,5043.5,08:00:27.572357219
19,5043.25,13,5043.5,08:00:27.572459302
19,5043.25,12,5043.5,08:00:27.572661910
19,5043.25,10,5043.5,08:00:27.572706731
19,5043.25,10,5043.5,08:00:27.572851930
24,5043.25,10,5043.5,08:00:27.574156996
24,5043.25,8,5043.5,08:00:27.574273431
24,5043.25,5,5043.5,08:00:27.574354974
25,5043.25,5,5043.5,08:00:27.574382374
26,5043.25,5,5043.5,08:00:27.574479566
27,5043.25,5,5043.5,08:00:27.574486610
27,5043.25,5,5043.5,08:00:27.574626808
27,5043.25,5,5043.5,08:00:27.574861023
26,5043.25,5,5043.5,08:00:27.599047530
26,5043.25,8,5043.5,08:00:27.599266203
26,5043.25,10,5043.5,08:00:27.599354720
26,5043.25,11,5043.5,08:00:27.599367501
21,5043.25,11,5043.5,08:00:27.601517816
21,5043.25,12,5043.5,08:00:27.601608065
21,5043.25,11,5043.5,08:00:28.252575870
21,5043.25,11,5043.5,08:00:28.333651275
21,5043.25,11,5043.5,08:00:28.333670696
21,5043.25,11,5043.5,08:00:28.575013438
21,5043.25,11,5043.5,08:00:28.575020382
21,5043.25,12,5043.5,08:00:28.580842423
21,5043.25,13,5043.5,08:00:28.580935273
21,5043.25,13,5043.5,08:00:28.581095090
21,5043.25,13,5043.5,08:00:28.581106383
21,5043.25,14,5043.5,08:00:28.581113314
21,5043.25,15,5043.5,08:00:28.581213092
16,5043.25,15,5043.5,08:00:28.581309904
16,5043.25,15,5043.5,08:00:28.581480666
16,5043.25,15,5043.5,08:00:28.586878653
16,5043.25,15,5043.5,08:00:28.586884304
16,5043.25,14,5043.5,08:00:28.591416306
16,5043.25,14,5043.5,08:00:28.778084017
16,5043.25,15,5043.5,08:00:28.868412394
16,5043.25,16,5043.5,08:00:28.868560413
16,5043.25,21,5043.5,08:00:28.868664892
16,5043.25,20,5043.5,08:00:29.088709830
16,5043.25,21,5043.5,08:00:29.092339759
14,5043.25,21,5043.5,08:00:29.092462545
13,5043.25,21,5043.5,08:00:29.092566333
12,5043.25,21,5043.5,08:00:29.092573428
11,5043.25,21,5043.5,08:00:29.092582247
10,5043.25,21,5043.5,08:00:29.092687366
10,5043.25,24,5043.5,08:00:29.093034787
10,5043.25,25,5043.5,08:00:29.093140965
10,5043.25,25,5043.5,08:00:29.093147013
10,5043.25,24,5043.5,08:00:29.102629771
10,5043.25,24,5043.5,08:00:29.102813576
10,5043.25,24,5043.5,08:00:29.102822031
10,5043.25,21,5043.5,08:00:29.103676519
11,5043.25,21,5043.5,08:00:29.103796412
13,5043.25,21,5043.5,08:00:29.103889000
13,5043.25,21,5043.5,08:00:29.109364758
13,5043.25,21,5043.5,08:00:29.109370909
13,5043.25,22,5043.5,08:00:29.109481938
11,5043.25,22,5043.5,08:00:29.109601982
11,5043.25,22,5043.5,08:00:29.353826875
11,5043.25,22,5043.5,08:00:29.353832885
11,5043.25,21,5043.5,08:00:31.225746640
13,5043.25,21,5043.5,08:00:31.255143136
13,5043.25,16,5043.5,08:00:31.255154064
13,5043.25,15,5043.5,08:00:31.255263170
13,5043.25,15,5043.5,08:00:31.255561480
13,5043.25,15,5043.5,08:00:31.255570060
13,5043.25,15,5043.5,08:00:31.255885634
14,5043.25,15,5043.5,08:00:32.121112885
14,5043.25,15,5043.5,08:00:32.547996915
14,5043.25,15,5043.5,08:00:32.579348935
14,5043.25,15,5043.5,08:00:32.615281460
14,5043.25,15,5043.5,08:00:32.615288455
14,5043.25,15,5043.5,08:00:32.621462740
14,5043.25,15,5043.5,08:00:32.621469313
14,5043.25,15,5043.5,08:00:32.674160899
14,5043.25,15,5043.5,08:00:32.674171286
14,5043.25,15,5043.5,08:00:32.680497148
14,5043.25,15,5043.5,08:00:32.680504390
14,5043.25,16,5043.5,08:00:32.944159072
12,5043.25,16,5043.5,08:00:32.944284563
12,5043.25,21,5043.5,08:00:32.944619517
11,5043.25,21,5043.5,08:00:32.944733500
10,5043.25,21,5043.5,08:00:32.944830606
11,5043.25,21,5043.5,08:00:32.971446872
11,5043.25,20,5043.5,08:00:33.037163493
13,5043.25,20,5043.5,08:00:33.037266359
13,5043.25,15,5043.5,08:00:33.037368495
13,5043.25,14,5043.5,08:00:33.038021059
13,5043.25,15,5043.5,08:00:33.038334275
13,5043.25,16,5043.5,08:00:33.174173864
13,5043.25,21,5043.5,08:00:33.185087576
11,5043.25,21,5043.5,08:00:33.185208343
11,5043.25,21,5043.5,08:00:34.006155066
11,5043.25,21,5043.5,08:00:34.006931335
11,5043.25,24,5043.5,08:00:34.007485288
11,5043.25,25,5043.5,08:00:34.007597588
10,5043.25,25,5043.5,08:00:34.007609393
11,5043.25,25,5043.5,08:00:34.139499247
13,5043.25,25,5043.5,08:00:34.487144558
13,5043.25,22,5043.5,08:00:34.487860771
14,5043.25,22,5043.5,08:00:34.487990565
16,5043.25,22,5043.5,08:00:34.488092487
16,5043.25,17,5043.5,08:00:34.488102641
16,5043.25,16,5043.5,08:00:34.488215088
17,5043.25,16,5043.5,08:00:34.488307400
17,5043.25,15,5043.5,08:00:34.488324124
18,5043.25,15,5043.5,08:00:34.488404250
18,5043.25,14,5043.5,08:00:34.488419134
18,5043.25,13,5043.5,08:00:34.488519289
23,5043.25,13,5043.5,08:00:34.488542221
23,5043.25,12,5043.5,08:00:34.488640841
23,5043.25,12,5043.5,08:00:34.488957733
23,5043.25,12,5043.5,08:00:34.489072398
23,5043.25,14,5043.5,08:00:34.489914885
23,5043.25,12,5043.5,08:00:34.563477209
23,5043.25,11,5043.5,08:00:34.563818450
23,5043.25,10,5043.5,08:00:34.563913403
23,5043.25,8,5043.5,08:00:34.563943766
28,5043.25,8,5043.5,08:00:34.565639816
29,5043.25,8,5043.5,08:00:34.565742093
29,5043.25,10,5043.5,08:00:34.878681437
29,5043.25,11,5043.5,08:00:34.878692023
28,5043.25,11,5043.5,08:00:34.878700510
28,5043.25,12,5043.5,08:00:34.878778562
28,5043.25,13,5043.5,08:00:34.878878801
28,5043.25,12,5043.5,08:00:34.878892408
28,5043.25,10,5043.5,08:00:34.879017831
28,5043.25,11,5043.5,08:00:34.879090463
28,5043.25,13,5043.5,08:00:34.879183009
28,5043.25,12,5043.5,08:00:34.879323165
28,5043.25,10,5043.5,08:00:34.879425808
23,5043.25,10,5043.5,08:00:34.881489017
23,5043.25,12,5043.5,08:00:34.881576926
23,5043.25,13,5043.5,08:00:35.661107804
18,5043.25,13,5043.5,08:00:35.661114898
18,5043.25,14,5043.5,08:00:35.661121145
18,5043.25,15,5043.5,08:00:35.661126825
18,5043.25,16,5043.5,08:00:35.661137619
18,5043.25,17,5043.5,08:00:35.661210526
17,5043.25,17,5043.5,08:00:35.661249669
17,5043.25,16,5043.5,08:00:35.661328093
17,5043.25,16,5043.5,08:00:35.662089329
17,5043.25,17,5043.5,08:00:35.909410607
17,5043.25,16,5043.5,08:00:36.014617137
17,5043.25,15,5043.5,08:00:36.951541677
18,5043.25,15,5043.5,08:00:37.229725823
18,5043.25,14,5043.5,08:00:37.229858290
18,5043.25,13,5043.5,08:00:37.229965140
23,5043.25,13,5043.5,08:00:37.230079146
23,5043.25,11,5043.5,08:00:37.230089015
23,5043.25,10,5043.5,08:00:37.230187746
23,5043.25,9,5043.5,08:00:37.230816985
23,5043.25,9,5043.5,08:00:37.230963592
28,5043.25,9,5043.5,08:00:37.232121856
28,5043.25,9,5043.5,08:00:37.267343286
28,5043.25,9,5043.5,08:00:37.267349929
28,5043.25,9,5043.5,08:00:37.272649431
28,5043.25,9,5043.5,08:00:37.272655246
27,5043.25,9,5043.5,08:00:37.453354968
27,5043.25,11,5043.5,08:00:37.453450577
27,5043.25,12,5043.5,08:00:37.453549651
27,5043.25,13,5043.5,08:00:37.453849871
27,5043.25,14,5043.5,08:00:37.454024249
27,5043.25,24,5043.5,08:00:37.454039517
22,5043.25,24,5043.5,08:00:37.454151868
22,5043.25,25,5043.5,08:00:37.454157919
22,5043.25,25,5043.5,08:00:37.454704714
17,5043.25,25,5043.5,08:00:37.455816276
17,5043.25,26,5043.5,08:00:37.455923593
15,5043.25,26,5043.5,08:00:37.456027579
15,5043.25,25,5043.5,08:00:37.466461396
15,5043.25,25,5043.5,08:00:37.930928972
15,5043.25,25,5043.5,08:00:37.930928972
15,5043.25,25,5043.5,08:00:38.031112647
15,5043.25,25,5043.5,08:00:38.031112647
14,5043.25,25,5043.5,08:00:38.031224530
18,5043.25,25,5043.5,08:00:38.548887574
20,5043.25,25,5043.5,08:00:38.548992354
20,5043.25,24,5043.5,08:00:38.549102225
18,5043.25,24,5043.5,08:00:38.694944658
18,5043.25,24,5043.5,08:00:38.933749342
19,5043.25,24,5043.5,08:00:38.933871475
19,5043.25,25,5043.5,08:00:39.183200055
17,5043.25,25,5043.5,08:00:39.183216609
17,5043.25,26,5043.5,08:00:39.183226721
16,5043.25,26,5043.5,08:00:39.183331667
16,5043.25,26,5043.5,08:00:39.183656996
16,5043.25,25,5043.5,08:00:39.183986718
16,5043.25,25,5043.5,08:00:39.184055052
16,5043.25,25,5043.5,08:00:39.184055052
16,5043.25,26,5043.5,08:00:40.147590247
16,5043.25,25,5043.5,08:00:40.148043107
16,5043.25,25,5043.5,08:00:40.148664476
16,5043.25,25,5043.5,08:00:40.148670499
16,5043.25,25,5043.5,08:00:40.154028089
16,5043.25,25,5043.5,08:00:40.154037583
16,5043.25,25,5043.5,08:00:42.842886979
16,5043.25,25,5043.5,08:00:42.842886979
15,5043.25,25,5043.5,08:00:43.046758251
13,5043.25,25,5043.5,08:00:43.046758251
13,5043.25,27,5043.5,08:00:43.046758251
13,5043.25,27,5043.5,08:00:43.046828806
13,5043.25,28,5043.5,08:00:43.046849683
13,5043.25,29,5043.5,08:00:43.046873021
13,5043.25,30,5043.5,08:00:43.046878490
13,5043.25,31,5043.5,08:00:43.046891687
9,5043.25,31,5043.5,08:00:43.047062213
9,5043.25,34,5043.5,08:00:43.047062213
9,5043.25,34,5043.5,08:00:43.047129577
9,5043.25,34,5043.5,08:00:43.047137634
8,5043.25,34,5043.5,08:00:43.047284230
6,5043.25,34,5043.5,08:00:43.047284230
5,5043.25,34,5043.5,08:00:43.047379127
4,5043.25,34,5043.5,08:00:43.047379127
3,5043.25,34,5043.5,08:00:43.047407384
3,5043.25,35,5043.5,08:00:43.047407384
3,5043.25,36,5043.5,08:00:43.047407384
3,5043.25,37,5043.5,08:00:43.047407384
3,5043.25,37,5043.5,08:00:43.047510480
3,5043.25,38,5043.5,08:00:43.047645206
30,5043.0,38,5043.5,08:00:43.047788307
30,5043.0,38,5043.5,08:00:43.047788307
30,5043.0,38,5043.5,08:00:43.047898053
30,5043.0,38,5043.5,08:00:43.047904504
30,5043.0,35,5043.5,08:00:43.048034939
30,5043.0,34,5043.5,08:00:43.048047810
29,5043.0,34,5043.5,08:00:43.048356290
29,5043.0,34,5043.5,08:00:43.048356290
24,5043.0,34,5043.5,08:00:43.052201359
24,5043.0,34,5043.5,08:00:43.054811578
24,5043.0,34,5043.5,08:00:43.054819668
3,5043.25,34,5043.5,08:00:43.128010934
4,5043.25,34,5043.5,08:00:43.128158982
5,5043.25,34,5043.5,08:00:43.128171001
5,5043.25,34,5043.5,08:00:43.128279065
6,5043.25,34,5043.5,08:00:43.128286207
6,5043.25,33,5043.5,08:00:43.128356106
6,5043.25,33,5043.5,08:00:43.128634144
7,5043.25,33,5043.5,08:00:43.129204293
7,5043.25,31,5043.5,08:00:43.129210270
7,5043.25,30,5043.5,08:00:43.129219410
7,5043.25,29,5043.5,08:00:43.129383647
7,5043.25,29,5043.5,08:00:43.129576582
7,5043.25,29,5043.5,08:00:43.129576582
7,5043.25,30,5043.5,08:00:43.129824750
6,5043.25,30,5043.5,08:00:43.129942448
5,5043.25,30,5043.5,08:00:43.129948042
4,5043.25,30,5043.5,08:00:43.136077823
3,5043.25,30,5043.5,08:00:43.136173825
3,5043.25,30,5043.5,08:00:43.147769378
3,5043.25,30,5043.5,08:00:43.147769378
