price,volume,timestamp
5044.0,1,08:00:00.015534389
5043.75,2,08:00:00.037621161
5043.75,2,08:00:00.037831342
5043.75,1,08:00:00.038177428
5043.75,2,08:00:00.038440211
5044.0,1,08:00:00.046806198
5043.75,1,08:00:00.175469278
5043.75,1,08:00:00.176339183
5043.75,1,08:00:00.176546551
5043.75,1,08:00:00.176749954
5043.5,1,08:00:00.195070390
5043.5,5,08:00:00.390403810
5043.5,7,08:00:00.390687547
5043.5,1,08:00:00.390892793
5043.5,1,08:00:00.390926665
5043.5,5,08:00:00.391722887
5043.5,1,08:00:00.392253528
5043.5,2,08:00:00.448035379
5043.5,2,08:00:00.589411855
5043.5,1,08:00:00.647932638
5043.5,1,08:00:00.759175632
5043.5,2,08:00:00.795507894
5043.5,3,08:00:00.888651362
5043.75,1,08:00:01.080998931
5043.5,1,08:00:01.103523625
5043.5,4,08:00:01.106853564
5043.5,3,08:00:01.107333520
5043.5,6,08:00:01.107800137
5043.5,1,08:00:01.107957010
5043.5,1,08:00:01.108011894
5043.5,1,08:00:01.108042830
5043.5,1,08:00:01.108226411
5043.5,1,08:00:01.111252018
5043.5,3,08:00:01.149581830
5043.25,2,08:00:01.149581830
5043.25,1,08:00:01.149592803
5043.25,4,08:00:01.174488012
5043.25,1,08:00:01.344731693
5043.25,8,08:00:01.345873022
5043.25,1,08:00:01.346072488
5043.25,1,08:00:01.346142694
5043.25,2,08:00:01.346200730
5043.25,2,08:00:01.346457274
5043.25,1,08:00:01.346587682
5043.25,1,08:00:01.346643373
5043.25,1,08:00:01.346930603
5043.25,3,08:00:01.387333940
5043.25,2,08:00:01.420232389
5043.25,2,08:00:01.444788219
5043.25,8,08:00:02.619733930
5043.25,1,08:00:02.619892135
5043.25,1,08:00:03.090537842
5043.25,3,08:00:03.090718304
5043.25,6,08:00:03.333172529
5043.5,4,08:00:03.878912461
5043.5,2,08:00:03.879057581
5043.5,2,08:00:03.879105252
5043.5,1,08:00:03.879164377
5043.5,1,08:00:03.879213760
5043.5,2,08:00:03.914935421
5043.75,1,08:00:04.493921759
5043.5,3,08:00:05.091510024
5043.5,1,08:00:05.091690576
5043.5,4,08:00:05.091788740
5043.5,3,08:00:05.091923489
5043.5,3,08:00:05.092289212
5043.5,1,08:00:05.092487904
5043.5,19,08:00:09.111188429
5043.75,2,08:00:10.931566063
5043.75,5,08:00:11.305934194
5043.75,6,08:00:11.306179178
5043.75,1,08:00:12.078300947
5043.5,1,08:00:12.377851041
5043.5,4,08:00:12.377998148
5043.5,1,08:00:12.378026741
5043.5,8,08:00:12.378755287
5043.5,2,08:00:12.378896928
5043.5,1,08:00:12.378936019
5043.5,1,08:00:12.379049686
5043.5,3,08:00:12.384382770
5043.25,3,08:00:12.390349590
5043.25,1,08:00:12.390525514
5043.25,1,08:00:12.390590911
5043.25,3,08:00:12.406048182
5043.25,2,08:00:12.407345367
5043.0,8,08:00:12.719118107
5043.0,4,08:00:13.331560230
5043.0,1,08:00:13.331632907
5043.0,2,08:00:13.331632907
5043.25,1,08:00:15.334079455
5043.25,1,08:00:15.334100636
5043.5,6,08:00:19.673370208
5043.75,1,08:00:19.891353960
5043.5,1,08:00:21.726253830
5043.5,1,08:00:25.254281885
5043.5,4,08:00:25.254391077
5043.5,1,08:00:25.254417891
5043.5,1,08:00:25.256710910
5043.5,1,08:00:25.307956746
5043.5,2,08:00:25.308466753
5043.5,2,08:00:25.308678422
5043.25,2,08:00:25.613901842
5043.25,10,08:00:25.614879267
5043.25,4,08:00:25.773709439
5043.25,1,08:00:25.773904186
5043.5,1,08:00:27.249814690
5043.25,1,08:00:37.453347747
5043.25,1,08:00:43.046722171
5043.25,2,08:00:43.046758251
5043.25,4,08:00:43.047051652
5043.25,1,08:00:43.047241919
5043.25,2,08:00:43.047284230
5043.25,1,08:00:43.047379127
5043.25,1,08:00:43.047407384
5043.25,3,08:00:43.047780694
5043.5,1,08:00:44.248279871
5043.5,2,08:00:44.248321520
5043.5,2,08:00:44.248476172
5043.5,2,08:00:44.248559332
5043.5,1,08:00:44.248559332
5043.5,1,08:00:44.248636092
5043.5,7,08:00:44.248636092
5043.5,1,08:00:44.248672679
5043.5,1,08:00:46.274025399
5043.75,8,08:00:46.739328826
5043.75,1,08:00:47.080148517
5043.75,1,08:00:49.041718219
5044.0,6,08:00:50.284102938
5044.25,2,08:00:50.284116266
5044.0,4,08:00:50.284522857
5044.0,1,08:00:50.284715344
5044.0,1,08:00:50.284815775
5044.0,2,08:00:50.284815775
5044.0,1,08:00:50.284883190
5044.0,1,08:00:50.285067095
5043.75,3,08:00:50.394057379
5043.75,3,08:00:50.394239866
5043.75,1,08:00:50.394270558
5043.75,1,08:00:50.394309849
5043.75,1,08:00:50.394445838
5043.75,5,08:00:51.571848082
5043.75,2,08:00:51.572180250
5043.75,1,08:00:51.572340633
5043.75,1,08:00:51.572451276
5043.75,7,08:00:51.572709418
5043.75,1,08:00:51.572865687
5043.75,2,08:00:51.623574109
5044.0,3,08:00:54.185481866
5044.0,2,08:00:54.185697407
5044.0,1,08:00:54.185729820
5044.0,2,08:00:54.186506824
5044.0,2,08:00:54.186877290
5044.0,1,08:00:54.186924609
5044.0,11,08:00:56.392340903
5044.25,7,08:00:57.166538800
5044.25,1,08:00:57.167205034
5044.25,1,08:00:57.865383763
5044.5,8,08:00:57.868643604
5044.5,1,08:00:57.868652946
5044.5,4,08:00:57.868652946
5044.5,1,08:00:57.868815797
5044.5,1,08:00:57.868885069
5044.5,1,08:00:57.868935738
5044.5,5,08:00:57.869346691
5044.5,1,08:00:57.869520016
5044.25,2,08:00:58.319954990
5044.5,3,08:00:58.668157357
5044.5,1,08:00:59.082073701
5044.5,7,08:00:59.512587705
5044.5,6,08:00:59.513030149
5044.5,2,08:00:59.513346975
5044.5,1,08:00:59.513508389
5044.5,2,08:01:00.922361637
5044.5,1,08:01:00.922616170
5044.5,2,08:01:00.922800033
5044.5,2,08:01:00.922853122
5044.5,1,08:01:00.926601460
5044.75,1,08:01:01.283660255
5044.75,1,08:01:01.283671202
5044.75,1,08:01:01.391425148
5044.75,1,08:01:01.830708085
5044.75,2,08:01:01.988343609
5044.75,1,08:01:01.988416010
5044.75,1,08:01:01.988526988
5044.75,3,08:01:01.988621946
5044.75,1,08:01:01.988734346
5044.75,1,08:01:01.988817263
5044.75,1,08:01:01.988862864
5044.75,1,08:01:01.988941486
5044.75,1,08:01:01.989002825
5044.75,1,08:01:01.989166147
5044.75,1,08:01:01.989199392
5044.75,1,08:01:02.006179770
5044.5,1,08:01:02.120865452
5044.75,2,08:01:02.576194749
5044.75,2,08:01:03.375313002
5045.0,1,08:01:03.731994393
5045.0,1,08:01:03.732004802
5045.0,1,08:01:03.755494832
5045.0,1,08:01:04.129400695
5045.0,1,08:01:04.349970098
5045.0,1,08:01:04.485240541
5045.0,1,08:01:05.030662828
5045.0,11,08:01:06.481077805
5045.25,1,08:01:11.012712736
5045.25,1,08:01:11.012723715
5045.0,1,08:01:11.449209853
5045.25,3,08:01:11.604531065
5045.25,4,08:01:11.772486902
5045.0,1,08:01:12.001668477
5045.0,1,08:01:14.120543083
5045.0,3,08:01:14.120590200
5045.0,2,08:01:14.120702670
5045.0,3,08:01:14.120702670
5045.0,10,08:01:14.120862183
5045.0,1,08:01:14.120892251
5044.75,1,08:01:15.444537667
5045.0,3,08:01:16.240480921
5045.0,2,08:01:16.240510697
5045.0,1,08:01:16.240651673
5045.0,4,08:01:16.240906090
5045.0,1,08:01:16.241244846
5045.0,1,08:01:16.241464108
5045.0,1,08:01:16.241560769
5045.0,4,08:01:16.254149788
5044.75,1,08:01:16.256315265
5044.75,1,08:01:16.805250559
5045.0,3,08:01:21.764711624
5045.25,2,08:01:23.102191336
5045.25,1,08:01:23.207814753
5045.25,7,08:01:23.930446870
5045.25,2,08:01:23.931691439
5045.5,35,08:01:28.021399925
5045.75,1,08:01:28.021399925
5045.5,2,08:01:28.022127329
5045.5,1,08:01:29.203062449
5045.75,1,08:01:30.303445395
5045.75,6,08:01:30.342048137
5046.0,1,08:01:30.411272165
5046.0,1,08:01:30.411285532
5046.0,10,08:01:30.411285532
5046.0,1,08:01:31.290456533
5046.0,9,08:01:32.560381990
5046.0,1,08:01:32.560558276
5046.0,8,08:01:32.560664915
5046.25,1,08:01:32.566672287
5046.25,1,08:01:32.566854844
5046.25,1,08:01:32.566998489
5046.25,5,08:01:32.632388702
5046.25,1,08:01:32.632891320
5046.25,1,08:01:32.633004104
5046.25,1,08:01:32.633131153
5046.25,1,08:01:32.633195852
5046.25,2,08:01:32.633485784
5046.25,1,08:01:32.633567849
5046.25,1,08:01:32.633927236
5046.25,1,08:01:32.634127153
5046.25,1,08:01:32.634224275
5046.25,6,08:01:32.744122252
5046.25,1,08:01:32.846343590
5046.25,1,08:01:33.514513353
5046.25,1,08:01:33.782368927
5046.25,1,08:01:34.096769407
5046.0,1,08:01:37.117080350
5046.0,4,08:01:37.290482786
5046.0,7,08:01:37.290723096
5046.0,3,08:01:37.307152507
5046.0,2,08:01:37.307355872
5046.0,1,08:01:37.521829060
5046.25,4,08:01:38.096403555
5046.0,1,08:01:39.058279821
5046.25,1,08:01:39.470621522
5046.0,4,08:01:40.715260012
5046.25,1,08:01:45.005985681
5046.25,1,08:01:45.506412745
5046.25,1,08:01:45.506448461
5046.25,2,08:01:45.506574351
5046.25,1,08:01:45.506677935
5046.25,4,08:01:45.506677935
5046.25,4,08:01:45.506952371
5046.25,1,08:01:45.507147112
5046.25,7,08:01:46.244449389
5046.25,1,08:01:47.707801907
5046.0,1,08:01:48.102503247
5046.0,4,08:01:48.102655695
5046.0,2,08:01:48.102717626
5046.0,12,08:01:48.102836169
5045.75,1,08:01:50.218813578
5046.0,1,08:01:52.003377787
5045.75,11,08:01:52.052897224
5045.75,2,08:01:52.053223305
5045.75,4,08:01:52.053586787
5045.75,1,08:01:52.053859906
5045.75,1,08:01:52.053897568
5045.75,1,08:01:52.053932759
5045.75,1,08:01:52.094377630
5045.75,2,08:01:52.921160930
5045.75,2,08:01:52.921199605
5045.75,1,08:01:52.921315864
5045.75,4,08:01:52.921641253
5045.75,1,08:01:52.921797394
5045.75,1,08:01:52.921846844
5046.0,1,08:01:53.916411362
5046.0,1,08:01:56.028377139
5045.75,2,08:01:58.760038737
5045.75,2,08:01:58.760070392
5045.75,1,08:01:58.760248293
5045.75,10,08:01:59.703445843
5045.5,9,08:01:59.972641148
5045.5,3,08:02:00.730151147
5045.25,2,08:02:00.994183628
5045.25,3,08:02:01.346669838
5045.25,1,08:02:01.346867119
5045.25,3,08:02:01.346902095
5045.0,1,08:02:01.974217533
5045.0,1,08:02:01.974228512
5045.0,6,08:02:01.974467912
5044.75,8,08:02:03.846478510
5044.75,1,08:02:04.017943375
5044.75,2,08:02:04.017984208
5044.75,2,08:02:04.018025270
5044.75,3,08:02:04.018179465
5044.75,1,08:02:04.094251408
5045.0,6,08:02:04.157077082
5044.75,5,08:02:05.476234969
5044.75,5,08:02:07.021139430
5044.75,1,08:02:07.028410830
5044.75,2,08:02:09.345207319
5044.75,1,08:02:09.345373660
5044.75,2,08:02:09.353729705
5044.75,3,08:02:09.353761088
5044.75,4,08:02:09.353794615
5044.75,2,08:02:09.369134009
5044.75,1,08:02:09.369348995
5044.75,1,08:02:09.369385870
5045.0,4,08:02:11.001520483
5045.0,4,08:02:11.001664028
5045.0,4,08:02:11.001849046
5045.0,1,08:02:11.001960677
5045.0,2,08:02:11.001960677
5045.0,3,08:02:11.001960677
5045.0,1,08:02:11.002070074
5045.0,3,08:02:11.002296057
5045.0,1,08:02:11.081734353
5045.0,1,08:02:11.756893959
5044.75,1,08:02:12.027789719
5045.0,1,08:02:14.188354147
5044.75,1,08:02:18.746853776
5044.75,1,08:02:18.925249309
5045.0,19,08:02:21.475552633
5045.0,3,08:02:21.475979800
5045.0,3,08:02:22.685646992
5045.0,1,08:02:22.685787517
5045.0,1,08:02:22.685899938
5045.0,1,08:02:22.686005201
5045.0,1,08:02:22.686448474
5045.0,1,08:02:22.686551788
5045.0,1,08:02:23.339595513
5045.0,2,08:02:23.340533945
5045.0,3,08:02:24.057574902
5045.0,1,08:02:24.058217654
5045.0,1,08:02:24.058290263
5045.0,2,08:02:24.118355099
5045.0,2,08:02:24.118515632
5045.0,1,08:02:24.118546219
5045.0,1,08:02:24.119370089
5045.0,1,08:02:27.347663186
5045.25,2,08:02:29.957817999
5045.25,3,08:02:29.958039606
5045.25,1,08:02:30.023470262
5045.25,1,08:02:30.023791247
5045.25,1,08:02:30.023847862
5045.25,1,08:02:30.806683701
5045.25,6,08:02:31.039323558
5045.0,1,08:02:31.355188259
5045.0,2,08:02:32.059984830
5045.25,1,08:02:33.286063524
5045.25,1,08:02:33.286094325
5045.25,2,08:02:33.286191143
5045.25,1,08:02:35.367862689
5045.25,3,08:02:35.538322681
5045.0,1,08:02:35.540518424
5045.0,1,08:02:35.541475353
5045.0,1,08:02:35.615990515
5045.25,10,08:02:36.400525245
5045.25,16,08:02:36.400996378
5045.25,1,08:02:36.401238085
5045.25,1,08:02:36.401279443
5045.25,1,08:02:36.518427640
5045.0,8,08:02:40.410095627
5045.0,2,08:02:41.563077093
5045.0,1,08:02:41.704043580
5045.0,1,08:02:43.311862795
5044.75,2,08:02:47.050642349
5044.75,1,08:02:47.122820664
5044.75,1,08:02:47.650607303
5044.75,1,08:02:50.453119411
5045.0,1,08:02:51.323539028
5045.0,1,08:02:51.549246537
5044.75,3,08:02:53.220824397
5044.75,2,08:02:53.220919910
5044.75,3,08:02:53.221007399
5044.75,1,08:02:53.221050050
5044.75,7,08:02:53.221151098
5044.75,1,08:02:53.221196702
5044.75,1,08:02:53.222356543
5044.75,1,08:02:53.491691087
5044.75,2,08:02:53.824261772
5044.75,1,08:02:53.824465149
5044.75,2,08:02:53.824494070
5044.5,1,08:02:56.407346116
5044.5,4,08:02:56.407357364
5044.75,10,08:02:56.550713587
5044.5,5,08:02:58.258954860
5044.5,2,08:02:58.259103579
5044.5,1,08:02:58.259137058
5044.5,6,08:02:58.330466749
5044.5,1,08:03:00.671840731
5044.5,1,08:03:00.814108682
5044.5,2,08:03:01.064472203
5044.5,2,08:03:01.065997702
5044.5,3,08:03:01.066627014
5044.5,2,08:03:01.067285261
5044.5,2,08:03:01.067331479
5044.5,1,08:03:01.068421818
5044.25,1,08:03:02.622636621
5044.25,1,08:03:02.622649574
5044.5,9,08:03:05.250942727
5044.5,1,08:03:05.256215093
5044.5,10,08:03:07.598150640
5044.5,1,08:03:07.855537248
5044.75,1,08:03:09.203066078
5044.75,2,08:03:09.203109086
5044.75,2,08:03:09.203256997
5044.75,2,08:03:09.203318879
5044.75,1,08:03:09.203318879
5044.75,1,08:03:09.203763813
5045.0,1,08:03:10.304875587
5045.0,3,08:03:13.231957282
5045.0,4,08:03:13.514796305
5045.0,1,08:03:13.514820900
5045.0,10,08:03:18.482710717
5045.0,4,08:03:23.276993186
5045.0,2,08:03:23.277033510
5045.25,5,08:03:24.493694641
5045.25,5,08:03:26.708333105
5045.0,1,08:03:27.060797395
5045.25,4,08:03:27.088289500
5045.25,10,08:03:28.765179290
5045.5,6,08:03:30.836627249
5045.5,3,08:03:31.350398017
5045.5,2,08:03:31.350541735
5045.5,1,08:03:31.350541735
5045.5,3,08:03:31.350541735
5045.25,2,08:03:32.114507830
5045.25,3,08:03:32.114576845
5045.25,1,08:03:32.114576845
5045.25,1,08:03:32.114673577
5045.25,1,08:03:32.114726887
5045.25,1,08:03:32.114923659
5045.25,5,08:03:32.545050373
5045.25,3,08:03:32.545159441
5045.25,1,08:03:32.545159441
5045.5,1,08:03:32.678501472
5045.25,1,08:03:33.078736673
5045.25,1,08:03:34.035727150
5045.25,1,08:03:35.152390338
5045.25,3,08:03:35.152441008
5045.25,4,08:03:35.152655492
5045.25,2,08:03:35.152706066
5045.25,1,08:03:35.152706066
5045.25,4,08:03:35.215301044
5045.25,2,08:03:35.217152903
5045.5,3,08:03:39.741869833
5045.5,1,08:03:39.741919383
5045.5,6,08:03:39.742024086
5045.5,1,08:03:39.742047988
5045.75,6,08:03:40.698582236
5046.0,1,08:03:40.892301999
5046.0,1,08:03:42.746256051
5045.75,2,08:03:42.843240870
5045.75,2,08:03:42.843917466
5045.75,1,08:03:42.844131925
5045.75,1,08:03:42.844583749
5045.75,1,08:03:42.844777804
5046.0,1,08:03:43.499099167
5046.0,1,08:03:44.302668734
5045.75,1,08:03:46.635422264
5045.75,2,08:03:46.635590684
5045.75,2,08:03:46.635643843
5045.75,1,08:03:46.636620362
5045.75,1,08:03:46.662061197
5046.0,1,08:03:47.297894572
5046.0,4,08:03:48.929174960
5046.0,1,08:03:49.082448162
5046.0,1,08:03:50.626675267
5046.0,1,08:03:52.651354055
5045.75,1,08:03:52.914861615
5045.75,4,08:03:53.165759200
5045.75,1,08:03:53.165952935
5045.75,2,08:03:53.166002763
5045.75,4,08:03:53.166616612
5045.75,2,08:03:53.166843424
5045.75,1,08:03:53.166873222
5045.75,1,08:03:53.167377924
5045.75,1,08:03:53.167556785
5045.75,1,08:03:53.167617438
5045.5,10,08:03:53.276303606
5045.5,1,08:03:53.276464911
5045.5,3,08:03:53.276601800
5045.5,2,08:03:53.276820096
5045.5,4,08:03:53.277791108
5045.5,3,08:03:53.277989118
5045.5,1,08:03:53.278065004
5045.5,2,08:03:53.297507179
5045.5,1,08:03:53.297705842
5045.5,1,08:03:53.297778806
5045.5,1,08:03:53.297908758
5045.5,1,08:03:53.297947254
5045.5,1,08:03:53.298240784
5045.5,1,08:03:53.298465553
5045.5,1,08:03:53.322370438
5045.5,3,08:03:53.376701157
5045.5,2,08:03:54.140985370
5045.5,4,08:03:54.141370244
5045.5,1,08:03:54.141577807
5045.5,1,08:03:54.141613705
5045.25,1,08:03:54.244740985
5045.5,1,08:03:54.250745980
5045.5,3,08:03:54.796574922
5045.5,5,08:03:54.796836472
5045.75,10,08:03:55.773565915
5045.75,5,08:03:57.976483145
5045.75,4,08:04:01.215717047
5045.75,1,08:04:01.215854637
5045.75,1,08:04:01.215929982
5045.75,11,08:04:01.216096111
5046.0,1,08:04:02.096290553
5046.0,1,08:04:02.244613151
5046.0,10,08:04:03.963324112
5045.75,5,08:04:04.503215960
5045.75,4,08:04:04.503440266
5045.75,2,08:04:04.512340877
5045.75,2,08:04:04.512541556
5045.75,8,08:04:05.509792939
5046.0,3,08:04:06.840834536
5046.0,1,08:04:06.841021561
5046.0,1,08:04:06.841058505
5046.0,3,08:04:07.091603208
5046.25,7,08:04:07.091603208
5046.25,2,08:04:07.091616071
5046.0,1,08:04:07.343616768
5046.0,5,08:04:07.964113167
5046.0,1,08:04:08.452512388
5046.0,6,08:04:08.452771407
5046.0,3,08:04:11.605550091
5046.25,1,08:04:19.693763645
5046.25,1,08:04:24.692678441
5046.0,2,08:04:24.696944303
5046.0,1,08:04:31.660289212
5046.0,1,08:04:32.647335759
5046.25,7,08:04:33.575839351
5046.25,1,08:04:33.576405899
5046.25,1,08:04:33.576526788
5046.25,3,08:04:33.576526788
5046.25,1,08:04:33.576637821
5046.25,1,08:04:33.576697329
5046.5,2,08:04:33.581328786
5046.5,5,08:04:33.581343330
5046.5,1,08:04:33.581343330
5046.25,3,08:04:33.594452439
5046.5,1,08:04:37.046033482
5046.25,2,08:04:37.050758496
5046.5,1,08:04:37.462569050
5046.5,1,08:04:37.747155401
5046.25,1,08:04:37.886558286
5046.25,23,08:04:38.207814896
5046.0,27,08:04:38.207814896
5046.0,1,08:04:38.441482122
5046.25,2,08:04:38.812643285
5046.25,1,08:04:38.813314712
5046.25,1,08:04:38.813459992
5046.25,2,08:04:38.813459992
5046.25,2,08:04:38.816099258
5046.25,3,08:04:38.825474321
5046.5,3,08:04:43.420856216
5046.5,1,08:04:43.680908962
5046.5,2,08:04:44.110542162
5046.5,13,08:04:44.902841487
5046.5,10,08:04:44.903544512
5046.5,1,08:04:44.903755470
5046.5,1,08:04:44.903858269
5046.5,1,08:04:44.904086069
5046.5,3,08:04:45.106053276
5046.5,1,08:04:45.106361441
5046.75,3,08:04:46.858835267
5046.75,1,08:04:46.858848883
5046.75,5,08:04:46.861762106
5046.75,2,08:04:46.862521783
5046.75,1,08:04:46.862690967
5046.75,1,08:04:46.862978579
5046.75,1,08:04:47.212654078
5046.75,1,08:04:47.488139986
5046.75,1,08:04:49.431637454
5046.75,2,08:04:49.431762429
5046.75,1,08:04:49.431995641
5047.0,3,08:04:49.588986873
5047.0,1,08:04:50.626102970
5046.75,1,08:04:50.627179965
5047.0,5,08:04:50.654642914
5046.75,6,08:04:51.022312742
5046.5,1,08:04:51.023032206
5046.5,1,08:04:56.018100808
5046.75,1,08:04:56.945717845
5047.0,8,08:04:57.047868773
5046.75,17,08:04:57.047868773
5046.75,3,08:04:57.050864046
5046.75,1,08:04:58.257739588
5046.5,3,08:05:00.772847647
5046.75,2,08:05:01.214836208
5046.75,2,08:05:01.219755414
5046.75,2,08:05:01.245499635
5046.75,1,08:05:01.245681597
5046.75,1,08:05:01.245747835
5046.75,1,08:05:01.945099056
5047.0,1,08:05:03.125960374
5047.0,1,08:05:03.435924144
5047.0,1,08:05:03.605840834
5046.75,1,08:05:03.777412027
5046.75,1,08:05:03.777460613
5046.75,1,08:05:03.777899192
5046.75,1,08:05:03.778796010
5047.0,1,08:05:05.598222997
5047.0,5,08:05:06.654668123
5047.0,3,08:05:09.713193145
5046.75,5,08:05:09.721598280
5046.75,1,08:05:09.721609561
5047.0,2,08:05:10.206139559
5046.75,1,08:05:11.977880136
5047.0,1,08:05:12.695384285
5046.75,1,08:05:15.602763484
5046.75,1,08:05:15.602885554
5046.75,2,08:05:15.602885554
5046.75,3,08:05:15.603031367
5046.75,1,08:05:15.603031367
5046.75,6,08:05:15.603268029
5046.5,4,08:05:15.632940984
5046.5,1,08:05:16.181989969
5046.5,1,08:05:16.827253177
5046.75,15,08:05:17.014833998
5046.75,1,08:05:17.015029317
5046.75,2,08:05:17.015119108
5046.75,1,08:05:17.015339985
5046.75,2,08:05:17.015384033
5046.75,4,08:05:17.015490252
5046.75,1,08:05:17.015520271
5047.0,1,08:05:17.436975003
5046.75,1,08:05:17.440588798
5046.5,6,08:05:19.237523208
5046.5,4,08:05:19.237699105
5046.5,1,08:05:19.237811034
5046.5,1,08:05:19.237947187
5046.5,5,08:05:19.237947187
5046.5,1,08:05:19.238028786
5046.25,1,08:05:19.238028786
5046.25,1,08:05:19.238177301
5046.25,1,08:05:19.256068596
5046.25,1,08:05:19.292247732
5046.25,8,08:05:19.292545494
5046.25,1,08:05:19.298461146
5046.25,3,08:05:19.298541935
5046.25,1,08:05:19.298541935
5046.25,6,08:05:19.298690680
5046.25,1,08:05:19.305708492
5046.25,1,08:05:19.306164300
5046.25,1,08:05:19.307611766
5046.25,1,08:05:19.952510780
5046.25,9,08:05:20.779489943
5046.25,1,08:05:20.779615482
5046.25,2,08:05:20.784664649
5046.25,2,08:05:20.784716032
5046.25,1,08:05:20.784808050
5046.25,2,08:05:20.784855997
5046.25,3,08:05:21.421792602
5046.0,1,08:05:21.466948489
5046.0,3,08:05:21.466955957
5046.0,2,08:05:22.610657799
5046.0,1,08:05:22.698259398
5046.0,10,08:05:23.807661616
5046.0,8,08:05:23.807718151
5046.0,3,08:05:23.814451912
5046.0,1,08:05:23.871955310
5046.0,7,08:05:23.875431441
5046.0,1,08:05:24.422742045
5046.25,1,08:05:24.661210178
5046.25,2,08:05:25.548507911
5046.0,2,08:05:27.883180636
5046.0,10,08:05:27.883307716
5046.0,1,08:05:27.991386112
5046.0,5,08:05:28.850479575
5046.25,1,08:05:29.752110975
5046.25,3,08:05:29.752225405
5046.25,2,08:05:29.752225405
5046.25,1,08:05:29.752326876
5046.25,3,08:05:29.752326876
5046.25,1,08:05:29.752433804
5046.25,2,08:05:29.752521568
5046.25,1,08:05:29.752521568
5046.25,2,08:05:29.752655465
5046.25,3,08:05:29.752655465
5046.25,1,08:05:29.752655465
5046.25,1,08:05:29.752791340
5046.25,1,08:05:29.752946264
5046.25,3,08:05:29.752946264
5046.25,12,08:05:31.192177970
5046.25,1,08:05:31.195796289
5046.0,1,08:05:32.686654785
5046.0,3,08:05:33.272228733
5046.0,1,08:05:35.552485805
5046.0,1,08:05:37.512788346
5046.0,2,08:05:39.349081124
5046.0,3,08:05:39.349137534
5046.0,7,08:05:39.349220391
5046.0,2,08:05:39.349220391
5046.0,2,08:05:39.349247095
5046.0,1,08:05:39.435903832
5045.75,3,08:05:39.762440672
5045.75,9,08:05:39.762659579
5045.75,13,08:05:40.232899326
5045.75,14,08:05:40.233149824
5045.75,1,08:05:41.499163240
5046.0,1,08:05:42.292782790
5046.0,1,08:05:42.330817234
5045.75,2,08:05:44.923393748
5045.75,1,08:05:45.509533558
5045.75,1,08:05:49.856243131
5045.75,20,08:05:51.633041579
5045.75,1,08:05:51.693988218
5045.5,4,08:05:51.697709841
5045.5,1,08:05:51.697722108
5045.5,2,08:05:51.953060315
5045.5,2,08:05:51.960878965
5045.5,1,08:05:52.668539012
5045.5,1,08:05:52.764418616
5045.5,1,08:05:52.831955253
5045.5,1,08:05:52.883020035
5045.75,1,08:05:53.299618762
5045.75,6,08:05:53.939029587
5045.5,1,08:05:55.354900143
5045.5,1,08:05:55.358323505
5045.5,13,08:05:55.441947771
5045.5,1,08:05:57.415657164
5045.25,4,08:06:00.414973396
5045.25,1,08:06:00.415079584
5045.25,2,08:06:00.415079584
5045.25,3,08:06:00.415079584
5045.25,2,08:06:01.165705080
5045.25,3,08:06:01.165870136
5045.25,4,08:06:01.165870136
5045.25,1,08:06:01.165870136
5045.25,3,08:06:02.150514949
5045.25,3,08:06:02.439602578
5045.25,8,08:06:02.804235760
5045.25,2,08:06:03.075590522
5045.5,1,08:06:03.875369186
5045.5,1,08:06:04.687559821
5045.5,1,08:06:04.687585348
5045.5,2,08:06:04.687731642
5045.5,1,08:06:04.687801470
5045.5,1,08:06:04.687856979
5045.5,1,08:06:04.949021092
5045.5,1,08:06:05.972643787
5045.5,1,08:06:07.647684092
5045.75,2,08:06:08.235065492
5045.75,1,08:06:08.235228529
5045.75,21,08:06:08.235398805
5045.75,5,08:06:08.259814941
5045.75,2,08:06:08.267206277
5045.75,1,08:06:11.295203408
5045.75,3,08:06:11.295262519
5045.75,1,08:06:11.295310168
5045.75,8,08:06:11.345751404
5045.75,6,08:06:11.581314765
5045.75,3,08:06:11.581578193
5045.75,2,08:06:11.585429004
5045.75,6,08:06:11.801666044
5046.0,4,08:06:12.182590172
5046.0,2,08:06:12.952216107
5046.0,2,08:06:12.952409691
5046.0,2,08:06:12.952472181
5046.0,3,08:06:12.952472181
5046.0,1,08:06:13.446296584
5046.0,4,08:06:13.446590753
5046.0,1,08:06:13.720682033
5046.0,1,08:06:13.925690609
5046.25,1,08:06:14.258843687
5046.0,1,08:06:19.030022435
5046.0,6,08:06:20.924723187
5045.75,9,08:06:23.599178658
5045.75,4,08:06:23.599262538
5045.75,1,08:06:23.606904842
5045.75,1,08:06:23.651129456
5045.75,1,08:06:23.900787247
5045.75,1,08:06:25.789123183
5045.75,1,08:06:25.861461057
5045.75,2,08:06:25.862446118
5045.75,2,08:06:25.862639172
5045.75,1,08:06:30.022680545
5045.75,8,08:06:33.436317382
5046.0,4,08:06:35.268151235
5045.75,2,08:06:38.455827910
5045.75,2,08:06:38.455914292
5045.75,1,08:06:38.455975894
5045.75,2,08:06:38.455975894
5045.75,6,08:06:39.884690428
5045.75,6,08:06:40.507641862
5045.75,1,08:06:40.852820024
5045.5,13,08:06:43.462015022
5045.25,21,08:06:43.716866107
5045.25,3,08:06:43.742722679
5045.25,9,08:06:45.025027565
5045.0,11,08:06:45.753253710
5045.0,6,08:06:45.753373367
5045.0,1,08:06:45.753373367
5044.75,1,08:06:46.008308816
5044.75,2,08:06:46.096498888
5044.75,1,08:06:46.096695724
5044.75,10,08:06:46.097039103
5044.75,8,08:06:46.182748018
5044.75,1,08:06:46.182872235
5044.75,5,08:06:46.336720171
5045.0,4,08:06:46.892173094
5045.0,1,08:06:46.892316988
5045.0,2,08:06:46.892426679
5045.0,2,08:06:46.892443435
5045.0,1,08:06:46.892533309
5045.0,11,08:06:46.897087205
5045.0,3,08:06:46.897619697
5045.0,2,08:06:46.897993893
5045.0,3,08:06:46.898406012
5045.0,3,08:06:46.898888663
5045.0,2,08:06:46.904061084
5045.0,3,08:06:51.421143011
5045.0,1,08:06:51.421298313
5045.0,1,08:06:51.421332915
5045.0,1,08:06:51.421540101
5045.0,1,08:06:51.421591551
5045.0,2,08:06:51.421651633
5045.0,1,08:06:51.421718150
5045.0,1,08:06:51.621822289
5045.0,1,08:06:57.758432460
5045.0,1,08:06:57.947125580
5045.0,1,08:06:58.101069104
5045.0,1,08:06:58.253677376
5045.25,1,08:06:58.522370634
5045.25,4,08:06:59.687422789
5045.25,2,08:06:59.687548117
5045.25,3,08:06:59.744557880
5045.25,3,08:06:59.744788839
5045.25,3,08:07:03.375562036
5045.25,2,08:07:03.376429179
5045.25,2,08:07:03.376609506
5045.25,2,08:07:04.419458429
5045.25,2,08:07:07.109413548
5045.25,3,08:07:07.824449796
5045.0,2,08:07:10.091257979
5045.0,2,08:07:10.091450859
5045.0,4,08:07:10.091557690
5045.0,3,08:07:10.091695588
5045.0,4,08:07:10.091803593
5045.0,2,08:07:10.091803593
5045.0,1,08:07:10.091838904
5044.75,5,08:07:10.984988811
5045.0,1,08:07:14.011486004
5045.0,18,08:07:15.651781908
5045.25,2,08:07:15.653489562
5045.25,3,08:07:15.653693265
5045.25,1,08:07:15.677334256
5045.25,1,08:07:15.802469289
5045.25,2,08:07:15.802682954
5045.25,3,08:07:17.356221092
5045.25,2,08:07:17.709863169
5045.0,1,08:07:19.879896439
5045.25,5,08:07:27.222367778
5045.0,1,08:07:27.894677670
5045.0,1,08:07:29.379573308
5045.0,3,08:07:30.242953378
5045.0,9,08:07:30.243108466
5045.0,1,08:07:31.414146221
5045.0,1,08:07:34.409193183
5045.0,2,08:07:35.239574667
5045.0,3,08:07:35.239659660
5045.0,1,08:07:35.239700669
5045.0,1,08:07:35.241010910
5045.0,1,08:07:35.241092138
5045.0,4,08:07:35.241092138
5045.0,4,08:07:36.893345477
5045.0,1,08:07:36.893746490
5045.0,2,08:07:37.004318690
5045.0,4,08:07:37.218382252
5045.0,1,08:07:38.423744570
5044.75,1,08:07:41.038526704
5045.0,1,08:07:41.071379746
5044.75,1,08:07:47.300097082
5044.75,3,08:07:47.300184100
5044.75,1,08:07:47.300184100
5044.75,8,08:07:47.300312845
5044.75,3,08:07:47.300359099
5044.75,1,08:07:47.300591379
5044.5,3,08:07:47.331465001
5044.5,1,08:07:47.331646861
5044.5,12,08:07:47.331757439
5044.5,5,08:07:47.382180888
5044.5,2,08:07:47.382217986
5044.75,10,08:07:47.498381904
5044.75,6,08:07:47.498673122
5045.0,1,08:07:51.041250762
5045.0,1,08:07:55.321558410
5045.0,2,08:07:55.321747006
5045.0,8,08:07:55.321816646
5045.0,1,08:07:55.322127778
5045.0,1,08:07:55.322352964
5045.0,1,08:07:55.322549460
5045.0,1,08:07:55.322600088
5044.75,6,08:07:57.185607724
5045.0,1,08:07:58.558215644
5045.0,1,08:07:58.640526143
5044.75,6,08:07:59.363012022
5044.75,1,08:07:59.997911719
5044.75,2,08:07:59.998115182
5045.0,26,08:08:03.000362285
5045.25,2,08:08:04.018021931
5045.25,1,08:08:04.018037736
5045.25,1,08:08:04.018233799
5045.25,6,08:08:04.018543926
5045.25,1,08:08:04.018755365
5045.25,1,08:08:04.018905774
5045.25,1,08:08:06.278372038
5045.0,3,08:08:06.589123525
5045.0,3,08:08:06.589208927
5045.0,2,08:08:07.515114126
5045.25,11,08:08:08.532804036
5045.0,1,08:08:09.602047498
5045.25,4,08:08:10.699324444
5045.25,2,08:08:10.699357968
5045.25,1,08:08:10.699480944
5045.25,1,08:08:10.699517443
5045.25,11,08:08:10.699888088
5045.25,1,08:08:10.700020929
5045.25,1,08:08:10.700203610
5045.25,1,08:08:12.172608524
5045.25,1,08:08:12.172764322
5045.25,2,08:08:12.172810451
5045.25,1,08:08:13.531200059
5045.25,2,08:08:14.447128750
5045.25,1,08:08:14.561803893
5045.25,17,08:08:17.028366213
5045.0,7,08:08:17.276323652
5045.0,1,08:08:19.704467403
5044.75,4,08:08:23.407381861
5044.75,2,08:08:23.407415436
5044.75,1,08:08:23.407507816
5044.75,2,08:08:23.407724496
5044.75,3,08:08:23.407959755
5044.75,1,08:08:23.408028112
5044.75,1,08:08:23.408063002
5044.75,1,08:08:23.408146040
5044.75,1,08:08:23.408254378
5044.75,1,08:08:23.408291089
5044.5,19,08:08:26.509702764
5044.5,13,08:08:26.509987633
5044.5,1,08:08:26.510218905
5044.5,1,08:08:26.510474044
5044.5,4,08:08:26.813436616
5044.5,4,08:08:26.813679820
5044.5,3,08:08:26.813882796
5044.25,1,08:08:27.262559289
5044.25,1,08:08:27.262575273
5044.25,2,08:08:27.262575273
5044.25,2,08:08:27.407146198
5044.5,1,08:08:27.818013032
5044.25,1,08:08:28.805715046
5044.5,9,08:08:29.191020896
5044.75,1,08:08:30.217352879
5044.75,1,08:08:30.217447780
5044.75,1,08:08:34.190513877
5044.5,33,08:08:34.317048664
5044.5,2,08:08:34.317667957
5044.5,3,08:08:34.317809796
5044.75,2,08:08:37.775611436
5044.75,4,08:08:37.775720947
5044.75,2,08:08:37.775720947
5044.75,1,08:08:37.775758910
5045.0,4,08:08:40.030268150
5045.0,1,08:08:40.030447844
5045.0,1,08:08:40.030494254
5045.0,1,08:08:40.030607712
5045.0,2,08:08:40.031287298
5045.0,1,08:08:40.032215108
5044.75,1,08:08:40.219869279
5044.75,4,08:08:47.983642546
5044.75,2,08:08:47.983782709
5044.75,1,08:08:47.983782709
5044.75,3,08:08:47.983782709
5044.75,1,08:08:47.983813231
5044.5,1,08:08:51.511688695
5044.5,2,08:08:51.650165922
5044.5,7,08:08:52.409960465
5044.5,2,08:08:52.415834206
5044.5,1,08:08:54.320076987
5044.5,4,08:08:55.343868132
5044.5,2,08:08:55.343927903
5044.5,4,08:08:55.343999446
5044.5,1,08:08:55.344051735
5044.5,2,08:08:55.344107868
5044.5,1,08:08:55.359905645
5044.5,7,08:09:00.032094023
5044.5,3,08:09:01.235768154
5044.5,1,08:09:03.038376637
5044.75,2,08:09:05.323500532
5044.75,1,08:09:05.323708127
5044.75,1,08:09:05.323785907
5044.75,6,08:09:05.323913178
5044.75,6,08:09:05.324104415
5045.0,1,08:09:06.498342395
5045.0,5,08:09:07.404214493
5045.25,7,08:09:08.424229314
5045.25,4,08:09:09.301020223
5045.25,2,08:09:09.301128801
5045.25,3,08:09:09.301128801
5045.25,1,08:09:09.301331321
5045.25,2,08:09:09.327914219
5045.25,1,08:09:09.328217192
5045.25,1,08:09:10.003203925
5045.5,1,08:09:10.060634045
5045.25,1,08:09:13.418741510
5045.0,16,08:09:17.115500053
5045.0,2,08:09:17.116151657
5045.0,1,08:09:17.116575774
5045.0,1,08:09:17.117329700
5045.0,2,08:09:18.688058757
5045.0,2,08:09:22.411488577
5045.0,1,08:09:22.411642638
5045.0,7,08:09:22.412242710
5045.0,5,08:09:22.412388973
5045.0,1,08:09:22.412388973
5045.0,2,08:09:22.412388973
5045.0,2,08:09:22.412633020
5045.0,1,08:09:22.412842313
5045.25,1,08:09:22.996594950
5045.25,5,08:09:22.997345624
5045.25,1,08:09:22.997558595
5045.5,3,08:09:27.537820712
5045.5,2,08:09:27.537848288
5045.5,1,08:09:27.537961516
5045.5,1,08:09:27.538005498
5045.5,3,08:09:27.538082113
5045.5,2,08:09:27.655326724
5045.5,1,08:09:27.655351700
5045.5,1,08:09:27.657255120
5045.5,4,08:09:27.657319634
5045.5,2,08:09:27.657355865
5045.5,2,08:09:27.742213467
5045.75,7,08:09:30.060544142
5045.75,2,08:09:30.060597352
5045.75,2,08:09:30.060665616
5045.75,1,08:09:30.060698237
5045.75,4,08:09:30.060750779
5045.75,1,08:09:30.060847815
5045.75,8,08:09:30.060847815
5045.75,3,08:09:30.082853137
5045.75,2,08:09:30.082974790
5045.75,1,08:09:30.082974790
5045.75,1,08:09:30.096038692
5045.75,1,08:09:30.096114833
5045.75,1,08:09:30.184863225
5045.75,1,08:09:30.681487207
5045.75,1,08:09:30.699377128
5045.75,1,08:09:33.075363488
5045.5,1,08:09:34.026793155
5045.75,3,08:09:39.539399761
5045.75,4,08:09:39.539669821
5045.75,1,08:09:39.539967253
5045.75,6,08:09:40.817205611
5045.5,1,08:09:43.588891254
5045.5,3,08:09:44.185600548
5045.5,3,08:09:44.772211681
5045.5,6,08:09:44.772444789
5045.75,2,08:09:45.560566374
5046.0,1,08:09:48.650374998
5046.0,1,08:09:49.716360354
5046.0,1,08:09:49.956651209
5045.75,1,08:09:51.153627360
5045.75,1,08:09:51.821114118
5045.75,1,08:09:53.691627037
5045.75,1,08:09:53.691814967
5045.75,2,08:09:53.691848750
5045.5,28,08:09:58.196436889
5045.25,1,08:09:59.953487757
5045.5,19,08:10:01.249548451
5045.75,2,08:10:01.250493123
5045.75,3,08:10:01.256778462
5046.0,11,08:10:03.564323226
5046.0,1,08:10:03.564387431
5046.25,3,08:10:04.344456891
5046.25,1,08:10:04.344521723
5046.25,1,08:10:04.344725645
5046.25,1,08:10:04.344767511
5046.0,4,08:10:05.721207761
5046.0,4,08:10:05.721259292
5046.0,8,08:10:05.948686680
5046.25,3,08:10:06.364052650
5046.25,1,08:10:07.881454505
5046.0,1,08:10:08.013728954
5046.0,1,08:10:08.013889290
5046.0,5,08:10:08.013978243
5046.0,4,08:10:08.014040061
5046.25,1,08:10:08.302957028
5046.0,2,08:10:10.337442536
5046.0,1,08:10:10.337672700
5046.25,14,08:10:10.360698872
5046.0,6,08:10:10.360698872
5046.25,1,08:10:11.412349004
5046.0,24,08:10:11.458288538
5045.75,16,08:10:11.458288538
5046.0,3,08:10:11.461676420
5046.0,1,08:10:11.461846907
5046.0,1,08:10:11.461883420
5046.0,3,08:10:11.461944653
5046.0,1,08:10:14.082825839
5046.0,5,08:10:18.313010744
5046.0,4,08:10:19.345205870
5046.0,1,08:10:21.941717752
5046.0,2,08:10:22.431349929
5046.0,3,08:10:26.028494007
5046.0,1,08:10:26.028673824
5046.0,1,08:10:26.028716606
5045.75,1,08:10:26.054430682
5046.25,1,08:10:28.043460130
5046.25,1,08:10:28.043523773
5046.0,4,08:10:30.585030918
5046.0,2,08:10:30.585087528
5046.0,2,08:10:30.585167499
5046.0,4,08:10:32.855745968
5046.0,2,08:10:32.855793930
5046.25,3,08:10:34.141940145
5046.25,2,08:10:34.586543398
5046.25,1,08:10:34.586688966
5046.25,1,08:10:35.757284303
5046.25,1,08:10:36.800578960
5046.25,1,08:10:37.453366743
5046.25,2,08:10:37.453414068
5046.25,2,08:10:39.138613404
5046.25,1,08:10:39.212026395
5046.25,8,08:10:39.212399058
5046.5,8,08:10:40.545955203
5046.25,2,08:10:40.545955203
5046.25,1,08:10:40.546208187
5046.25,2,08:10:40.606092253
5046.25,2,08:10:40.606274725
5046.25,5,08:10:46.017612074
5046.5,4,08:10:46.131506963
5046.25,1,08:10:48.961897293
5046.5,1,08:10:50.140077147
5046.5,5,08:10:50.586834699
5046.25,3,08:10:50.780219269
5046.25,1,08:10:50.780282781
5046.25,1,08:10:50.780418211
5046.25,1,08:10:50.780482474
5046.25,6,08:10:50.780573187
5046.25,9,08:10:51.452100267
5046.5,1,08:10:51.452100267
5046.25,7,08:10:51.452471436
5046.25,3,08:10:51.691799263
5046.25,1,08:10:51.691973718
5046.25,1,08:10:51.692016509
5046.25,2,08:10:53.149196870
5046.25,2,08:10:53.149413761
5046.5,1,08:10:55.260845659
5046.5,2,08:10:55.988780103
5046.5,3,08:10:57.686909882
5046.25,1,08:10:59.541606653
5046.25,2,08:10:59.541669480
5046.25,5,08:10:59.557088999
5046.25,12,08:11:04.942557620
5046.0,1,08:11:07.189043378
5046.0,2,08:11:11.606326350
5046.0,1,08:11:11.609824998
5046.25,3,08:11:12.580075834
5046.25,3,08:11:12.580315007
5046.25,2,08:11:12.580415342
5046.25,3,08:11:12.580924546
5046.25,6,08:11:15.170473055
5046.25,1,08:11:15.493772127
5046.25,3,08:11:15.493788466
5046.25,1,08:11:15.493986995
5046.0,24,08:11:18.636588273
5046.0,1,08:11:18.636719689
5046.0,1,08:11:18.636832540
5046.0,2,08:11:18.636832540
5045.75,3,08:11:22.870030490
5045.75,2,08:11:22.870057911
5045.75,1,08:11:22.870195108
5046.0,10,08:11:23.484274886
5046.0,1,08:11:25.043264393
5046.0,2,08:11:26.689092397
5045.75,1,08:11:26.748906216
5045.75,7,08:11:28.501215685
5045.75,2,08:11:30.421806775
5045.75,2,08:11:30.421837096
5045.75,4,08:11:32.174292901
5045.75,1,08:11:32.174318382
5045.75,4,08:11:34.548611987
5045.75,1,08:11:34.658604738
5046.0,2,08:11:37.756561079
5046.0,16,08:11:38.495647856
5046.25,9,08:11:38.495647856
5046.0,6,08:11:40.286682528
5046.0,6,08:11:40.948603599
5046.0,1,08:11:40.948939926
5046.0,3,08:11:42.897061501
5046.25,8,08:11:46.599995092
5046.25,1,08:11:46.600033333
5046.25,11,08:11:46.600186356
5046.25,1,08:11:46.601399562
5046.5,3,08:11:46.907754791
5046.5,1,08:11:46.907983845
5046.5,1,08:11:46.919503710
5046.5,3,08:11:46.919559154
5046.5,1,08:11:46.919590966
5046.25,1,08:11:48.030421218
5046.5,10,08:11:49.764577620
5046.5,2,08:11:49.765119314
5046.5,2,08:11:50.185550242
5046.5,1,08:11:52.724757122
5046.5,2,08:11:54.217041391
5046.5,9,08:11:55.315422231
5046.5,1,08:11:55.315631744
5046.5,1,08:11:55.315674749
5046.5,1,08:11:55.315757837
5046.5,3,08:11:57.331693383
5046.5,29,08:11:57.332062706
5046.5,1,08:11:59.204325678
5046.5,1,08:11:59.204353135
5046.5,1,08:11:59.204497339
5046.5,1,08:11:59.204568527
5046.5,2,08:11:59.204568527
5046.5,1,08:11:59.204601248
5046.5,1,08:11:59.233776064
5046.5,4,08:12:02.028696517
5046.25,2,08:12:03.928514761
5046.25,1,08:12:03.928708953
5046.25,1,08:12:03.928738420
5046.25,4,08:12:03.928787874
5046.25,1,08:12:05.168879788
5046.5,15,08:12:06.387551821
5046.5,1,08:12:06.388242274
5046.5,1,08:12:06.388358448
5046.5,1,08:12:06.388496239
5046.5,2,08:12:06.388558603
5046.5,1,08:12:06.787690716
5046.5,1,08:12:07.697892598
5046.5,5,08:12:08.505801821
5046.5,1,08:12:08.726022800
5046.5,3,08:12:08.726071828
5046.5,3,08:12:08.726210707
5046.5,2,08:12:08.726468448
5046.5,1,08:12:09.101621801
5046.5,1,08:12:11.802846527
5046.5,1,08:12:11.803035421
5046.5,1,08:12:12.223063154
5046.5,1,08:12:12.696792167
5046.75,2,08:12:13.443498998
5046.75,1,08:12:13.690707675
5046.5,1,08:12:14.136502426
5046.75,1,08:12:14.977789388
5046.5,2,08:12:17.120997283
5046.5,2,08:12:17.121167509
5046.5,1,08:12:17.518230083
5046.5,6,08:12:18.965165579
5046.5,1,08:12:19.748927714
5046.5,19,08:12:21.161702559
5046.5,1,08:12:21.162000252
5046.5,4,08:12:21.162045926
5046.5,1,08:12:21.162080877
5046.5,2,08:12:21.162177522
5046.5,1,08:12:21.162227526
5046.5,1,08:12:21.162284817
5046.5,2,08:12:24.026699394
5047.0,13,08:12:25.949367442
5046.75,12,08:12:25.949367442
5047.0,1,08:12:25.949387174
5046.75,3,08:12:29.990180167
5046.75,3,08:12:29.990298100
5046.75,1,08:12:29.990298100
5046.75,1,08:12:29.990359169
5046.75,1,08:12:29.990407401
5046.5,1,08:12:30.509713550
5046.5,3,08:12:31.763520234
5046.5,2,08:12:31.763679205
5046.5,1,08:12:31.763746786
5046.5,1,08:12:31.763939597
5046.5,1,08:12:31.763974798
5046.5,1,08:12:31.764066684
5046.75,11,08:12:31.975456345
5046.75,5,08:12:31.977400459
5046.5,30,08:12:33.008262415
5046.75,4,08:12:33.008262415
5046.5,5,08:12:33.008404559
5046.5,1,08:12:33.008707670
5046.5,12,08:12:33.009178284
5046.5,1,08:12:33.009465685
5046.5,1,08:12:33.009625429
5046.5,1,08:12:33.009695062
5046.5,15,08:12:33.403441232
5046.5,2,08:12:34.454197513
5046.25,9,08:12:35.064277880
5046.0,1,08:12:35.064289877
5046.25,3,08:12:35.629534763
5046.25,1,08:12:35.629699531
5046.25,6,08:12:35.629786303
5046.25,2,08:12:35.629838741
5046.25,4,08:12:37.059893815
5046.25,19,08:12:37.060170269
5046.25,1,08:12:37.060331082
5046.5,1,08:12:37.065473876
5047.0,7,08:12:40.353949786
5046.75,18,08:12:40.353949786
5046.75,1,08:12:40.354372338
5046.5,13,08:12:40.876005423
5046.5,1,08:12:40.876239623
5046.5,1,08:12:40.876285562
5046.5,1,08:12:42.496376944
5046.25,9,08:12:42.914754766
5046.25,8,08:12:42.914807893
5046.0,4,08:12:42.916572469
5046.0,1,08:12:42.917275933
5046.0,5,08:12:42.918258122
5046.0,3,08:12:42.924247558
5046.0,2,08:12:42.924291242
5046.0,2,08:12:42.924612110
5046.0,1,08:12:42.926568796
5046.0,3,08:12:42.984373895
5046.0,1,08:12:44.777113670
5046.0,3,08:12:46.354552088
5046.0,6,08:12:46.354930508
5046.0,3,08:12:46.403148865
5046.0,2,08:12:46.751862050
5046.0,6,08:12:46.751898735
5046.0,3,08:12:47.444357699
5046.0,1,08:12:47.444390545
5046.0,3,08:12:50.282883393
5046.0,1,08:12:50.516889508
5046.0,3,08:12:51.748665995
5046.25,1,08:12:52.017135608
5046.25,1,08:12:53.517446144
5046.25,1,08:12:55.017619738
5046.25,1,08:12:55.019465657
5046.25,1,08:12:56.516793148
5046.0,2,08:12:57.813632992
5046.25,1,08:12:58.017020021
5046.25,2,08:12:58.393884185
5046.0,18,08:12:58.811041605
5046.0,6,08:12:59.499719137
5046.0,3,08:12:59.499882728
5046.25,1,08:12:59.517157120
5046.25,1,08:12:59.961386371
5046.5,18,08:13:00.367639519
5046.25,7,08:13:00.367639519
5046.5,1,08:13:01.017906825
5046.5,1,08:13:01.018088511
5046.5,1,08:13:01.224157826
5046.5,2,08:13:01.224624815
5046.5,1,08:13:01.224779134
5046.5,1,08:13:01.224920379
5046.5,2,08:13:01.749108070
5046.5,1,08:13:01.749384770
5046.5,1,08:13:02.517594207
5046.5,1,08:13:04.016778137
5046.25,9,08:13:04.422583395
5046.25,2,08:13:05.032676890
5046.25,1,08:13:05.516920020
5046.0,1,08:13:06.341580730
5046.0,1,08:13:06.341750919
5046.0,1,08:13:06.341831615
5046.0,1,08:13:06.341878288
5046.0,2,08:13:06.355391853
5046.25,1,08:13:07.017143860
5046.0,1,08:13:08.519767024
5046.0,1,08:13:08.583256826
5046.0,1,08:13:08.583325473
5046.0,3,08:13:08.583325473
5046.0,1,08:13:09.164777689
5046.0,1,08:13:09.165131663
5046.0,1,08:13:09.165788842
5046.0,5,08:13:09.211752684
5046.5,22,08:13:09.926510146
5046.75,31,08:13:09.926510146
5046.25,9,08:13:09.926510146
5047.25,22,08:13:09.926510146
5047.0,36,08:13:09.926510146
5047.25,1,08:13:09.927152569
5047.25,1,08:13:09.927160518
5047.25,1,08:13:09.927166729
5046.75,1,08:13:09.928369182
5046.75,1,08:13:09.928824394
5046.75,1,08:13:09.928936934
5046.75,1,08:13:09.929359432
5046.75,1,08:13:09.929568189
5046.75,1,08:13:09.929612301
5046.75,1,08:13:09.938259868
5046.75,1,08:13:09.938453827
5046.75,7,08:13:09.942755958
5046.75,1,08:13:09.942795914
5046.75,1,08:13:09.943142885
5046.75,1,08:13:09.943185740
5046.75,1,08:13:10.018956944
5046.5,19,08:13:10.034862787
5046.25,2,08:13:10.112167594
5046.25,1,08:13:10.112459977
5046.25,2,08:13:10.113261148
5046.5,1,08:13:10.140211653
5046.5,1,08:13:10.148921006
5046.0,1,08:13:10.786465171
5046.25,1,08:13:11.518138754
5046.25,1,08:13:12.931099964
5046.25,1,08:13:13.025599597
5046.25,3,08:13:13.588322462
5046.25,1,08:13:13.588397451
5046.25,2,08:13:13.588397451
5046.5,1,08:13:14.525056917
5046.5,1,08:13:14.663475539
5046.5,3,08:13:15.004245571
5046.75,1,08:13:16.024248455
5046.5,4,08:13:16.767797375
5046.75,1,08:13:17.523382061
5046.5,5,08:13:17.898389525
5046.5,3,08:13:17.899670795
5046.75,1,08:13:19.022553211
5046.75,1,08:13:19.036521563
5046.75,1,08:13:19.036710357
5046.75,1,08:13:19.336424150
5046.75,1,08:13:19.447501852
5046.75,2,08:13:20.259272057
5046.75,1,08:13:20.259415801
5046.75,1,08:13:20.521689049
5047.0,3,08:13:20.827591568
5046.75,2,08:13:20.827591568
5046.75,1,08:13:20.828449480
5046.75,1,08:13:20.828522861
5046.75,1,08:13:20.828729940
5046.75,1,08:13:21.138622010
5046.75,1,08:13:21.139827439
5046.75,1,08:13:21.241531682
5046.75,1,08:13:21.357223264
5047.0,1,08:13:22.021025798
5047.0,7,08:13:22.718084317
5047.0,1,08:13:22.718477730
5047.0,1,08:13:22.718520249
5047.0,1,08:13:22.718572532
5047.0,1,08:13:22.718722138
5047.0,1,08:13:22.718756824
5047.0,2,08:13:22.849464922
5047.0,1,08:13:22.849737573
5047.25,1,08:13:23.520453503
5047.0,4,08:13:23.567094383
5047.0,1,08:13:24.463877220
5047.0,1,08:13:24.464595423
5047.25,1,08:13:25.028474430
5046.75,3,08:13:26.028557651
5047.0,1,08:13:26.028557651
5047.0,1,08:13:26.029901422
5047.0,2,08:13:26.030093970
5047.25,1,08:13:26.527670984
5047.0,1,08:13:27.177421352
5047.25,7,08:13:27.765082685
5047.25,1,08:13:27.765927474
5047.5,1,08:13:28.027003159
5047.5,1,08:13:28.027012212
5047.5,1,08:13:28.105939402
5047.25,5,08:13:28.742707548
5047.5,11,08:13:29.248153983
5047.5,14,08:13:29.248346268
5047.5,3,08:13:29.250929787
5047.5,1,08:13:29.251127650
5047.5,1,08:13:29.251177033
5047.5,1,08:13:29.276073480
5047.5,1,08:13:29.308880698
5047.5,2,08:13:29.394678435
5047.5,1,08:13:29.526081563
5047.5,1,08:13:29.666118916
5047.5,3,08:13:30.275913815
5047.5,1,08:13:30.934662800
5047.75,1,08:13:31.025302620
5047.75,1,08:13:31.025313426
5047.75,26,08:13:31.477882180
5047.5,1,08:13:31.478091743
5047.75,24,08:13:31.478091743
5047.5,2,08:13:31.478137699
5047.75,1,08:13:31.478504968
5047.75,1,08:13:31.478832135
5047.75,1,08:13:32.524492400
5047.75,5,08:13:33.300463101
5047.75,3,08:13:33.300823607
5047.75,2,08:13:33.301047084
5047.75,1,08:13:33.301308325
5047.75,1,08:13:34.027285482
5047.75,1,08:13:35.522902945
5047.75,1,08:13:35.798575225
5047.5,2,08:13:36.116409075
5047.5,7,08:13:36.116486840
5047.5,3,08:13:36.116486840
5047.5,6,08:13:36.116541256
5047.5,1,08:13:36.116617770
5047.5,1,08:13:36.116717225
5047.5,4,08:13:36.116717225
5047.5,1,08:13:37.022152049
5047.5,1,08:13:37.022460331
5047.5,1,08:13:38.521323542
5047.5,1,08:13:39.006492788
5047.5,1,08:13:40.020501581
5047.25,19,08:13:41.209171593
5047.25,1,08:13:41.519687643
5047.25,3,08:13:41.920705061
5047.25,3,08:13:41.921066829
5047.25,9,08:13:41.921638853
5047.25,1,08:13:41.921750225
5047.25,1,08:13:41.921774174
5047.25,1,08:13:43.026553931
5047.0,13,08:13:43.959947994
5047.0,6,08:13:44.320301813
5047.0,1,08:13:44.524746033
5046.75,32,08:13:45.121522879
5046.75,1,08:13:45.121610443
5046.75,2,08:13:45.121746458
5046.75,1,08:13:45.121814239
5046.75,1,08:13:45.121882250
5046.75,1,08:13:45.122033703
5046.75,1,08:13:45.122077601
5046.75,1,08:13:45.122168721
5046.75,1,08:13:45.122426616
5046.75,1,08:13:46.022923785
5046.75,1,08:13:47.521107176
5046.75,1,08:13:47.524918002
5046.75,1,08:13:47.524942524
5046.75,2,08:13:47.525282131
5046.75,1,08:13:47.525563528
5046.75,1,08:13:47.525834232
5046.75,1,08:13:47.587183469
5046.75,2,08:13:47.587610761
5047.0,1,08:13:49.019316398
5046.5,24,08:13:49.635376627
5046.5,16,08:13:49.635678217
5046.75,4,08:13:49.636150950
5046.75,1,08:13:49.636223181
5046.5,1,08:13:49.636302297
5046.75,1,08:13:49.636350679
5046.75,7,08:13:49.636416315
5046.75,1,08:13:49.636446335
5046.75,1,08:13:49.636784457
5046.75,1,08:13:49.636856154
5046.75,2,08:13:49.638761575
5046.5,1,08:13:49.938298293
5046.5,1,08:13:50.011584421
5046.5,2,08:13:50.376986058
5046.5,1,08:13:50.386562042
5046.5,2,08:13:50.389223734
5046.5,1,08:13:50.389456875
5046.5,6,08:13:54.522777383
5046.5,1,08:13:54.522857433
5046.5,2,08:13:54.523034620
5046.5,1,08:13:54.523084477
5046.75,1,08:13:54.714678513
5046.5,5,08:13:54.859161015
5046.5,1,08:13:54.859249631
5046.5,1,08:13:55.608632433
5046.5,6,08:13:57.228924910
5046.5,4,08:13:57.229141469
5046.5,1,08:13:57.726190124
5046.5,1,08:13:57.726233087
5046.5,2,08:13:57.726560125
5046.5,3,08:13:57.726619041
5046.5,1,08:13:57.726797947
5046.75,6,08:13:58.123066751
5046.25,23,08:14:01.623554433
5046.0,28,08:14:01.623554433
5045.75,31,08:14:01.623554433
5046.5,13,08:14:01.623554433
5045.5,25,08:14:01.623554433
5045.5,1,08:14:01.623829475
5045.25,3,08:14:01.623836285
5045.5,2,08:14:01.623836285
5046.25,2,08:14:01.625461870
5046.0,1,08:14:01.628672568
5046.25,1,08:14:01.628868286
5046.0,1,08:14:01.628868286
5046.0,1,08:14:01.628976062
5045.75,1,08:14:01.629850483
5045.75,1,08:14:01.629900670
5045.75,1,08:14:01.630087502
5045.75,2,08:14:01.630158290
5045.75,1,08:14:01.630242474
5045.75,1,08:14:01.630373181
5045.75,1,08:14:01.630413512
5045.75,1,08:14:01.630566008
5045.75,1,08:14:01.634972336
5045.75,1,08:14:01.635043800
5045.75,3,08:14:01.635305579
5045.75,1,08:14:01.635363183
5045.75,4,08:14:01.635962349
5045.5,10,08:14:01.655870539
5045.5,3,08:14:01.731158601
5045.5,1,08:14:01.731435996
5045.5,2,08:14:01.731486646
5045.5,1,08:14:01.731551909
5045.5,4,08:14:01.731719557
5045.5,4,08:14:01.845967282
5045.5,6,08:14:01.906913732
5045.75,2,08:14:01.908871647
5046.0,1,08:14:02.137216723
5046.0,4,08:14:02.758685616
5046.0,3,08:14:02.759053758
5045.75,15,08:14:06.982347939
5045.75,19,08:14:06.982626694
5045.75,11,08:14:06.982799456
5045.75,4,08:14:06.983065317
5045.75,1,08:14:06.983065317
5046.0,4,08:14:06.983367611
5046.0,11,08:14:06.983655924
5046.0,7,08:14:06.984025054
5046.25,2,08:14:06.999102910
5046.5,8,08:14:08.192122700
5046.5,17,08:14:08.192424159
5046.5,5,08:14:08.192743781
5046.5,1,08:14:08.192841982
5046.5,4,08:14:08.192841982
5046.5,1,08:14:08.193004555
5046.25,18,08:14:08.864604061
5046.25,5,08:14:08.932495564
5046.25,4,08:14:09.138324466
5046.25,1,08:14:09.284809386
5046.25,5,08:14:09.305951673
5046.0,1,08:14:11.015048643
5046.25,1,08:14:11.840281585
5046.5,19,08:14:16.934965241
5046.5,6,08:14:16.935244530
5046.25,6,08:14:16.945810589
5046.25,1,08:14:19.708607804
5046.25,2,08:14:19.744838795
5046.0,1,08:14:22.305279480
5046.0,25,08:14:22.412548504
5046.0,2,08:14:22.412687166
5045.75,4,08:14:23.253803508
5045.75,1,08:14:23.253930913
5045.75,2,08:14:23.254021036
5046.0,1,08:14:23.286011014
5046.0,4,08:14:23.286285470
5046.0,1,08:14:23.286428742
5046.0,4,08:14:23.286728551
5046.0,1,08:14:23.341236063
5046.0,1,08:14:23.551745710
5046.0,2,08:14:24.427852408
5046.0,1,08:14:25.096979432
5046.0,1,08:14:26.053146472
5046.0,8,08:14:31.005496574
5045.75,10,08:14:31.005496574
5046.25,5,08:14:31.005761261
5046.0,1,08:14:31.005761261
5046.0,1,08:14:31.006095306
5046.0,1,08:14:31.006226160
5046.0,1,08:14:33.045907505
5046.0,1,08:14:34.226026872
5046.0,1,08:14:34.675470353
5046.0,1,08:14:34.867756886
5046.0,1,08:14:34.867955898
5046.0,1,08:14:36.259841503
5046.0,1,08:14:38.691956212
5045.75,2,08:14:44.633651399
5045.75,4,08:14:45.913348385
5045.75,3,08:14:45.913553877
5045.75,1,08:14:45.913553877
5045.75,2,08:14:45.930574814
5045.75,7,08:14:45.930953737
5045.75,1,08:14:45.931667927
5045.5,10,08:14:46.503719240
5045.75,1,08:14:46.634010159
5045.5,9,08:14:47.912376912
5045.5,1,08:14:47.912706643
5045.5,1,08:14:48.649870066
5045.75,6,08:14:50.147942145
5045.75,1,08:14:50.148179065
5045.75,5,08:14:50.517117146
5046.0,1,08:14:51.758589096
5045.75,2,08:14:52.220660964
5045.75,1,08:14:52.220861202
5045.75,4,08:14:52.220973760
5045.75,2,08:14:52.221717801
5045.75,3,08:14:52.424328520
5045.75,1,08:14:52.424615829
5045.75,2,08:14:52.424912129
5045.5,1,08:14:57.583955229
5045.5,2,08:14:57.583981709
5045.5,1,08:14:57.584163780
5045.25,3,08:14:57.598226328
5045.25,1,08:14:57.598238505
5045.25,2,08:14:57.598290182
5045.25,1,08:14:57.603028275
5045.25,4,08:14:58.292238221
5045.5,1,08:14:58.395378038
5045.25,1,08:14:58.731523749
5045.5,4,08:14:59.595810308
5045.25,2,08:15:00.024599564
5045.25,1,08:15:00.024637734
5045.25,1,08:15:00.024668250
5045.25,1,08:15:00.025083855
5045.25,2,08:15:00.025228297
5045.5,8,08:15:00.026044332
5045.5,3,08:15:00.027627679
5045.75,1,08:15:00.034133535
5045.75,5,08:15:00.042860353
5045.75,3,08:15:00.042907273
5045.75,1,08:15:00.043020779
5045.75,1,08:15:00.043107293
5046.0,5,08:15:00.044821090
5046.0,3,08:15:00.044830275
5046.25,5,08:15:00.044830275
5046.5,4,08:15:00.044830275
5046.5,4,08:15:00.044950696
5046.75,7,08:15:00.044950696
5047.0,5,08:15:00.044950696
5047.25,4,08:15:00.044950696
5047.25,11,08:15:00.044957071
5047.75,4,08:15:00.044957071
5047.5,5,08:15:00.044957071
5048.0,1,08:15:00.045284556
5048.0,4,08:15:00.045293253
5048.0,1,08:15:00.045371057
5048.0,1,08:15:00.045380750
5048.0,1,08:15:00.045384289
5048.0,1,08:15:00.045391038
5046.5,2,08:15:00.045879112
5046.75,1,08:15:00.046188510
5046.75,2,08:15:00.046362754
5046.75,1,08:15:00.046549199
5047.0,1,08:15:00.046644404
5047.25,2,08:15:00.046644404
5047.25,1,08:15:00.046679352
5046.75,1,08:15:00.046745123
5046.75,1,08:15:00.046831099
5047.0,2,08:15:00.046926416
5047.0,1,08:15:00.046926416
5047.0,1,08:15:00.046961933
5047.0,1,08:15:00.047195539
5047.0,1,08:15:00.047304955
5047.25,1,08:15:00.047350012
5047.25,1,08:15:00.047645775
5047.25,1,08:15:00.047724032
5047.5,2,08:15:00.047770766
5047.0,1,08:15:00.047801573
5047.75,3,08:15:00.048000188
5047.75,1,08:15:00.048030502
5047.25,1,08:15:00.048099032
5047.25,1,08:15:00.048216826
5047.25,1,08:15:00.048347229
5047.25,3,08:15:00.048494665
5047.25,1,08:15:00.048709607
5047.5,1,08:15:00.048811312
5047.0,1,08:15:00.049003817
5047.25,3,08:15:00.049944662
5047.25,1,08:15:00.052999047
5047.0,1,08:15:00.056526178
5047.25,7,08:15:00.074942980
5047.0,1,08:15:00.140471547
5047.0,1,08:15:00.335146470
5047.0,2,08:15:00.593273355
5047.0,4,08:15:00.614593956
5047.0,1,08:15:00.614808896
5047.0,1,08:15:00.614872775
5047.0,1,08:15:00.614899592
5047.0,1,08:15:00.615114816
5046.75,2,08:15:00.619850914
5046.75,4,08:15:00.619909619
5047.0,2,08:15:01.196568023
5047.25,1,08:15:01.273752072
5047.25,1,08:15:01.273952232
5047.0,3,08:15:01.278960902
5047.0,1,08:15:01.279482212
5046.75,2,08:15:01.379272235
5046.75,1,08:15:01.409551583
5046.75,3,08:15:01.409578719
5046.75,2,08:15:01.544627067
5046.75,3,08:15:01.864397485
5046.5,2,08:15:01.864397485
5046.5,7,08:15:01.936761088
5046.5,1,08:15:01.937150767
5046.5,2,08:15:02.020965741
5046.75,4,08:15:02.020965741
5046.5,8,08:15:02.791797485
5046.5,2,08:15:02.863894544
5046.5,1,08:15:02.864079588
5046.25,1,08:15:02.865047297
5046.25,5,08:15:02.865121584
5046.0,2,08:15:02.871292680
5046.0,2,08:15:02.871480585
5046.25,1,08:15:03.019387281
5045.75,2,08:15:03.047677098
5045.75,2,08:15:03.052246131
5045.75,2,08:15:03.083699458
5045.75,1,08:15:03.083725931
5045.75,1,08:15:03.084058127
5045.5,1,08:15:03.087181287
5045.5,5,08:15:03.088169585
5045.25,1,08:15:03.124432859
5045.25,3,08:15:03.124450750
5045.0,4,08:15:03.124450750
5044.25,7,08:15:03.124450750
5044.0,8,08:15:03.124450750
5044.75,5,08:15:03.124450750
5044.25,5,08:15:03.124450750
5043.75,3,08:15:03.124450750
5045.0,1,08:15:03.124450750
5044.5,7,08:15:03.124450750
5043.75,2,08:15:03.124649591
5043.75,1,08:15:03.124657186
5043.5,2,08:15:03.124657186
5043.5,1,08:15:03.124662934
5043.25,2,08:15:03.124729348
5043.5,1,08:15:03.124729348
5044.25,1,08:15:03.125102946
5045.0,1,08:15:03.125138524
5044.5,5,08:15:03.126132681
5044.75,15,08:15:03.126132681
5044.5,2,08:15:03.126270506
5044.5,1,08:15:03.126553347
5044.25,4,08:15:03.126746688
5044.5,1,08:15:03.126746688
5044.5,1,08:15:03.127240893
5044.5,2,08:15:03.127367452
5044.5,3,08:15:03.127583118
5044.5,1,08:15:03.127634507
5044.75,1,08:15:03.128407013
5044.75,23,08:15:03.128655513
5045.0,1,08:15:03.128976871
5045.0,2,08:15:03.129228121
5045.5,2,08:15:03.133786283
5045.25,5,08:15:03.136562677
5045.25,1,08:15:03.136741363
5045.25,2,08:15:03.136792810
5045.0,3,08:15:03.139704410
5045.0,1,08:15:03.139734088
5044.75,1,08:15:03.142401502
5044.75,4,08:15:03.168412706
5045.0,1,08:15:03.297548600
5044.5,1,08:15:03.359298816
5045.0,2,08:15:03.366893374
5045.0,6,08:15:03.367005421
5045.25,3,08:15:03.367777551
5045.25,1,08:15:03.367816637
5045.25,9,08:15:03.368079058
5045.25,4,08:15:03.585782240
5045.25,1,08:15:03.586001691
5045.0,1,08:15:03.586400914
5045.0,5,08:15:03.586477784
5045.25,4,08:15:03.586624401
5045.0,1,08:15:03.586964277
5045.25,1,08:15:03.735978097
5045.5,5,08:15:03.761309355
5045.75,2,08:15:03.761309355
5045.25,1,08:15:03.761309355
5045.5,1,08:15:03.858270519
5045.25,1,08:15:03.884744203
5045.75,3,08:15:03.942376402
5046.0,1,08:15:03.957233819
5045.5,2,08:15:04.207642527
5045.5,1,08:15:04.237450518
5045.5,5,08:15:04.644714094
5045.5,1,08:15:04.644964521
5045.5,1,08:15:04.645091958
5045.5,4,08:15:04.645091958
5045.5,1,08:15:04.645127446
5045.25,1,08:15:04.646300443
5043.5,5,08:15:05.329913281
5045.0,7,08:15:05.329913281
5044.75,12,08:15:05.329913281
5044.0,1,08:15:05.329913281
5043.75,5,08:15:05.329913281
5043.25,6,08:15:05.329913281
5044.5,3,08:15:05.329913281
5044.25,6,08:15:05.329913281
5045.25,5,08:15:05.329913281
5044.25,1,08:15:05.330798183
5044.25,1,08:15:05.330848599
5044.5,29,08:15:05.331075398
5044.25,5,08:15:05.331154935
5044.25,1,08:15:05.331248924
5044.5,1,08:15:05.331431705
5044.5,30,08:15:05.331431705
5044.5,1,08:15:05.331460004
5044.5,1,08:15:05.331657341
5044.5,2,08:15:05.331772638
5044.5,1,08:15:05.331815198
5044.5,1,08:15:05.333462127
5044.5,1,08:15:05.333998957
5044.25,7,08:15:05.373546597
5044.5,3,08:15:05.373918012
5044.5,3,08:15:05.374128366
5044.75,3,08:15:05.379310434
5044.75,1,08:15:05.379475539
5044.5,3,08:15:05.461498403
5045.0,1,08:15:05.576265566
5044.5,1,08:15:06.124602271
5044.5,3,08:15:06.224019253
5044.25,4,08:15:06.373219721
5044.0,1,08:15:06.373242193
5043.75,1,08:15:06.456688576
5043.75,1,08:15:06.457015267
5043.75,5,08:15:06.457279163
5043.75,1,08:15:06.457459152
5043.5,2,08:15:06.566947178
5043.25,1,08:15:06.567839247
5043.25,1,08:15:06.567874185
5043.25,1,08:15:06.569094980
5043.25,3,08:15:06.569306237
5043.25,2,08:15:06.569385191
5043.25,4,08:15:06.569436790
5043.25,1,08:15:06.571935026
5043.25,1,08:15:06.571967327
5043.0,1,08:15:06.572074523
5043.0,2,08:15:06.572087467
5043.0,1,08:15:06.572087467
5043.0,1,08:15:06.572298966
5043.0,6,08:15:06.572328771
5042.75,2,08:15:06.573469101
5043.0,1,08:15:06.573469101
5042.75,2,08:15:06.573482602
5042.75,5,08:15:06.573749916
5043.0,1,08:15:06.573813716
5043.0,1,08:15:06.574047407
5043.25,1,08:15:06.577301345
5043.0,1,08:15:06.679040969
5043.25,1,08:15:06.797925556
5043.25,3,08:15:06.797997726
5043.25,1,08:15:06.798225507
5043.25,1,08:15:06.798366563
5043.5,4,08:15:06.798513445
5043.5,1,08:15:06.798725047
5043.5,1,08:15:06.799453401
5043.25,1,08:15:06.805222723
5043.25,1,08:15:06.805305301
5043.25,3,08:15:06.805413473
5043.0,1,08:15:06.828285990
5043.0,2,08:15:06.848237661
5043.5,3,08:15:06.952556140
5043.5,2,08:15:06.953080001
5043.5,2,08:15:06.953320338
5043.5,1,08:15:06.953570942
5043.5,1,08:15:06.953602139
5043.5,1,08:15:06.970199705
5043.5,1,08:15:06.970271062
5043.5,1,08:15:06.970421066
5043.5,1,08:15:06.970636827
5043.5,1,08:15:07.100408938
5043.5,1,08:15:07.100575130
5043.5,1,08:15:07.100600932
5043.5,1,08:15:07.100641336
5043.75,2,08:15:07.101137739
5043.75,1,08:15:07.101318313
5044.0,1,08:15:07.102947008
5044.0,1,08:15:07.103119194
5044.0,1,08:15:07.188526827
5044.25,1,08:15:07.269474049
5044.0,1,08:15:07.338357619
5044.0,1,08:15:07.381935707
5044.0,1,08:15:07.443383596
5044.0,3,08:15:07.443428084
5044.0,2,08:15:07.443725888
5044.0,1,08:15:07.443767530
5044.0,2,08:15:07.654129531
5044.0,1,08:15:07.654341913
5044.25,1,08:15:07.728295464
5044.0,1,08:15:07.931969197
5044.0,1,08:15:07.983215499
5044.25,3,08:15:08.519525839
5044.25,2,08:15:08.519724016
5044.25,1,08:15:08.913006296
5044.25,2,08:15:08.913056501
5044.5,2,08:15:09.350815256
5044.5,1,08:15:09.416525318
5044.75,3,08:15:09.419577401
5044.5,1,08:15:09.705924098
5044.5,1,08:15:10.160492094
5044.5,2,08:15:10.409808526
5044.5,2,08:15:10.410247748
5044.5,2,08:15:10.410297557
5044.25,1,08:15:10.430403113
5044.25,4,08:15:10.430463338
5044.5,4,08:15:10.788614443
5044.25,1,08:15:10.788919952
5044.25,1,08:15:11.046602192
5044.25,3,08:15:11.046825950
5044.5,1,08:15:11.048747512
5044.75,1,08:15:11.976189906
5044.5,7,08:15:12.445410173
5044.25,1,08:15:12.445827705
5044.25,5,08:15:12.445879920
5044.5,1,08:15:12.726758670
5044.5,4,08:15:12.925931004
5044.5,1,08:15:12.926122410
5044.75,3,08:15:12.932384577
5044.5,2,08:15:13.197303460
5044.5,1,08:15:13.229364867
5044.5,1,08:15:13.702774239
5044.5,5,08:15:14.499023869
5044.5,3,08:15:14.499082911
5044.5,2,08:15:14.499215445
5044.5,3,08:15:14.499262703
5044.5,2,08:15:14.948844341
5044.5,5,08:15:14.953502288
5044.5,1,08:15:14.953665287
5044.25,2,08:15:15.012861589
5044.25,3,08:15:15.013087875
5044.0,4,08:15:15.029329535
5044.0,7,08:15:15.125645290
5044.25,6,08:15:15.127019641
5044.25,1,08:15:15.127273333
5044.5,1,08:15:15.177444193
5044.5,1,08:15:15.299562443
5044.5,1,08:15:15.299813008
5044.5,1,08:15:15.676764682
5044.5,2,08:15:15.676976738
5044.5,1,08:15:15.761666947
5044.5,3,08:15:15.986986911
5044.5,1,08:15:15.987338646
5044.5,3,08:15:16.084068803
5044.5,1,08:15:16.164304108
5044.75,1,08:15:16.189847401
5044.5,1,08:15:16.390661847
5044.5,1,08:15:16.390863679
5044.75,6,08:15:16.506628374
5044.75,2,08:15:16.506741778
5044.75,1,08:15:16.506862709
5044.75,1,08:15:16.879351927
5044.75,6,08:15:16.879452783
5044.75,2,08:15:16.879547239
5044.75,3,08:15:16.879547239
5044.75,1,08:15:16.879781365
5044.5,2,08:15:16.933115665
5044.75,1,08:15:17.023804699
5044.5,1,08:15:17.229165450
5044.75,1,08:15:17.495814915
5044.5,1,08:15:17.771244096
5044.75,1,08:15:18.064028666
5044.75,1,08:15:18.308857055
5044.75,4,08:15:18.383367230
5044.75,1,08:15:20.506720150
5044.75,5,08:15:20.506804212
5045.0,4,08:15:20.602410331
5045.0,1,08:15:20.602583452
5045.0,1,08:15:20.602821025
5045.0,1,08:15:20.603003463
5045.0,3,08:15:20.907746346
5045.0,5,08:15:20.945987638
5045.25,7,08:15:20.945987638
5045.25,3,08:15:21.315203390
5045.25,1,08:15:21.315231329
5045.25,1,08:15:21.315388353
5045.25,1,08:15:21.315428795
5045.0,2,08:15:21.813416308
5045.0,1,08:15:21.813505155
5045.0,7,08:15:21.813505155
5045.0,3,08:15:21.813551571
5044.75,3,08:15:21.814588385
5044.75,1,08:15:21.814757567
5044.5,5,08:15:21.994164912
5044.75,1,08:15:21.995902954
5044.75,1,08:15:21.996001365
5044.75,1,08:15:21.996110404
5045.0,2,08:15:22.280364462
5045.0,4,08:15:22.280439154
5045.0,3,08:15:22.280517020
5045.0,1,08:15:22.280570260
5045.0,3,08:15:22.280712045
5045.0,3,08:15:22.281671163
5045.25,2,08:15:22.552599777
5045.0,7,08:15:23.233867210
5045.0,10,08:15:23.239909889
5045.0,1,08:15:23.583664022
5044.75,1,08:15:23.689860499
5045.0,4,08:15:24.463982638
5045.0,1,08:15:24.464203250
5045.0,1,08:15:25.036697422
5045.5,7,08:15:25.045204930
5045.25,8,08:15:25.045204930
5045.25,6,08:15:25.045848273
5045.25,6,08:15:25.046200320
5045.25,1,08:15:25.046358838
5045.25,2,08:15:25.063916369
5045.25,4,08:15:25.063985305
5045.5,1,08:15:25.624335438
5045.25,1,08:15:26.444750625
5045.25,7,08:15:26.445027450
5045.25,5,08:15:26.718240018
5045.25,1,08:15:26.718563046
5045.25,3,08:15:26.722876824
5045.25,1,08:15:26.730687705
5045.5,2,08:15:27.403996810
5045.25,1,08:15:27.700958384
5045.25,3,08:15:27.714706413
5045.0,8,08:15:27.715934406
5045.0,1,08:15:28.072976032
5044.75,3,08:15:30.023457341
5044.75,1,08:15:30.023688338
5044.75,1,08:15:30.023812443
5044.75,1,08:15:30.024214346
5044.75,1,08:15:30.302791361
5044.75,3,08:15:30.303027881
5044.75,1,08:15:30.338790389
5044.5,6,08:15:31.046850045
5044.5,1,08:15:31.391104720
5044.5,1,08:15:31.865157501
5044.5,1,08:15:31.865203943
5044.5,4,08:15:31.865331277
5044.5,2,08:15:32.365032069
5044.5,1,08:15:32.365191601
5044.5,1,08:15:32.365233471
5044.25,2,08:15:32.491891077
5044.25,5,08:15:32.492088831
5044.0,1,08:15:32.547669034
5044.25,2,08:15:32.848232812
5044.0,9,08:15:33.141110600
5043.75,2,08:15:33.266984346
5044.0,3,08:15:33.358742595
5044.0,3,08:15:33.358789133
5044.0,1,08:15:33.358826923
5044.0,2,08:15:33.358932733
5044.0,1,08:15:33.358969758
5044.0,1,08:15:33.359045199
5043.75,10,08:15:33.844926106
5043.75,4,08:15:33.906111789
5043.75,3,08:15:34.052605187
5043.75,4,08:15:34.052831946
5043.75,5,08:15:34.450630900
5044.0,4,08:15:34.593624597
5044.0,2,08:15:34.593668562
5044.0,1,08:15:34.593739437
5044.0,2,08:15:34.622994141
5043.75,1,08:15:34.734150111
5044.0,1,08:15:37.265321786
5044.0,6,08:15:37.265630659
5044.0,1,08:15:37.265980103
5043.75,3,08:15:37.334464229
5044.0,2,08:15:37.334464229
5044.0,4,08:15:37.335035604
5044.0,5,08:15:37.382806515
5044.25,1,08:15:37.672540069
5044.25,2,08:15:38.040787758
5044.25,3,08:15:38.040917677
5044.25,1,08:15:38.161105702
5044.5,1,08:15:38.442965876
5044.25,10,08:15:38.750908354
5044.25,1,08:15:38.751148732
5044.25,4,08:15:38.751283570
5044.25,1,08:15:38.751283570
5044.25,1,08:15:38.936758610
5044.25,2,08:15:40.951606784
5044.25,1,08:15:40.999168377
5044.25,2,08:15:40.999464242
5044.25,1,08:15:41.458614303
5044.25,1,08:15:41.458645285
5044.25,1,08:15:41.459110553
5044.25,1,08:15:41.459523051
5044.25,1,08:15:41.460243961
5044.25,2,08:15:41.460704681
5044.25,1,08:15:43.353463282
5044.5,2,08:15:43.353691732
5044.25,1,08:15:43.943277656
5044.25,2,08:15:43.943903224
5044.25,2,08:15:44.121564276
5044.25,1,08:15:44.121727383
5044.0,1,08:15:44.924092985
5044.0,1,08:15:44.924255042
5044.0,2,08:15:44.924311933
5044.0,1,08:15:44.924475258
5044.0,6,08:15:44.924708674
5044.0,1,08:15:45.762323028
5044.0,1,08:15:45.762343064
5044.0,1,08:15:45.887293871
5044.0,1,08:15:46.640630852
5044.0,1,08:15:46.640699009
5044.0,1,08:15:46.640734092
5043.75,1,08:15:46.640933621
5044.0,2,08:15:46.641442916
5044.0,1,08:15:46.641661563
5044.0,1,08:15:46.641963115
5044.0,1,08:15:46.641998514
5043.75,2,08:15:46.795859861
5044.0,1,08:15:47.058543405
5043.75,1,08:15:48.482776107
5044.0,1,08:15:48.545977739
5044.0,8,08:15:48.722760857
5044.0,1,08:15:49.070107177
5044.0,1,08:15:49.070195246
5044.0,2,08:15:49.070195246
5044.0,4,08:15:49.909600981
5044.0,1,08:15:49.909664275
5044.0,2,08:15:49.909664275
5044.0,1,08:15:49.933214983
5044.0,2,08:15:50.503258309
5044.0,1,08:15:50.503351187
5044.0,7,08:15:50.603357584
5044.0,6,08:15:50.603693744
5044.0,1,08:15:50.603823059
5044.0,1,08:15:50.603939874
5044.0,1,08:15:50.603974265
5044.0,1,08:15:50.877724637
5043.75,8,08:15:50.898088396
5044.0,2,08:15:50.898088396
5044.0,3,08:15:52.054324612
5044.0,1,08:15:52.055371927
5044.0,2,08:15:52.055419208
5044.0,2,08:15:52.055567562
5043.75,1,08:15:52.321034474
5044.25,1,08:15:52.604689922
5043.75,3,08:15:52.638797088
5043.75,10,08:15:52.998545333
5044.0,2,08:15:53.376679285
5044.0,1,08:15:53.379858271
5044.0,1,08:15:53.380429303
5044.0,1,08:15:53.869962602
5044.0,1,08:15:54.698789196
5044.0,7,08:15:54.725356946
5044.0,1,08:15:54.725658261
5044.0,1,08:15:54.725691945
5044.0,1,08:15:54.726649660
5044.0,2,08:15:54.802425356
5043.75,1,08:15:55.058223779
5043.75,4,08:15:56.005797038
5043.75,2,08:15:56.005912873
5043.75,3,08:15:56.005912873
5043.75,1,08:15:56.006031039
5043.75,2,08:15:56.473511877
5043.75,4,08:15:56.473581622
5043.75,1,08:15:56.473652462
5044.0,1,08:15:56.633003877
5043.75,5,08:15:58.070996804
5043.75,1,08:16:00.343683309
5043.75,1,08:16:00.560813405
5044.0,1,08:16:01.819373176
5044.0,2,08:16:02.062774932
5043.75,1,08:16:02.686208520
5044.25,1,08:16:02.921313435
5044.25,1,08:16:03.047092969
5044.25,2,08:16:03.047137759
5044.25,2,08:16:03.047175049
5044.25,1,08:16:03.047218968
5044.25,1,08:16:03.049250791
5044.25,1,08:16:03.049436229
5044.25,1,08:16:03.049484802
5044.25,2,08:16:03.069327054
5044.5,1,08:16:03.069935027
5044.5,1,08:16:03.070125060
5044.5,2,08:16:03.070149578
5044.5,3,08:16:03.129289080
5044.5,1,08:16:03.274670791
5044.5,1,08:16:03.911517328
5044.75,1,08:16:04.697879308
5044.75,1,08:16:04.697895993
5045.0,1,08:16:05.261980557
5045.0,1,08:16:05.262170173
5045.0,1,08:16:05.262327302
5045.0,1,08:16:05.262497917
5045.25,3,08:16:05.809277504
5045.5,3,08:16:05.809292174
5045.5,1,08:16:05.809292174
5045.25,4,08:16:05.809836856
5045.25,2,08:16:05.811373429
5045.25,1,08:16:05.811589126
5045.25,2,08:16:05.813075236
5045.25,1,08:16:05.813136645
5045.5,1,08:16:05.848588704
5045.5,6,08:16:05.848711113
5045.75,3,08:16:05.878171323
5046.0,1,08:16:05.878182472
5046.0,6,08:16:05.990785238
5046.0,1,08:16:05.990974468
5046.0,1,08:16:06.004728393
5046.0,2,08:16:06.004912809
5046.0,2,08:16:06.004956305
5046.0,2,08:16:06.005010823
5046.0,1,08:16:06.005108026
5046.0,1,08:16:06.005429648
5046.25,6,08:16:06.151368501
5046.25,1,08:16:06.151706672
5046.25,2,08:16:06.154813652
5046.5,1,08:16:06.180672889
5046.5,1,08:16:06.548922142
5046.5,1,08:16:06.549090002
5046.5,1,08:16:06.622331208
5046.5,1,08:16:06.648889985
5046.5,1,08:16:06.853027519
5046.5,1,08:16:06.853106036
5046.5,2,08:16:06.853146930
5046.5,1,08:16:06.853743063
5046.5,1,08:16:06.853912442
5046.5,2,08:16:06.853912442
5046.5,3,08:16:06.853912442
5046.5,3,08:16:06.853952421
5046.5,1,08:16:06.853952421
5046.5,1,08:16:06.853990895
5046.5,1,08:16:06.854035616
5046.5,3,08:16:06.854208221
5046.75,1,08:16:07.357796209
5046.5,2,08:16:07.563568665
5046.5,5,08:16:07.563680565
5046.25,2,08:16:07.564583652
5046.25,3,08:16:07.564685352
5046.25,3,08:16:07.564862114
5046.25,3,08:16:07.564922112
5046.25,1,08:16:07.565211348
5046.25,1,08:16:07.565395015
5046.25,1,08:16:07.710274916
5046.0,3,08:16:08.786632124
5046.0,4,08:16:08.786828899
5045.75,7,08:16:08.789135102
5045.75,2,08:16:08.793570856
5045.75,3,08:16:08.793630467
5045.75,1,08:16:08.793770191
5046.0,11,08:16:09.116561575
5046.25,1,08:16:09.339937150
5046.25,2,08:16:10.317503723
5046.0,1,08:16:10.477508540
5046.25,2,08:16:10.514565644
5046.25,1,08:16:12.703077243
5046.5,21,08:16:12.980751637
5046.25,4,08:16:12.980751637
5046.25,1,08:16:13.457633281
5046.0,1,08:16:14.393681649
5046.0,1,08:16:15.040012167
5046.0,2,08:16:15.040087184
5046.0,1,08:16:15.040087184
5046.0,3,08:16:15.040138582
5046.0,1,08:16:15.163842815
5045.75,5,08:16:15.233763505
5045.75,1,08:16:15.234091934
5045.75,2,08:16:16.375540330
5045.75,1,08:16:16.375607448
5045.75,1,08:16:16.375636126
5045.75,1,08:16:16.375886957
5045.75,2,08:16:16.376081492
5045.75,2,08:16:16.376132613
5045.75,1,08:16:16.501182746
5046.0,4,08:16:16.555819399
5045.75,1,08:16:16.555819399
5045.75,1,08:16:16.556300705
5045.75,2,08:16:16.556486825
5045.75,1,08:16:16.670498725
5045.75,2,08:16:16.802287166
5045.75,5,08:16:16.802417326
5045.75,1,08:16:16.802417326
5046.0,1,08:16:17.943773317
5046.0,1,08:16:18.809500685
5045.75,10,08:16:18.901141675
5045.75,1,08:16:19.056464257
5046.0,3,08:16:19.056464257
5046.0,3,08:16:20.901139454
5046.0,1,08:16:20.901393737
5046.0,2,08:16:20.901393737
5046.0,4,08:16:20.902013793
5046.0,1,08:16:20.902329906
5046.0,1,08:16:20.907638454
5046.0,2,08:16:20.907748926
5046.0,1,08:16:20.907748926
5046.0,7,08:16:20.917984800
5045.75,8,08:16:20.921028369
5045.75,1,08:16:21.119747661
5045.75,1,08:16:22.199144945
5045.75,3,08:16:23.072132262
5045.75,1,08:16:23.072329341
5045.75,1,08:16:23.072430510
5045.75,11,08:16:23.336189503
5046.0,4,08:16:23.336189503
5045.75,1,08:16:23.336480671
5045.75,4,08:16:23.336581038
5045.75,1,08:16:23.336742932
5045.75,1,08:16:23.336848982
5045.5,1,08:16:23.997457406
5045.75,3,08:16:24.245729361
5045.75,1,08:16:24.245917570
5045.75,2,08:16:24.246182221
5046.0,2,08:16:24.319928846
5046.0,1,08:16:24.320045360
5046.0,1,08:16:24.320151412
5046.0,8,08:16:24.320257889
5046.25,5,08:16:25.165845597
5046.25,1,08:16:25.165979661
5046.25,1,08:16:25.166089410
5046.25,1,08:16:25.166096902
5046.25,1,08:16:25.166435526
5046.25,1,08:16:25.166543423
5046.25,1,08:16:25.171327377
5046.0,1,08:16:25.949198457
5046.0,13,08:16:25.952036424
5046.0,1,08:16:26.266405546
5046.0,1,08:16:27.579199404
5046.0,1,08:16:28.825362488
5046.0,1,08:16:28.928334205
5046.0,1,08:16:31.569208475
5046.0,4,08:16:31.658662124
5046.0,3,08:16:31.659949694
5046.0,1,08:16:31.660434108
5046.0,3,08:16:31.660528692
5046.0,1,08:16:31.660634109
5046.0,2,08:16:31.660762160
5046.25,8,08:16:32.028432414
5046.25,1,08:16:32.028763934
5046.5,2,08:16:33.572544604
5046.5,2,08:16:33.572560880
5046.5,1,08:16:33.572725676
5046.25,3,08:16:34.305906017
5046.25,2,08:16:34.306691928
5046.25,2,08:16:34.680107456
5046.25,1,08:16:34.680170145
5046.25,1,08:16:34.680316106
5046.25,1,08:16:34.827756048
5046.5,3,08:16:35.091912074
5046.25,5,08:16:36.329408489
5046.25,1,08:16:36.329622577
5046.25,1,08:16:36.329672519
5046.0,1,08:16:37.396305683
5046.25,1,08:16:38.870174731
5046.25,1,08:16:38.870204997
5046.25,2,08:16:38.870247365
5046.25,1,08:16:38.870371192
5046.25,1,08:16:40.287440771
5046.25,4,08:16:40.287551605
5046.25,1,08:16:40.287584659
5046.25,1,08:16:40.989747377
5046.25,1,08:16:40.990049905
5046.25,7,08:16:41.210578047
5046.25,2,08:16:41.211222425
5046.25,1,08:16:41.211343672
5046.25,2,08:16:41.211343672
5046.25,2,08:16:41.211544457
5046.25,1,08:16:41.211724041
5046.5,18,08:16:42.597814609
5046.5,8,08:16:42.598150636
5046.5,1,08:16:42.598401086
5046.5,1,08:16:43.430765242
5046.5,8,08:16:45.350458127
5046.75,16,08:16:45.350458127
5046.75,8,08:16:45.859360943
5046.75,1,08:16:45.859389638
5046.75,1,08:16:45.859427850
5046.75,1,08:16:45.859481781
5046.75,1,08:16:45.859518546
5046.75,1,08:16:45.859738967
5046.75,2,08:16:45.859796286
5046.75,2,08:16:45.859924139
5046.75,1,08:16:45.859964859
5046.75,1,08:16:45.860027661
5046.75,1,08:16:45.860107972
5046.75,1,08:16:45.860216982
5046.75,5,08:16:46.162173743
5047.0,2,08:16:47.329240931
5047.0,2,08:16:47.483967172
5047.0,2,08:16:47.796081276
5047.0,8,08:16:47.796359135
5047.25,1,08:16:48.170484637
5047.25,3,08:16:48.513924218
5047.25,1,08:16:48.514099491
5047.25,1,08:16:48.514142126
5047.25,1,08:16:48.514264803
5047.25,5,08:16:48.521029055
5047.25,1,08:16:48.521208502
5047.5,1,08:16:48.601285107
5047.5,1,08:16:48.601347579
5047.5,2,08:16:48.601392654
5047.5,3,08:16:48.601458166
5047.5,3,08:16:48.601574117
5047.75,3,08:16:48.601682779
5047.5,1,08:16:48.601682779
5047.5,1,08:16:49.578194405
5047.5,4,08:16:49.578276998
5047.5,4,08:16:49.578355141
5047.5,2,08:16:49.578403231
5047.5,1,08:16:49.578712447
5047.5,1,08:16:49.732331952
5047.5,3,08:16:49.822957293
5047.75,2,08:16:49.822957293
5047.5,1,08:16:49.823275047
5047.5,1,08:16:49.823491951
5047.5,1,08:16:49.823523212
5047.5,5,08:16:49.973899314
5047.25,6,08:16:50.254633937
5047.25,11,08:16:50.254983394
5047.25,1,08:16:50.255182617
5047.25,1,08:16:50.255251092
5047.25,7,08:16:50.255333019
5047.25,1,08:16:50.255333019
5047.25,2,08:16:50.255532656
5047.25,1,08:16:50.255628638
5047.25,1,08:16:50.255704853
5047.25,7,08:16:51.119651621
5047.25,2,08:16:51.149599463
5047.25,2,08:16:51.149670303
5047.25,2,08:16:51.149912394
5047.25,4,08:16:51.282847547
5047.0,5,08:16:52.756693579
5047.0,4,08:16:52.756756691
5047.0,2,08:16:52.756789220
5047.0,1,08:16:52.757040121
5047.0,1,08:16:53.333479521
5046.75,10,08:16:54.670385595
5046.75,3,08:16:54.672143557
5046.75,1,08:16:54.672331424
5046.75,1,08:16:54.672368375
5046.75,1,08:16:54.672507257
5046.75,1,08:16:54.892621240
5046.75,2,08:16:55.405913579
5046.75,2,08:16:55.405985196
5046.75,1,08:16:55.406068117
5046.75,1,08:16:55.790388815
5046.5,1,08:16:56.508812922
5046.75,1,08:16:58.616501897
5046.75,1,08:16:58.788557433
5046.75,1,08:16:58.788708732
5046.75,1,08:16:58.788735440
5046.75,2,08:16:58.788767322
5046.75,1,08:16:58.788890918
5046.75,1,08:16:58.788931364
5046.75,1,08:16:58.789157516
5046.75,2,08:17:00.401632345
5046.75,1,08:17:00.401676931
5046.75,1,08:17:00.401765068
5046.75,2,08:17:00.401765068
5046.75,7,08:17:00.402144963
5046.75,1,08:17:00.402272831
5046.75,1,08:17:00.402318790
5046.75,1,08:17:00.402355105
5046.75,2,08:17:00.402392853
5046.75,2,08:17:00.570286444
5046.75,1,08:17:00.570317695
5046.75,1,08:17:01.636636331
5046.75,4,08:17:01.636904214
5047.0,4,08:17:02.129621080
5047.0,2,08:17:02.240875310
5047.0,1,08:17:02.241040593
5047.0,1,08:17:02.241082005
5047.0,1,08:17:02.241137933
5047.0,1,08:17:02.403187345
5047.25,8,08:17:02.469965269
5047.25,1,08:17:02.470143266
5047.25,1,08:17:03.788427424
5047.25,1,08:17:04.151169971
5047.0,1,08:17:06.011933244
5047.0,1,08:17:06.012139338
5047.0,1,08:17:06.012478068
5047.0,2,08:17:06.673812041
5047.0,1,08:17:08.303440574
5047.0,1,08:17:08.303607334
5047.0,1,08:17:08.303770151
5047.0,1,08:17:08.307026774
5046.75,1,08:17:08.698674494
5047.0,9,08:17:08.698674494
5046.75,8,08:17:09.253067503
5046.75,1,08:17:09.316937383
5046.75,1,08:17:11.982613449
5046.75,2,08:17:12.055891869
5046.5,13,08:17:12.055891869
5046.5,1,08:17:12.055909732
5046.5,12,08:17:13.334878772
5046.75,1,08:17:15.721196674
5046.5,1,08:17:17.038679859
5046.75,1,08:17:17.812955367
5046.5,1,08:17:20.265009728
5046.5,2,08:17:20.265095262
5046.5,1,08:17:20.265095262
5046.5,2,08:17:20.439303840
5046.75,1,08:17:20.847108580
5046.75,1,08:17:21.776466910
5046.75,1,08:17:21.776651055
5046.75,1,08:17:21.776701344
5046.75,1,08:17:21.776730378
5046.75,1,08:17:21.776837683
5046.75,1,08:17:22.949330861
5046.5,2,08:17:25.778671582
5046.5,1,08:17:25.778810941
5046.5,1,08:17:25.778854461
5046.5,4,08:17:25.778940242
5046.5,3,08:17:25.786741581
5046.5,5,08:17:25.786992523
5046.75,2,08:17:25.788028679
5046.75,1,08:17:25.788197168
5046.75,3,08:17:25.788359149
5046.75,1,08:17:27.500901988
5046.75,7,08:17:27.501028416
5046.75,6,08:17:28.475106355
5046.75,2,08:17:28.475142573
5046.75,1,08:17:28.823153258
5046.75,1,08:17:31.294753911
5047.0,1,08:17:34.028898643
5047.0,1,08:17:35.652523997
5046.75,1,08:17:35.982840525
5046.75,1,08:17:35.984325583
5046.75,1,08:17:35.984483535
5046.75,1,08:17:35.984526278
5046.75,1,08:17:35.984596878
5046.75,2,08:17:35.984746590
5046.75,1,08:17:35.984746590
5046.75,1,08:17:35.984815793
5046.5,5,08:17:35.985467961
5046.5,1,08:17:35.985480563
5046.5,2,08:17:35.986014247
5046.25,3,08:17:35.991729929
5046.25,1,08:17:35.991739552
5046.25,15,08:17:35.991982793
5046.25,12,08:17:35.992589215
5046.25,1,08:17:35.992796409
5046.25,4,08:17:35.992971907
5046.25,1,08:17:35.992971907
5046.25,1,08:17:35.993118842
5046.25,2,08:17:35.993118842
5046.25,1,08:17:35.993165031
5046.25,2,08:17:35.993263119
5046.5,2,08:17:35.996245775
5046.5,1,08:17:36.900787081
5046.5,1,08:17:36.901216561
5046.5,2,08:17:37.586112364
5046.5,5,08:17:37.586351961
5046.5,3,08:17:37.926603971
5046.75,2,08:17:39.650917957
5046.75,3,08:17:39.651118923
5046.75,2,08:17:39.651142911
5047.0,1,08:17:39.691199155
5047.0,2,08:17:39.692338200
5047.25,2,08:17:39.733270741
5047.25,2,08:17:39.733317394
5047.25,1,08:17:39.733386077
5047.25,2,08:17:39.733386077
5047.25,4,08:17:39.733437685
5047.25,3,08:17:39.733538036
5047.25,1,08:17:39.733538036
5047.25,6,08:17:39.733983654
5047.25,2,08:17:39.734185514
5047.25,1,08:17:39.736546560
5047.25,1,08:17:39.736593544
5047.25,3,08:17:39.740540587
5047.25,1,08:17:39.740753646
5047.25,2,08:17:39.743719608
5047.25,1,08:17:39.743868724
5047.25,2,08:17:40.774749278
5047.0,1,08:17:42.366990502
5047.25,1,08:17:44.435503074
5047.0,2,08:17:46.783208938
5047.0,3,08:17:46.783277562
5047.0,2,08:17:46.783495038
5047.0,1,08:17:46.783692664
5047.25,2,08:17:47.758550691
5047.25,1,08:17:48.616356830
5047.0,2,08:17:49.235994607
5047.0,1,08:17:49.236168908
5047.0,1,08:17:49.236437793
5047.0,1,08:17:49.236626613
5047.0,1,08:17:49.236706026
5047.0,2,08:17:49.236706026
5047.0,1,08:17:49.236745076
5047.0,1,08:17:49.236892614
5047.25,1,08:17:49.917377643
5047.25,2,08:17:50.420117455
5047.25,3,08:17:50.420349040
5047.25,4,08:17:50.420388491
5047.5,8,08:17:50.551580256
5047.5,1,08:17:50.551593885
5048.25,15,08:17:51.235720244
5047.75,10,08:17:51.235720244
5048.0,25,08:17:51.235720244
5048.25,10,08:17:51.235750040
5048.5,5,08:17:51.235750040
5048.5,1,08:17:51.235757429
5048.5,1,08:17:51.235893173
5048.5,1,08:17:51.235900126
5048.0,1,08:17:51.236776098
5048.0,1,08:17:51.236820410
5048.0,1,08:17:51.237513918
5048.0,1,08:17:51.237616760
5048.0,1,08:17:51.237923564
5048.0,1,08:17:51.238062278
5047.75,5,08:17:51.835053261
5047.75,1,08:17:51.835221226
5047.75,1,08:17:51.835430740
5047.75,3,08:17:51.835682974
5047.75,1,08:17:52.324422212
5047.5,1,08:17:52.547957720
5047.75,1,08:17:53.017803805
5048.0,1,08:17:53.815971806
5048.0,1,08:17:55.143084744
5048.0,2,08:17:55.156590841
5048.0,2,08:17:55.156665085
5048.0,1,08:17:55.156700266
5048.0,1,08:17:55.514728336
5048.25,6,08:17:56.286414069
5048.5,2,08:17:56.289353072
5048.5,2,08:17:56.297498375
5048.5,1,08:17:56.297673832
5048.5,1,08:17:56.297826472
5048.5,2,08:17:56.305703063
5048.5,1,08:17:56.305740353
5048.25,2,08:17:56.313747606
5048.25,10,08:17:56.314049217
5048.0,5,08:17:56.316590200
5048.0,1,08:17:56.316753593
5048.0,1,08:17:56.316806381
5048.0,1,08:17:56.316871506
5048.0,1,08:17:56.316954454
5048.0,1,08:17:56.317060524
5048.0,1,08:17:56.317139139
5048.25,1,08:17:56.938142969
5048.25,1,08:17:56.938153967
5048.25,3,08:17:57.717010230
5048.0,1,08:17:58.817181899
5048.0,1,08:17:59.298493628
5048.0,3,08:17:59.854227740
5048.0,2,08:17:59.854315366
5048.0,1,08:17:59.854487642
5048.0,1,08:17:59.854524966
5048.0,1,08:17:59.855741450
5048.0,3,08:17:59.855827132
5048.0,1,08:17:59.855827132
5048.0,2,08:17:59.856028051
5048.0,1,08:17:59.856285336
5048.0,1,08:17:59.856715575
5048.0,2,08:17:59.856763882
5048.0,11,08:18:00.229781041
5048.0,4,08:18:00.282386469
5048.0,3,08:18:00.282712322
5048.0,1,08:18:00.282875676
5048.0,3,08:18:00.420638285
5048.0,1,08:18:00.835195021
5048.0,1,08:18:00.846039685
5048.0,1,08:18:00.846212626
5048.0,1,08:18:00.846260536
5048.0,1,08:18:02.989087376
5048.0,2,08:18:03.996125171
5048.0,1,08:18:03.996305389
5048.0,1,08:18:03.996354196
5048.0,4,08:18:03.996602700
5048.0,1,08:18:03.996817582
5048.0,3,08:18:03.997310241
5048.0,1,08:18:04.061323614
5048.25,3,08:18:04.509788836
5048.25,4,08:18:05.218909803
5048.25,1,08:18:06.044339941
5048.25,1,08:18:06.425918024
5048.25,16,08:18:06.486950702
5048.5,1,08:18:06.571844049
5048.25,3,08:18:06.782483323
5048.5,20,08:18:07.118508581
5048.5,11,08:18:07.119195228
5048.5,1,08:18:07.119601643
5048.5,1,08:18:07.119687021
5048.5,2,08:18:07.126767573
5048.5,2,08:18:07.126829069
5048.5,1,08:18:07.127006304
5048.5,1,08:18:07.127039914
5048.5,4,08:18:07.127470111
5048.5,1,08:18:07.127902985
5048.5,1,08:18:07.127990922
5048.5,1,08:18:07.130381630
5048.5,2,08:18:07.418668588
5048.5,3,08:18:07.546077435
5048.5,2,08:18:07.575864574
5048.75,1,08:18:08.170144671
5048.75,5,08:18:08.170155579
5048.5,3,08:18:08.179701641
5048.5,2,08:18:08.179842943
5048.5,1,08:18:08.179842943
5048.5,1,08:18:08.184008633
5048.5,3,08:18:08.184337372
5048.75,1,08:18:08.610988542
5048.75,1,08:18:08.976423438
5048.75,1,08:18:09.419544538
5048.5,1,08:18:09.474059445
5048.5,5,08:18:10.001951838
5048.5,1,08:18:10.250305442
5048.5,1,08:18:10.260387694
5048.5,2,08:18:10.281697359
5048.75,2,08:18:10.388315723
5048.75,4,08:18:10.425024956
5048.75,17,08:18:11.025266866
5049.5,4,08:18:11.025266866
5049.0,31,08:18:11.025266866
5049.25,48,08:18:11.025266866
5049.5,1,08:18:11.025338710
5049.5,1,08:18:11.025343632
5049.5,1,08:18:11.025351837
5049.5,1,08:18:11.025360964
5049.5,1,08:18:11.025366973
5049.0,2,08:18:11.026535400
5049.5,3,08:18:11.026904431
5049.25,2,08:18:11.026904431
5049.0,1,08:18:11.027235664
5049.0,1,08:18:11.027305953
5049.0,1,08:18:11.027508278
5049.0,1,08:18:11.028121339
5049.0,1,08:18:11.028259438
5049.0,1,08:18:11.030063199
5049.0,1,08:18:11.030099750
5049.0,1,08:18:11.054953123
5048.75,8,08:18:11.529337430
5048.75,1,08:18:11.750537376
5048.75,1,08:18:11.756472163
5048.75,1,08:18:11.888139871
5048.75,7,08:18:11.909964794
5048.75,3,08:18:12.352409525
5048.5,9,08:18:12.836769621
5048.25,1,08:18:12.863781341
5048.5,7,08:18:13.121822526
5048.5,1,08:18:13.180755533
5048.25,15,08:18:13.550210193
5048.0,2,08:18:13.591411194
5048.25,1,08:18:13.615557207
5048.25,1,08:18:13.722107654
5048.0,1,08:18:14.089950932
5048.0,1,08:18:14.090117134
5048.0,2,08:18:14.153627244
5048.0,4,08:18:14.153882884
5048.0,1,08:18:14.853332500
5048.25,1,08:18:14.922383381
5048.0,10,08:18:14.968425402
5048.0,1,08:18:15.043433344
5048.0,1,08:18:15.994455859
5048.0,1,08:18:16.049217165
5048.0,1,08:18:16.049559150
5048.0,1,08:18:16.064317118
5048.0,7,08:18:16.393888301
5047.75,3,08:18:16.393888301
5048.0,7,08:18:16.429509059
5048.0,1,08:18:16.429629627
5048.0,1,08:18:16.429682166
5048.0,1,08:18:16.429697453
5048.25,1,08:18:19.328685497
5048.0,2,08:18:19.360747895
5048.0,1,08:18:19.360777191
5047.75,1,08:18:20.007118809
5048.0,5,08:18:20.208202263
5048.0,6,08:18:20.208279631
5048.25,1,08:18:20.384007918
5048.25,13,08:18:21.043082173
5048.5,1,08:18:23.662620903
5048.5,6,08:18:24.081932583
5048.5,31,08:18:24.082195913
5048.5,1,08:18:24.082450610
5048.25,3,08:18:24.082728231
5048.25,1,08:18:24.082870735
5048.25,1,08:18:24.083135116
5048.25,1,08:18:24.083201735
5048.25,1,08:18:24.083436053
5048.25,1,08:18:24.083627705
5048.25,1,08:18:24.083686263
5048.25,1,08:18:24.083793363
5048.25,1,08:18:24.458901415
5048.5,1,08:18:25.481168710
5048.25,1,08:18:27.057815188
5048.25,1,08:18:27.698688278
5048.5,1,08:18:28.217268143
5048.5,1,08:18:28.667612069
5048.5,6,08:18:28.667719082
5048.5,1,08:18:28.667879124
5048.5,4,08:18:28.667879124
5048.5,2,08:18:28.667879124
5048.75,1,08:18:29.759559741
5048.75,1,08:18:29.759725971
5048.75,2,08:18:29.759783272
5048.75,1,08:18:29.759894145
5048.75,1,08:18:29.759966978
5048.5,5,08:18:30.433510396
5048.5,1,08:18:30.433822242
5048.25,5,08:18:30.435084299
5048.25,6,08:18:30.435171443
5048.25,2,08:18:30.435323761
5048.25,2,08:18:30.435479840
5048.25,1,08:18:30.435509492
5048.25,2,08:18:30.438191745
5048.0,20,08:18:30.438673985
5048.25,2,08:18:30.438779551
5048.0,1,08:18:30.439126890
5048.0,1,08:18:30.439241484
5048.0,1,08:18:30.439273831
5048.0,1,08:18:30.439418413
5048.0,4,08:18:30.439418413
5048.0,2,08:18:30.439643236
5048.0,1,08:18:30.439810440
5048.0,1,08:18:30.445893558
5048.25,3,08:18:30.534053681
5048.5,1,08:18:30.937996309
5048.5,2,08:18:31.443574284
5048.5,9,08:18:31.800322997
5048.5,1,08:18:32.277226292
5048.75,1,08:18:32.304791686
5048.75,5,08:18:33.302495021
5048.75,1,08:18:33.326518283
5048.5,1,08:18:33.912133372
5048.75,6,08:18:34.192818893
5048.75,2,08:18:34.193369481
5048.75,3,08:18:34.193452495
5048.75,1,08:18:34.193841512
5048.75,2,08:18:34.194063488
5049.0,8,08:18:34.301664407
5049.0,1,08:18:34.301680436
5049.0,1,08:18:34.301947482
5049.0,1,08:18:34.302089613
5049.0,3,08:18:34.302605347
5049.0,1,08:18:34.303082308
5049.0,7,08:18:35.165058243
5049.25,3,08:18:35.371955416
5049.25,5,08:18:35.508657810
5049.25,5,08:18:36.233081319
5049.25,1,08:18:36.233439230
5049.25,2,08:18:36.233490142
5049.25,3,08:18:36.891432345
5049.25,1,08:18:37.485183588
5049.25,2,08:18:37.616290995
5049.25,1,08:18:37.616611792
5049.5,1,08:18:37.641453768
5049.75,3,08:18:37.812838449
5049.5,17,08:18:37.812838449
5049.75,2,08:18:37.812848721
5049.5,2,08:18:37.813634996
5049.5,4,08:18:37.813709830
5049.5,1,08:18:37.813808227
5049.5,1,08:18:37.813858702
5049.5,1,08:18:37.814075923
5049.5,1,08:18:37.814217170
5049.5,2,08:18:37.814432603
5049.5,2,08:18:37.814476524
5049.5,1,08:18:37.814653356
5049.5,1,08:18:37.814813017
5049.5,1,08:18:37.814855971
5049.5,3,08:18:37.815401528
5049.5,1,08:18:37.994109331
5049.5,1,08:18:37.995424655
5049.25,3,08:18:38.647874905
5049.0,2,08:18:38.662252121
5049.0,3,08:18:38.662486950
5049.0,4,08:18:38.662584082
5049.0,4,08:18:38.996720746
5049.0,2,08:18:38.996765275
5049.25,1,08:18:39.043755145
5049.0,1,08:18:39.373761220
5049.0,1,08:18:40.041734700
5049.0,2,08:18:41.546165655
5049.25,25,08:18:41.881531900
5049.25,1,08:18:41.881614689
5049.25,1,08:18:41.882604934
5049.25,1,08:18:41.883777322
5049.25,1,08:18:41.883850936
5049.25,1,08:18:41.883886207
5049.25,1,08:18:41.884471708
5049.25,1,08:18:41.885069914
5049.25,1,08:18:41.885131344
5049.25,2,08:18:41.885417314
5049.25,1,08:18:42.039499362
5049.25,1,08:18:42.043748529
5049.25,2,08:18:42.170845249
5049.25,5,08:18:42.338795361
5049.25,1,08:18:42.339117592
5049.0,1,08:18:43.986593120
5049.25,2,08:18:44.048573919
5049.0,14,08:18:44.067171709
5049.0,1,08:18:44.433292662
5048.75,4,08:18:44.585649339
5048.75,4,08:18:45.551062985
5048.75,1,08:18:45.551302542
5048.75,1,08:18:45.551353682
5048.75,1,08:18:45.551463819
5048.75,2,08:18:45.551463819
5048.75,2,08:18:45.551577261
5048.75,1,08:18:45.551577261
5048.75,1,08:18:46.451120645
5048.75,1,08:18:52.053602913
5048.75,1,08:18:52.086690953
5048.5,1,08:18:52.188243184
5048.75,1,08:18:52.753819652
5048.5,9,08:18:55.088222018
5048.5,1,08:18:55.502080843
5048.5,1,08:18:56.153537910
5048.5,2,08:18:56.153751144
5048.5,1,08:18:56.154005011
5048.5,1,08:18:56.154115269
5048.5,4,08:18:56.154115269
5048.75,1,08:18:56.868550156
5048.75,1,08:18:57.179211311
5048.75,1,08:18:57.230127099
5048.75,3,08:18:57.773449770
5048.75,4,08:18:57.773964127
5048.75,3,08:18:57.774047657
5048.75,2,08:18:58.148091364
5048.75,2,08:18:58.768431764
5048.75,3,08:18:58.768577632
5048.75,2,08:18:58.779682864
5048.75,4,08:18:58.779801913
5048.75,2,08:18:58.779842666
5048.75,1,08:19:00.052158332
5048.75,3,08:19:00.052189616
5048.75,2,08:19:00.052189616
5048.75,3,08:19:00.052324157
5048.75,1,08:19:00.076459635
5048.75,2,08:19:00.333325439
5048.5,29,08:19:00.476630917
5048.75,3,08:19:00.476630917
5048.5,6,08:19:02.338891011
5048.5,25,08:19:02.339308563
5048.5,1,08:19:02.935506121
5048.75,7,08:19:03.118068314
5048.75,4,08:19:03.118443903
5048.75,3,08:19:03.118502634
5048.75,1,08:19:03.118616867
5048.75,1,08:19:03.118744716
5048.75,2,08:19:03.646742423
5048.75,2,08:19:03.646781054
5048.75,1,08:19:05.757435124
5048.5,4,08:19:05.767023586
5048.5,4,08:19:05.767084087
5048.5,2,08:19:05.767084087
5048.5,1,08:19:05.779230741
5048.5,2,08:19:09.054622711
5048.5,4,08:19:09.054712014
5048.5,1,08:19:10.005478485
5048.5,3,08:19:10.334950334
5048.5,2,08:19:10.334994097
5048.5,1,08:19:10.335066314
5048.5,4,08:19:11.624762509
5048.5,1,08:19:11.627354757
5048.75,1,08:19:13.967959141
5048.75,3,08:19:13.968011992
5048.75,2,08:19:13.968165945
5048.75,1,08:19:13.968165945
5048.75,3,08:19:13.968165945
5048.75,4,08:19:13.968199943
5049.0,23,08:19:14.607810410
5049.0,1,08:19:14.770174047
5049.0,2,08:19:14.770322185
5049.0,15,08:19:14.770368211
5049.0,8,08:19:14.770368211
5049.0,1,08:19:14.770461342
5049.0,1,08:19:14.770579659
5049.0,1,08:19:14.772084399
5049.0,1,08:19:14.772200968
5049.0,1,08:19:14.798627197
5049.0,1,08:19:15.013610581
5049.0,2,08:19:16.971784423
5049.25,1,08:19:17.475276523
5049.0,4,08:19:18.068235393
5049.0,4,08:19:19.817637613
5049.0,2,08:19:19.817711589
5049.0,1,08:19:19.817711589
5049.0,1,08:19:20.164357921
5049.25,1,08:19:20.338660325
5049.25,1,08:19:20.692140772
5049.0,1,08:19:21.369617936
5049.0,2,08:19:21.369682715
5049.0,1,08:19:21.551019023
5049.0,2,08:19:22.085765649
5049.0,2,08:19:22.085862736
5049.0,2,08:19:22.085917911
5049.0,1,08:19:22.203075327
5049.25,1,08:19:24.818160560
5049.0,1,08:19:26.108790488
5048.75,12,08:19:26.832948496
5048.75,6,08:19:27.199745084
5049.0,1,08:19:28.298744544
5049.0,2,08:19:30.009325958
5049.0,1,08:19:30.009494877
5049.0,1,08:19:30.009523939
5049.0,1,08:19:30.009571863
5049.0,2,08:19:30.059083090
5049.0,3,08:19:30.059490093
5049.0,1,08:19:30.059604476
5049.0,1,08:19:30.059803334
5049.0,1,08:19:30.494126282
5049.25,5,08:19:32.796591392
5049.25,1,08:19:32.796616894
5049.25,2,08:19:32.796734730
5049.25,12,08:19:32.796842896
5049.25,1,08:19:32.796875190
5049.25,1,08:19:33.848452704
5049.25,1,08:19:34.037161873
5049.25,6,08:19:34.037256162
5049.25,1,08:19:34.301671190
5049.25,1,08:19:34.302104399
5049.25,5,08:19:34.522605322
5049.25,2,08:19:34.673353086
5049.25,2,08:19:35.053978195
5049.25,2,08:19:35.054192535
5049.25,1,08:19:36.068402665
5049.25,1,08:19:37.077966504
5049.25,1,08:19:37.614229610
5049.25,2,08:19:39.532443236
5049.25,3,08:19:39.532536102
5049.25,1,08:19:39.532823724
5049.25,2,08:19:39.533028439
5049.25,1,08:19:39.533979610
5049.25,1,08:19:39.810552311
5049.25,2,08:19:41.768624368
5049.25,1,08:19:41.768948118
5049.25,4,08:19:44.872696255
5049.5,15,08:19:45.085945417
5049.5,2,08:19:47.127161467
5049.5,2,08:19:47.127249283
5049.5,3,08:19:47.127249283
5049.5,2,08:19:47.127295117
5049.5,3,08:19:47.127375001
5049.5,1,08:19:47.863071569
5049.25,1,08:19:48.286835111
5049.25,5,08:19:48.286918028
5049.25,2,08:19:48.286963641
5049.25,3,08:19:48.287012974
5049.25,1,08:19:48.287616442
5049.25,4,08:19:48.289493600
5049.25,3,08:19:48.289719060
5049.25,2,08:19:53.010044281
5049.25,4,08:19:53.010110928
5049.25,4,08:19:53.010236332
5049.25,1,08:19:53.010289819
5049.25,1,08:19:53.010342316
5049.25,1,08:19:53.010719820
5049.25,1,08:19:53.023262784
5049.25,4,08:19:53.023481143
5049.25,1,08:19:54.342044772
5049.25,1,08:19:56.401865572
5049.25,4,08:19:56.401926196
5049.25,1,08:19:57.166469142
5049.5,1,08:19:57.212130439
5049.25,1,08:19:57.311638413
5049.5,1,08:19:59.698562233
5049.25,2,08:20:00.472314578
5049.25,1,08:20:00.472468034
5049.25,2,08:20:00.472537632
5049.25,1,08:20:00.640237345
5049.25,2,08:20:00.640289378
5049.25,3,08:20:00.780095225
5049.5,2,08:20:00.883158284
5049.5,2,08:20:00.900759746
5049.25,1,08:20:00.982641808
5049.5,1,08:20:01.004483430
5049.5,2,08:20:01.004562122
5049.5,2,08:20:01.004611234
5049.5,2,08:20:01.004916361
5049.5,2,08:20:01.004964159
5049.5,1,08:20:01.005093337
5049.5,3,08:20:01.409242433
5049.5,3,08:20:01.918858927
5049.75,5,08:20:01.951211919
5049.75,1,08:20:01.951222722
5049.75,1,08:20:01.951441805
5049.75,7,08:20:01.951926561
5049.75,1,08:20:01.952147147
5049.75,1,08:20:01.952191429
5049.5,6,08:20:01.952298289
5049.5,8,08:20:01.952792418
5049.25,1,08:20:01.954649198
5049.25,2,08:20:01.954946487
5049.25,1,08:20:01.955300241
5049.25,1,08:20:01.957180724
5049.0,1,08:20:02.022420709
5049.25,1,08:20:02.425937092
5049.0,22,08:20:03.634261331
5049.0,1,08:20:04.692811829
5049.0,3,08:20:05.026364883
5048.75,4,08:20:05.584707856
5048.75,1,08:20:05.585156073
5048.75,2,08:20:05.585156073
5048.75,15,08:20:05.585312839
5048.75,1,08:20:05.585312839
5048.75,10,08:20:08.005462057
5048.75,2,08:20:08.005775014
5048.75,1,08:20:08.005809808
5048.75,1,08:20:08.078251402
5048.75,1,08:20:08.078442146
5048.75,1,08:20:08.318797244
5048.75,1,08:20:08.318994809
5049.0,10,08:20:09.694705622
5049.0,1,08:20:09.750024079
5048.75,1,08:20:10.864991835
5048.75,1,08:20:12.133961303
5048.75,8,08:20:12.590644434
5048.5,1,08:20:12.623806418
5048.75,5,08:20:12.923240149
5048.5,1,08:20:13.347426648
5048.5,1,08:20:13.510195641
5048.75,4,08:20:13.862486311
5048.75,2,08:20:13.862536936
5048.75,1,08:20:13.928347710
5048.75,1,08:20:13.928374799
5048.75,4,08:20:13.928552162
5048.75,4,08:20:13.928619418
5049.0,1,08:20:13.967693499
5049.0,2,08:20:14.181786458
5048.75,1,08:20:14.224063148
5048.75,1,08:20:16.333931303
5048.75,3,08:20:16.698711129
5048.75,2,08:20:16.854696415
5048.75,1,08:20:16.854761191
5048.75,3,08:20:16.854761191
5048.75,2,08:20:16.854806507
5048.5,1,08:20:19.048068371
5048.5,1,08:20:19.191761038
5048.5,1,08:20:19.779466120
5048.75,1,08:20:20.563002573
5048.75,1,08:20:22.220197157
5048.75,1,08:20:22.220364408
5048.75,1,08:20:22.220852075
5048.75,1,08:20:22.220903046
5048.75,2,08:20:22.221478344
5049.0,2,08:20:24.429255568
5049.0,5,08:20:24.429473261
5049.0,2,08:20:24.473649500
5049.0,1,08:20:24.473797954
5048.75,2,08:20:26.310752567
5048.75,1,08:20:27.204926379
5049.0,7,08:20:27.707565413
5049.0,2,08:20:27.754279533
5048.75,1,08:20:27.960765321
5048.75,1,08:20:28.044496831
5048.75,2,08:20:28.054189427
5049.0,1,08:20:28.238897342
5048.75,1,08:20:30.346211874
5048.75,1,08:20:30.346418979
5049.0,1,08:20:31.277890928
5048.75,10,08:20:33.119010613
5048.75,3,08:20:33.212094618
5048.75,1,08:20:33.212154996
5048.75,2,08:20:33.212154996
5048.5,1,08:20:35.387701666
5048.5,1,08:20:35.387715515
5048.5,1,08:20:36.087378954
5048.5,8,08:20:36.087576561
5048.5,2,08:20:36.087665404
5048.5,4,08:20:36.087665404
5048.5,1,08:20:36.087726621
5048.5,1,08:20:36.087819862
5048.5,2,08:20:36.087843181
5048.5,1,08:20:36.088097900
5048.5,2,08:20:36.088134083
5048.5,1,08:20:36.088499354
5048.5,1,08:20:36.088648585
5048.5,1,08:20:36.088733983
5048.25,1,08:20:36.223524374
5048.25,4,08:20:36.223540828
5048.25,2,08:20:36.836181388
5048.25,1,08:20:36.836215837
5048.25,1,08:20:36.836251257
5048.25,1,08:20:36.836287860
5048.25,6,08:20:36.836396928
5048.25,12,08:20:36.836470667
5048.0,1,08:20:36.946486903
5048.0,3,08:20:36.946500225
5048.0,2,08:20:36.946500225
5048.0,16,08:20:37.771201162
5048.0,6,08:20:38.980137738
5047.75,19,08:20:39.190236071
5047.5,1,08:20:39.190256596
5047.5,2,08:20:39.190256596
5047.5,1,08:20:39.562752308
5047.5,1,08:20:40.101167976
5047.5,13,08:20:40.103623535
5047.5,1,08:20:40.103672462
5047.5,1,08:20:40.103977764
5047.5,1,08:20:40.104089366
5047.5,3,08:20:40.104157504
5047.5,2,08:20:40.104409267
5047.5,1,08:20:40.112605333
5047.5,4,08:20:40.112914401
5047.75,1,08:20:40.393585966
5047.75,1,08:20:40.623559603
5047.75,1,08:20:40.632265148
5047.75,6,08:20:40.632562469
5047.75,2,08:20:40.632908588
5047.5,1,08:20:40.676972141
5047.5,9,08:20:41.835281879
5047.5,4,08:20:41.835640232
5047.75,1,08:20:41.962692137
5047.75,1,08:20:41.963105777
5047.5,15,08:20:43.825445564
5047.5,10,08:20:44.707108991
5047.5,3,08:20:44.707576867
5047.5,1,08:20:44.768156133
5047.5,1,08:20:44.769034858
5047.5,2,08:20:44.769236715
5047.75,2,08:20:44.783903433
5047.5,1,08:20:45.039189095
5047.5,2,08:20:45.039217332
5047.5,2,08:20:45.039414114
5047.5,1,08:20:45.049398101
5047.5,1,08:20:45.313569369
5047.5,1,08:20:45.313814507
5047.5,1,08:20:45.646611537
5047.75,1,08:20:45.692550249
5047.75,1,08:20:45.692714726
5047.75,1,08:20:45.695102275
5047.75,2,08:20:45.695174571
5047.75,1,08:20:46.867713469
5047.75,7,08:20:48.048199603
5047.75,2,08:20:48.048468485
5047.75,1,08:20:48.048517317
5048.0,4,08:20:48.727710217
5048.0,1,08:20:48.727832108
5048.0,2,08:20:48.727937166
5048.0,1,08:20:48.728029352
5048.0,6,08:20:48.728029352
5048.0,1,08:20:48.728206611
5047.75,2,08:20:49.022442557
5047.75,1,08:20:49.022593084
5047.75,3,08:20:49.022663559
5047.75,2,08:20:49.022732451
5047.75,1,08:20:49.022888751
5047.75,1,08:20:49.023119953
5048.0,1,08:20:49.368134089
5047.75,4,08:20:49.446781702
5047.75,1,08:20:50.388121627
5047.5,4,08:20:50.527753866
5047.5,1,08:20:50.539229234
5047.5,1,08:20:50.674257371
5047.5,6,08:20:52.264772210
5047.5,31,08:20:52.265002880
5047.5,2,08:20:52.265077406
5047.5,8,08:20:52.265161034
5047.5,1,08:20:52.265259477
5047.5,2,08:20:52.265339642
5047.5,2,08:20:52.265380347
5047.5,1,08:20:53.674910013
5047.75,2,08:20:54.258706223
5047.75,2,08:20:54.258789098
5047.75,1,08:20:54.258829278
5047.75,1,08:20:54.258915299
5047.75,4,08:20:54.494524937
5047.75,6,08:20:54.497400676
5047.5,9,08:20:56.066143659
5047.25,37,08:20:56.072713007
5047.0,1,08:20:56.072726682
5047.0,1,08:20:56.072733274
5047.0,18,08:20:56.083287956
5046.75,1,08:20:56.295816255
5046.75,1,08:20:56.295831744
5046.75,2,08:20:56.295831744
5046.75,1,08:20:56.295980556
5046.75,2,08:20:56.296062513
5046.75,1,08:20:56.296062513
5046.75,1,08:20:56.296125628
5046.75,2,08:20:56.296585884
5046.75,2,08:20:56.296910401
5046.75,12,08:20:56.297211205
5046.75,2,08:20:56.297608695
5046.75,9,08:20:56.297729109
5046.75,2,08:20:56.387018470
5046.75,1,08:20:56.387256080
5046.75,1,08:20:56.849400159
5046.75,1,08:20:56.921986451
5047.0,5,08:20:57.158324638
5047.0,3,08:20:57.158393446
5047.25,10,08:20:57.319748128
5047.0,1,08:20:57.395157764
5047.0,1,08:20:57.455553593
5047.0,1,08:20:57.481148571
5047.25,3,08:20:57.713599553
5047.25,14,08:20:58.684150028
5047.25,1,08:20:58.886684947
5047.25,2,08:20:59.809232885
5047.25,4,08:20:59.809446876
5047.25,2,08:20:59.809521557
5047.0,10,08:21:00.144493180
5047.0,8,08:21:00.144608618
5046.75,1,08:21:00.416894375
5047.0,2,08:21:00.668119658
5047.0,1,08:21:01.052681441
5046.75,1,08:21:01.065719019
5047.0,2,08:21:01.162829249
5047.0,7,08:21:01.306357978
5047.0,1,08:21:01.531107325
5047.25,1,08:21:01.988467995
5047.0,1,08:21:02.313962355
5047.25,25,08:21:02.410735386
5047.25,31,08:21:02.411015936
