bidVolume,bidPrice,askVolume,askPrice,timestamp
90,118.49,25,118.5,08:00:00.006196004
91,118.49,25,118.5,08:00:00.006300887
91,118.49,24,118.5,08:00:00.007773804
98,118.49,24,118.5,08:00:00.007935139
101,118.49,24,118.5,08:00:00.008083414
102,118.49,24,118.5,08:00:00.023398971
104,118.49,24,118.5,08:00:00.023564734
104,118.49,25,118.5,08:00:00.024444334
102,118.49,25,118.5,08:00:00.074918366
110,118.49,25,118.5,08:00:00.284851129
114,118.49,25,118.5,08:00:00.284944086
114,118.49,23,118.5,08:00:00.390968171
114,118.49,22,118.5,08:00:00.391040837
114,118.49,13,118.5,08:00:00.397972562
114,118.49,10,118.5,08:00:00.398176513
114,118.49,7,118.5,08:00:00.398278289
117,118.49,7,118.5,08:00:00.398481544
127,118.49,7,118.5,08:00:00.502956765
127,118.49,4,118.5,08:00:00.503254171
127,118.49,2,118.5,08:00:00.503353502
127,118.49,1,118.5,08:00:00.503353502
127,118.49,92,118.51,08:00:00.503368977
8,118.5,92,118.51,08:00:00.503674459
12,118.5,92,118.51,08:00:00.503674459
12,118.5,91,118.51,08:00:00.503741958
12,118.5,84,118.51,08:00:00.503741958
4,118.5,84,118.51,08:00:00.504151296
4,118.5,74,118.51,08:00:00.504166870
7,118.5,74,118.51,08:00:00.504166870
9,118.5,74,118.51,08:00:00.504263366
10,118.5,74,118.51,08:00:00.504263366
10,118.5,80,118.51,08:00:00.514231143
10,118.5,85,118.51,08:00:00.514387006
11,118.5,85,118.51,08:00:00.515057299
12,118.5,85,118.51,08:00:00.515131846
11,118.5,85,118.51,08:00:00.724328100
12,118.5,85,118.51,08:00:00.724495489
12,118.5,80,118.51,08:00:00.724557092
12,118.5,83,118.51,08:00:00.764729496
12,118.5,87,118.51,08:00:00.764913745
9,118.5,87,118.51,08:00:01.075327978
7,118.5,87,118.51,08:00:01.075342787
5,118.5,87,118.51,08:00:01.075532436
4,118.5,87,118.51,08:00:01.075608561
8,118.5,87,118.51,08:00:01.164614160
10,118.5,87,118.51,08:00:01.251307537
11,118.5,87,118.51,08:00:01.251650305
13,118.5,87,118.51,08:00:01.252083350
17,118.5,87,118.51,08:00:01.252083350
18,118.5,87,118.51,08:00:01.252148846
17,118.5,87,118.51,08:00:01.252262817
18,118.5,87,118.51,08:00:01.269568278
20,118.5,87,118.51,08:00:01.941990992
19,118.5,87,118.51,08:00:01.942236473
18,118.5,87,118.51,08:00:01.942323020
18,118.5,89,118.51,08:00:01.942487913
18,118.5,85,118.51,08:00:01.942551520
24,118.5,85,118.51,08:00:02.535061466
25,118.5,85,118.51,08:00:02.915505435
25,118.5,83,118.51,08:00:02.915697425
30,118.5,83,118.51,08:00:02.958320031
33,118.5,83,118.51,08:00:02.958544818
30,118.5,83,118.51,08:00:03.068722765
30,118.5,80,118.51,08:00:03.090620696
40,118.5,80,118.51,08:00:03.090773511
48,118.5,80,118.51,08:00:03.090836689
49,118.5,80,118.51,08:00:03.090973662
41,118.5,80,118.51,08:00:03.091110209
41,118.5,81,118.51,08:00:03.104378767
41,118.5,82,118.51,08:00:03.104672232
40,118.5,82,118.51,08:00:03.116693678
40,118.5,83,118.51,08:00:03.145271576
30,118.5,83,118.51,08:00:03.145437662
30,118.5,84,118.51,08:00:03.145500216
27,118.5,84,118.51,08:00:03.145608715
28,118.5,84,118.51,08:00:03.163134821
28,118.5,83,118.51,08:00:03.297546037
28,118.5,82,118.51,08:00:03.471413321
29,118.5,82,118.51,08:00:03.914407023
30,118.5,82,118.51,08:00:03.915410354
33,118.5,82,118.51,08:00:03.915743592
33,118.5,83,118.51,08:00:03.916348036
43,118.5,83,118.51,08:00:04.076916319
43,118.5,84,118.51,08:00:04.111257715
41,118.5,84,118.51,08:00:04.386657128
40,118.5,84,118.51,08:00:04.386750453
30,118.5,84,118.51,08:00:04.386971451
30,118.5,83,118.51,08:00:04.576042045
29,118.5,83,118.51,08:00:06.007808053
28,118.5,83,118.51,08:00:06.007808053
24,118.5,83,118.51,08:00:06.007877887
23,118.5,83,118.51,08:00:06.007892533
20,118.5,83,118.51,08:00:06.008082713
16,118.5,83,118.51,08:00:06.008186696
16,118.5,84,118.51,08:00:06.008186696
15,118.5,84,118.51,08:00:06.008241270
14,118.5,84,118.51,08:00:06.050394170
14,118.5,85,118.51,08:00:08.650750884
13,118.5,85,118.51,08:00:09.851611420
11,118.5,85,118.51,08:00:09.851689948
9,118.5,85,118.51,08:00:09.851842834
8,118.5,85,118.51,08:00:09.851955503
7,118.5,85,118.51,08:00:09.852092367
2,118.5,85,118.51,08:00:09.852114705
1,118.5,85,118.51,08:00:09.852114705
119,118.49,85,118.51,08:00:09.852114705
117,118.49,85,118.51,08:00:09.852265608
117,118.49,95,118.51,08:00:09.852265608
114,118.49,95,118.51,08:00:09.852553614
3,118.5,95,118.51,08:00:09.921268748
3,118.5,85,118.51,08:00:09.921452811
21,118.5,85,118.51,08:00:10.497932571
29,118.5,85,118.51,08:00:10.498383826
33,118.5,85,118.51,08:00:11.191771039
36,118.5,85,118.51,08:00:11.192177199
28,118.5,85,118.51,08:00:12.346462354
25,118.5,85,118.51,08:00:12.346841725
27,118.5,85,118.51,08:00:14.861025299
27,118.5,90,118.51,08:00:15.433773206
28,118.5,90,118.51,08:00:16.164649111
27,118.5,90,118.51,08:00:16.164841322
27,118.5,91,118.51,08:00:16.453497206
28,118.5,91,118.51,08:00:17.412685287
28,118.5,92,118.51,08:00:17.519569910
25,118.5,92,118.51,08:00:20.265141158
19,118.5,92,118.51,08:00:20.265141158
7,118.5,92,118.51,08:00:21.332502564
3,118.5,92,118.51,08:00:21.332598144
1,118.5,92,118.51,08:00:21.332614282
122,118.49,92,118.51,08:00:21.332614282
122,118.49,13,118.5,08:00:21.332735889
122,118.49,17,118.5,08:00:21.332830439
120,118.49,17,118.5,08:00:21.332845876
120,118.49,18,118.5,08:00:21.332845876
110,118.49,18,118.5,08:00:21.332957099
110,118.49,23,118.5,08:00:21.333080219
110,118.49,26,118.5,08:00:21.333170618
110,118.49,25,118.5,08:00:21.333170618
110,118.49,26,118.5,08:00:21.420375884
110,118.49,27,118.5,08:00:21.453960030
108,118.49,27,118.5,08:00:21.489637356
108,118.49,25,118.5,08:00:21.500995547
109,118.49,25,118.5,08:00:21.501232261
109,118.49,29,118.5,08:00:21.505175514
109,118.49,33,118.5,08:00:21.505332581
109,118.49,50,118.5,08:00:21.505475633
109,118.49,46,118.5,08:00:21.505647339
109,118.49,47,118.5,08:00:22.021941373
109,118.49,54,118.5,08:00:22.022242398
110,118.49,54,118.5,08:00:22.703091310
110,118.49,59,118.5,08:00:23.104724101
109,118.49,59,118.5,08:00:23.451165189
109,118.49,52,118.5,08:00:23.451221787
109,118.49,53,118.5,08:00:24.623219614
109,118.49,54,118.5,08:00:24.623472654
108,118.49,54,118.5,08:00:24.623542132
108,118.49,55,118.5,08:00:24.623542132
107,118.49,55,118.5,08:00:24.623650215
107,118.49,56,118.5,08:00:24.623826894
107,118.49,57,118.5,08:00:24.623902632
106,118.49,57,118.5,08:00:24.624010964
106,118.49,56,118.5,08:00:24.624086702
101,118.49,56,118.5,08:00:24.624199655
98,118.49,56,118.5,08:00:24.624272221
98,118.49,57,118.5,08:00:24.624342446
97,118.49,57,118.5,08:00:24.624513440
97,118.49,56,118.5,08:00:24.633147750
98,118.49,56,118.5,08:00:24.633211647
98,118.49,55,118.5,08:00:24.633315394
99,118.49,55,118.5,08:00:24.633385918
99,118.49,54,118.5,08:00:24.633467953
99,118.49,53,118.5,08:00:24.633467953
100,118.49,53,118.5,08:00:24.633467953
99,118.49,53,118.5,08:00:24.772089211
100,118.49,53,118.5,08:00:24.783537501
100,118.49,52,118.5,08:00:24.913975181
99,118.49,52,118.5,08:00:25.349409906
100,118.49,52,118.5,08:00:25.353614008
99,118.49,52,118.5,08:00:25.447797982
99,118.49,53,118.5,08:00:25.447863573
99,118.49,54,118.5,08:00:25.447933786
98,118.49,54,118.5,08:00:25.447933786
98,118.49,55,118.5,08:00:25.448077690
97,118.49,55,118.5,08:00:25.448157531
97,118.49,56,118.5,08:00:25.448157531
97,118.49,55,118.5,08:00:25.732469448
97,118.49,56,118.5,08:00:25.771871249
97,118.49,55,118.5,08:00:25.831233709
98,118.49,55,118.5,08:00:25.831286861
98,118.49,54,118.5,08:00:25.831393571
99,118.49,54,118.5,08:00:25.831459408
99,118.49,53,118.5,08:00:25.831571872
100,118.49,53,118.5,08:00:25.831644943
99,118.49,53,118.5,08:00:26.275152600
100,118.49,53,118.5,08:00:26.397710805
100,118.49,54,118.5,08:00:26.506182719
99,118.49,54,118.5,08:00:26.506246002
99,118.49,55,118.5,08:00:26.506313298
98,118.49,55,118.5,08:00:26.506313298
98,118.49,56,118.5,08:00:26.506422117
97,118.49,56,118.5,08:00:26.506486341
97,118.49,55,118.5,08:00:26.573066533
97,118.49,54,118.5,08:00:26.573224849
99,118.49,54,118.5,08:00:26.573290545
99,118.49,53,118.5,08:00:26.573395685
100,118.49,53,118.5,08:00:26.573526123
100,118.49,55,118.5,08:00:26.581349824
99,118.49,55,118.5,08:00:26.612220515
99,118.49,56,118.5,08:00:26.632797533
99,118.49,57,118.5,08:00:26.651476561
97,118.49,57,118.5,08:00:26.669848345
97,118.49,58,118.5,08:00:26.669981844
97,118.49,62,118.5,08:00:26.711179292
95,118.49,62,118.5,08:00:26.711321916
95,118.49,61,118.5,08:00:26.920123482
96,118.49,61,118.5,08:00:26.920220474
96,118.49,60,118.5,08:00:26.923976672
97,118.49,60,118.5,08:00:26.924045373
97,118.49,59,118.5,08:00:26.924120208
98,118.49,59,118.5,08:00:26.924246141
97,118.49,59,118.5,08:00:26.954216508
98,118.49,59,118.5,08:00:26.954545182
98,118.49,55,118.5,08:00:26.955084658
98,118.49,54,118.5,08:00:28.581576702
98,118.49,51,118.5,08:00:30.308325591
99,118.49,51,118.5,08:00:30.308396858
99,118.49,46,118.5,08:00:30.308989370
101,118.49,46,118.5,08:00:30.309082621
101,118.49,49,118.5,08:00:30.310794328
100,118.49,49,118.5,08:00:30.310860799
101,118.49,49,118.5,08:00:30.312839290
100,118.49,49,118.5,08:00:30.312983650
101,118.49,49,118.5,08:00:30.385587294
100,118.49,49,118.5,08:00:30.412950038
100,118.49,50,118.5,08:00:31.877413993
100,118.49,52,118.5,08:00:31.877605487
100,118.49,54,118.5,08:00:31.879274254
100,118.49,55,118.5,08:00:32.307438528
99,118.49,55,118.5,08:00:32.307655133
99,118.49,56,118.5,08:00:32.307977891
98,118.49,56,118.5,08:00:32.308114787
98,118.49,57,118.5,08:00:32.315409897
98,118.49,58,118.5,08:00:32.315572531
99,118.49,58,118.5,08:00:32.315968290
99,118.49,57,118.5,08:00:32.316038309
99,118.49,56,118.5,08:00:32.316143416
100,118.49,56,118.5,08:00:32.316209676
100,118.49,55,118.5,08:00:34.457506814
99,118.49,55,118.5,08:00:34.457506814
99,118.49,61,118.5,08:00:34.457659061
99,118.49,64,118.5,08:00:34.457770389
99,118.49,66,118.5,08:00:34.457833054
97,118.49,66,118.5,08:00:34.457901624
97,118.49,67,118.5,08:00:34.458015630
96,118.49,67,118.5,08:00:34.458015630
95,118.49,67,118.5,08:00:34.458101076
95,118.49,68,118.5,08:00:34.458101076
94,118.49,68,118.5,08:00:34.458226176
87,118.49,68,118.5,08:00:34.458226176
84,118.49,68,118.5,08:00:34.458303274
81,118.49,68,118.5,08:00:34.458303274
81,118.49,69,118.5,08:00:34.458369329
77,118.49,69,118.5,08:00:34.458445515
69,118.49,69,118.5,08:00:34.458526398
69,118.49,70,118.5,08:00:34.458526398
67,118.49,70,118.5,08:00:34.458596625
68,118.49,70,118.5,08:00:34.458669415
67,118.49,70,118.5,08:00:34.723160566
65,118.49,70,118.5,08:00:34.724185688
65,118.49,71,118.5,08:00:37.453834197
66,118.49,71,118.5,08:00:37.454015034
66,118.49,72,118.5,08:00:37.454153048
65,118.49,72,118.5,08:00:41.759891481
63,118.49,72,118.5,08:00:41.760062694
63,118.49,71,118.5,08:00:41.760122047
64,118.49,71,118.5,08:00:41.760232431
65,118.49,71,118.5,08:00:44.152678414
65,118.49,70,118.5,08:00:44.153300586
66,118.49,70,118.5,08:00:44.153360999
65,118.49,70,118.5,08:00:44.153721146
65,118.49,71,118.5,08:00:44.154897327
64,118.49,71,118.5,08:00:44.155047615
64,118.49,73,118.5,08:00:44.155106767
65,118.49,73,118.5,08:00:44.157335184
65,118.49,72,118.5,08:00:44.157402384
66,118.49,72,118.5,08:00:44.157470902
66,118.49,71,118.5,08:00:44.157537808
67,118.49,71,118.5,08:00:44.157604678
67,118.49,70,118.5,08:00:44.157679049
69,118.49,70,118.5,08:00:44.157826173
69,118.49,67,118.5,08:00:44.158490498
69,118.49,61,118.5,08:00:44.158560843
69,118.49,57,118.5,08:00:44.158668117
73,118.49,57,118.5,08:00:44.158745250
73,118.49,55,118.5,08:00:44.158814722
73,118.49,53,118.5,08:00:44.158814722
73,118.49,52,118.5,08:00:44.158918791
80,118.49,52,118.5,08:00:44.159206475
80,118.49,50,118.5,08:00:44.159283992
85,118.49,50,118.5,08:00:44.159283992
87,118.49,50,118.5,08:00:44.159346885
87,118.49,49,118.5,08:00:44.160025780
87,118.49,48,118.5,08:00:44.160100366
87,118.49,46,118.5,08:00:44.160168708
93,118.49,46,118.5,08:00:44.160235249
98,118.49,46,118.5,08:00:44.160305847
102,118.49,46,118.5,08:00:44.160375655
105,118.49,46,118.5,08:00:44.160464986
105,118.49,43,118.5,08:00:44.160464986
105,118.49,42,118.5,08:00:44.160464986
107,118.49,42,118.5,08:00:44.163134642
107,118.49,31,118.5,08:00:47.047290681
107,118.49,30,118.5,08:00:47.047518706
107,118.49,29,118.5,08:00:47.047593909
107,118.49,26,118.5,08:00:47.047818875
107,118.49,25,118.5,08:00:47.047905483
107,118.49,21,118.5,08:00:47.047921544
107,118.49,9,118.5,08:00:47.048072831
107,118.49,8,118.5,08:00:47.048072831
107,118.49,3,118.5,08:00:47.048072831
107,118.49,2,118.5,08:00:47.048072831
107,118.49,1,118.5,08:00:47.048187115
107,118.49,92,118.51,08:00:47.048208727
2,118.5,92,118.51,08:00:47.048208727
2,118.5,91,118.51,08:00:47.048391265
10,118.5,91,118.51,08:00:47.048485259
11,118.5,91,118.51,08:00:47.048501722
12,118.5,91,118.51,08:00:47.048570713
12,118.5,81,118.51,08:00:47.048698996
4,118.5,81,118.51,08:00:47.048798984
3,118.5,81,118.51,08:00:47.048798984
1,118.5,81,118.51,08:00:47.048920256
129,118.49,81,118.51,08:00:47.048920256
11,118.5,81,118.51,08:00:47.233380254
26,118.5,81,118.51,08:00:47.233380254
27,118.5,81,118.51,08:00:47.233564772
28,118.5,81,118.51,08:00:47.233649978
31,118.5,81,118.51,08:00:47.233649978
33,118.5,81,118.51,08:00:47.233796557
32,118.5,81,118.51,08:00:47.233877917
34,118.5,81,118.51,08:00:47.233877917
32,118.5,81,118.51,08:00:47.234044547
33,118.5,81,118.51,08:00:47.234265728
34,118.5,81,118.51,08:00:47.234265728
35,118.5,81,118.51,08:00:47.234286067
36,118.5,81,118.51,08:00:47.234479613
36,118.5,79,118.51,08:00:47.236285486
37,118.5,79,118.51,08:00:47.236474155
38,118.5,79,118.51,08:00:47.236759859
39,118.5,79,118.51,08:00:47.237306407
38,118.5,79,118.51,08:00:47.239361274
37,118.5,79,118.51,08:00:47.239361274
38,118.5,79,118.51,08:00:47.240744689
37,118.5,79,118.51,08:00:47.241587779
36,118.5,79,118.51,08:00:47.242755266
35,118.5,79,118.51,08:00:47.243073691
34,118.5,79,118.51,08:00:47.243145791
19,118.5,79,118.51,08:00:47.243251192
16,118.5,79,118.51,08:00:47.243416734
5,118.5,79,118.51,08:00:47.243733511
6,118.5,79,118.51,08:00:47.243733511
4,118.5,79,118.51,08:00:47.243806280
5,118.5,79,118.51,08:00:47.243890328
5,118.5,81,118.51,08:00:47.243961815
4,118.5,81,118.51,08:00:47.244087755
3,118.5,81,118.51,08:00:47.244189159
2,118.5,81,118.51,08:00:47.244302596
1,118.5,81,118.51,08:00:47.244896260
129,118.49,81,118.51,08:00:47.245030915
1,118.5,81,118.51,08:00:47.245108483
4,118.5,81,118.51,08:00:47.245323168
5,118.5,81,118.51,08:00:47.245914223
2,118.5,81,118.51,08:00:47.247021982
5,118.5,81,118.51,08:00:47.247203850
2,118.5,81,118.51,08:00:47.266282387
3,118.5,81,118.51,08:00:47.270162721
4,118.5,81,118.51,08:00:47.274217354
3,118.5,81,118.51,08:00:47.283249864
4,118.5,81,118.51,08:00:47.287000063
5,118.5,81,118.51,08:00:47.288795526
4,118.5,81,118.51,08:00:47.295255307
3,118.5,81,118.51,08:00:47.295436820
2,118.5,81,118.51,08:00:47.295436820
1,118.5,81,118.51,08:00:47.295518753
128,118.49,81,118.51,08:00:47.295741001
128,118.49,91,118.51,08:00:47.295856349
128,118.49,4,118.5,08:00:47.324353316
118,118.49,4,118.5,08:00:47.324509499
118,118.49,6,118.5,08:00:47.324694123
119,118.49,6,118.5,08:00:47.326295161
124,118.49,6,118.5,08:00:47.326471680
124,118.49,7,118.5,08:00:47.326609318
124,118.49,8,118.5,08:00:47.326770044
124,118.49,9,118.5,08:00:47.327943352
124,118.49,10,118.5,08:00:47.343254606
124,118.49,12,118.5,08:00:47.343412713
119,118.49,12,118.5,08:00:47.343577601
119,118.49,13,118.5,08:00:47.347376647
119,118.49,16,118.5,08:00:47.347531895
117,118.49,16,118.5,08:00:47.347692733
117,118.49,20,118.5,08:00:47.347840415
110,118.49,20,118.5,08:00:47.362647405
110,118.49,21,118.5,08:00:47.465027421
110,118.49,25,118.5,08:00:47.465203834
110,118.49,21,118.5,08:00:47.478129602
110,118.49,22,118.5,08:00:47.696032737
110,118.49,23,118.5,08:00:48.400278560
110,118.49,24,118.5,08:00:48.401778267
110,118.49,25,118.5,08:00:48.417282897
110,118.49,24,118.5,08:00:48.454190900
110,118.49,23,118.5,08:00:48.454329511
110,118.49,22,118.5,08:00:48.454471044
110,118.49,26,118.5,08:00:48.566685590
110,118.49,27,118.5,08:00:48.566796403
110,118.49,28,118.5,08:00:48.566896915
110,118.49,29,118.5,08:00:48.567231201
110,118.49,33,118.5,08:00:48.567302273
110,118.49,34,118.5,08:00:48.570811000
110,118.49,43,118.5,08:00:48.570878469
109,118.49,43,118.5,08:00:48.571072988
105,118.49,43,118.5,08:00:48.571261493
100,118.49,43,118.5,08:00:48.571999252
99,118.49,43,118.5,08:00:48.572073726
96,118.49,43,118.5,08:00:48.572073726
94,118.49,43,118.5,08:00:48.572270276
93,118.49,43,118.5,08:00:48.572506006
93,118.49,51,118.5,08:00:48.572671920
90,118.49,51,118.5,08:00:48.572848282
91,118.49,51,118.5,08:00:48.573653728
90,118.49,51,118.5,08:00:48.576953869
91,118.49,51,118.5,08:00:48.591587047
92,118.49,51,118.5,08:00:49.090642134
92,118.49,50,118.5,08:00:49.090708771
93,118.49,50,118.5,08:00:49.096934682
93,118.49,49,118.5,08:00:49.096999498
93,118.49,41,118.5,08:00:49.104021092
93,118.49,40,118.5,08:00:49.104204823
93,118.49,31,118.5,08:00:49.104339806
93,118.49,27,118.5,08:00:49.104509089
93,118.49,26,118.5,08:00:49.104579434
93,118.49,25,118.5,08:00:49.489967915
93,118.49,21,118.5,08:00:49.490832391
93,118.49,22,118.5,08:00:50.524634719
93,118.49,24,118.5,08:00:50.524844231
93,118.49,25,118.5,08:00:50.524996716
93,118.49,24,118.5,08:00:50.555532061
93,118.49,23,118.5,08:00:50.555587123
93,118.49,21,118.5,08:00:50.556540688
96,118.49,21,118.5,08:00:50.556723584
96,118.49,18,118.5,08:00:50.571535263
96,118.49,16,118.5,08:00:50.572549781
96,118.49,12,118.5,08:00:50.576082949
102,118.49,12,118.5,08:00:50.576262369
104,118.49,12,118.5,08:00:50.576331825
105,118.49,12,118.5,08:00:50.576435243
105,118.49,11,118.5,08:00:50.623261755
105,118.49,10,118.5,08:00:50.623328959
105,118.49,9,118.5,08:00:50.623397234
107,118.49,9,118.5,08:00:50.623514590
108,118.49,9,118.5,08:00:50.623688669
108,118.49,10,118.5,08:00:50.648502260
108,118.49,11,118.5,08:00:50.790197964
108,118.49,13,118.5,08:00:50.968319862
108,118.49,14,118.5,08:00:50.968482870
106,118.49,14,118.5,08:00:50.968653004
106,118.49,15,118.5,08:00:50.968732627
106,118.49,18,118.5,08:00:50.968803737
106,118.49,19,118.5,08:00:50.969185403
105,118.49,19,118.5,08:00:50.969360873
104,118.49,19,118.5,08:00:50.969422546
104,118.49,18,118.5,08:00:50.969495340
104,118.49,21,118.5,08:00:50.969565669
103,118.49,21,118.5,08:00:51.233712816
103,118.49,25,118.5,08:00:51.233793904
103,118.49,26,118.5,08:00:51.233793904
103,118.49,30,118.5,08:00:51.233793904
102,118.49,30,118.5,08:00:51.233853136
100,118.49,30,118.5,08:00:51.233956380
94,118.49,30,118.5,08:00:51.234026070
94,118.49,40,118.5,08:00:51.234116605
93,118.49,40,118.5,08:00:51.234195872
93,118.49,41,118.5,08:00:51.234500368
93,118.49,50,118.5,08:00:51.234882747
90,118.49,50,118.5,08:00:51.235063244
83,118.49,50,118.5,08:00:51.235490284
78,118.49,50,118.5,08:00:51.235561781
78,118.49,49,118.5,08:00:51.238619929
78,118.49,50,118.5,08:00:51.239658587
78,118.49,55,118.5,08:00:51.239828626
76,118.49,55,118.5,08:00:51.247360843
75,118.49,55,118.5,08:00:51.247529582
69,118.49,55,118.5,08:00:51.249725622
69,118.49,68,118.5,08:00:51.249725622
65,118.49,68,118.5,08:00:51.249787180
65,118.49,74,118.5,08:00:51.553607578
63,118.49,74,118.5,08:00:51.676656173
62,118.49,74,118.5,08:00:51.676847897
60,118.49,74,118.5,08:00:51.676918121
59,118.49,74,118.5,08:00:51.677096844
58,118.49,74,118.5,08:00:51.744453630
52,118.49,74,118.5,08:00:51.755360894
51,118.49,74,118.5,08:00:52.150009974
53,118.49,74,118.5,08:00:55.678509765
54,118.49,74,118.5,08:00:57.577529018
55,118.49,74,118.5,08:00:57.577623412
56,118.49,74,118.5,08:00:57.579519758
58,118.49,74,118.5,08:00:57.585942723
58,118.49,73,118.5,08:00:57.586085542
58,118.49,68,118.5,08:00:57.587395077
58,118.49,69,118.5,08:00:58.453778519
57,118.49,69,118.5,08:00:58.453923216
57,118.49,72,118.5,08:00:58.454021357
55,118.49,72,118.5,08:00:59.016055014
55,118.49,69,118.5,08:00:59.102203077
56,118.49,69,118.5,08:00:59.695542813
56,118.49,56,118.5,08:00:59.702493245
57,118.49,56,118.5,08:00:59.836821339
58,118.49,56,118.5,08:01:00.084543937
59,118.49,56,118.5,08:01:00.101825601
60,118.49,56,118.5,08:01:00.896653952
60,118.49,64,118.5,08:01:01.574948787
60,118.49,69,118.5,08:01:01.574963788
59,118.49,69,118.5,08:01:01.575343520
59,118.49,70,118.5,08:01:01.575405136
58,118.49,70,118.5,08:01:01.593762531
58,118.49,71,118.5,08:01:01.819710239
58,118.49,75,118.5,08:01:01.819887964
57,118.49,75,118.5,08:01:01.820049903
56,118.49,75,118.5,08:01:01.911554489
55,118.49,75,118.5,08:01:01.946473217
55,118.49,71,118.5,08:01:01.997167512
55,118.49,70,118.5,08:01:01.997319262
56,118.49,70,118.5,08:01:10.148015987
60,118.49,70,118.5,08:01:11.263114876
60,118.49,69,118.5,08:01:11.263869042
59,118.49,69,118.5,08:01:11.269095015
60,118.49,69,118.5,08:01:11.276537306
59,118.49,69,118.5,08:01:11.374613720
55,118.49,69,118.5,08:01:11.420316247
56,118.49,69,118.5,08:01:13.417397280
57,118.49,69,118.5,08:01:14.983358741
58,118.49,69,118.5,08:01:14.983674619
59,118.49,69,118.5,08:01:14.991977911
60,118.49,69,118.5,08:01:14.992146682
60,118.49,70,118.5,08:01:15.094850000
59,118.49,70,118.5,08:01:15.094982130
59,118.49,74,118.5,08:01:15.095079488
58,118.49,74,118.5,08:01:16.399239486
57,118.49,74,118.5,08:01:16.399299826
56,118.49,74,118.5,08:01:16.399431176
55,118.49,74,118.5,08:01:16.399504591
55,118.49,75,118.5,08:01:16.399504591
51,118.49,75,118.5,08:01:16.399572488
51,118.49,76,118.5,08:01:16.399674104
48,118.49,76,118.5,08:01:16.400638372
47,118.49,76,118.5,08:01:16.400773434
27,118.49,76,118.5,08:01:16.400773434
15,118.49,76,118.5,08:01:16.400797226
12,118.49,76,118.5,08:01:16.400797226
11,118.49,76,118.5,08:01:16.400797226
9,118.49,76,118.5,08:01:16.400797226
7,118.49,76,118.5,08:01:16.400811329
6,118.49,76,118.5,08:01:16.401183578
5,118.49,76,118.5,08:01:16.401206852
4,118.49,76,118.5,08:01:16.401206852
2,118.49,76,118.5,08:01:16.401372464
1,118.49,76,118.5,08:01:16.401388201
96,118.48,76,118.5,08:01:16.401388201
96,118.48,4,118.49,08:01:16.401488531
96,118.48,9,118.49,08:01:16.401488531
96,118.48,10,118.49,08:01:16.401488531
95,118.48,10,118.49,08:01:16.401640559
95,118.48,18,118.49,08:01:16.401660528
86,118.48,18,118.49,08:01:16.401660528
86,118.48,35,118.49,08:01:16.401660528
86,118.48,45,118.49,08:01:16.401680845
86,118.48,58,118.49,08:01:16.401707757
82,118.48,58,118.49,08:01:16.401707757
79,118.48,58,118.49,08:01:16.402074383
79,118.48,59,118.49,08:01:16.402105888
79,118.48,51,118.49,08:01:16.402293916
69,118.48,51,118.49,08:01:16.402313084
66,118.48,51,118.49,08:01:16.402313084
63,118.48,51,118.49,08:01:16.402483945
57,118.48,51,118.49,08:01:16.402499292
57,118.48,59,118.49,08:01:16.402499292
64,118.48,59,118.49,08:01:16.402723735
64,118.48,60,118.49,08:01:16.402874030
64,118.48,61,118.49,08:01:16.402958172
57,118.48,61,118.49,08:01:16.403155713
57,118.48,62,118.49,08:01:16.403155713
57,118.48,64,118.49,08:01:16.403251880
57,118.48,66,118.49,08:01:16.403251880
57,118.48,67,118.49,08:01:16.403491256
57,118.48,68,118.49,08:01:16.403491256
50,118.48,68,118.49,08:01:16.403491256
50,118.48,69,118.49,08:01:16.403491256
50,118.48,70,118.49,08:01:16.403616598
49,118.48,70,118.49,08:01:16.403616598
49,118.48,71,118.49,08:01:16.404073435
48,118.48,71,118.49,08:01:16.405095091
48,118.48,70,118.49,08:01:16.405252787
48,118.48,72,118.49,08:01:16.405545603
48,118.48,78,118.49,08:01:16.406303625
45,118.48,78,118.49,08:01:16.406447634
47,118.48,78,118.49,08:01:16.413318633
49,118.48,78,118.49,08:01:16.413451123
50,118.48,78,118.49,08:01:16.420240242
53,118.48,78,118.49,08:01:16.420320620
63,118.48,78,118.49,08:01:16.420320620
63,118.48,77,118.49,08:01:16.420839467
53,118.48,77,118.49,08:01:16.421051858
50,118.48,77,118.49,08:01:16.421149393
49,118.48,77,118.49,08:01:16.421230825
47,118.48,77,118.49,08:01:16.423150919
48,118.48,77,118.49,08:01:16.423768610
47,118.48,77,118.49,08:01:16.424712216
48,118.48,77,118.49,08:01:16.431437744
49,118.48,77,118.49,08:01:16.432124677
48,118.48,77,118.49,08:01:16.455757543
47,118.48,77,118.49,08:01:16.456063121
48,118.48,77,118.49,08:01:16.467032987
50,118.48,77,118.49,08:01:16.467187880
51,118.48,77,118.49,08:01:16.485590267
54,118.48,77,118.49,08:01:16.502727842
64,118.48,77,118.49,08:01:16.502894969
73,118.48,77,118.49,08:01:16.503041225
77,118.48,77,118.49,08:01:16.503193737
77,118.48,76,118.49,08:01:16.503266985
77,118.48,75,118.49,08:01:16.503339023
77,118.48,74,118.49,08:01:16.505127159
77,118.48,75,118.49,08:01:16.512008660
77,118.48,82,118.49,08:01:16.512204590
77,118.48,87,118.49,08:01:16.583771451
77,118.48,88,118.49,08:01:16.583938228
73,118.48,88,118.49,08:01:16.584526090
64,118.48,88,118.49,08:01:16.584590391
64,118.48,90,118.49,08:01:16.584688493
64,118.48,95,118.49,08:01:16.584894816
63,118.48,95,118.49,08:01:16.606517537
63,118.48,96,118.49,08:01:16.699519310
63,118.48,97,118.49,08:01:17.027735924
63,118.48,94,118.49,08:01:17.327190449
63,118.48,93,118.49,08:01:17.327248659
63,118.48,92,118.49,08:01:17.327458937
63,118.48,90,118.49,08:01:17.327549798
64,118.48,90,118.49,08:01:17.327549798
70,118.48,90,118.49,08:01:17.327642368
73,118.48,90,118.49,08:01:17.327642368
72,118.48,90,118.49,08:01:17.327753591
81,118.48,90,118.49,08:01:17.327827674
85,118.48,90,118.49,08:01:17.327903254
88,118.48,90,118.49,08:01:17.327903254
89,118.48,90,118.49,08:01:17.327982432
89,118.48,96,118.49,08:01:17.636781541
85,118.48,96,118.49,08:01:17.636982762
76,118.48,96,118.49,08:01:17.637051497
75,118.48,96,118.49,08:01:17.637122595
75,118.48,95,118.49,08:01:17.819244440
75,118.48,96,118.49,08:01:17.925560768
75,118.48,97,118.49,08:01:17.925724915
76,118.48,97,118.49,08:01:18.098490397
76,118.48,96,118.49,08:01:18.114221120
76,118.48,95,118.49,08:01:18.884859856
73,118.48,95,118.49,08:01:19.067164356
73,118.48,88,118.49,08:01:19.067217715
73,118.48,89,118.49,08:01:19.067311533
72,118.48,89,118.49,08:01:19.259049113
72,118.48,90,118.49,08:01:19.453834636
70,118.48,90,118.49,08:01:19.878779962
70,118.48,91,118.49,08:01:19.878955418
70,118.48,92,118.49,08:01:19.933830461
68,118.48,92,118.49,08:01:19.975106041
67,118.48,92,118.49,08:01:20.242296327
64,118.48,92,118.49,08:01:20.242491088
58,118.48,92,118.49,08:01:20.242555063
48,118.48,92,118.49,08:01:20.560667057
46,118.48,92,118.49,08:01:20.560745384
43,118.48,92,118.49,08:01:20.561072648
41,118.48,92,118.49,08:01:20.561265415
36,118.48,92,118.49,08:01:20.561279179
34,118.48,92,118.49,08:01:20.561294574
32,118.48,92,118.49,08:01:20.561294574
29,118.48,92,118.49,08:01:20.561294574
26,118.48,92,118.49,08:01:20.561294574
25,118.48,92,118.49,08:01:20.561307908
24,118.48,92,118.49,08:01:20.561322167
21,118.48,92,118.49,08:01:20.561336776
17,118.48,92,118.49,08:01:20.561336776
13,118.48,92,118.49,08:01:20.561350203
12,118.48,92,118.49,08:01:20.561350203
11,118.48,92,118.49,08:01:20.561364785
10,118.48,92,118.49,08:01:20.561724567
7,118.48,92,118.49,08:01:20.561844160
6,118.48,92,118.49,08:01:20.561844160
3,118.48,92,118.49,08:01:20.561864596
2,118.48,92,118.49,08:01:20.561864596
1,118.48,92,118.49,08:01:20.562033215
65,118.47,92,118.49,08:01:20.562054614
65,118.47,6,118.48,08:01:20.562054614
65,118.47,12,118.48,08:01:20.562274932
65,118.47,13,118.48,08:01:20.562294682
64,118.47,13,118.48,08:01:20.562294682
64,118.47,15,118.48,08:01:20.562294682
64,118.47,19,118.48,08:01:20.562448112
65,118.47,19,118.48,08:01:20.562913397
65,118.47,21,118.48,08:01:20.562913397
65,118.47,24,118.48,08:01:20.562913397
68,118.47,24,118.48,08:01:20.562913397
68,118.47,23,118.48,08:01:20.562913397
68,118.47,17,118.48,08:01:20.562934213
68,118.47,25,118.48,08:01:20.562934213
72,118.47,25,118.48,08:01:20.562934213
84,118.47,25,118.48,08:01:20.563058431
85,118.47,25,118.48,08:01:20.563058431
89,118.47,25,118.48,08:01:20.563075782
86,118.47,25,118.48,08:01:20.563272479
86,118.47,22,118.48,08:01:20.563272479
93,118.47,22,118.48,08:01:20.563272479
93,118.47,18,118.48,08:01:20.563342755
93,118.47,16,118.48,08:01:20.573153094
93,118.47,8,118.48,08:01:20.573153094
96,118.47,8,118.48,08:01:20.573334746
101,118.47,8,118.48,08:01:20.573510266
101,118.47,9,118.48,08:01:20.573750602
101,118.47,10,118.48,08:01:20.582321425
101,118.47,11,118.48,08:01:20.584528154
101,118.47,9,118.48,08:01:20.585957816
101,118.47,5,118.48,08:01:20.585984930
101,118.47,3,118.48,08:01:20.585999976
101,118.47,2,118.48,08:01:20.586014075
101,118.47,1,118.48,08:01:20.586027429
101,118.47,104,118.49,08:01:20.586041717
8,118.48,104,118.49,08:01:20.586237729
8,118.48,94,118.49,08:01:20.586237729
9,118.48,94,118.49,08:01:20.586256206
1,118.48,94,118.49,08:01:20.586450725
2,118.48,94,118.49,08:01:20.586588941
5,118.48,94,118.49,08:01:20.586588941
8,118.48,94,118.49,08:01:20.586607936
7,118.48,94,118.49,08:01:20.586607936
4,118.48,94,118.49,08:01:20.587008808
6,118.48,94,118.49,08:01:20.592760956
7,118.48,94,118.49,08:01:20.592844575
16,118.48,94,118.49,08:01:20.592844575
19,118.48,94,118.49,08:01:20.593008838
20,118.48,94,118.49,08:01:20.593008838
20,118.48,96,118.49,08:01:20.594863658
20,118.48,103,118.49,08:01:20.595047972
18,118.48,103,118.49,08:01:20.596787492
9,118.48,103,118.49,08:01:20.596919633
6,118.48,103,118.49,08:01:20.597008501
5,118.48,103,118.49,08:01:20.597094945
4,118.48,103,118.49,08:01:20.603243008
7,118.48,103,118.49,08:01:20.603381728
9,118.48,103,118.49,08:01:20.603582917
9,118.48,110,118.49,08:01:20.603652494
10,118.48,110,118.49,08:01:20.603715064
13,118.48,110,118.49,08:01:20.606438163
23,118.48,110,118.49,08:01:20.607275442
25,118.48,110,118.49,08:01:20.607275442
26,118.48,110,118.49,08:01:20.607275442
27,118.48,110,118.49,08:01:20.607595733
26,118.48,110,118.49,08:01:20.607595733
16,118.48,110,118.49,08:01:20.608023560
17,118.48,110,118.49,08:01:20.608199015
18,118.48,110,118.49,08:01:20.608362471
16,118.48,110,118.49,08:01:20.609942743
19,118.48,110,118.49,08:01:20.617234386
21,118.48,110,118.49,08:01:20.618497606
21,118.48,109,118.49,08:01:20.618570940
22,118.48,109,118.49,08:01:20.618639986
22,118.48,107,118.49,08:01:20.618835815
22,118.48,106,118.49,08:01:20.674362058
21,118.48,106,118.49,08:01:20.674362058
20,118.48,106,118.49,08:01:20.674515549
20,118.48,99,118.49,08:01:20.674573316
19,118.48,99,118.49,08:01:20.697614665
17,118.48,99,118.49,08:01:20.697786159
17,118.48,102,118.49,08:01:20.697847189
27,118.48,102,118.49,08:01:20.697959938
26,118.48,102,118.49,08:01:20.710072500
25,118.48,102,118.49,08:01:20.710179322
22,118.48,102,118.49,08:01:20.710197792
21,118.48,102,118.49,08:01:20.710197792
18,118.48,102,118.49,08:01:20.710197792
16,118.48,102,118.49,08:01:20.710285614
19,118.48,102,118.49,08:01:20.710354145
19,118.48,103,118.49,08:01:20.710422340
19,118.48,105,118.49,08:01:20.710422340
21,118.48,105,118.49,08:01:20.710509668
21,118.48,104,118.49,08:01:20.710584151
22,118.48,104,118.49,08:01:20.710695280
23,118.48,104,118.49,08:01:20.820472670
22,118.48,104,118.49,08:01:20.820637252
28,118.48,104,118.49,08:01:20.820701211
27,118.48,104,118.49,08:01:20.822318248
26,118.48,104,118.49,08:01:20.822318248
23,118.48,104,118.49,08:01:20.822331666
22,118.48,104,118.49,08:01:20.822473132
21,118.48,104,118.49,08:01:20.822497538
20,118.48,104,118.49,08:01:20.822497538
18,118.48,104,118.49,08:01:20.822497538
16,118.48,104,118.49,08:01:20.822513673
16,118.48,105,118.49,08:01:20.822513673
15,118.48,105,118.49,08:01:20.822783311
9,118.48,105,118.49,08:01:20.822802108
2,118.48,105,118.49,08:01:20.822802108
1,118.48,105,118.49,08:01:20.822802108
105,118.47,105,118.49,08:01:20.823003327
104,118.47,105,118.49,08:01:20.823221278
104,118.47,2,118.48,08:01:20.823238773
104,118.47,3,118.48,08:01:20.823338945
99,118.47,3,118.48,08:01:20.823453578
99,118.47,6,118.48,08:01:20.823594919
99,118.47,7,118.48,08:01:20.823610608
99,118.47,6,118.48,08:01:20.823769022
99,118.47,7,118.48,08:01:20.823915355
99,118.47,6,118.48,08:01:20.824000964
99,118.47,8,118.48,08:01:20.824000964
92,118.47,8,118.48,08:01:20.824456787
92,118.47,9,118.48,08:01:20.824896714
92,118.47,10,118.48,08:01:20.825051184
92,118.47,11,118.48,08:01:20.825543097
92,118.47,9,118.48,08:01:20.826093855
92,118.47,17,118.48,08:01:20.826628281
92,118.47,19,118.48,08:01:20.826695020
92,118.47,22,118.48,08:01:20.826873375
92,118.47,19,118.48,08:01:20.827242305
92,118.47,22,118.48,08:01:20.831889056
92,118.47,26,118.48,08:01:20.831889056
92,118.47,28,118.48,08:01:20.831952180
92,118.47,35,118.48,08:01:20.832099847
92,118.47,33,118.48,08:01:20.832173728
92,118.47,34,118.48,08:01:20.833570229
92,118.47,35,118.48,08:01:20.833998568
92,118.47,36,118.48,08:01:20.834131675
92,118.47,35,118.48,08:01:20.834206562
92,118.47,34,118.48,08:01:20.834351678
92,118.47,35,118.48,08:01:20.834427841
88,118.47,35,118.48,08:01:20.834496539
88,118.47,38,118.48,08:01:20.834607428
88,118.47,39,118.48,08:01:20.834722915
88,118.47,40,118.48,08:01:20.834902970
88,118.47,44,118.48,08:01:20.834902970
88,118.47,46,118.48,08:01:20.834918125
88,118.47,53,118.48,08:01:20.834918125
85,118.47,53,118.48,08:01:20.835075322
82,118.47,53,118.48,08:01:20.835075322
82,118.47,52,118.48,08:01:20.835311655
81,118.47,52,118.48,08:01:20.835388945
80,118.47,52,118.48,08:01:20.835476349
82,118.47,52,118.48,08:01:20.835476349
88,118.47,52,118.48,08:01:20.835705159
89,118.47,52,118.48,08:01:20.835842890
89,118.47,51,118.48,08:01:20.835911319
83,118.47,51,118.48,08:01:20.835978211
82,118.47,51,118.48,08:01:20.836112922
80,118.47,51,118.48,08:01:20.836243353
81,118.47,51,118.48,08:01:20.836476454
69,118.47,51,118.48,08:01:20.837769621
65,118.47,51,118.48,08:01:20.837836363
64,118.47,51,118.48,08:01:20.837909787
60,118.47,51,118.48,08:01:20.837981281
60,118.47,52,118.48,08:01:20.838129795
59,118.47,52,118.48,08:01:20.838203761
57,118.47,52,118.48,08:01:20.838281384
57,118.47,56,118.48,08:01:20.838351537
58,118.47,56,118.48,08:01:20.838764052
58,118.47,66,118.48,08:01:20.839041933
58,118.47,69,118.48,08:01:20.839136195
58,118.47,70,118.48,08:01:20.839236330
57,118.47,70,118.48,08:01:20.839314999
52,118.47,70,118.48,08:01:20.839391063
52,118.47,69,118.48,08:01:20.839547709
53,118.47,69,118.48,08:01:20.839547709
52,118.47,69,118.48,08:01:20.839702723
53,118.47,69,118.48,08:01:20.839984515
54,118.47,69,118.48,08:01:20.840190579
54,118.47,68,118.48,08:01:20.840755068
55,118.47,68,118.48,08:01:20.840821496
56,118.47,68,118.48,08:01:20.840891989
59,118.47,68,118.48,08:01:20.840999935
60,118.47,68,118.48,08:01:20.841665880
59,118.47,68,118.48,08:01:20.842079527
58,118.47,68,118.48,08:01:20.842776272
57,118.47,68,118.48,08:01:20.842930016
57,118.47,67,118.48,08:01:20.843593686
58,118.47,67,118.48,08:01:20.843663580
62,118.47,67,118.48,08:01:20.843753980
63,118.47,67,118.48,08:01:20.843897836
63,118.47,64,118.48,08:01:20.844420933
63,118.47,54,118.48,08:01:20.844420933
64,118.47,54,118.48,08:01:20.844584766
63,118.47,54,118.48,08:01:20.844652088
63,118.47,50,118.48,08:01:20.845098314
64,118.47,50,118.48,08:01:20.845575159
65,118.47,50,118.48,08:01:20.846888739
66,118.47,50,118.48,08:01:20.846955251
67,118.47,50,118.48,08:01:20.847023395
69,118.47,50,118.48,08:01:20.847143363
70,118.47,50,118.48,08:01:20.847220329
69,118.47,50,118.48,08:01:20.847220329
69,118.47,43,118.48,08:01:20.847322064
69,118.47,41,118.48,08:01:20.847402393
70,118.47,41,118.48,08:01:20.847473439
70,118.47,37,118.48,08:01:20.847545912
69,118.47,37,118.48,08:01:20.849048288
68,118.47,37,118.48,08:01:20.850775465
69,118.47,37,118.48,08:01:20.851047190
69,118.47,33,118.48,08:01:20.851116422
73,118.47,33,118.48,08:01:20.851227686
75,118.47,33,118.48,08:01:20.851293929
77,118.47,33,118.48,08:01:20.854619893
77,118.47,32,118.48,08:01:20.855186472
77,118.47,31,118.48,08:01:20.858945631
81,118.47,31,118.48,08:01:20.859201992
82,118.47,31,118.48,08:01:20.859385432
82,118.47,29,118.48,08:01:20.859385432
82,118.47,26,118.48,08:01:20.859462981
82,118.47,25,118.48,08:01:20.859462981
82,118.47,23,118.48,08:01:20.859604996
82,118.47,15,118.48,08:01:20.859677982
85,118.47,15,118.48,08:01:20.859835534
85,118.47,17,118.48,08:01:20.859998827
85,118.47,18,118.48,08:01:20.860616512
85,118.47,22,118.48,08:01:20.861254640
85,118.47,18,118.48,08:01:20.864975337
85,118.47,17,118.48,08:01:20.865263478
85,118.47,15,118.48,08:01:20.865263478
85,118.47,12,118.48,08:01:20.865577180
85,118.47,13,118.48,08:01:20.865756847
87,118.47,13,118.48,08:01:20.865831148
87,118.47,14,118.48,08:01:20.865950540
87,118.47,17,118.48,08:01:20.866030872
85,118.47,17,118.48,08:01:20.866176559
85,118.47,20,118.48,08:01:20.868124326
85,118.47,17,118.48,08:01:20.868851055
85,118.47,16,118.48,08:01:20.868991833
85,118.47,15,118.48,08:01:20.875259085
85,118.47,12,118.48,08:01:20.885983554
85,118.47,11,118.48,08:01:20.886096669
85,118.47,4,118.48,08:01:20.886096669
85,118.47,3,118.48,08:01:20.886118579
85,118.47,120,118.49,08:01:20.886118579
85,118.47,110,118.49,08:01:20.886365776
8,118.48,110,118.49,08:01:20.886365776
8,118.48,109,118.49,08:01:20.886562147
94,118.47,109,118.49,08:01:20.886719400
94,118.47,2,118.48,08:01:20.888355889
94,118.47,3,118.48,08:01:20.889577929
94,118.47,4,118.48,08:01:20.889650691
94,118.47,5,118.48,08:01:20.889723952
94,118.47,6,118.48,08:01:20.889877731
94,118.47,7,118.48,08:01:20.889877731
94,118.47,8,118.48,08:01:20.889962768
92,118.47,8,118.48,08:01:20.890132646
92,118.47,7,118.48,08:01:20.897002707
92,118.47,6,118.48,08:01:20.897002707
92,118.47,5,118.48,08:01:20.897097096
92,118.47,4,118.48,08:01:20.897097096
92,118.47,3,118.48,08:01:20.897097096
92,118.47,1,118.48,08:01:20.897218540
92,118.47,109,118.49,08:01:20.897288633
93,118.47,109,118.49,08:01:20.897488837
1,118.48,109,118.49,08:01:20.897488837
93,118.47,109,118.49,08:01:20.897507707
93,118.47,4,118.48,08:01:20.897507707
93,118.47,3,118.48,08:01:20.897669897
93,118.47,11,118.48,08:01:20.897853564
94,118.47,11,118.48,08:01:20.897866706
94,118.47,12,118.48,08:01:20.898322516
94,118.47,11,118.48,08:01:20.907266125
96,118.47,11,118.48,08:01:20.907425101
96,118.47,3,118.48,08:01:20.908112153
96,118.47,110,118.49,08:01:20.908553596
1,118.48,110,118.49,08:01:20.908879966
96,118.47,110,118.49,08:01:20.919700500
96,118.47,109,118.49,08:01:20.919840005
96,118.47,110,118.49,08:01:20.924211044
96,118.47,109,118.49,08:01:20.935640851
108,118.47,109,118.49,08:01:20.937785467
119,118.47,109,118.49,08:01:20.951226485
4,118.48,109,118.49,08:01:20.952397656
7,118.48,109,118.49,08:01:20.952600800
8,118.48,109,118.49,08:01:20.952600800
9,118.48,109,118.49,08:01:20.952674007
10,118.48,109,118.49,08:01:20.952822154
11,118.48,109,118.49,08:01:20.953521613
12,118.48,109,118.49,08:01:20.953690797
22,118.48,109,118.49,08:01:20.953770688
23,118.48,109,118.49,08:01:20.963677190
24,118.48,109,118.49,08:01:20.963837044
23,118.48,109,118.49,08:01:21.096848201
22,118.48,109,118.49,08:01:21.097028976
22,118.48,110,118.49,08:01:21.097177849
12,118.48,110,118.49,08:01:21.097254188
12,118.48,109,118.49,08:01:21.097400796
11,118.48,109,118.49,08:01:21.097492460
15,118.48,109,118.49,08:01:21.097574936
16,118.48,109,118.49,08:01:21.141002315
18,118.48,109,118.49,08:01:21.141176962
19,118.48,109,118.49,08:01:21.141440663
20,118.48,109,118.49,08:01:21.141513288
21,118.48,109,118.49,08:01:21.141659249
21,118.48,106,118.49,08:01:21.146604611
21,118.48,101,118.49,08:01:21.177169982
18,118.48,101,118.49,08:01:21.177966704
16,118.48,101,118.49,08:01:21.178047984
16,118.48,102,118.49,08:01:21.178194641
16,118.48,97,118.49,08:01:21.178289658
15,118.48,97,118.49,08:01:21.178304995
15,118.48,96,118.49,08:01:21.178406867
14,118.48,96,118.49,08:01:21.178495037
17,118.48,96,118.49,08:01:21.178495037
17,118.48,97,118.49,08:01:21.178638419
16,118.48,97,118.49,08:01:21.178833890
15,118.48,97,118.49,08:01:21.178833890
14,118.48,97,118.49,08:01:21.178935404
13,118.48,97,118.49,08:01:21.178952091
12,118.48,97,118.49,08:01:21.178952091
12,118.48,96,118.49,08:01:21.178952091
9,118.48,96,118.49,08:01:21.179029944
8,118.48,96,118.49,08:01:21.179029944
7,118.48,96,118.49,08:01:21.179029944
7,118.48,97,118.49,08:01:21.179151254
8,118.48,97,118.49,08:01:21.307303213
8,118.48,96,118.49,08:01:21.307488845
16,118.48,96,118.49,08:01:21.307554105
19,118.48,96,118.49,08:01:21.307679744
19,118.48,94,118.49,08:01:21.307847155
20,118.48,94,118.49,08:01:21.367268583
21,118.48,94,118.49,08:01:21.371060538
22,118.48,94,118.49,08:01:21.381895015
30,118.48,94,118.49,08:01:21.409517141
32,118.48,94,118.49,08:01:21.409630567
31,118.48,94,118.49,08:01:21.788203513
30,118.48,94,118.49,08:01:21.788291640
26,118.48,94,118.49,08:01:21.788291640
25,118.48,94,118.49,08:01:21.788306783
22,118.48,94,118.49,08:01:21.788306783
21,118.48,94,118.49,08:01:21.788575397
17,118.48,94,118.49,08:01:21.788592863
14,118.48,94,118.49,08:01:21.788592863
13,118.48,94,118.49,08:01:21.788609803
5,118.48,94,118.49,08:01:21.788609803
3,118.48,94,118.49,08:01:21.788634232
2,118.48,94,118.49,08:01:21.788634232
1,118.48,94,118.49,08:01:21.788634232
1,118.48,95,118.49,08:01:21.788634232
108,118.47,95,118.49,08:01:21.788634232
108,118.47,14,118.48,08:01:21.788716660
108,118.47,15,118.48,08:01:21.788857285
108,118.47,16,118.48,08:01:21.788871829
108,118.47,18,118.48,08:01:21.788871829
107,118.47,18,118.48,08:01:21.788871829
106,118.47,18,118.48,08:01:21.788925704
106,118.47,15,118.48,08:01:21.789153934
106,118.47,4,118.48,08:01:21.789241828
106,118.47,3,118.48,08:01:21.789484180
106,118.47,2,118.48,08:01:21.789484180
106,118.47,111,118.49,08:01:21.789500193
99,118.47,111,118.49,08:01:21.789632039
100,118.47,111,118.49,08:01:21.789632039
100,118.47,10,118.48,08:01:21.789879278
100,118.47,11,118.48,08:01:21.790159927
100,118.47,12,118.48,08:01:21.790255869
100,118.47,13,118.48,08:01:21.790255869
100,118.47,16,118.48,08:01:21.790271709
100,118.47,19,118.48,08:01:21.790357239
100,118.47,16,118.48,08:01:21.790705312
100,118.47,14,118.48,08:01:21.790897833
100,118.47,17,118.48,08:01:21.791526476
100,118.47,19,118.48,08:01:21.791765707
100,118.47,16,118.48,08:01:21.793878279
100,118.47,19,118.48,08:01:21.794190269
98,118.47,19,118.48,08:01:21.796026287
97,118.47,19,118.48,08:01:21.798757001
98,118.47,19,118.48,08:01:21.799243820
99,118.47,19,118.48,08:01:21.799408460
98,118.47,19,118.48,08:01:21.799854024
98,118.47,16,118.48,08:01:21.799926344
98,118.47,15,118.48,08:01:21.800153006
99,118.47,15,118.48,08:01:21.800242996
99,118.47,14,118.48,08:01:21.800242996
98,118.47,14,118.48,08:01:21.800344846
98,118.47,11,118.48,08:01:21.800424824
98,118.47,3,118.48,08:01:21.800506392
99,118.47,3,118.48,08:01:21.800578219
99,118.47,2,118.48,08:01:21.810708834
99,118.47,111,118.49,08:01:21.810725089
99,118.47,101,118.49,08:01:21.810725089
101,118.47,101,118.49,08:01:21.810790152
100,118.47,101,118.49,08:01:21.813295280
101,118.47,101,118.49,08:01:21.924924670
102,118.47,101,118.49,08:01:21.926125405
102,118.47,100,118.49,08:01:21.926258982
4,118.48,100,118.49,08:01:21.963427602
7,118.48,100,118.49,08:01:21.963494041
8,118.48,100,118.49,08:01:21.963669337
9,118.48,100,118.49,08:01:21.963824639
11,118.48,100,118.49,08:01:21.964054191
12,118.48,100,118.49,08:01:21.965561671
9,118.48,100,118.49,08:01:22.019594913
8,118.48,100,118.49,08:01:22.019777460
8,118.48,101,118.49,08:01:22.019844139
9,118.48,101,118.49,08:01:22.029304025
9,118.48,100,118.49,08:01:22.029510121
17,118.48,100,118.49,08:01:22.029579711
21,118.48,100,118.49,08:01:22.029579711
24,118.48,100,118.49,08:01:22.029857346
25,118.48,100,118.49,08:01:22.030041636
35,118.48,100,118.49,08:01:22.030120926
31,118.48,100,118.49,08:01:22.030321127
32,118.48,100,118.49,08:01:22.819235840
32,118.48,99,118.49,08:01:22.819295110
36,118.48,99,118.49,08:01:22.819998489
39,118.48,99,118.49,08:01:22.820076601
41,118.48,99,118.49,08:01:22.820076601
41,118.48,97,118.49,08:01:22.820171144
41,118.48,96,118.49,08:01:22.820171144
41,118.48,95,118.49,08:01:22.820171144
43,118.48,95,118.49,08:01:22.820188001
43,118.48,91,118.49,08:01:22.820188001
51,118.48,91,118.49,08:01:22.820188001
58,118.48,91,118.49,08:01:22.820475273
58,118.48,87,118.49,08:01:22.820567116
58,118.48,80,118.49,08:01:22.820582654
60,118.48,80,118.49,08:01:22.820582654
60,118.48,78,118.49,08:01:22.820582654
65,118.48,78,118.49,08:01:22.820855759
65,118.48,76,118.49,08:01:22.820855759
65,118.48,73,118.49,08:01:22.820925848
76,118.48,73,118.49,08:01:22.820941064
76,118.48,65,118.49,08:01:22.820941064
76,118.48,66,118.49,08:01:22.822415386
76,118.48,67,118.49,08:01:22.822488397
73,118.48,67,118.49,08:01:22.822488397
73,118.48,71,118.49,08:01:22.822548634
73,118.48,70,118.49,08:01:22.822882205
74,118.48,70,118.49,08:01:22.823434732
74,118.48,72,118.49,08:01:22.823539269
73,118.48,72,118.49,08:01:22.823613494
62,118.48,72,118.49,08:01:22.823748018
60,118.48,72,118.49,08:01:22.823993081
52,118.48,72,118.49,08:01:22.824075919
51,118.48,72,118.49,08:01:22.824152290
51,118.48,74,118.49,08:01:22.824288795
46,118.48,74,118.49,08:01:22.825171348
39,118.48,74,118.49,08:01:22.825350224
37,118.48,74,118.49,08:01:22.825417822
27,118.48,74,118.49,08:01:22.825577322
19,118.48,74,118.49,08:01:22.825724353
16,118.48,74,118.49,08:01:22.826343821
16,118.48,75,118.49,08:01:22.826568739
16,118.48,77,118.49,08:01:22.826642525
12,118.48,77,118.49,08:01:22.826721600
8,118.48,77,118.49,08:01:22.829427207
7,118.48,77,118.49,08:01:22.829673533
7,118.48,81,118.49,08:01:22.838430249
7,118.48,85,118.49,08:01:22.838612860
7,118.48,87,118.49,08:01:22.838789493
5,118.48,87,118.49,08:01:22.839454501
3,118.48,87,118.49,08:01:22.839798075
2,118.48,87,118.49,08:01:22.839868333
1,118.48,87,118.49,08:01:22.839977054
102,118.47,87,118.49,08:01:22.840140558
101,118.47,87,118.49,08:01:22.840330794
101,118.47,92,118.49,08:01:22.840476493
101,118.47,95,118.49,08:01:22.840476493
101,118.47,101,118.49,08:01:22.870676986
100,118.47,101,118.49,08:01:22.871941848
100,118.47,4,118.48,08:01:23.567710381
100,118.47,7,118.48,08:01:23.567958701
100,118.47,15,118.48,08:01:23.568027642
100,118.47,11,118.48,08:01:23.568183248
100,118.47,14,118.48,08:01:23.568183248
101,118.47,14,118.48,08:01:23.568183248
100,118.47,14,118.48,08:01:23.568455093
98,118.47,14,118.48,08:01:23.568580172
98,118.47,16,118.48,08:01:23.568666380
98,118.47,17,118.48,08:01:23.568833227
96,118.47,17,118.48,08:01:23.568895115
92,118.47,17,118.48,08:01:23.569421947
92,118.47,16,118.48,08:01:23.569815035
92,118.47,8,118.48,08:01:23.578958365
92,118.47,6,118.48,08:01:23.579039254
92,118.47,3,118.48,08:01:23.579187065
94,118.47,3,118.48,08:01:23.579278505
101,118.47,3,118.48,08:01:23.579644842
101,118.47,111,118.49,08:01:23.589620831
101,118.47,101,118.49,08:01:23.589725964
102,118.47,101,118.49,08:01:23.589792031
95,118.47,101,118.49,08:01:23.589858505
96,118.47,101,118.49,08:01:23.590002121
95,118.47,101,118.49,08:01:23.590096920
96,118.47,101,118.49,08:01:23.592951104
97,118.47,101,118.49,08:01:23.600891219
99,118.47,101,118.49,08:01:23.601116857
99,118.47,102,118.49,08:01:24.185098164
97,118.47,102,118.49,08:01:24.504506395
97,118.47,98,118.49,08:01:24.504562379
4,118.48,98,118.49,08:01:24.506468089
6,118.48,98,118.49,08:01:24.506699913
9,118.48,98,118.49,08:01:24.506699913
10,118.48,98,118.49,08:01:24.506792517
11,118.48,98,118.49,08:01:24.506863090
12,118.48,98,118.49,08:01:24.506936380
16,118.48,98,118.49,08:01:24.507006380
15,118.48,98,118.49,08:01:24.507105128
16,118.48,98,118.49,08:01:24.507740797
17,118.48,98,118.49,08:01:24.507740797
17,118.48,92,118.49,08:01:24.507840327
18,118.48,92,118.49,08:01:24.517773506
17,118.48,92,118.49,08:01:24.517920182
13,118.48,92,118.49,08:01:24.519764083
14,118.48,92,118.49,08:01:24.848454207
15,118.48,92,118.49,08:01:24.848599589
16,118.48,92,118.49,08:01:24.848776485
16,118.48,91,118.49,08:01:24.848847083
17,118.48,91,118.49,08:01:24.848960443
25,118.48,91,118.49,08:01:24.849030219
24,118.48,91,118.49,08:01:24.877734242
23,118.48,91,118.49,08:01:24.877793404
22,118.48,91,118.49,08:01:24.877862085
21,118.48,91,118.49,08:01:24.877923097
25,118.48,91,118.49,08:01:25.084021228
26,118.48,91,118.49,08:01:25.084198696
27,118.48,91,118.49,08:01:25.084636376
26,118.48,91,118.49,08:01:25.084904955
26,118.48,87,118.49,08:01:25.085076695
22,118.48,87,118.49,08:01:25.194397680
22,118.48,88,118.49,08:01:25.195890037
22,118.48,87,118.49,08:01:25.242741911
23,118.48,87,118.49,08:01:25.242853171
27,118.48,87,118.49,08:01:25.243026179
28,118.48,87,118.49,08:01:25.243139574
29,118.48,87,118.49,08:01:25.243398224
28,118.48,87,118.49,08:01:25.252697800
27,118.48,87,118.49,08:01:25.252842865
26,118.48,87,118.49,08:01:25.362852416
26,118.48,88,118.49,08:01:25.367924527
22,118.48,88,118.49,08:01:25.507952748
21,118.48,88,118.49,08:01:25.588194797
13,118.48,88,118.49,08:01:25.588350192
14,118.48,88,118.49,08:01:26.145791836
14,118.48,87,118.49,08:01:26.145996172
22,118.48,87,118.49,08:01:26.146087887
23,118.48,87,118.49,08:01:26.146087887
24,118.48,87,118.49,08:01:26.146169035
26,118.48,87,118.49,08:01:26.146169035
27,118.48,87,118.49,08:01:26.146235442
25,118.48,87,118.49,08:01:26.146304392
24,118.48,87,118.49,08:01:26.146374632
23,118.48,87,118.49,08:01:26.146448565
22,118.48,87,118.49,08:01:26.146522504
21,118.48,87,118.49,08:01:26.248770389
25,118.48,87,118.49,08:01:27.606727522
27,118.48,87,118.49,08:01:27.606793417
28,118.48,87,118.49,08:01:27.606953388
29,118.48,87,118.49,08:01:27.607074674
38,118.48,87,118.49,08:01:27.607150869
38,118.48,85,118.49,08:01:27.607227388
39,118.48,85,118.49,08:01:27.607288763
38,118.48,85,118.49,08:01:27.607397050
39,118.48,85,118.49,08:01:27.607562635
39,118.48,83,118.49,08:01:27.607650824
51,118.48,83,118.49,08:01:27.607723707
51,118.48,80,118.49,08:01:27.607895789
51,118.48,75,118.49,08:01:27.607895789
51,118.48,74,118.49,08:01:27.607895789
59,118.48,74,118.49,08:01:27.608656253
59,118.48,72,118.49,08:01:27.609026957
59,118.48,70,118.49,08:01:27.609206818
59,118.48,66,118.49,08:01:27.609276867
59,118.48,64,118.49,08:01:27.609595005
59,118.48,63,118.49,08:01:27.616988940
59,118.48,46,118.49,08:01:27.617213119
59,118.48,45,118.49,08:01:27.617213119
59,118.48,44,118.49,08:01:27.618867902
59,118.48,43,118.49,08:01:27.618938296
59,118.48,30,118.49,08:01:27.618938296
59,118.48,28,118.49,08:01:27.619004356
59,118.48,29,118.49,08:01:27.620026106
59,118.48,32,118.49,08:01:27.620125897
59,118.48,36,118.49,08:01:27.620125897
59,118.48,37,118.49,08:01:27.620267069
59,118.48,34,118.49,08:01:27.620348674
59,118.48,35,118.49,08:01:27.620640796
59,118.48,34,118.49,08:01:27.620892960
59,118.48,33,118.49,08:01:27.621090710
59,118.48,35,118.49,08:01:27.621805647
59,118.48,36,118.49,08:01:27.621877867
59,118.48,34,118.49,08:01:27.622030714
59,118.48,33,118.49,08:01:27.622101213
59,118.48,34,118.49,08:01:27.624245065
59,118.48,35,118.49,08:01:27.624919916
59,118.48,36,118.49,08:01:27.625684846
59,118.48,41,118.49,08:01:27.625933352
59,118.48,40,118.49,08:01:27.627125021
59,118.48,39,118.49,08:01:27.637502196
59,118.48,38,118.49,08:01:27.637734727
59,118.48,34,118.49,08:01:27.638503109
59,118.48,29,118.49,08:01:27.638646563
63,118.48,29,118.49,08:01:27.639586924
67,118.48,29,118.49,08:01:27.639767055
67,118.48,28,118.49,08:01:27.639871048
67,118.48,30,118.49,08:01:28.384533607
67,118.48,31,118.49,08:01:28.384605085
67,118.48,29,118.49,08:01:28.384826090
63,118.48,29,118.49,08:01:28.385471040
63,118.48,39,118.49,08:01:28.385627318
63,118.48,29,118.49,08:01:28.386906718
63,118.48,28,118.49,08:01:28.387056033
63,118.48,29,118.49,08:01:28.389088521
63,118.48,33,118.49,08:01:28.389312633
63,118.48,32,118.49,08:01:28.457341712
63,118.48,28,118.49,08:01:28.458349433
63,118.48,18,118.49,08:01:29.356104138
63,118.48,17,118.49,08:01:29.356728117
63,118.48,20,118.49,08:01:30.122033489
64,118.48,20,118.49,08:01:30.336453525
69,118.48,20,118.49,08:01:30.336643743
72,118.48,20,118.49,08:01:31.934237869
67,118.48,20,118.49,08:01:32.066884680
67,118.48,17,118.49,08:01:32.133624463
70,118.48,17,118.49,08:01:32.133887634
70,118.48,16,118.49,08:01:32.134057861
75,118.48,16,118.49,08:01:32.134141591
77,118.48,16,118.49,08:01:32.134215474
79,118.48,16,118.49,08:01:32.134338431
79,118.48,20,118.49,08:01:32.520924281
79,118.48,22,118.49,08:01:32.520988267
79,118.48,20,118.49,08:01:32.521144436
77,118.48,20,118.49,08:01:32.521286209
77,118.48,21,118.49,08:01:32.521647199
75,118.48,21,118.49,08:01:32.521787001
70,118.48,21,118.49,08:01:32.521846803
70,118.48,29,118.49,08:01:32.522162032
70,118.48,31,118.49,08:01:32.522233907
70,118.48,29,118.49,08:01:32.523776309
70,118.48,21,118.49,08:01:32.523842056
70,118.48,20,118.49,08:01:32.523955851
70,118.48,21,118.49,08:01:32.525089565
70,118.48,25,118.49,08:01:32.525247782
70,118.48,24,118.49,08:01:32.539106406
70,118.48,20,118.49,08:01:32.565946403
70,118.48,21,118.49,08:01:33.029251729
70,118.48,29,118.49,08:01:33.029311409
70,118.48,30,118.49,08:01:33.029379009
70,118.48,32,118.49,08:01:33.029443953
70,118.48,33,118.49,08:01:33.029581092
70,118.48,35,118.49,08:01:33.029670686
70,118.48,34,118.49,08:01:33.029670686
70,118.48,33,118.49,08:01:33.029753811
70,118.48,31,118.49,08:01:33.029832090
70,118.48,29,118.49,08:01:33.031639762
70,118.48,21,118.49,08:01:33.031708597
70,118.48,20,118.49,08:01:33.031811794
70,118.48,21,118.49,08:01:33.032822312
70,118.48,25,118.49,08:01:33.042409922
70,118.48,26,118.49,08:01:33.042519974
70,118.48,30,118.49,08:01:33.042624994
70,118.48,29,118.49,08:01:33.045946447
70,118.48,39,118.49,08:01:33.144890504
67,118.48,39,118.49,08:01:33.145079252
63,118.48,39,118.49,08:01:33.940813285
62,118.48,39,118.49,08:01:33.940957564
62,118.48,40,118.49,08:01:33.941140821
50,118.48,40,118.49,08:01:33.941494989
50,118.48,41,118.49,08:01:33.941660257
50,118.48,40,118.49,08:01:33.941981643
57,118.48,40,118.49,08:01:34.421004607
63,118.48,40,118.49,08:01:34.421117330
64,118.48,40,118.49,08:01:34.421268615
66,118.48,40,118.49,08:01:34.421345115
65,118.48,40,118.49,08:01:34.421415647
66,118.48,40,118.49,08:01:34.435608383
65,118.48,40,118.49,08:01:34.435809182
68,118.48,40,118.49,08:01:34.435883074
68,118.48,36,118.49,08:01:35.290522383
68,118.48,26,118.49,08:01:35.290673683
65,118.48,26,118.49,08:01:35.290770029
65,118.48,22,118.49,08:01:35.290888765
65,118.48,18,118.49,08:01:35.290971468
65,118.48,17,118.49,08:01:35.290971468
63,118.48,17,118.49,08:01:35.291043312
64,118.48,17,118.49,08:01:35.291120547
69,118.48,17,118.49,08:01:35.291268700
69,118.48,18,118.49,08:01:36.055121211
69,118.48,21,118.49,08:01:36.055306644
69,118.48,25,118.49,08:01:36.285689512
69,118.48,29,118.49,08:01:36.285746821
68,118.48,29,118.49,08:01:36.285846775
63,118.48,29,118.49,08:01:36.285907086
63,118.48,38,118.49,08:01:36.285979787
63,118.48,39,118.49,08:01:36.286054654
56,118.48,39,118.49,08:01:36.290326583
50,118.48,39,118.49,08:01:36.290390196
50,118.48,38,118.49,08:01:36.669276394
58,118.48,38,118.49,08:01:37.291008139
63,118.48,38,118.49,08:01:37.291108082
64,118.48,38,118.49,08:01:37.291179807
69,118.48,38,118.49,08:01:37.291240376
68,118.48,38,118.49,08:01:37.291309054
68,118.48,37,118.49,08:01:37.457657373
67,118.48,37,118.49,08:01:37.457657373
67,118.48,38,118.49,08:01:37.457823926
59,118.48,38,118.49,08:01:37.457901248
54,118.48,38,118.49,08:01:37.457966740
55,118.48,38,118.49,08:01:37.458039787
55,118.48,37,118.49,08:01:37.458109956
62,118.48,37,118.49,08:01:37.458185418
62,118.48,28,118.49,08:01:37.843478417
62,118.48,29,118.49,08:01:37.843668401
55,118.48,29,118.49,08:01:37.843730474
55,118.48,26,118.49,08:01:37.843790276
55,118.48,36,118.49,08:01:37.976728625
64,118.48,36,118.49,08:01:39.289583754
64,118.48,35,118.49,08:01:39.289758365
65,118.48,35,118.49,08:01:39.289823167
69,118.48,35,118.49,08:01:39.289885382
69,118.48,25,118.49,08:01:39.289992915
69,118.48,21,118.49,08:01:39.324258172
69,118.48,17,118.49,08:01:39.324405547
72,118.48,17,118.49,08:01:39.324623337
76,118.48,17,118.49,08:01:39.324819081
76,118.48,16,118.49,08:01:39.502963199
79,118.48,16,118.49,08:01:39.892770875
79,118.48,17,118.49,08:01:40.010537525
75,118.48,17,118.49,08:01:40.094488941
75,118.48,18,118.49,08:01:40.999398966
75,118.48,26,118.49,08:01:41.123703276
75,118.48,30,118.49,08:01:41.123703276
75,118.48,31,118.49,08:01:41.123801935
74,118.48,31,118.49,08:01:41.123870793
74,118.48,41,118.49,08:01:41.128107509
66,118.48,41,118.49,08:01:41.129507305
61,118.48,41,118.49,08:01:41.129571386
61,118.48,42,118.49,08:01:41.168132181
57,118.48,42,118.49,08:01:41.168193775
57,118.48,45,118.49,08:01:41.168331615
48,118.48,45,118.49,08:01:41.168405605
45,118.48,45,118.49,08:01:41.168567589
45,118.48,57,118.49,08:01:41.168727085
45,118.48,59,118.49,08:01:41.169052798
36,118.48,59,118.49,08:01:41.169052798
36,118.48,63,118.49,08:01:41.169067604
36,118.48,71,118.49,08:01:41.169067604
35,118.48,71,118.49,08:01:41.169159277
35,118.48,73,118.49,08:01:41.169297963
35,118.48,71,118.49,08:01:41.169490983
36,118.48,71,118.49,08:01:41.169549103
39,118.48,71,118.49,08:01:41.170043799
38,118.48,71,118.49,08:01:41.170261015
35,118.48,71,118.49,08:01:41.171173525
35,118.48,77,118.49,08:01:41.171173525
36,118.48,77,118.49,08:01:41.171496885
28,118.48,77,118.49,08:01:41.171643157
27,118.48,77,118.49,08:01:41.173322721
28,118.48,77,118.49,08:01:41.173593085
28,118.48,79,118.49,08:01:41.173665399
28,118.48,80,118.49,08:01:41.173736672
27,118.48,80,118.49,08:01:41.173806852
27,118.48,81,118.49,08:01:41.173869671
25,118.48,81,118.49,08:01:41.175524495
25,118.48,83,118.49,08:01:41.175678772
27,118.48,83,118.49,08:01:41.176053985
28,118.48,83,118.49,08:01:41.176126123
27,118.48,83,118.49,08:01:41.176305425
25,118.48,83,118.49,08:01:41.176488350
25,118.48,84,118.49,08:01:41.179368091
25,118.48,85,118.49,08:01:41.179533317
24,118.48,85,118.49,08:01:41.184735236
21,118.48,85,118.49,08:01:41.184799821
20,118.48,85,118.49,08:01:41.184889497
17,118.48,85,118.49,08:01:41.184889497
16,118.48,85,118.49,08:01:41.184958275
15,118.48,85,118.49,08:01:41.185029786
14,118.48,85,118.49,08:01:41.186728466
12,118.48,85,118.49,08:01:41.188625280
11,118.48,85,118.49,08:01:41.240643724
7,118.48,85,118.49,08:01:41.240718956
6,118.48,85,118.49,08:01:41.240734364
4,118.48,85,118.49,08:01:41.240734364
3,118.48,85,118.49,08:01:41.241051981
99,118.47,85,118.49,08:01:41.241051981
99,118.47,1,118.48,08:01:41.241051981
99,118.47,2,118.48,08:01:41.241155448
99,118.47,10,118.48,08:01:41.241155448
99,118.47,18,118.48,08:01:41.241155448
99,118.47,20,118.48,08:01:41.241413512
98,118.47,20,118.48,08:01:41.241527525
99,118.47,20,118.48,08:01:41.241527525
99,118.47,12,118.48,08:01:41.241527525
99,118.47,13,118.48,08:01:41.241541023
99,118.47,17,118.48,08:01:41.241755918
99,118.47,20,118.48,08:01:41.241915994
99,118.47,12,118.48,08:01:41.241915994
97,118.47,12,118.48,08:01:41.241936704
97,118.47,11,118.48,08:01:41.241936704
96,118.47,11,118.48,08:01:41.241936704
96,118.47,10,118.48,08:01:41.241936704
97,118.47,10,118.48,08:01:41.241999928
99,118.47,10,118.48,08:01:41.242142443
99,118.47,7,118.48,08:01:41.259517221
99,118.47,6,118.48,08:01:41.259587976
98,118.47,6,118.48,08:01:41.259587976
94,118.47,6,118.48,08:01:41.301869757
94,118.47,9,118.48,08:01:41.302022553
92,118.47,9,118.48,08:01:41.576476909
91,118.47,9,118.48,08:01:41.576540597
91,118.47,10,118.48,08:01:41.614194804
91,118.47,11,118.48,08:01:41.614383383
91,118.47,19,118.48,08:01:41.693245745
91,118.47,23,118.48,08:01:41.693402345
91,118.47,30,118.48,08:01:41.693557186
91,118.47,33,118.48,08:01:41.693676060
91,118.47,34,118.48,08:01:42.029988751
91,118.47,26,118.48,08:01:43.304274348
91,118.47,23,118.48,08:01:43.304525548
91,118.47,16,118.48,08:01:43.304609529
92,118.47,16,118.48,08:01:43.304689592
92,118.47,12,118.48,08:01:43.304689592
100,118.47,12,118.48,08:01:43.304773553
100,118.47,11,118.48,08:01:43.304856901
101,118.47,11,118.48,08:01:43.304921567
101,118.47,8,118.48,08:01:43.304996648
100,118.47,8,118.48,08:01:44.074888301
100,118.47,9,118.48,08:01:44.245815084
99,118.47,9,118.48,08:01:44.245983638
99,118.47,12,118.48,08:01:44.366890326
99,118.47,18,118.48,08:01:44.890430065
100,118.47,18,118.48,08:01:44.917364656
100,118.47,19,118.48,08:01:45.165467330
100,118.47,23,118.48,08:01:46.605392842
100,118.47,31,118.48,08:01:46.660980738
100,118.47,33,118.48,08:01:46.661049042
100,118.47,29,118.48,08:01:47.107289799
100,118.47,27,118.48,08:01:47.107564414
100,118.47,19,118.48,08:01:47.107564414
100,118.47,17,118.48,08:01:48.476122707
100,118.47,16,118.48,08:01:48.476122707
100,118.47,13,118.48,08:01:48.476393376
100,118.47,12,118.48,08:01:48.476407389
100,118.47,11,118.48,08:01:48.476407389
100,118.47,10,118.48,08:01:48.476529273
100,118.47,7,118.48,08:01:48.476546822
100,118.47,1,118.48,08:01:48.476546822
100,118.47,92,118.49,08:01:48.476546822
101,118.47,92,118.49,08:01:48.476546822
93,118.47,92,118.49,08:01:48.476654909
3,118.48,92,118.49,08:01:48.476654909
4,118.48,92,118.49,08:01:48.476759353
4,118.48,82,118.49,08:01:48.476871894
6,118.48,82,118.49,08:01:48.476871894
7,118.48,82,118.49,08:01:48.477113487
8,118.48,82,118.49,08:01:48.480295024
9,118.48,82,118.49,08:01:48.480453318
10,118.48,82,118.49,08:01:48.480518390
7,118.48,82,118.49,08:01:48.481821839
8,118.48,82,118.49,08:01:48.527578684
9,118.48,82,118.49,08:01:48.527805916
10,118.48,82,118.49,08:01:48.549457202
9,118.48,82,118.49,08:01:48.555453127
8,118.48,82,118.49,08:01:48.555609421
7,118.48,82,118.49,08:01:48.555673773
6,118.48,82,118.49,08:01:49.072240381
9,118.48,82,118.49,08:01:49.418718669
12,118.48,82,118.49,08:01:49.816120837
11,118.48,82,118.49,08:01:49.837791182
8,118.48,82,118.49,08:01:49.837929749
8,118.48,84,118.49,08:01:49.837993771
10,118.48,84,118.49,08:01:50.047966776
10,118.48,82,118.49,08:01:50.750281812
10,118.48,81,118.49,08:01:50.750661210
11,118.48,81,118.49,08:01:51.482572452
10,118.48,81,118.49,08:01:51.482827258
11,118.48,81,118.49,08:01:51.483926280
14,118.48,81,118.49,08:01:51.484078124
16,118.48,81,118.49,08:01:51.485004152
19,118.48,81,118.49,08:01:51.485083093
23,118.48,81,118.49,08:01:51.485083093
24,118.48,81,118.49,08:01:51.485151550
24,118.48,80,118.49,08:01:51.485992049
24,118.48,77,118.49,08:01:51.486935718
20,118.48,77,118.49,08:01:51.487151465
18,118.48,77,118.49,08:01:51.487299007
17,118.48,77,118.49,08:01:51.518633204
18,118.48,77,118.49,08:01:51.587741172
21,118.48,77,118.49,08:01:51.587911191
21,118.48,76,118.49,08:01:51.933515948
21,118.48,75,118.49,08:01:52.456495895
18,118.48,75,118.49,08:01:52.753382240
15,118.48,75,118.49,08:01:53.380018819
12,118.48,75,118.49,08:01:53.381647774
14,118.48,75,118.49,08:01:53.381871275
16,118.48,75,118.49,08:01:53.382023624
14,118.48,75,118.49,08:01:53.382279614
13,118.48,75,118.49,08:01:53.382456285
11,118.48,75,118.49,08:01:53.408951885
13,118.48,75,118.49,08:01:53.491950666
14,118.48,75,118.49,08:01:53.492132084
16,118.48,75,118.49,08:01:54.032231313
17,118.48,75,118.49,08:01:54.032476434
18,118.48,75,118.49,08:01:54.032476434
19,118.48,75,118.49,08:01:54.032551102
23,118.48,75,118.49,08:01:54.032551102
21,118.48,75,118.49,08:01:54.032622568
20,118.48,75,118.49,08:01:54.032702949
19,118.48,75,118.49,08:01:54.032702949
15,118.48,75,118.49,08:01:54.105364454
14,118.48,75,118.49,08:01:54.105996753
12,118.48,75,118.49,08:01:55.454372198
11,118.48,75,118.49,08:01:56.007866363
13,118.48,75,118.49,08:01:56.007927498
17,118.48,75,118.49,08:01:56.008081957
13,118.48,75,118.49,08:01:56.031461117
11,118.48,75,118.49,08:01:56.034392692
10,118.48,75,118.49,08:01:59.809530958
9,118.48,75,118.49,08:01:59.809601706
8,118.48,75,118.49,08:01:59.870133835
7,118.48,75,118.49,08:01:59.870335166
6,118.48,75,118.49,08:01:59.870615799
3,118.48,75,118.49,08:01:59.870727901
1,118.48,75,118.49,08:01:59.870750909
97,118.47,75,118.49,08:01:59.870750909
97,118.47,1,118.48,08:01:59.870750909
97,118.47,4,118.48,08:01:59.870880772
96,118.47,4,118.48,08:01:59.871010749
96,118.47,6,118.48,08:01:59.871010749
96,118.47,5,118.48,08:01:59.871165674
96,118.47,3,118.48,08:01:59.871420406
96,118.47,91,118.49,08:01:59.871420487
94,118.47,91,118.49,08:01:59.871441568
94,118.47,81,118.49,08:01:59.871698103
93,118.47,81,118.49,08:01:59.871698103
94,118.47,81,118.49,08:01:59.871857165
3,118.48,81,118.49,08:01:59.952369440
94,118.47,81,118.49,08:01:59.952604866
94,118.47,85,118.49,08:01:59.952915209
95,118.47,85,118.49,08:02:00.208163412
95,118.47,81,118.49,08:02:00.460529716
94,118.47,81,118.49,08:02:01.026748136
95,118.47,81,118.49,08:02:01.393363884
96,118.47,81,118.49,08:02:01.393534248
4,118.48,81,118.49,08:02:01.401802407
9,118.48,81,118.49,08:02:01.402052725
11,118.48,81,118.49,08:02:01.402123038
12,118.48,81,118.49,08:02:01.402123038
14,118.48,81,118.49,08:02:01.402211230
15,118.48,81,118.49,08:02:01.402388171
18,118.48,81,118.49,08:02:01.402388171
17,118.48,81,118.49,08:02:01.402403943
16,118.48,81,118.49,08:02:01.402686512
15,118.48,81,118.49,08:02:01.402686512
13,118.48,81,118.49,08:02:01.402787136
13,118.48,86,118.49,08:02:01.402787136
13,118.48,82,118.49,08:02:01.402845598
13,118.48,77,118.49,08:02:01.402908618
14,118.48,77,118.49,08:02:01.403060592
13,118.48,77,118.49,08:02:01.410996054
14,118.48,77,118.49,08:02:01.417417147
13,118.48,77,118.49,08:02:01.425993481
13,118.48,78,118.49,08:02:01.705994846
13,118.48,82,118.49,08:02:01.706188186
15,118.48,82,118.49,08:02:01.808139244
16,118.48,82,118.49,08:02:01.808324492
16,118.48,78,118.49,08:02:01.907997737
15,118.48,78,118.49,08:02:01.908162284
16,118.48,78,118.49,08:02:02.133210649
17,118.48,78,118.49,08:02:02.133492274
17,118.48,84,118.49,08:02:02.138936910
17,118.48,87,118.49,08:02:02.139113166
18,118.48,87,118.49,08:02:02.165359511
18,118.48,88,118.49,08:02:03.145178889
19,118.48,88,118.49,08:02:03.145462783
19,118.48,87,118.49,08:02:03.714847294
23,118.48,87,118.49,08:02:03.715202932
23,118.48,86,118.49,08:02:03.866626878
27,118.48,86,118.49,08:02:03.866729975
27,118.48,83,118.49,08:02:03.880866948
37,118.48,83,118.49,08:02:03.881027211
38,118.48,83,118.49,08:02:04.685317325
28,118.48,83,118.49,08:02:05.974597917
27,118.48,83,118.49,08:02:05.974672323
23,118.48,83,118.49,08:02:05.974672323
23,118.48,85,118.49,08:02:05.974738179
21,118.48,85,118.49,08:02:05.974846176
17,118.48,85,118.49,08:02:05.974925350
15,118.48,85,118.49,08:02:05.975552822
14,118.48,85,118.49,08:02:05.975819785
13,118.48,85,118.49,08:02:05.976028658
12,118.48,85,118.49,08:02:05.976028658
11,118.48,85,118.49,08:02:05.976047762
11,118.48,86,118.49,08:02:05.976226540
11,118.48,92,118.49,08:02:05.976331468
7,118.48,92,118.49,08:02:05.977632625
4,118.48,92,118.49,08:02:05.978639804
2,118.48,92,118.49,08:02:05.978639804
1,118.48,92,118.49,08:02:05.978639804
97,118.47,92,118.49,08:02:05.978738812
97,118.47,11,118.48,08:02:05.978762870
96,118.47,11,118.48,08:02:05.979000252
95,118.47,11,118.48,08:02:05.979106636
95,118.47,13,118.48,08:02:05.979106636
95,118.47,14,118.48,08:02:05.979223484
95,118.47,15,118.48,08:02:05.979242012
97,118.47,15,118.48,08:02:05.979301801
98,118.47,15,118.48,08:02:05.979374463
98,118.47,22,118.48,08:02:05.979556361
98,118.47,25,118.48,08:02:05.979746405
98,118.47,24,118.48,08:02:05.979746405
98,118.47,13,118.48,08:02:05.979815269
97,118.47,13,118.48,08:02:05.979903697
97,118.47,17,118.48,08:02:05.980180097
97,118.47,18,118.48,08:02:05.980658885
95,118.47,18,118.48,08:02:05.980857278
95,118.47,17,118.48,08:02:05.980930689
95,118.47,18,118.48,08:02:05.987764949
95,118.47,19,118.48,08:02:05.987913953
95,118.47,18,118.48,08:02:05.990426111
95,118.47,11,118.48,08:02:05.990820338
95,118.47,10,118.48,08:02:05.991094507
95,118.47,7,118.48,08:02:05.991094507
93,118.47,7,118.48,08:02:05.991175396
92,118.47,7,118.48,08:02:05.991175396
92,118.47,5,118.48,08:02:05.991361251
93,118.47,5,118.48,08:02:05.991361251
93,118.47,6,118.48,08:02:05.991620315
93,118.47,7,118.48,08:02:05.991698884
95,118.47,7,118.48,08:02:05.991786724
94,118.47,7,118.48,08:02:05.991800887
97,118.47,7,118.48,08:02:05.991800887
97,118.47,9,118.48,08:02:05.991949198
94,118.47,9,118.48,08:02:05.995761520
94,118.47,10,118.48,08:02:05.995935130
94,118.47,11,118.48,08:02:05.996001575
92,118.47,11,118.48,08:02:05.996161981
91,118.47,11,118.48,08:02:05.996248236
91,118.47,10,118.48,08:02:06.002549309
91,118.47,6,118.48,08:02:06.002563920
91,118.47,5,118.48,08:02:06.002563920
91,118.47,4,118.48,08:02:06.002563920
91,118.47,2,118.48,08:02:06.002581150
91,118.47,1,118.48,08:02:06.002581150
91,118.47,102,118.49,08:02:06.002581150
91,118.47,2,118.48,08:02:06.002650564
92,118.47,2,118.48,08:02:06.002839312
92,118.47,6,118.48,08:02:06.002953870
92,118.47,4,118.48,08:02:06.003082788
97,118.47,4,118.48,08:02:06.003082788
97,118.47,5,118.48,08:02:06.003104022
99,118.47,5,118.48,08:02:06.013139048
101,118.47,5,118.48,08:02:06.013295249
102,118.47,5,118.48,08:02:06.013850295
101,118.47,5,118.48,08:02:06.023460421
101,118.47,6,118.48,08:02:06.164659406
101,118.47,13,118.48,08:02:06.417483470
101,118.47,16,118.48,08:02:06.417616071
99,118.47,16,118.48,08:02:06.417943309
97,118.47,16,118.48,08:02:06.417943309
97,118.47,12,118.48,08:02:06.503961866
97,118.47,11,118.48,08:02:06.503961866
97,118.47,10,118.48,08:02:06.504067485
97,118.47,3,118.48,08:02:06.504086985
97,118.47,92,118.49,08:02:06.504086985
99,118.47,92,118.49,08:02:06.504295078
99,118.47,9,118.48,08:02:06.607476105
99,118.47,13,118.48,08:02:06.607573362
99,118.47,15,118.48,08:02:06.607825779
99,118.47,16,118.48,08:02:06.607825779
99,118.47,17,118.48,08:02:06.706641034
97,118.47,17,118.48,08:02:06.706802737
97,118.47,19,118.48,08:02:06.727366577
92,118.47,19,118.48,08:02:06.728391879
92,118.47,25,118.48,08:02:07.396309697
92,118.47,26,118.48,08:02:07.396570947
92,118.47,25,118.48,08:02:07.504209158
92,118.47,23,118.48,08:02:07.504276722
92,118.47,22,118.48,08:02:07.504349573
92,118.47,20,118.48,08:02:08.003380281
92,118.47,19,118.48,08:02:08.003570012
92,118.47,18,118.48,08:02:08.504305405
93,118.47,18,118.48,08:02:08.504499066
92,118.47,18,118.48,08:02:08.504657136
92,118.47,17,118.48,08:02:09.003775673
93,118.47,17,118.48,08:02:09.003921436
92,118.47,17,118.48,08:02:09.004039842
80,118.47,17,118.48,08:02:09.077428642
80,118.47,16,118.48,08:02:09.089622718
81,118.47,16,118.48,08:02:09.089741611
80,118.47,16,118.48,08:02:09.089893550
80,118.47,18,118.48,08:02:09.100323624
88,118.47,18,118.48,08:02:09.178159521
93,118.47,18,118.48,08:02:09.178222113
95,118.47,18,118.48,08:02:09.178465313
93,118.47,18,118.48,08:02:10.823659287
93,118.47,22,118.48,08:02:12.775652076
93,118.47,28,118.48,08:02:12.782302165
93,118.47,30,118.48,08:02:12.782444985
93,118.47,31,118.48,08:02:12.790421237
93,118.47,32,118.48,08:02:12.790524613
89,118.47,32,118.48,08:02:12.790591794
87,118.47,32,118.48,08:02:12.791096240
82,118.47,32,118.48,08:02:12.792013917
74,118.47,32,118.48,08:02:12.792087392
74,118.47,39,118.48,08:02:12.796156563
74,118.47,41,118.48,08:02:12.796225804
74,118.47,45,118.48,08:02:12.796332940
74,118.47,46,118.48,08:02:12.796396582
74,118.47,47,118.48,08:02:12.796463737
72,118.47,47,118.48,08:02:12.796532121
72,118.47,46,118.48,08:02:12.796604463
69,118.47,46,118.48,08:02:12.797343935
69,118.47,47,118.48,08:02:12.798673069
66,118.47,47,118.48,08:02:12.799103850
65,118.47,47,118.48,08:02:12.799230022
64,118.47,47,118.48,08:02:12.799315769
64,118.47,58,118.48,08:02:12.799996166
64,118.47,57,118.48,08:02:12.799996166
63,118.47,57,118.48,08:02:12.800192607
63,118.47,58,118.48,08:02:12.800266495
63,118.47,59,118.48,08:02:12.809719506
63,118.47,60,118.48,08:02:12.809882688
63,118.47,59,118.48,08:02:12.810863078
63,118.47,60,118.48,08:02:12.830980989
62,118.47,60,118.48,08:02:12.831231120
61,118.47,60,118.48,08:02:12.831303370
57,118.47,60,118.48,08:02:12.831782208
56,118.47,60,118.48,08:02:12.832004111
55,118.47,60,118.48,08:02:12.832191800
53,118.47,60,118.48,08:02:12.832272981
50,118.47,60,118.48,08:02:12.832272981
45,118.47,60,118.48,08:02:12.832288754
44,118.47,60,118.48,08:02:12.832288754
40,118.47,60,118.48,08:02:12.832288754
35,118.47,60,118.48,08:02:12.832418354
35,118.47,62,118.48,08:02:12.832418354
33,118.47,62,118.48,08:02:12.832538002
30,118.47,62,118.48,08:02:12.832538002
27,118.47,62,118.48,08:02:12.832672178
17,118.47,62,118.48,08:02:12.832672178
14,118.47,62,118.48,08:02:12.832688766
11,118.47,62,118.48,08:02:12.832688766
10,118.47,62,118.48,08:02:12.832776082
10,118.47,63,118.48,08:02:12.832776082
10,118.47,65,118.48,08:02:12.832881759
15,118.47,65,118.48,08:02:12.833074312
14,118.47,65,118.48,08:02:12.833074312
14,118.47,67,118.48,08:02:12.833196241
18,118.47,67,118.48,08:02:12.833569293
19,118.47,67,118.48,08:02:12.834758307
21,118.47,67,118.48,08:02:12.834758307
21,118.47,66,118.48,08:02:12.834758307
31,118.47,66,118.48,08:02:12.834869977
39,118.47,66,118.48,08:02:12.834972025
38,118.47,66,118.48,08:02:12.835161421
38,118.47,64,118.48,08:02:12.835161421
38,118.47,53,118.48,08:02:12.835247846
30,118.47,53,118.48,08:02:12.835322832
30,118.47,54,118.48,08:02:12.835419996
32,118.47,54,118.48,08:02:12.835500083
32,118.47,53,118.48,08:02:12.835587154
33,118.47,53,118.48,08:02:12.835750424
33,118.47,52,118.48,08:02:12.836629272
33,118.47,53,118.48,08:02:12.836763496
32,118.47,53,118.48,08:02:12.837612410
33,118.47,53,118.48,08:02:12.837855818
33,118.47,55,118.48,08:02:12.839774744
33,118.47,57,118.48,08:02:12.840022059
32,118.47,57,118.48,08:02:12.840102744
30,118.47,57,118.48,08:02:12.840102744
31,118.47,57,118.48,08:02:12.840257233
32,118.47,57,118.48,08:02:12.840537252
31,118.47,57,118.48,08:02:12.840608088
31,118.47,56,118.48,08:02:12.840679624
30,118.47,56,118.48,08:02:12.840749201
31,118.47,56,118.48,08:02:12.840820807
32,118.47,56,118.48,08:02:12.840897918
32,118.47,57,118.48,08:02:12.840973156
33,118.47,57,118.48,08:02:12.840973156
33,118.47,56,118.48,08:02:12.841087847
33,118.47,57,118.48,08:02:12.841553901
33,118.47,56,118.48,08:02:12.841690855
33,118.47,55,118.48,08:02:12.841796339
33,118.47,54,118.48,08:02:12.841796339
32,118.47,54,118.48,08:02:12.841870170
31,118.47,54,118.48,08:02:12.841944406
30,118.47,54,118.48,08:02:12.842021712
30,118.47,56,118.48,08:02:12.842021712
30,118.47,57,118.48,08:02:12.842140573
33,118.47,57,118.48,08:02:12.842244598
30,118.47,57,118.48,08:02:12.842578556
33,118.47,57,118.48,08:02:12.842767433
34,118.47,57,118.48,08:02:12.842985970
31,118.47,57,118.48,08:02:12.842985970
30,118.47,57,118.48,08:02:12.843388677
20,118.47,57,118.48,08:02:12.843580168
20,118.47,58,118.48,08:02:12.843660914
16,118.47,58,118.48,08:02:12.846573732
16,118.47,66,118.48,08:02:12.846718303
14,118.47,66,118.48,08:02:12.849665871
16,118.47,66,118.48,08:02:12.852519958
16,118.47,58,118.48,08:02:12.852667734
18,118.47,58,118.48,08:02:12.852811750
22,118.47,58,118.48,08:02:12.852973046
20,118.47,58,118.48,08:02:12.853377030
30,118.47,58,118.48,08:02:12.853377030
26,118.47,58,118.48,08:02:12.854506389
26,118.47,66,118.48,08:02:12.857549546
25,118.47,66,118.48,08:02:12.858234622
20,118.47,66,118.48,08:02:12.861431774
18,118.47,66,118.48,08:02:12.861563736
8,118.47,66,118.48,08:02:12.861711496
6,118.47,66,118.48,08:02:12.866207658
2,118.47,66,118.48,08:02:12.866237223
1,118.47,66,118.48,08:02:12.866237223
54,118.46,66,118.48,08:02:12.866237223
54,118.46,2,118.47,08:02:12.866237223
63,118.46,2,118.47,08:02:12.866237223
63,118.46,6,118.47,08:02:12.866255068
61,118.46,6,118.47,08:02:12.866551916
65,118.46,6,118.47,08:02:12.866702451
66,118.46,6,118.47,08:02:12.866726086
66,118.46,10,118.47,08:02:12.866726086
69,118.46,10,118.47,08:02:12.866726086
73,118.46,10,118.47,08:02:12.866726086
73,118.46,11,118.47,08:02:12.866726086
73,118.46,19,118.47,08:02:12.866845638
74,118.46,19,118.47,08:02:12.866964765
74,118.46,11,118.47,08:02:12.867096722
73,118.46,11,118.47,08:02:12.867190789
72,118.46,11,118.47,08:02:12.867190789
77,118.46,11,118.47,08:02:12.867257147
77,118.46,9,118.47,08:02:12.876693239
77,118.46,5,118.47,08:02:12.876761837
77,118.46,11,118.47,08:02:12.877011858
77,118.46,7,118.47,08:02:12.879014686
77,118.46,6,118.47,08:02:12.879014686
77,118.46,81,118.48,08:02:12.879341233
83,118.46,81,118.48,08:02:12.879405963
83,118.46,71,118.48,08:02:12.879837399
85,118.46,71,118.48,08:02:12.879837399
85,118.46,76,118.48,08:02:12.879837399
87,118.46,76,118.48,08:02:12.879837399
87,118.46,77,118.48,08:02:12.879837399
90,118.46,77,118.48,08:02:12.879855079
92,118.46,77,118.48,08:02:12.883848653
4,118.47,77,118.48,08:02:12.890782055
7,118.47,77,118.48,08:02:12.891022557
9,118.47,77,118.48,08:02:12.891119376
14,118.47,77,118.48,08:02:12.891119376
14,118.47,76,118.48,08:02:12.891135942
10,118.47,76,118.48,08:02:12.891713062
5,118.47,76,118.48,08:02:12.912744400
6,118.47,76,118.48,08:02:12.912992169
12,118.47,76,118.48,08:02:12.913229123
13,118.47,76,118.48,08:02:12.913341288
14,118.47,76,118.48,08:02:12.914114444
15,118.47,76,118.48,08:02:12.918286363
16,118.47,76,118.48,08:02:12.918937882
17,118.47,76,118.48,08:02:12.920916674
16,118.47,76,118.48,08:02:12.921075388
17,118.47,76,118.48,08:02:12.921143589
16,118.47,76,118.48,08:02:12.941061209
16,118.47,77,118.48,08:02:12.944118246
18,118.47,77,118.48,08:02:12.969523826
19,118.47,77,118.48,08:02:12.972052676
19,118.47,69,118.48,08:02:12.972202209
19,118.47,58,118.48,08:02:13.945722525
19,118.47,57,118.48,08:02:13.945892007
29,118.47,57,118.48,08:02:13.945966717
29,118.47,55,118.48,08:02:13.946370137
29,118.47,54,118.48,08:02:14.047928951
29,118.47,55,118.48,08:02:14.064282859
29,118.47,54,118.48,08:02:14.304025505
29,118.47,55,118.48,08:02:14.445354199
29,118.47,54,118.48,08:02:14.729044684
29,118.47,52,118.48,08:02:14.767488683
36,118.47,52,118.48,08:02:14.897102984
39,118.47,52,118.48,08:02:14.897170123
39,118.47,50,118.48,08:02:14.897275576
39,118.47,51,118.48,08:02:15.134058382
39,118.47,52,118.48,08:02:15.134123943
36,118.47,52,118.48,08:02:15.134200999
29,118.47,52,118.48,08:02:15.134200999
29,118.47,51,118.48,08:02:15.134271681
29,118.47,52,118.48,08:02:15.134715063
19,118.47,52,118.48,08:02:15.135278859
19,118.47,54,118.48,08:02:15.135530556
19,118.47,65,118.48,08:02:15.135608425
19,118.47,73,118.48,08:02:15.135608425
13,118.47,73,118.48,08:02:15.135696783
11,118.47,73,118.48,08:02:15.135696783
10,118.47,73,118.48,08:02:15.135767122
10,118.47,65,118.48,08:02:15.135848396
9,118.47,65,118.48,08:02:15.135848396
10,118.47,65,118.48,08:02:15.136503995
9,118.47,65,118.48,08:02:15.147287598
8,118.47,65,118.48,08:02:15.147772805
5,118.47,65,118.48,08:02:15.147912283
4,118.47,65,118.48,08:02:15.147984395
2,118.47,65,118.48,08:02:15.148064465
2,118.47,73,118.48,08:02:15.148129569
1,118.47,73,118.48,08:02:15.148284033
92,118.46,73,118.48,08:02:15.148364602
92,118.46,76,118.48,08:02:15.148425399
92,118.46,68,118.48,08:02:15.148627962
86,118.46,68,118.48,08:02:15.148714464
86,118.46,76,118.48,08:02:15.149606550
86,118.46,68,118.48,08:02:15.161742494
86,118.46,76,118.48,08:02:15.198308689
86,118.46,4,118.47,08:02:15.441083982
86,118.46,10,118.47,08:02:15.441319927
84,118.46,10,118.47,08:02:15.441410288
84,118.46,11,118.47,08:02:15.441583008
84,118.46,14,118.47,08:02:15.441905914
84,118.46,11,118.47,08:02:15.444749764
84,118.46,10,118.47,08:02:15.444952896
84,118.46,6,118.47,08:02:15.445959084
84,118.46,3,118.47,08:02:15.454032196
84,118.46,68,118.48,08:02:15.454285070
2,118.47,68,118.48,08:02:15.454389432
2,118.47,69,118.48,08:02:15.454593869
4,118.47,69,118.48,08:02:15.454713149
5,118.47,69,118.48,08:02:15.454728775
6,118.47,69,118.48,08:02:15.454974638
4,118.47,69,118.48,08:02:15.454974638
4,118.47,68,118.48,08:02:15.454988563
4,118.47,75,118.48,08:02:15.455344980
3,118.47,75,118.48,08:02:15.457160367
2,118.47,75,118.48,08:02:15.463997244
3,118.47,75,118.48,08:02:15.465327053
4,118.47,75,118.48,08:02:15.465713022
5,118.47,75,118.48,08:02:15.465855652
7,118.47,75,118.48,08:02:15.468488907
8,118.47,75,118.48,08:02:15.468653304
8,118.47,68,118.48,08:02:15.468722868
9,118.47,68,118.48,08:02:15.468828954
8,118.47,68,118.48,08:02:15.468914736
9,118.47,68,118.48,08:02:15.469051710
8,118.47,68,118.48,08:02:15.494201789
7,118.47,68,118.48,08:02:15.517100804
6,118.47,68,118.48,08:02:15.624654647
8,118.47,68,118.48,08:02:15.657216304
9,118.47,68,118.48,08:02:15.657478182
10,118.47,68,118.48,08:02:15.657625332
9,118.47,68,118.48,08:02:15.658079849
9,118.47,65,118.48,08:02:15.658659535
7,118.47,65,118.48,08:02:15.665759020
10,118.47,65,118.48,08:02:15.667604573
7,118.47,65,118.48,08:02:15.670092033
8,118.47,65,118.48,08:02:15.725080332
10,118.47,65,118.48,08:02:15.727204164
8,118.47,65,118.48,08:02:15.820955471
7,118.47,65,118.48,08:02:15.821094738
9,118.47,65,118.48,08:02:15.934707681
7,118.47,65,118.48,08:02:15.935192961
9,118.47,65,118.48,08:02:15.950040112
7,118.47,65,118.48,08:02:15.950205664
8,118.47,65,118.48,08:02:16.025650901
9,118.47,65,118.48,08:02:16.025972709
10,118.47,65,118.48,08:02:16.044882557
9,118.47,65,118.48,08:02:16.136431988
8,118.47,65,118.48,08:02:16.136574902
9,118.47,65,118.48,08:02:16.454496406
10,118.47,65,118.48,08:02:16.460595766
18,118.47,65,118.48,08:02:16.466956318
28,118.47,65,118.48,08:02:16.467230625
38,118.47,65,118.48,08:02:16.467230625
38,118.47,54,118.48,08:02:16.467361163
38,118.47,55,118.48,08:02:16.969601011
38,118.47,57,118.48,08:02:16.969832524
38,118.47,55,118.48,08:02:17.767153705
38,118.47,54,118.48,08:02:17.767298514
38,118.47,52,118.48,08:02:18.266695937
38,118.47,53,118.48,08:02:18.879576602
38,118.47,54,118.48,08:02:18.879727869
38,118.47,53,118.48,08:02:18.922409299
38,118.47,52,118.48,08:02:18.922565244
38,118.47,51,118.48,08:02:18.922972060
38,118.47,52,118.48,08:02:18.935315649
38,118.47,53,118.48,08:02:18.938507150
38,118.47,52,118.48,08:02:18.943497459
39,118.47,52,118.48,08:02:18.943570579
39,118.47,51,118.48,08:02:18.943570579
40,118.47,51,118.48,08:02:18.943673333
44,118.47,51,118.48,08:02:18.943810313
45,118.47,51,118.48,08:02:18.947792623
55,118.47,51,118.48,08:02:18.947864412
58,118.47,51,118.48,08:02:18.947934428
58,118.47,49,118.48,08:02:18.947997138
58,118.47,48,118.48,08:02:18.948755662
58,118.47,47,118.48,08:02:18.948882974
65,118.47,47,118.48,08:02:18.951102140
67,118.47,47,118.48,08:02:18.951165571
69,118.47,47,118.48,08:02:18.951283478
69,118.47,46,118.48,08:02:18.951355903
68,118.47,46,118.48,08:02:18.952002680
66,118.47,46,118.48,08:02:18.976835556
66,118.47,47,118.48,08:02:18.977218686
66,118.47,46,118.48,08:02:18.977359336
64,118.47,46,118.48,08:02:18.977464430
57,118.47,46,118.48,08:02:18.977533956
57,118.47,47,118.48,08:02:18.981519063
57,118.47,49,118.48,08:02:18.981696087
57,118.47,50,118.48,08:02:18.981941866
57,118.47,51,118.48,08:02:18.982102505
54,118.47,51,118.48,08:02:18.986063315
44,118.47,51,118.48,08:02:18.986130281
44,118.47,53,118.48,08:02:18.986257708
40,118.47,53,118.48,08:02:18.986319955
40,118.47,55,118.48,08:02:19.012032456
40,118.47,53,118.48,08:02:19.024271690
40,118.47,52,118.48,08:02:19.024413498
40,118.47,53,118.48,08:02:19.041410870
40,118.47,54,118.48,08:02:19.058130296
40,118.47,55,118.48,08:02:19.140527527
40,118.47,54,118.48,08:02:19.140685604
44,118.47,54,118.48,08:02:19.641462956
44,118.47,53,118.48,08:02:19.641624149
46,118.47,53,118.48,08:02:19.641684133
46,118.47,52,118.48,08:02:19.641823063
46,118.47,51,118.48,08:02:19.645526127
46,118.47,52,118.48,08:02:19.917979310
47,118.47,52,118.48,08:02:20.054301182
58,118.47,52,118.48,08:02:20.271783576
58,118.47,50,118.48,08:02:20.271970642
59,118.47,50,118.48,08:02:20.272126206
59,118.47,48,118.48,08:02:20.272313384
58,118.47,48,118.48,08:02:20.272386862
61,118.47,48,118.48,08:02:20.272386862
61,118.47,47,118.48,08:02:20.272909115
62,118.47,47,118.48,08:02:20.294524067
63,118.47,47,118.48,08:02:20.294692564
62,118.47,47,118.48,08:02:20.296104120
61,118.47,47,118.48,08:02:20.297130875
58,118.47,47,118.48,08:02:20.297399992
62,118.47,47,118.48,08:02:20.347019656
63,118.47,47,118.48,08:02:20.347195722
65,118.47,47,118.48,08:02:20.347258763
64,118.47,47,118.48,08:02:20.350447316
64,118.47,43,118.48,08:02:20.803250619
65,118.47,43,118.48,08:02:20.803407493
64,118.47,43,118.48,08:02:20.804974998
62,118.47,43,118.48,08:02:20.829396778
63,118.47,43,118.48,08:02:21.563930111
67,118.47,43,118.48,08:02:21.564103758
67,118.47,41,118.48,08:02:22.895320860
67,118.47,34,118.48,08:02:22.895393862
67,118.47,32,118.48,08:02:22.895393862
75,118.47,32,118.48,08:02:22.895469606
75,118.47,30,118.48,08:02:22.895469606
76,118.47,30,118.48,08:02:22.895776057
72,118.47,30,118.48,08:02:22.895776057
75,118.47,30,118.48,08:02:22.895885490
75,118.47,25,118.48,08:02:22.895900783
75,118.47,23,118.48,08:02:22.895900783
75,118.47,19,118.48,08:02:22.895966414
75,118.47,15,118.48,08:02:22.895966414
78,118.47,15,118.48,08:02:22.896066322
78,118.47,16,118.48,08:02:22.896254268
78,118.47,17,118.48,08:02:22.896335445
78,118.47,16,118.48,08:02:22.897419575
78,118.47,17,118.48,08:02:22.899406543
78,118.47,18,118.48,08:02:22.899474562
78,118.47,19,118.48,08:02:22.901474132
78,118.47,21,118.48,08:02:22.901538426
78,118.47,22,118.48,08:02:22.901603773
75,118.47,22,118.48,08:02:22.901709092
75,118.47,30,118.48,08:02:22.904027761
67,118.47,30,118.48,08:02:22.904210008
66,118.47,30,118.48,08:02:22.911660884
67,118.47,30,118.48,08:02:22.912341059
69,118.47,30,118.48,08:02:22.912599367
68,118.47,30,118.48,08:02:22.915452356
69,118.47,30,118.48,08:02:22.927295654
70,118.47,30,118.48,08:02:22.927412134
70,118.47,22,118.48,08:02:22.965191691
70,118.47,21,118.48,08:02:22.965363047
70,118.47,19,118.48,08:02:22.965430404
69,118.47,19,118.48,08:02:22.965526135
69,118.47,20,118.48,08:02:22.970081325
69,118.47,19,118.48,08:02:23.026102702
73,118.47,19,118.48,08:02:23.026215159
73,118.47,18,118.48,08:02:23.026215159
73,118.47,17,118.48,08:02:23.026279319
81,118.47,17,118.48,08:02:23.026346826
81,118.47,16,118.48,08:02:23.026453271
83,118.47,16,118.48,08:02:23.028568655
83,118.47,15,118.48,08:02:23.028674411
85,118.47,15,118.48,08:02:23.028774558
85,118.47,11,118.48,08:02:23.029042248
85,118.47,12,118.48,08:02:23.029160206
85,118.47,15,118.48,08:02:23.029368680
85,118.47,17,118.48,08:02:23.029623574
85,118.47,21,118.48,08:02:23.029697751
85,118.47,19,118.48,08:02:23.030017047
85,118.47,16,118.48,08:02:23.030948108
85,118.47,17,118.48,08:02:23.032100610
83,118.47,17,118.48,08:02:23.033365578
83,118.47,18,118.48,08:02:23.033713364
83,118.47,17,118.48,08:02:23.097012542
83,118.47,16,118.48,08:02:23.097149912
83,118.47,18,118.48,08:02:23.130777375
83,118.47,20,118.48,08:02:23.130843395
83,118.47,24,118.48,08:02:23.130907926
83,118.47,22,118.48,08:02:23.131063574
81,118.47,22,118.48,08:02:23.131132860
81,118.47,32,118.48,08:02:23.131205840
80,118.47,32,118.48,08:02:23.131311964
80,118.47,22,118.48,08:02:23.233203207
80,118.47,30,118.48,08:02:24.523169743
78,118.47,30,118.48,08:02:24.669848832
70,118.47,30,118.48,08:02:24.670094570
70,118.47,36,118.48,08:02:24.670240022
70,118.47,40,118.48,08:02:24.670310776
70,118.47,41,118.48,08:02:24.725818002
70,118.47,42,118.48,08:02:24.726570024
59,118.47,42,118.48,08:02:24.729594818
59,118.47,43,118.48,08:02:24.729775054
56,118.47,43,118.48,08:02:24.729851179
56,118.47,44,118.48,08:02:24.730006600
56,118.47,49,118.48,08:02:24.730103735
56,118.47,48,118.48,08:02:24.730103735
52,118.47,48,118.48,08:02:24.730103735
52,118.47,52,118.48,08:02:24.730175841
52,118.47,53,118.48,08:02:24.730244443
52,118.47,55,118.48,08:02:24.730391307
52,118.47,54,118.48,08:02:24.731054205
52,118.47,55,118.48,08:02:24.739696815
52,118.47,54,118.48,08:02:24.739858108
52,118.47,55,118.48,08:02:24.739922386
50,118.47,55,118.48,08:02:24.739984466
50,118.47,56,118.48,08:02:24.740137573
46,118.47,56,118.48,08:02:24.804271379
46,118.47,55,118.48,08:02:24.805266639
46,118.47,54,118.48,08:02:26.344136861
50,118.47,54,118.48,08:02:26.344627040
51,118.47,54,118.48,08:02:26.344810678
51,118.47,49,118.48,08:02:26.344876524
54,118.47,49,118.48,08:02:26.344950755
54,118.47,45,118.48,08:02:26.344950755
53,118.47,45,118.48,08:02:26.345097279
53,118.47,44,118.48,08:02:26.345178239
53,118.47,43,118.48,08:02:26.345251999
53,118.47,42,118.48,08:02:26.345378732
53,118.47,43,118.48,08:02:26.352275010
55,118.47,43,118.48,08:02:26.586359129
57,118.47,43,118.48,08:02:26.586547081
57,118.47,42,118.48,08:02:26.586742101
57,118.47,40,118.48,08:02:26.586809627
60,118.47,40,118.48,08:02:26.993709447
60,118.47,36,118.48,08:02:27.110643177
60,118.47,30,118.48,08:02:27.110704300
60,118.47,22,118.48,08:02:27.110821644
60,118.47,23,118.48,08:02:27.360111498
60,118.47,24,118.48,08:02:27.360304129
60,118.47,32,118.48,08:02:27.360304129
60,118.47,33,118.48,08:02:27.360364820
60,118.47,39,118.48,08:02:27.361144397
60,118.47,43,118.48,08:02:27.361250054
58,118.47,43,118.48,08:02:27.362168898
58,118.47,42,118.48,08:02:27.541600018
58,118.47,41,118.48,08:02:27.541671326
58,118.47,33,118.48,08:02:27.541671326
58,118.47,32,118.48,08:02:27.541804677
59,118.47,32,118.48,08:02:27.541872375
59,118.47,28,118.48,08:02:27.541872375
59,118.47,22,118.48,08:02:27.541940225
59,118.47,23,118.48,08:02:27.542053445
61,118.47,23,118.48,08:02:27.542117748
60,118.47,23,118.48,08:02:27.542221485
60,118.47,22,118.48,08:02:28.485764067
61,118.47,22,118.48,08:02:28.485822586
59,118.47,22,118.48,08:02:28.553347520
72,118.47,22,118.48,08:02:28.819613155
72,118.47,18,118.48,08:02:28.823890863
72,118.47,16,118.48,08:02:28.823954726
75,118.47,16,118.48,08:02:28.824105618
84,118.47,16,118.48,08:02:28.824261012
86,118.47,16,118.48,08:02:28.824337945
86,118.47,15,118.48,08:02:28.824450706
86,118.47,11,118.48,08:02:29.411682251
84,118.47,11,118.48,08:02:29.412559463
84,118.47,12,118.48,08:02:29.491593948
84,118.47,16,118.48,08:02:29.491657746
84,118.47,18,118.48,08:02:29.908610612
84,118.47,16,118.48,08:02:30.859385107
84,118.47,17,118.48,08:02:31.015680970
83,118.47,17,118.48,08:02:31.016895955
83,118.47,18,118.48,08:02:31.017125785
74,118.47,18,118.48,08:02:31.017201318
74,118.47,20,118.48,08:02:31.017201318
74,118.47,26,118.48,08:02:31.017287618
74,118.47,29,118.48,08:02:31.017287618
74,118.47,28,118.48,08:02:31.017355723
74,118.47,29,118.48,08:02:31.017423365
74,118.47,23,118.48,08:02:31.030492592
74,118.47,20,118.48,08:02:31.030552218
74,118.47,21,118.48,08:02:31.714323407
74,118.47,22,118.48,08:02:31.717425957
74,118.47,23,118.48,08:02:31.723773139
74,118.47,24,118.48,08:02:31.723839571
74,118.47,25,118.48,08:02:31.724866943
74,118.47,31,118.48,08:02:31.725051806
74,118.47,34,118.48,08:02:31.725156004
74,118.47,33,118.48,08:02:31.730615539
73,118.47,33,118.48,08:02:31.785347690
60,118.47,33,118.48,08:02:31.809186040
60,118.47,35,118.48,08:02:31.809370593
57,118.47,35,118.48,08:02:31.809370593
57,118.47,37,118.48,08:02:31.809523489
54,118.47,37,118.48,08:02:31.810278128
54,118.47,38,118.48,08:02:31.810446487
54,118.47,39,118.48,08:02:31.810609578
54,118.47,40,118.48,08:02:31.813692529
54,118.47,47,118.48,08:02:31.818089980
54,118.47,50,118.48,08:02:31.818158918
54,118.47,60,118.48,08:02:32.212703890
53,118.47,60,118.48,08:02:32.212767325
52,118.47,60,118.48,08:02:32.212767325
52,118.47,63,118.48,08:02:32.212833849
52,118.47,62,118.48,08:02:32.460513789
52,118.47,59,118.48,08:02:32.460605149
52,118.47,57,118.48,08:02:32.460605149
52,118.47,54,118.48,08:02:32.460605149
56,118.47,54,118.48,08:02:32.460605149
56,118.47,44,118.48,08:02:32.460677940
56,118.47,37,118.48,08:02:32.460677940
57,118.47,37,118.48,08:02:32.460677940
59,118.47,37,118.48,08:02:32.460762560
59,118.47,36,118.48,08:02:32.460828474
63,118.47,36,118.48,08:02:32.461631353
70,118.47,36,118.48,08:02:32.461732054
69,118.47,36,118.48,08:02:32.461799947
75,118.47,36,118.48,08:02:32.461901352
75,118.47,35,118.48,08:02:32.462676938
75,118.47,32,118.48,08:02:32.462857915
75,118.47,26,118.48,08:02:32.462934625
75,118.47,25,118.48,08:02:32.462934625
75,118.47,23,118.48,08:02:32.463004328
78,118.47,23,118.48,08:02:32.463181723
78,118.47,22,118.48,08:02:32.463181723
78,118.47,21,118.48,08:02:32.463181723
78,118.47,22,118.48,08:02:32.463352107
78,118.47,23,118.48,08:02:32.463352107
78,118.47,26,118.48,08:02:32.463415979
78,118.47,23,118.48,08:02:32.463566870
78,118.47,22,118.48,08:02:32.463720708
79,118.47,22,118.48,08:02:32.465362561
78,118.47,22,118.48,08:02:32.465646444
78,118.47,23,118.48,08:02:32.465866863
78,118.47,24,118.48,08:02:32.465932085
78,118.47,25,118.48,08:02:32.466114370
78,118.47,24,118.48,08:02:32.466378740
78,118.47,23,118.48,08:02:32.466484632
79,118.47,23,118.48,08:02:32.466596814
78,118.47,23,118.48,08:02:32.466783483
79,118.47,23,118.48,08:02:32.466854433
80,118.47,23,118.48,08:02:32.467144048
80,118.47,22,118.48,08:02:32.467253715
79,118.47,22,118.48,08:02:32.467925648
80,118.47,22,118.48,08:02:32.469108694
80,118.47,21,118.48,08:02:32.470115409
80,118.47,20,118.48,08:02:32.470193515
80,118.47,18,118.48,08:02:32.470257640
80,118.47,17,118.48,08:02:32.470823398
80,118.47,18,118.48,08:02:32.473212894
80,118.47,19,118.48,08:02:32.473357966
80,118.47,18,118.48,08:02:32.528360553
79,118.47,18,118.48,08:02:32.528498694
79,118.47,19,118.48,08:02:32.531054711
80,118.47,19,118.48,08:02:32.702565390
81,118.47,19,118.48,08:02:32.702790369
80,118.47,19,118.48,08:02:32.722087708
80,118.47,21,118.48,08:02:35.029120226
80,118.47,23,118.48,08:02:35.029273202
78,118.47,23,118.48,08:02:35.029338577
78,118.47,24,118.48,08:02:35.029766402
78,118.47,26,118.48,08:02:35.029831444
77,118.47,26,118.48,08:02:35.030057579
77,118.47,24,118.48,08:02:35.030057579
71,118.47,24,118.48,08:02:35.030148062
64,118.47,24,118.48,08:02:35.030148062
64,118.47,31,118.48,08:02:35.030148062
64,118.47,33,118.48,08:02:35.030216616
63,118.47,33,118.48,08:02:35.030300696
63,118.47,34,118.48,08:02:35.030401268
63,118.47,33,118.48,08:02:35.030587515
61,118.47,33,118.48,08:02:35.030699296
60,118.47,33,118.48,08:02:35.031358410
60,118.47,32,118.48,08:02:35.033484373
60,118.47,34,118.48,08:02:35.081591820
60,118.47,35,118.48,08:02:35.086376097
60,118.47,34,118.48,08:02:35.086546603
60,118.47,35,118.48,08:02:35.088138842
60,118.47,43,118.48,08:02:35.089735128
60,118.47,45,118.48,08:02:35.089836536
60,118.47,47,118.48,08:02:35.089903352
60,118.47,48,118.48,08:02:35.089974936
56,118.47,48,118.48,08:02:35.090861847
56,118.47,58,118.48,08:02:35.091004013
56,118.47,61,118.48,08:02:35.091110292
56,118.47,62,118.48,08:02:35.091286199
55,118.47,62,118.48,08:02:35.720161790
45,118.47,62,118.48,08:02:35.720304822
45,118.47,63,118.48,08:02:35.720371177
45,118.47,68,118.48,08:02:35.720518591
41,118.47,68,118.48,08:02:35.720681477
37,118.47,68,118.48,08:02:35.720758597
37,118.47,70,118.48,08:02:35.720875682
29,118.47,70,118.48,08:02:35.720942955
29,118.47,65,118.48,08:02:35.730472470
29,118.47,64,118.48,08:02:36.258862462
30,118.47,64,118.48,08:02:36.389189815
29,118.47,64,118.48,08:02:36.961262442
30,118.47,64,118.48,08:02:37.989109648
34,118.47,64,118.48,08:02:37.989169201
34,118.47,65,118.48,08:02:38.132724390
34,118.47,67,118.48,08:02:38.132925693
38,118.47,67,118.48,08:02:39.619238400
39,118.47,67,118.48,08:02:39.619526695
39,118.47,66,118.48,08:02:39.619609770
39,118.47,64,118.48,08:02:39.619609770
39,118.47,62,118.48,08:02:39.620702251
38,118.47,62,118.48,08:02:39.620837861
39,118.47,62,118.48,08:02:39.623639833
46,118.47,62,118.48,08:02:39.623783539
49,118.47,62,118.48,08:02:39.623886041
49,118.47,60,118.48,08:02:39.623987193
49,118.47,50,118.48,08:02:39.624072316
49,118.47,47,118.48,08:02:39.624072316
49,118.47,46,118.48,08:02:39.624968066
49,118.47,47,118.48,08:02:39.627585913
48,118.47,47,118.48,08:02:39.627730037
48,118.47,46,118.48,08:02:39.628042367
48,118.47,47,118.48,08:02:39.669511772
48,118.47,46,118.48,08:02:39.693293210
48,118.47,47,118.48,08:02:39.729852310
48,118.47,48,118.48,08:02:39.817998127
48,118.47,49,118.48,08:02:39.834787616
48,118.47,60,118.48,08:02:39.885319116
48,118.47,61,118.48,08:02:41.545085223
47,118.47,61,118.48,08:02:42.166399954
47,118.47,65,118.48,08:02:42.166629738
43,118.47,65,118.48,08:02:42.166629738
39,118.47,65,118.48,08:02:42.166695768
39,118.47,66,118.48,08:02:42.166695768
39,118.47,67,118.48,08:02:42.166846267
39,118.47,66,118.48,08:02:42.166911656
39,118.47,65,118.48,08:02:42.974917033
38,118.47,65,118.48,08:02:42.974917033
38,118.47,66,118.48,08:02:42.975176454
38,118.47,65,118.48,08:02:42.975176454
38,118.47,64,118.48,08:02:42.975293715
38,118.47,66,118.48,08:02:42.975355776
39,118.47,66,118.48,08:02:43.147504875
42,118.47,66,118.48,08:02:43.147691777
42,118.47,64,118.48,08:02:43.206175996
39,118.47,64,118.48,08:02:43.206425183
39,118.47,63,118.48,08:02:45.258395006
39,118.47,62,118.48,08:02:45.258520001
39,118.47,61,118.48,08:02:45.258587214
39,118.47,57,118.48,08:02:45.258657790
43,118.47,57,118.48,08:02:45.258734851
45,118.47,57,118.48,08:02:45.258848411
49,118.47,57,118.48,08:02:45.261942820
57,118.47,57,118.48,08:02:45.261998477
57,118.47,49,118.48,08:02:45.262149406
57,118.47,47,118.48,08:02:45.262245182
57,118.47,36,118.48,08:02:45.262245182
49,118.47,36,118.48,08:02:45.262299313
50,118.47,36,118.48,08:02:45.262371284
49,118.47,36,118.48,08:02:45.262521306
49,118.47,34,118.48,08:02:45.623258357
49,118.47,33,118.48,08:02:45.623323228
50,118.47,33,118.48,08:02:45.623446870
50,118.47,32,118.48,08:02:45.623511135
51,118.47,32,118.48,08:02:45.623578559
51,118.47,31,118.48,08:02:45.623649970
59,118.47,31,118.48,08:02:45.623715590
59,118.47,29,118.48,08:02:45.623790979
59,118.47,25,118.48,08:02:45.623961385
59,118.47,24,118.48,08:02:45.624049428
70,118.47,24,118.48,08:02:45.624166028
70,118.47,17,118.48,08:02:45.624252501
70,118.47,15,118.48,08:02:45.624252501
70,118.47,13,118.48,08:02:45.624496546
73,118.47,13,118.48,08:02:45.624599284
73,118.47,12,118.48,08:02:45.682973772
81,118.47,12,118.48,08:02:45.693995160
81,118.47,14,118.48,08:02:46.859150106
81,118.47,12,118.48,08:02:46.859310381
78,118.47,12,118.48,08:02:46.859377833
78,118.47,13,118.48,08:02:46.859833805
77,118.47,13,118.48,08:02:46.860252645
77,118.47,12,118.48,08:02:46.861724830
77,118.47,11,118.48,08:02:47.069056593
77,118.47,10,118.48,08:02:47.069362928
77,118.47,4,118.48,08:02:47.069490479
77,118.47,3,118.48,08:02:47.069512072
77,118.47,2,118.48,08:02:47.069512072
77,118.47,1,118.48,08:02:47.069512072
77,118.47,102,118.49,08:02:47.069512072
78,118.47,102,118.49,08:02:47.069512072
80,118.47,102,118.49,08:02:47.069614221
80,118.47,101,118.49,08:02:47.069766044
8,118.48,101,118.49,08:02:47.069825773
8,118.48,91,118.49,08:02:47.070112057
