price,volume,timestamp
118.5,1,08:00:00.007773804
118.5,3,08:00:00.398278289
118.5,3,08:00:00.503254171
118.5,1,08:00:00.503353502
118.5,2,08:00:00.503353502
118.5,1,08:00:00.503368977
118.5,1,08:00:00.724328100
118.5,3,08:00:01.075327978
118.5,2,08:00:01.075342787
118.5,1,08:00:01.942236473
118.5,1,08:00:01.942323020
118.51,3,08:00:03.090620696
118.5,1,08:00:06.007808053
118.5,4,08:00:06.007877887
118.5,1,08:00:06.007892533
118.5,1,08:00:09.851611420
118.5,2,08:00:09.851689948
118.5,2,08:00:09.851842834
118.5,1,08:00:09.851955503
118.5,1,08:00:09.852092367
118.5,1,08:00:09.852114705
118.5,5,08:00:09.852114705
118.5,3,08:00:20.265141158
118.5,6,08:00:20.265141158
118.5,12,08:00:21.332502564
118.5,4,08:00:21.332598144
118.5,1,08:00:21.332614282
118.5,2,08:00:21.332614282
118.5,2,08:00:21.500995547
118.49,1,08:00:34.457506814
118.5,1,08:00:47.047518706
118.5,1,08:00:47.047593909
118.5,3,08:00:47.047818875
118.5,1,08:00:47.047905483
118.5,4,08:00:47.047921544
118.5,1,08:00:47.048072831
118.5,5,08:00:47.048072831
118.5,12,08:00:47.048072831
118.5,1,08:00:47.048187115
118.5,1,08:00:47.048208727
118.5,2,08:00:47.048920256
118.5,1,08:00:47.048920256
118.5,1,08:00:47.295255307
118.5,1,08:00:47.295518753
118.49,3,08:01:16.400638372
118.49,20,08:01:16.400773434
118.49,1,08:01:16.400773434
118.49,1,08:01:16.400797226
118.49,12,08:01:16.400797226
118.49,3,08:01:16.400797226
118.49,2,08:01:16.400797226
118.49,2,08:01:16.400811329
118.49,1,08:01:16.401183578
118.49,1,08:01:16.401206852
118.49,2,08:01:16.401372464
118.49,1,08:01:16.401388201
118.49,1,08:01:16.420839467
118.48,1,08:01:16.455757543
118.49,3,08:01:17.327190449
118.49,1,08:01:17.327248659
118.48,3,08:01:20.561072648
118.48,2,08:01:20.561265415
118.48,5,08:01:20.561279179
118.48,2,08:01:20.561294574
118.48,3,08:01:20.561294574
118.48,1,08:01:20.561307908
118.48,1,08:01:20.561322167
118.48,3,08:01:20.561336776
118.48,4,08:01:20.561336776
118.48,1,08:01:20.561350203
118.48,4,08:01:20.561350203
118.48,1,08:01:20.561364785
118.48,1,08:01:20.561724567
118.48,3,08:01:20.561844160
118.48,1,08:01:20.561864596
118.48,1,08:01:20.562033215
118.48,1,08:01:20.562054614
118.48,2,08:01:20.585957816
118.48,4,08:01:20.585984930
118.48,2,08:01:20.585999976
118.48,1,08:01:20.586014075
118.48,1,08:01:20.586027429
118.48,1,08:01:20.586041717
118.48,1,08:01:20.603243008
118.48,1,08:01:20.674362058
118.48,1,08:01:20.697614665
118.48,1,08:01:20.710072500
118.48,1,08:01:20.710179322
118.48,3,08:01:20.710197792
118.48,1,08:01:20.710197792
118.48,1,08:01:20.822318248
118.48,1,08:01:20.822497538
118.48,2,08:01:20.822497538
118.48,2,08:01:20.822513673
118.48,1,08:01:20.822783311
118.48,1,08:01:20.822802108
118.48,1,08:01:20.823003327
118.48,3,08:01:20.885983554
118.48,7,08:01:20.886096669
118.48,1,08:01:20.886096669
118.48,1,08:01:20.886118579
118.48,3,08:01:20.886118579
118.48,2,08:01:20.897218540
118.48,1,08:01:20.897507707
118.48,1,08:01:20.897669897
118.48,1,08:01:21.096848201
118.48,3,08:01:21.177966704
118.48,2,08:01:21.178047984
118.48,1,08:01:21.178304995
118.48,1,08:01:21.178833890
118.48,1,08:01:21.178935404
118.48,1,08:01:21.178952091
118.48,4,08:01:21.788291640
118.48,1,08:01:21.788306783
118.48,1,08:01:21.788575397
118.48,4,08:01:21.788592863
118.48,3,08:01:21.788592863
118.48,1,08:01:21.788609803
118.48,8,08:01:21.788609803
118.48,2,08:01:21.788634232
118.48,3,08:01:21.789153934
118.48,2,08:01:21.790897833
118.48,1,08:01:21.810708834
118.48,2,08:01:21.810725089
118.48,4,08:01:23.568183248
118.48,1,08:01:37.457657373
118.48,1,08:01:41.240643724
118.48,4,08:01:41.240718956
118.48,2,08:01:41.240734364
118.48,1,08:01:41.240734364
118.48,1,08:01:41.241051981
118.48,3,08:01:41.241051981
118.48,2,08:01:48.476122707
118.48,1,08:01:48.476122707
118.48,3,08:01:48.476393376
118.48,1,08:01:48.476407389
118.48,1,08:01:48.476529273
118.48,1,08:01:48.476546822
118.48,3,08:01:48.476546822
118.48,6,08:01:48.476546822
118.48,1,08:01:49.837791182
118.48,1,08:01:59.870335166
118.48,1,08:01:59.870615799
118.48,3,08:01:59.870727901
118.48,1,08:01:59.870750909
118.48,2,08:01:59.870750909
118.48,3,08:01:59.952604866
118.48,1,08:02:01.402403943
118.48,1,08:02:01.402686512
118.48,1,08:02:05.976047762
118.48,3,08:02:05.978639804
118.48,2,08:02:05.978639804
118.48,1,08:02:05.978639804
118.48,1,08:02:05.978738812
118.48,1,08:02:06.002549309
118.48,1,08:02:06.002563920
118.48,4,08:02:06.002563920
118.48,1,08:02:06.002581150
118.48,2,08:02:06.002581150
118.48,1,08:02:06.503961866
118.48,4,08:02:06.503961866
118.48,1,08:02:06.504067485
118.48,7,08:02:06.504086985
118.48,3,08:02:06.504086985
118.48,1,08:02:07.504209158
118.48,1,08:02:08.003570012
118.48,1,08:02:08.504305405
118.48,1,08:02:09.003775673
118.48,1,08:02:09.089622718
118.47,2,08:02:12.866207658
118.47,4,08:02:12.866237223
118.47,1,08:02:12.866237223
118.47,1,08:02:12.879014686
118.47,4,08:02:12.879014686
118.47,6,08:02:12.879341233
118.47,3,08:02:15.454032196
118.47,3,08:02:15.454285070
118.47,1,08:02:31.016895955
118.47,1,08:02:42.166399954
118.47,1,08:02:42.974917033
118.48,1,08:02:47.069056593
118.48,1,08:02:47.069362928
118.48,6,08:02:47.069490479
118.48,1,08:02:47.069512072
118.48,1,08:02:47.128127742
118.48,1,08:02:47.128422033
118.48,1,08:02:47.128688979
118.48,1,08:03:16.012685147
118.48,3,08:03:16.012782507
118.48,1,08:03:16.012798741
118.48,1,08:03:16.012887038
118.48,3,08:03:16.013040531
118.48,1,08:03:16.013331607
118.47,1,08:03:17.044859445
118.47,1,08:03:17.203972336
118.47,2,08:03:17.203972336
118.47,1,08:03:20.725583315
118.47,4,08:03:20.969888191
118.47,4,08:03:20.970088242
118.47,3,08:03:20.970445390
118.47,1,08:03:20.970445390
118.47,2,08:03:20.970549399
118.47,1,08:03:20.970549399
118.47,3,08:03:20.970700756
118.47,1,08:03:20.970724542
118.47,3,08:03:20.970724542
118.47,1,08:03:20.970826677
118.47,4,08:03:21.706348804
118.47,2,08:03:21.706471712
118.47,1,08:03:21.706471712
118.47,2,08:03:24.219857290
118.47,1,08:03:34.026106804
118.48,1,08:03:40.285310100
118.48,1,08:03:40.285436151
118.48,1,08:03:40.285453940
118.48,3,08:03:40.285453940
118.48,1,08:03:44.735564088
118.48,1,08:03:44.735589209
118.48,2,08:03:44.735589209
118.47,1,08:03:51.034691376
118.48,2,08:04:01.239119301
118.48,2,08:04:01.239229305
118.48,4,08:04:01.239246383
118.48,1,08:04:01.239246383
118.48,2,08:04:01.239246383
118.47,3,08:04:01.398744736
118.47,1,08:04:01.399860772
118.47,1,08:04:08.032443838
118.47,1,08:04:12.809779507
118.47,1,08:04:12.810038518
118.47,1,08:04:12.810053577
118.47,9,08:04:12.810053577
118.47,3,08:04:12.810053577
118.47,2,08:04:12.810166028
118.47,1,08:04:12.810180037
118.47,1,08:04:12.810194405
118.47,1,08:04:12.810208325
118.47,1,08:04:12.810415864
118.47,3,08:04:12.810434310
118.47,1,08:04:12.810434310
118.47,2,08:04:12.810434310
118.47,4,08:04:12.810434310
118.47,1,08:04:12.810554856
118.47,10,08:04:12.810596197
118.47,3,08:04:12.810596197
118.47,1,08:04:12.810596197
118.47,11,08:04:14.160715121
118.46,4,08:04:16.763441983
118.46,3,08:04:16.763441983
118.46,1,08:04:16.763608044
118.46,2,08:04:16.763623459
118.46,5,08:04:16.763623459
118.46,1,08:04:16.763623459
118.46,4,08:04:16.763787685
118.46,2,08:04:16.763802358
118.46,4,08:04:16.763802358
118.46,10,08:04:16.763802358
118.46,3,08:04:16.763802358
118.46,1,08:04:16.763976514
118.46,2,08:04:16.763995375
118.46,1,08:04:16.764735643
118.46,1,08:04:16.764749205
118.46,1,08:04:16.764762779
118.46,3,08:04:16.764777848
118.46,2,08:04:16.764777848
118.46,2,08:04:16.764795218
118.46,1,08:04:16.764795218
118.46,1,08:04:16.764819326
118.46,1,08:04:16.764833118
118.46,2,08:04:16.764852581
118.46,2,08:04:16.811263172
118.46,1,08:04:16.811277764
118.46,1,08:04:16.871408401
118.46,1,08:04:16.871480193
118.46,1,08:04:16.875913078
118.46,2,08:04:17.010359642
118.47,6,08:04:20.261809714
118.47,7,08:04:20.262210943
118.47,1,08:04:20.262355206
118.47,1,08:04:20.262369804
118.47,6,08:04:20.262369804
118.47,3,08:04:20.262369804
118.47,1,08:04:20.262597670
118.47,3,08:04:20.262618044
118.47,4,08:04:20.262618044
118.47,1,08:04:20.262618044
118.47,18,08:04:20.262747134
118.47,1,08:04:20.263303903
118.47,4,08:04:20.263303903
118.47,1,08:04:20.263323762
118.47,1,08:04:20.263525918
118.47,3,08:04:20.263525918
118.47,1,08:04:20.263639623
118.47,1,08:04:20.263900484
118.47,2,08:04:20.264169297
118.47,1,08:04:20.264169297
118.47,2,08:04:20.264423873
118.47,2,08:04:20.308872674
118.47,1,08:04:20.308950760
118.47,1,08:04:20.390374307
118.47,1,08:04:20.412276326
118.47,1,08:04:20.510252856
118.47,1,08:04:20.510267362
118.48,1,08:04:21.825556969
118.48,1,08:04:23.243734200
118.47,1,08:04:25.029411764
118.47,1,08:04:27.480987287
118.47,2,08:04:27.481337155
118.47,1,08:04:27.481337155
118.47,1,08:04:27.481451225
118.47,1,08:04:27.748121651
118.47,2,08:04:27.748199881
118.46,1,08:04:42.032678680
118.46,3,08:04:43.403074767
118.46,8,08:04:43.403344253
118.46,1,08:04:43.403375320
118.46,4,08:04:43.403375320
118.46,2,08:04:43.403375320
118.46,3,08:04:43.403388152
118.46,1,08:04:43.403388152
118.46,1,08:04:43.404056125
118.46,1,08:04:43.404071507
118.46,1,08:04:43.404087302
118.46,11,08:04:43.404087302
118.46,3,08:04:56.685735859
118.46,1,08:04:56.685889196
118.46,1,08:04:56.685904358
118.46,2,08:04:56.685904358
118.46,1,08:04:56.685925625
118.46,1,08:04:56.686402687
118.46,1,08:04:56.686699410
118.46,1,08:04:59.037582379
118.47,3,08:05:02.691090964
118.47,6,08:05:02.691525843
118.47,1,08:05:02.691525843
118.47,1,08:05:02.691540495
118.47,1,08:05:02.691665254
118.47,4,08:05:02.691687382
118.47,1,08:05:02.691947221
118.47,1,08:05:02.692133689
118.47,2,08:05:02.692250943
118.47,1,08:05:02.692250943
118.47,1,08:05:02.959324241
118.48,1,08:05:02.986169948
118.48,4,08:05:02.986283311
118.48,4,08:05:02.986302713
118.48,5,08:05:02.986302713
118.48,1,08:05:02.986302713
118.48,1,08:05:03.041591827
118.48,1,08:05:03.046393668
118.48,2,08:05:03.106871171
118.48,1,08:05:03.106935975
118.48,2,08:05:03.145326389
118.49,1,08:05:04.961126384
118.49,1,08:05:04.961458547
118.49,1,08:05:04.961571020
118.49,1,08:05:04.961595474
118.49,3,08:05:04.961595474
118.49,5,08:05:04.961595474
118.49,4,08:05:04.962136501
118.49,3,08:05:04.962136501
118.49,11,08:05:04.962136501
118.49,14,08:05:04.962525972
118.49,2,08:05:04.962612753
118.49,1,08:05:04.962884837
118.49,3,08:05:04.972643612
118.49,1,08:05:04.990098245
118.48,1,08:05:09.411393595
118.48,1,08:05:09.411496948
118.48,1,08:05:09.411515156
118.48,1,08:05:09.411630692
118.48,2,08:05:09.411630692
118.48,2,08:05:09.412117040
118.48,1,08:05:10.954739355
118.48,4,08:05:10.954990523
118.48,1,08:05:10.960835388
118.48,1,08:05:11.040828757
118.48,1,08:05:25.043305676
118.48,2,08:05:43.695946578
118.48,1,08:05:43.696020168
118.48,2,08:05:45.926691082
118.48,2,08:05:45.926706349
118.48,1,08:05:45.926706349
118.48,1,08:05:45.926721136
118.48,1,08:05:45.926735837
118.48,1,08:05:45.926749965
118.48,1,08:05:45.926765050
118.48,1,08:05:45.926784807
118.48,1,08:05:45.926906881
118.48,5,08:05:45.926922237
118.48,1,08:05:45.926935901
118.48,1,08:05:45.927195872
118.48,1,08:05:45.927215648
118.48,8,08:05:45.927308620
118.48,3,08:05:45.927447331
118.48,1,08:05:51.336130729
118.48,1,08:05:58.478526036
118.49,1,08:06:14.372344715
118.49,1,08:06:14.372713399
118.49,1,08:06:14.373207181
118.49,1,08:06:14.373362023
118.49,5,08:06:14.373378826
118.49,2,08:06:14.373378826
118.49,1,08:06:14.373378826
118.49,2,08:06:14.373395555
118.49,3,08:06:14.382090184
118.49,2,08:06:14.471949735
118.49,1,08:06:14.472034964
118.49,2,08:06:14.472054183
118.49,2,08:06:14.472328128
118.49,7,08:06:14.478380703
118.49,1,08:06:14.667581033
118.48,1,08:06:17.030197976
118.49,6,08:06:25.930650034
118.49,1,08:06:43.023350087
118.5,1,08:07:00.082689289
118.5,6,08:07:00.082689289
118.5,3,08:07:00.082689289
118.5,2,08:07:00.209428121
118.5,1,08:07:00.477067115
118.5,1,08:07:01.127831148
118.5,1,08:07:01.128462241
118.5,3,08:07:01.228915887
118.5,1,08:07:03.230505315
118.49,3,08:07:21.433491070
118.49,1,08:07:21.433491070
118.49,2,08:07:21.433491070
118.49,1,08:07:21.433775198
118.49,1,08:07:21.433789326
118.49,2,08:07:21.433804155
118.49,8,08:07:21.433804155
118.49,2,08:07:21.433819928
118.49,4,08:07:21.433836149
118.49,1,08:07:21.433836149
118.49,12,08:07:21.433918891
118.49,3,08:07:21.433918891
118.49,1,08:07:21.433932903
118.49,2,08:07:21.433946795
118.49,3,08:07:21.433962379
118.49,3,08:07:21.433976183
118.49,5,08:07:21.433990260
118.49,10,08:07:21.434003643
118.49,7,08:07:21.434017399
118.49,7,08:07:21.434030791
118.48,1,08:07:21.512306632
118.48,1,08:07:21.576259026
118.48,1,08:07:21.576274444
118.48,1,08:07:21.576416732
118.48,1,08:07:21.576441656
118.48,3,08:07:21.576441656
118.48,2,08:07:21.576441656
118.48,4,08:07:21.576441656
118.48,2,08:07:21.576842324
118.48,1,08:07:21.577066216
118.48,2,08:07:21.577497966
118.48,1,08:07:21.608374137
118.48,1,08:07:21.781201863
118.48,1,08:07:24.759955345
118.48,1,08:07:32.965857370
118.48,1,08:07:36.029492486
118.48,1,08:07:37.293322892
118.48,1,08:07:42.341815637
118.48,1,08:07:42.341832980
118.48,1,08:07:52.415576953
118.48,1,08:08:01.547451034
118.48,1,08:08:01.547466733
118.48,1,08:08:02.026375204
118.48,2,08:08:06.642239661
118.48,1,08:08:06.642253744
118.48,2,08:08:06.642388684
118.48,11,08:08:06.642415669
118.48,1,08:08:06.642415669
118.48,2,08:08:06.650446239
118.48,1,08:08:06.668902296
118.48,1,08:08:06.712023249
118.48,1,08:08:06.712117731
118.48,2,08:08:06.712132660
118.48,1,08:08:07.091426072
118.48,8,08:08:14.222974645
118.48,1,08:08:14.223048836
118.48,1,08:08:14.223286013
118.48,1,08:08:14.414316711
118.48,1,08:08:16.509931037
118.48,1,08:08:17.032127720
118.48,1,08:08:28.042195922
118.48,1,08:08:30.966429367
118.48,1,08:08:34.370475663
118.48,1,08:08:46.268498548
118.48,8,08:08:46.268627200
118.48,1,08:08:46.268642282
118.48,12,08:08:46.268881901
118.48,2,08:08:46.268896109
118.48,1,08:08:46.268912196
118.48,3,08:08:46.268912196
118.48,4,08:08:46.269011309
118.48,1,08:08:46.269045815
118.48,4,08:08:46.269045815
118.48,10,08:08:46.269045815
118.47,1,08:08:46.334432025
118.47,1,08:08:46.566216294
118.47,1,08:08:47.441094101
118.47,3,08:08:47.441209361
118.47,2,08:08:47.441459147
118.47,1,08:08:47.441459147
118.47,1,08:08:47.441591624
118.47,5,08:08:47.452049877
118.47,5,08:08:47.462712382
118.47,4,08:08:47.462933569
118.47,1,08:08:47.463016980
118.47,1,08:08:47.473419815
118.47,4,08:08:47.473503184
118.47,4,08:08:47.473736525
118.47,5,08:08:47.484129245
118.47,5,08:08:47.494644218
118.47,2,08:08:47.494996489
118.47,2,08:08:47.495128735
118.47,1,08:08:47.495154296
118.47,4,08:08:47.495154296
118.47,1,08:08:47.495403283
118.47,1,08:08:47.495516050
118.47,1,08:08:47.497831394
118.47,1,08:08:47.500773623
118.47,1,08:08:47.571877992
118.47,1,08:08:51.391130531
118.47,1,08:08:52.525534576
118.47,1,08:08:54.039361628
118.47,1,08:08:57.185117590
118.47,1,08:08:57.185201000
118.47,2,08:08:57.185327612
118.47,1,08:08:57.185507525
118.47,7,08:08:57.185811298
118.47,7,08:08:57.186103857
118.47,1,08:08:57.186103857
118.47,5,08:08:57.186286881
118.47,1,08:08:57.186286881
118.47,1,08:08:57.226665864
118.47,4,08:08:57.226757825
118.47,1,08:08:57.226757825
118.48,2,08:08:59.121781183
118.47,1,08:08:59.966268314
118.47,1,08:09:00.296454327
118.47,1,08:09:00.296469473
118.47,1,08:09:00.341691969
118.47,1,08:09:00.342608023
118.47,1,08:09:00.548969536
118.47,4,08:09:01.027666546
118.47,1,08:09:01.027754930
118.47,2,08:09:01.027754930
118.47,6,08:09:01.027770104
118.46,2,08:09:02.298002255
118.46,1,08:09:02.298002255
118.46,1,08:09:02.298083734
118.46,1,08:09:08.787960270
118.47,3,08:09:19.592271915
118.47,1,08:09:19.592285764
118.47,8,08:09:19.592419876
118.47,2,08:09:19.592435217
118.47,1,08:09:19.592435217
118.47,1,08:09:19.592630010
118.47,3,08:09:19.592653390
118.47,5,08:09:19.592653390
118.47,1,08:09:19.623896026
118.47,6,08:09:19.632027388
118.47,1,08:09:19.634750221
118.47,1,08:09:20.044071093
118.47,1,08:09:20.044250252
118.47,1,08:09:20.069415592
118.46,1,08:09:46.026016389
118.47,2,08:09:56.420659649
118.47,1,08:09:56.420811390
118.47,5,08:09:56.420811390
118.47,1,08:09:56.420828006
118.47,1,08:09:56.421013405
118.47,3,08:09:56.421042775
118.47,1,08:09:56.421042775
118.47,1,08:09:56.421184519
118.47,1,08:09:56.431822579
118.47,4,08:09:56.432266831
118.47,1,08:09:56.432361644
118.47,1,08:09:56.432562591
118.47,1,08:09:56.432768198
118.47,1,08:09:56.451716477
118.47,1,08:09:56.451795927
118.47,3,08:09:56.452166339
118.47,1,08:09:56.914007993
118.47,2,08:09:59.334483266
118.47,2,08:09:59.510564217
118.47,1,08:09:59.510564217
118.47,1,08:09:59.521461594
118.47,1,08:09:59.521559229
118.47,2,08:10:09.149835069
118.46,1,08:10:13.030770842
118.46,1,08:10:19.453233453
118.46,1,08:10:19.453248285
118.46,2,08:10:19.453262842
118.46,3,08:10:19.453262842
118.46,1,08:10:19.453278445
118.46,3,08:10:19.453278445
118.46,9,08:10:19.453278445
118.46,2,08:10:19.453278445
118.46,2,08:10:19.453693222
118.46,4,08:10:19.453693222
118.46,2,08:10:19.453716925
118.46,1,08:10:19.453716925
118.46,2,08:10:19.453758550
118.46,1,08:10:19.453758550
118.46,2,08:10:19.471468089
118.45,1,08:10:26.966113095
118.46,7,08:10:37.750792988
118.46,14,08:10:37.751086872
118.46,3,08:10:37.751101183
118.46,8,08:10:37.751192062
118.46,9,08:10:37.751192062
118.46,4,08:10:37.751300875
118.46,8,08:10:37.751315371
118.46,11,08:10:37.751668673
118.46,2,08:10:37.751687722
118.46,1,08:10:37.751687722
118.46,5,08:10:37.751687722
118.46,2,08:10:37.751724503
118.46,1,08:10:37.751739973
118.46,1,08:10:37.776427463
118.46,2,08:10:37.776742349
118.46,1,08:10:41.032061098
118.46,2,08:10:41.032406507
118.46,4,08:10:41.032406507
118.46,1,08:10:41.032406507
118.46,1,08:10:41.061361890
118.46,1,08:10:41.082374319
118.46,1,08:10:41.082602006
118.46,1,08:10:41.082686795
118.46,1,08:10:41.082861826
118.46,1,08:10:43.952226064
118.46,4,08:10:43.952226064
118.46,2,08:10:43.952388570
118.46,3,08:10:43.952388570
118.46,1,08:10:43.952706528
118.46,1,08:10:43.953013523
118.46,1,08:10:43.953557452
118.46,2,08:10:43.953776246
118.46,1,08:10:43.953873058
118.46,1,08:10:43.956756825
118.46,1,08:11:00.310412218
118.46,1,08:11:00.310530198
118.46,1,08:11:00.310551583
118.46,2,08:11:00.310551583
118.46,2,08:11:00.310566147
118.46,3,08:11:00.310998742
118.46,7,08:11:00.310998742
118.46,3,08:11:00.311017193
118.46,1,08:11:00.311017193
118.46,1,08:11:00.311371391
118.46,1,08:11:00.384561656
118.46,1,08:11:00.384640875
118.46,8,08:11:01.220597632
118.46,2,08:11:01.220706303
118.46,2,08:11:01.220732028
118.46,1,08:11:01.220732028
118.46,4,08:11:01.220732028
118.46,1,08:11:01.221016160
118.46,1,08:11:01.221108844
118.46,1,08:11:01.221527468
118.46,4,08:11:01.221527468
118.46,1,08:11:09.035057827
118.47,1,08:11:15.170575258
118.47,2,08:11:15.170575258
118.47,1,08:11:15.170710372
118.47,2,08:11:15.170734644
118.47,1,08:11:15.170734644
118.47,5,08:11:15.170734644
118.46,2,08:11:18.707142464
118.46,2,08:11:18.707159612
118.46,1,08:11:18.707354118
118.46,1,08:11:18.707368844
118.46,8,08:11:18.707384198
118.46,4,08:11:18.707397715
118.46,11,08:11:18.707609919
118.46,3,08:11:18.707623657
118.46,1,08:11:18.707637336
118.46,3,08:11:18.707651078
118.46,1,08:11:18.707799052
118.46,1,08:11:18.707820745
118.46,1,08:11:18.707835235
118.46,4,08:11:18.707849856
118.46,2,08:11:18.707871411
118.46,7,08:11:18.707906009
118.46,1,08:11:18.707906009
118.46,2,08:11:18.707920162
118.46,3,08:11:18.708189612
118.46,4,08:11:18.708209320
118.46,4,08:11:18.708223890
118.46,3,08:11:18.708223890
118.46,3,08:11:18.708237362
118.46,2,08:11:18.708254843
118.46,3,08:11:18.708277151
118.46,3,08:11:18.708418376
118.46,8,08:11:18.708447401
118.46,5,08:11:18.709501483
118.45,5,08:11:18.714614064
118.45,1,08:11:18.719066289
118.45,1,08:11:18.719091985
118.45,2,08:11:18.719091985
118.45,1,08:11:18.719510830
118.45,1,08:11:18.719686292
118.45,1,08:11:18.720542685
118.45,1,08:11:18.720568877
118.45,1,08:11:18.721044073
118.45,3,08:11:18.721196470
118.45,2,08:11:18.721213901
118.45,3,08:11:18.721243821
118.45,3,08:11:18.721257974
118.45,6,08:11:18.721273801
118.45,1,08:11:18.721296377
118.45,1,08:11:18.721313263
118.45,2,08:11:18.721403020
118.45,2,08:11:18.721424367
118.45,2,08:11:18.721478482
118.45,1,08:11:18.721645394
118.45,1,08:11:18.722201237
118.45,1,08:11:18.724272762
118.45,1,08:11:18.724287286
118.45,1,08:11:18.724578902
118.45,4,08:11:18.724578902
118.45,1,08:11:18.740317486
118.45,1,08:11:18.740479115
118.45,1,08:11:18.741811818
118.45,1,08:11:18.742084771
118.45,1,08:11:18.742200160
118.45,2,08:11:18.742421216
118.45,1,08:11:18.742512755
118.45,3,08:11:18.742602172
118.45,2,08:11:18.746390073
118.45,2,08:11:18.859658756
118.45,1,08:11:18.989229203
118.45,1,08:11:19.031113042
118.45,4,08:11:19.078972412
118.45,2,08:11:19.079747948
118.45,3,08:11:19.143344961
118.45,1,08:11:19.154396275
118.45,1,08:11:19.154470959
118.45,1,08:11:19.154486511
118.45,1,08:11:19.336232316
118.45,5,08:11:19.336329310
118.45,3,08:11:19.364820779
118.45,1,08:11:19.399802930
118.45,1,08:11:19.480059647
118.45,1,08:11:21.644723828
118.45,2,08:11:21.644723828
118.45,1,08:11:21.644831317
118.45,2,08:11:21.644831317
118.45,1,08:11:21.644846347
118.45,2,08:11:21.645664235
118.45,1,08:11:21.646092766
118.45,1,08:11:22.997543329
118.45,2,08:11:22.997623501
118.45,1,08:11:32.080343131
118.45,3,08:11:32.080664701
118.45,2,08:11:32.080664701
118.45,4,08:11:34.936297484
118.45,1,08:11:34.936311199
118.45,2,08:11:34.936382825
118.45,5,08:11:34.936399350
118.44,3,08:11:40.279076085
118.44,3,08:11:40.279167384
118.44,5,08:11:40.279167384
118.44,1,08:11:40.279536333
118.44,1,08:11:52.487403678
118.44,2,08:11:52.487403678
118.44,1,08:11:52.488400157
118.44,1,08:11:52.489762232
118.43,1,08:11:52.627719769
118.43,1,08:11:53.963726288
118.43,2,08:12:00.277321745
118.43,1,08:12:00.277436785
118.43,3,08:12:00.277453540
118.43,2,08:12:00.277453540
118.43,1,08:12:01.205424143
118.43,1,08:12:01.205780865
118.43,1,08:12:01.205796487
118.43,1,08:12:01.318848259
118.43,1,08:12:05.039232780
118.43,1,08:12:22.965140083
118.44,1,08:12:23.238670591
118.44,2,08:12:23.238684847
118.44,8,08:12:23.238684847
118.44,1,08:12:23.238698828
118.44,6,08:12:23.238698828
118.44,2,08:12:23.238715193
118.44,1,08:12:23.238715193
118.44,2,08:12:23.239032084
118.44,1,08:12:23.239047249
118.44,1,08:12:23.239066430
118.44,4,08:12:23.239811773
118.44,18,08:12:23.239811773
118.44,3,08:12:23.261098992
118.44,1,08:12:23.287066034
118.44,1,08:12:23.327349581
118.43,1,08:12:25.039254350
118.44,1,08:12:25.484174271
118.44,1,08:12:27.820760702
118.44,1,08:12:27.820843275
118.43,1,08:12:29.171994538
118.43,8,08:12:29.171994538
118.43,1,08:12:29.172086961
118.43,8,08:12:31.121561564
118.43,5,08:12:31.121687733
118.43,1,08:12:31.121870029
118.43,1,08:12:31.122290676
118.43,1,08:12:31.822584369
118.43,1,08:12:31.822674286
118.43,1,08:12:31.823020051
118.43,1,08:12:31.825103323
118.43,1,08:12:33.511513082
118.43,1,08:12:33.511588496
118.43,1,08:12:33.645308714
118.43,1,08:12:38.674439342
118.43,4,08:12:38.674439342
118.43,6,08:12:38.674532728
118.43,5,08:12:38.675796896
118.43,1,08:12:38.675796896
118.42,1,08:12:43.969801866
118.42,3,08:12:44.654075508
118.42,1,08:12:44.654314083
118.42,2,08:12:44.654330880
118.42,1,08:12:44.654347370
118.42,2,08:12:44.654347370
118.43,1,08:12:44.654347370
118.43,1,08:12:44.654360243
118.43,1,08:12:44.654375580
118.43,1,08:12:44.654389292
118.43,1,08:12:44.654403894
118.43,1,08:12:44.654417695
118.43,2,08:12:44.654433328
118.43,1,08:12:44.654433328
118.43,4,08:12:44.654447385
118.43,1,08:12:44.655259615
118.43,1,08:12:44.655275247
118.43,1,08:12:44.655290434
118.43,3,08:12:44.655307938
118.43,5,08:12:44.655323327
118.43,4,08:12:44.655337512
118.43,6,08:12:44.655355068
118.43,4,08:12:44.655371020
118.43,4,08:12:44.655385049
118.43,8,08:12:44.655398816
118.43,2,08:12:44.655412720
118.43,1,08:12:44.655427395
118.43,5,08:12:44.655427395
118.43,1,08:12:44.655440854
118.43,2,08:12:44.655454684
118.43,1,08:12:44.655468127
118.43,4,08:12:44.655481331
118.43,10,08:12:44.655943366
118.43,1,08:12:44.655943366
118.43,4,08:12:44.655961343
118.43,3,08:12:44.655976415
118.43,1,08:12:44.655991647
118.43,1,08:12:44.676754982
118.43,3,08:12:44.676754982
118.43,4,08:12:44.676770128
118.43,3,08:12:44.677205468
118.43,10,08:12:46.177019363
118.43,1,08:12:46.177019363
118.43,6,08:12:46.177115277
118.43,1,08:12:46.190174030
118.43,2,08:12:46.190410529
118.43,1,08:12:46.251797539
118.43,1,08:12:46.252057900
118.43,1,08:12:46.252168931
118.43,1,08:12:46.252270387
118.43,3,08:12:50.785841478
118.43,2,08:12:50.785962611
118.43,2,08:12:50.786097680
118.43,1,08:12:50.786097680
118.43,2,08:12:50.786587564
118.43,1,08:12:50.786619931
118.43,1,08:12:50.786642002
118.42,1,08:13:01.024816011
118.42,1,08:13:01.025272507
118.42,1,08:13:01.025293071
118.42,3,08:13:01.025705088
118.42,4,08:13:01.025705088
118.42,5,08:13:01.025705088
118.42,1,08:13:01.025722298
118.42,3,08:13:01.025722298
118.42,1,08:13:01.026736022
118.42,2,08:13:01.026736022
118.42,1,08:13:01.207376390
118.42,2,08:13:01.207376390
118.42,2,08:13:02.647123631
118.42,1,08:13:02.647221845
118.42,2,08:13:02.647238886
118.42,1,08:13:02.647238886
118.41,4,08:13:11.782313845
118.41,1,08:13:20.966547030
118.41,1,08:13:29.033736272
118.42,1,08:13:39.850887628
118.42,1,08:13:39.851056559
118.42,3,08:13:39.851056559
118.42,2,08:13:39.851080943
118.42,1,08:13:39.851080943
118.42,5,08:13:39.851080943
118.42,1,08:13:39.851384235
118.42,3,08:13:39.851398428
118.42,1,08:13:39.851398428
118.42,1,08:13:39.851452517
118.42,1,08:13:39.851467369
118.42,1,08:13:39.851482185
118.42,1,08:13:39.852009560
118.42,3,08:13:39.852009560
118.42,1,08:13:39.852177346
118.42,3,08:13:39.852177346
118.42,10,08:13:39.852469387
118.42,3,08:13:39.852469387
118.42,1,08:13:41.596811596
118.42,1,08:13:41.596892339
118.42,2,08:13:41.597364370
118.42,2,08:13:41.597611605
118.42,1,08:13:41.703712004
118.42,2,08:13:42.150322610
118.42,2,08:13:48.748723271
118.42,1,08:13:48.748723271
118.42,1,08:13:48.749159142
118.42,1,08:13:48.771735887
118.41,1,08:13:57.033540680
118.42,1,08:14:00.081411910
118.42,1,08:14:02.903473791
118.42,3,08:14:02.903712732
118.42,1,08:14:02.903952568
118.42,1,08:14:02.903977887
118.42,2,08:14:02.903977887
118.42,1,08:14:02.904111579
118.42,2,08:14:02.904791825
118.42,2,08:14:02.904916654
118.42,1,08:14:02.923366874
118.42,1,08:14:02.930098733
118.42,1,08:14:03.979564804
118.41,2,08:14:06.485753350
118.42,4,08:14:10.183279640
118.42,1,08:14:10.183294533
118.42,3,08:14:10.183294533
118.42,1,08:14:10.183400302
118.42,8,08:14:10.183414017
118.42,2,08:14:10.183504133
118.42,2,08:14:10.183664229
118.42,1,08:14:10.183690274
118.42,2,08:14:10.183690274
118.42,3,08:14:10.183690274
118.42,4,08:14:10.183711839
118.42,3,08:14:10.183896743
118.42,1,08:14:10.183896743
118.42,1,08:14:10.184251888
118.42,1,08:14:10.184477572
118.42,2,08:14:10.184513505
118.42,1,08:14:10.184513505
118.42,1,08:14:10.184542551
118.42,1,08:14:10.184559498
118.42,1,08:14:10.184707380
118.42,1,08:14:10.184828698
118.42,1,08:14:10.184906903
118.42,2,08:14:10.185110979
118.42,1,08:14:10.185581840
118.42,1,08:14:10.185745149
118.42,1,08:14:13.561861668
118.41,24,08:14:23.515516204
118.41,3,08:14:23.515978287
118.41,13,08:14:23.515978287
118.41,1,08:14:23.516083884
118.41,6,08:14:23.516462028
118.41,11,08:14:23.516462028
118.41,15,08:14:23.519167107
118.41,12,08:14:23.555956497
118.41,1,08:14:23.843818327
118.41,2,08:14:23.844217693
118.41,1,08:14:23.844446217
118.41,1,08:14:23.844545558
118.41,1,08:14:23.844693382
118.41,1,08:14:23.844709263
118.41,2,08:14:23.844824860
118.41,1,08:14:23.865124918
118.4,1,08:14:25.031696205
118.4,1,08:14:33.805017405
118.4,2,08:14:33.806068499
118.4,1,08:14:33.833825344
118.4,2,08:14:33.878703152
118.4,3,08:14:33.879095034
118.4,1,08:14:34.533969491
118.4,3,08:14:34.534112181
118.4,1,08:14:34.534136245
118.4,7,08:14:34.534136245
118.4,2,08:14:34.534153708
118.4,1,08:14:34.966650354
118.4,1,08:14:34.966750847
118.4,1,08:14:34.966767075
118.4,1,08:14:35.076590438
118.4,1,08:14:35.242984347
118.41,4,08:14:41.788974667
118.41,1,08:14:41.789154964
118.41,4,08:14:41.789187613
118.41,1,08:14:41.789187613
118.41,5,08:14:41.789187613
118.41,3,08:14:41.789205086
118.41,1,08:14:41.794278230
118.41,1,08:14:41.794295772
118.41,6,08:14:42.099162607
118.41,1,08:14:44.651009213
118.41,3,08:14:48.645299345
118.41,1,08:14:51.461077902
118.41,5,08:14:51.461077902
118.41,1,08:14:53.035987324
118.41,1,08:14:53.036164242
118.42,1,08:15:00.274859251
118.42,5,08:15:00.274953593
118.42,2,08:15:00.274968425
118.42,1,08:15:00.275408264
118.42,1,08:15:00.462521611
118.42,1,08:15:00.462609025
118.42,2,08:15:00.462623784
118.42,4,08:15:00.463208592
118.42,3,08:15:00.463208592
118.43,1,08:15:00.946602399
118.43,2,08:15:00.962839159
118.43,2,08:15:08.214280753
118.43,5,08:15:10.657933307
118.43,1,08:15:10.657948376
118.43,1,08:15:10.658125124
118.43,1,08:15:10.658313182
118.43,4,08:15:10.658334589
118.43,1,08:15:10.658334589
118.43,3,08:15:10.658334589
118.43,2,08:15:10.658358401
118.43,1,08:15:10.658358401
118.43,1,08:15:10.658614260
118.43,1,08:15:10.659641427
118.43,1,08:15:10.661675162
118.43,2,08:15:10.661675162
118.43,1,08:15:10.684507072
118.43,1,08:15:10.700863879
118.43,4,08:15:10.700863879
118.43,1,08:15:10.700991898
118.43,1,08:15:17.639904972
118.43,1,08:15:17.639972988
118.43,1,08:15:17.705315103
118.42,1,08:15:18.037794839
118.43,1,08:15:19.378694094
118.43,1,08:15:28.818646238
118.43,1,08:15:28.928976290
118.43,8,08:15:30.387502571
118.43,1,08:15:30.387515873
118.43,1,08:15:30.387533281
118.43,1,08:15:30.387549918
118.43,1,08:15:30.387732065
118.43,1,08:15:30.387753467
118.43,2,08:15:30.387767486
118.43,1,08:15:30.387787697
118.43,1,08:15:30.387838638
118.43,1,08:15:30.387861819
118.43,2,08:15:30.521821020
118.43,1,08:15:30.709137369
118.43,1,08:15:31.918473006
118.43,1,08:15:32.035546726
118.43,3,08:15:32.035729401
118.43,2,08:15:32.035747545
118.43,3,08:15:32.035747545
118.43,1,08:15:32.035763459
118.43,2,08:15:32.035891328
118.43,1,08:15:32.068660951
118.43,1,08:15:32.068732803
118.43,1,08:15:35.264049564
118.43,1,08:15:35.264070863
118.43,2,08:15:35.264070863
118.43,2,08:15:35.264086111
118.43,2,08:15:35.264377627
118.43,1,08:15:35.264377627
118.43,4,08:15:35.264480597
118.43,1,08:15:36.931005734
118.43,1,08:15:41.028660831
118.43,3,08:15:43.049024062
118.43,1,08:15:43.049024062
118.43,1,08:15:43.787796908
118.44,2,08:15:51.237454673
118.44,1,08:15:51.237454673
118.44,4,08:15:51.237597704
118.44,1,08:15:51.237611554
118.44,1,08:15:51.237630296
118.44,2,08:15:51.237630296
118.44,1,08:15:51.237645925
118.44,7,08:15:51.237805185
118.44,4,08:15:51.237819275
118.44,1,08:15:51.237985079
118.44,3,08:15:51.237985079
118.44,1,08:15:51.238016254
118.44,2,08:15:51.238195614
118.44,4,08:15:51.238229831
118.44,1,08:15:51.238229831
118.44,1,08:15:51.239715990
118.44,1,08:15:51.239971768
118.44,2,08:15:51.239983864
118.44,1,08:15:51.239999301
118.44,4,08:15:51.239999301
118.44,2,08:15:51.240015307
118.44,1,08:15:51.240015307
118.44,1,08:15:51.240035468
118.44,10,08:15:51.240669477
118.44,3,08:15:51.240716962
118.44,1,08:15:51.247156444
118.44,1,08:15:51.247563538
118.44,1,08:15:51.263589120
118.44,1,08:15:51.263932313
118.44,2,08:15:51.263932313
118.44,3,08:15:51.264218236
118.44,6,08:15:51.264581506
118.44,1,08:15:51.266899586
118.44,1,08:15:51.266983468
118.44,1,08:15:51.299141290
118.44,1,08:15:51.299250064
118.45,3,08:15:53.815536928
118.45,1,08:15:53.815536928
118.45,4,08:15:53.815644550
118.45,1,08:15:53.815644550
118.45,8,08:15:53.815664583
118.45,1,08:15:53.815664583
118.45,2,08:15:53.815664583
118.45,4,08:15:53.815664583
118.45,2,08:16:00.274145082
118.45,1,08:16:04.021152291
118.45,1,08:16:04.021251382
118.45,1,08:16:04.021266829
118.45,4,08:16:04.021266829
118.45,1,08:16:04.021447350
118.45,2,08:16:04.021447350
118.45,2,08:16:04.021977442
118.45,1,08:16:04.042203103
118.45,1,08:16:04.638416853
118.46,1,08:16:08.525372947
118.46,1,08:16:08.525454066
118.46,4,08:16:08.525454066
118.46,1,08:16:08.525468133
118.45,4,08:16:10.736619469
118.45,1,08:16:10.736619469
118.45,1,08:16:10.736785712
118.45,2,08:16:10.736802282
118.45,1,08:16:10.736802282
118.45,1,08:16:10.736981575
118.45,3,08:16:10.736996099
118.45,4,08:16:10.736996099
118.45,5,08:16:10.736996099
118.45,6,08:16:10.736996099
118.45,4,08:16:10.737175142
118.45,4,08:16:10.737202947
118.44,1,08:16:34.030859761
118.44,2,08:16:38.788439342
118.44,3,08:16:38.788597774
118.44,1,08:16:38.788612190
118.44,32,08:16:38.788612190
118.44,3,08:16:38.788612190
118.44,2,08:16:38.788807079
118.44,1,08:16:38.788840666
118.44,2,08:16:38.789931660
118.44,2,08:16:38.792137316
118.44,3,08:16:38.792137316
118.44,2,08:16:40.268038167
118.44,9,08:16:40.268038167
118.43,1,08:16:43.966183383
118.44,5,08:16:44.203655925
118.44,1,08:16:44.203655925
118.44,3,08:16:44.203798944
118.44,2,08:16:44.203798944
118.44,1,08:16:44.203813890
118.44,5,08:16:44.203813890
118.44,4,08:16:44.203813890
118.44,1,08:16:44.203977141
118.44,1,08:16:44.204009519
118.44,1,08:16:44.204733449
118.45,1,08:16:46.891565644
118.45,1,08:16:46.891654159
118.45,6,08:16:46.892392469
118.44,1,08:16:46.892719918
118.44,4,08:16:46.892903466
118.44,1,08:16:46.892918432
118.44,2,08:16:46.892918432
118.44,1,08:16:46.892933386
118.44,1,08:16:46.892949683
118.44,10,08:16:46.892964746
118.44,3,08:16:46.892964746
118.44,8,08:16:46.892964746
118.44,4,08:16:46.893139511
118.44,2,08:16:46.893155063
118.44,2,08:16:46.893173207
118.44,12,08:16:46.893188782
118.44,1,08:16:46.893188782
118.44,2,08:16:46.893203489
118.44,9,08:16:46.893216970
118.44,3,08:16:46.893232769
118.44,10,08:16:46.893246740
118.44,5,08:16:46.893265584
118.44,3,08:16:46.911643605
118.44,1,08:16:46.911936757
118.44,4,08:16:46.911956207
118.44,3,08:16:46.911956207
118.44,1,08:16:46.911956207
118.44,8,08:16:46.911974799
118.44,14,08:16:46.913998342
118.44,1,08:16:46.914415494
118.44,1,08:16:49.392170998
118.44,1,08:17:03.559015217
118.45,1,08:17:05.920730853
118.45,7,08:17:05.920795979
118.45,3,08:17:10.080022945
118.44,1,08:17:12.966401943
118.44,2,08:17:31.041814256
118.44,1,08:17:31.041814256
118.44,14,08:17:31.041957452
118.44,1,08:17:31.041972237
118.44,3,08:17:31.041972237
118.44,2,08:17:31.042193860
118.44,2,08:17:31.042214676
118.44,1,08:17:31.074254578
118.44,1,08:17:31.074713890
118.44,2,08:17:31.226269706
118.44,4,08:17:31.428853168
118.44,1,08:17:32.367321241
118.44,1,08:17:32.397684970
118.44,2,08:17:32.420188174
118.44,2,08:17:32.420385118
118.44,1,08:17:32.420500307
118.44,4,08:17:32.420500307
118.44,1,08:17:41.568552821
118.44,4,08:17:41.568552821
118.44,1,08:17:54.718820709
118.44,1,08:17:54.718957412
118.44,1,08:17:54.718972311
118.44,8,08:17:54.718972311
118.44,1,08:17:54.719186327
118.44,2,08:17:54.719213748
118.44,4,08:17:54.719213748
118.44,1,08:17:54.719369917
118.44,1,08:18:09.520834730
118.44,7,08:18:09.629263162
118.44,1,08:18:10.038352200
118.44,2,08:18:10.038352200
118.44,12,08:18:10.038352200
118.44,1,08:18:10.038367294
118.44,1,08:18:10.038534491
118.44,3,08:18:10.038534491
118.44,10,08:18:10.049310274
118.44,5,08:18:10.050030765
118.44,1,08:18:10.050030765
118.44,2,08:18:10.050390890
118.44,3,08:18:10.050669063
118.44,2,08:18:10.050669063
118.44,1,08:18:10.051070349
118.44,1,08:18:15.321793933
118.44,4,08:18:15.321793933
118.44,5,08:18:15.321879190
118.44,1,08:18:15.322184423
118.44,5,08:18:15.322184423
118.44,1,08:18:15.415955716
118.44,1,08:18:15.416230071
118.44,1,08:18:15.430727837
118.44,1,08:18:28.763645853
118.44,9,08:18:28.763659881
118.44,5,08:18:28.763788851
118.44,12,08:18:28.763788851
118.44,5,08:18:28.763803270
118.44,3,08:18:28.763803270
118.44,4,08:18:28.763803270
118.44,1,08:18:28.764060521
118.44,7,08:18:28.764084637
118.44,3,08:18:28.764084637
118.44,1,08:18:28.829303393
118.44,4,08:18:28.829392401
118.44,1,08:18:28.829409329
118.44,20,08:18:28.829409329
118.44,1,08:18:28.830160186
118.44,1,08:18:28.830179850
118.44,1,08:18:28.830491546
118.44,1,08:18:28.840165463
118.44,5,08:18:28.840270388
118.44,2,08:18:28.840288080
118.44,3,08:18:28.840288080
118.44,9,08:18:28.840288080
118.44,1,08:18:28.851303428
118.44,4,08:18:28.851317907
118.44,1,08:18:28.851383619
118.44,3,08:18:28.851406173
118.44,1,08:18:28.851583590
118.44,1,08:18:29.145974267
118.43,1,08:18:30.601247991
118.43,3,08:18:30.601263971
118.43,1,08:18:30.601441513
118.43,2,08:18:30.601441513
118.43,3,08:18:30.601441513
118.43,2,08:18:30.601459843
118.43,3,08:18:30.601459843
118.43,1,08:18:30.601459843
118.43,4,08:18:30.601891020
118.43,3,08:18:30.601905135
118.43,3,08:18:30.601920012
118.43,4,08:18:30.601920012
118.43,1,08:18:30.601937353
118.43,2,08:18:30.601937353
118.43,3,08:18:30.601953328
118.43,2,08:18:30.601953328
118.43,7,08:18:30.602163270
118.43,4,08:18:30.602176453
118.43,9,08:18:30.602223484
118.43,1,08:18:30.602240473
118.43,1,08:18:30.602257855
118.42,3,08:18:30.641199317
118.42,3,08:18:30.641670791
118.42,1,08:18:30.641670791
118.42,11,08:18:30.641670791
118.42,5,08:18:30.641686250
118.42,1,08:18:30.642512858
118.42,1,08:18:30.643009814
118.42,1,08:18:30.913466774
118.42,1,08:18:30.913542732
118.42,1,08:18:33.455326100
118.42,6,08:18:35.262828036
118.42,8,08:18:35.263109509
118.42,12,08:18:35.263366193
118.42,1,08:18:35.263366193
118.42,5,08:18:35.263366193
118.42,1,08:18:35.263379489
118.42,1,08:18:35.263502654
118.42,4,08:18:35.264069303
118.42,8,08:18:35.264069303
118.42,5,08:18:35.264505826
118.42,3,08:18:35.264505826
118.42,3,08:18:35.283664745
118.42,1,08:18:37.246752184
118.42,4,08:18:40.275976079
118.42,1,08:18:41.165422469
118.42,1,08:18:41.413784867
118.42,2,08:18:41.413853757
118.42,8,08:18:43.952885807
118.42,1,08:18:43.952900699
118.42,3,08:18:43.952900699
118.42,2,08:18:43.952900699
118.42,4,08:18:43.952919164
118.42,1,08:18:43.953657090
118.42,1,08:18:43.961105531
118.42,1,08:18:44.144004954
118.43,1,08:18:46.557291989
118.43,3,08:18:46.557421820
118.43,1,08:18:46.557421820
118.43,3,08:18:46.557441497
118.43,1,08:18:46.557441497
118.43,8,08:18:46.557441497
118.43,1,08:18:46.557455550
118.43,8,08:18:46.568268788
118.43,4,08:18:46.568282500
118.43,4,08:18:46.568350596
118.43,4,08:18:46.568365688
118.43,1,08:18:46.568751358
118.43,2,08:18:46.568751358
118.43,3,08:18:46.568970683
118.43,2,08:18:46.579024696
118.43,1,08:18:46.579038657
118.43,1,08:18:46.579129563
118.43,1,08:18:46.579147419
118.43,5,08:18:46.579376008
118.43,1,08:18:46.579729722
118.43,1,08:18:46.660619288
118.44,1,08:18:50.688592738
118.44,1,08:18:50.688670084
118.44,1,08:18:50.699898221
118.44,2,08:18:50.700322743
118.44,1,08:18:55.350880675
118.44,1,08:18:55.351385125
118.44,1,08:18:55.352256324
118.44,3,08:18:55.352256324
118.44,1,08:18:55.352608986
118.44,1,08:18:55.357689398
118.44,2,08:18:55.359389809
118.44,3,08:18:55.359478250
118.44,1,08:18:55.359493943
118.44,1,08:18:55.359661428
118.44,1,08:18:56.133702334
118.44,3,08:18:57.252356497
118.44,1,08:18:57.252370164
118.44,1,08:18:57.252441170
118.44,2,08:18:57.252457951
118.44,1,08:19:00.267916653
118.44,1,08:19:00.267992114
118.44,1,08:19:01.981857007
118.43,1,08:19:08.034834766
118.44,1,08:19:08.997777474
118.44,1,08:19:08.997791762
118.44,3,08:19:08.997845340
118.44,1,08:19:09.866523308
118.44,1,08:19:09.866537304
118.44,1,08:19:09.866609605
118.44,1,08:19:12.165360743
118.44,1,08:19:23.336016080
118.44,1,08:19:23.336199835
118.44,1,08:19:23.336221531
118.44,2,08:19:23.336221531
118.44,8,08:19:23.336221531
118.44,1,08:19:23.336234622
118.44,1,08:19:23.336373260
118.44,1,08:19:23.336390716
118.45,3,08:19:37.424182801
118.45,1,08:19:37.424182801
118.45,1,08:19:37.424201034
118.45,3,08:19:37.424201034
118.44,20,08:19:43.500380128
118.44,1,08:19:43.500394388
118.44,1,08:19:43.500408438
118.44,1,08:19:43.500424026
118.44,2,08:19:43.500439447
118.44,1,08:19:43.500439447
118.44,2,08:19:43.500453981
118.44,4,08:19:43.500467360
118.44,4,08:19:43.500481092
118.44,1,08:19:43.500481092
118.44,1,08:19:43.500495200
118.44,5,08:19:43.500713011
118.44,7,08:19:43.500931600
118.44,1,08:19:43.501355945
118.44,1,08:19:43.501795711
118.44,10,08:19:44.962710982
118.43,1,08:19:46.018808871
118.43,4,08:19:56.072102770
118.43,1,08:19:56.072102770
118.43,1,08:19:56.072231232
118.43,1,08:19:56.072246800
118.43,1,08:19:56.072742159
118.43,1,08:19:56.074325723
118.43,2,08:19:56.074465623
118.43,1,08:19:56.074488240
118.43,2,08:19:56.074488240
118.44,5,08:19:56.495215763
118.44,2,08:19:56.495231740
118.44,6,08:19:56.495289241
118.43,3,08:19:58.087329241
118.43,1,08:19:58.087431474
118.42,1,08:19:58.087449432
118.42,4,08:19:58.087449432
118.43,6,08:19:58.088023148
118.43,2,08:19:58.088023148
118.43,1,08:19:58.088023148
118.43,1,08:19:58.088305842
118.43,3,08:19:58.168741958
118.43,4,08:19:58.168741958
118.43,1,08:19:58.168741958
118.43,1,08:19:58.194226414
118.43,1,08:19:58.289917006
118.43,2,08:19:59.007564585
118.43,1,08:19:59.007564585
118.43,1,08:19:59.088018071
118.43,1,08:19:59.253172777
118.42,3,08:19:59.253186306
118.42,1,08:19:59.253242744
118.42,2,08:20:00.125689174
118.42,1,08:20:00.125703055
118.42,1,08:20:00.125794543
118.43,1,08:20:01.058466742
118.42,1,08:20:01.121188474
118.42,1,08:20:01.305421564
118.42,1,08:20:01.634185057
118.42,1,08:20:01.634515495
118.42,1,08:20:01.634634090
118.42,1,08:20:01.634980633
118.42,4,08:20:01.635155418
118.42,1,08:20:01.661560111
118.42,2,08:20:01.701091816
118.42,10,08:20:01.736610447
118.42,3,08:20:01.736892709
118.42,1,08:20:01.743723352
118.42,1,08:20:01.744000101
118.41,2,08:20:02.131746333
118.41,1,08:20:02.131759952
118.41,1,08:20:02.131845318
118.41,5,08:20:02.131860169
118.42,1,08:20:02.154121922
118.42,1,08:20:02.154607048
118.42,5,08:20:02.154607048
118.42,5,08:20:02.304690629
118.42,1,08:20:02.306497965
118.42,3,08:20:04.172255886
118.42,5,08:20:04.172620578
118.42,1,08:20:04.172636079
118.42,1,08:20:04.172866597
118.42,1,08:20:04.172926753
118.42,1,08:20:04.172941160
118.42,3,08:20:04.172955474
118.42,7,08:20:04.172955474
118.42,1,08:20:04.172983973
118.42,4,08:20:04.173180823
118.42,2,08:20:04.173421121
118.42,1,08:20:04.173437784
118.42,3,08:20:04.173437784
118.42,1,08:20:04.173452334
118.42,1,08:20:04.173467652
118.42,5,08:20:04.173467652
118.42,2,08:20:04.175989359
118.42,1,08:20:04.176004687
118.42,7,08:20:04.210572746
118.42,5,08:20:04.210663462
118.42,1,08:20:04.210680771
118.42,2,08:20:04.344444829
118.43,3,08:20:05.056434909
118.43,2,08:20:05.056674544
118.43,1,08:20:05.056688557
118.43,1,08:20:05.056708710
118.43,7,08:20:05.056708710
118.43,1,08:20:05.056722060
118.43,1,08:20:05.056737734
118.43,2,08:20:05.056737734
118.43,1,08:20:05.056753244
118.43,1,08:20:05.056767379
118.43,1,08:20:05.056781513
118.43,4,08:20:05.056795814
118.43,1,08:20:05.056811379
118.43,3,08:20:05.056920233
118.43,1,08:20:05.056934822
118.43,1,08:20:05.056950290
118.43,1,08:20:05.056964166
118.43,1,08:20:05.056977762
118.43,9,08:20:05.056991382
118.43,4,08:20:05.057011746
118.43,10,08:20:05.057351375
118.43,1,08:20:05.057367826
118.43,1,08:20:05.057823890
118.43,7,08:20:05.057823890
118.43,3,08:20:05.058442053
118.43,1,08:20:05.058890472
118.43,1,08:20:06.264417167
118.43,2,08:20:06.264534479
118.43,1,08:20:06.264560812
118.43,2,08:20:06.264560812
118.43,1,08:20:06.495093166
118.44,1,08:20:06.849183104
118.44,1,08:20:06.909337835
118.44,1,08:20:10.312088599
118.44,1,08:20:15.998184209
118.44,1,08:20:15.998197994
118.44,1,08:20:15.998299783
118.44,3,08:20:15.998299783
118.44,1,08:20:15.998315447
118.44,2,08:20:15.998563381
118.44,1,08:20:15.998641286
118.44,7,08:20:15.998641286
118.44,1,08:20:15.999107917
118.45,1,08:20:17.014080404
118.45,1,08:20:20.543031217
118.45,4,08:20:21.568875594
118.45,2,08:20:29.471238860
118.45,1,08:20:29.471579644
118.45,1,08:20:29.471692293
118.45,2,08:20:29.472137736
118.45,3,08:20:29.472450075
118.45,1,08:20:29.472740166
118.45,4,08:20:29.472740166
118.45,3,08:20:29.472759146
118.44,1,08:20:34.852835077
118.44,1,08:20:34.852935090
118.44,3,08:20:34.852952415
118.44,1,08:20:34.852952415
118.44,3,08:20:39.850922796
118.44,1,08:20:39.851406873
118.44,2,08:20:39.851406873
118.44,1,08:20:40.196010667
118.44,1,08:20:40.196359607
118.44,4,08:20:40.196359607
118.44,2,08:20:40.196359607
118.44,1,08:20:42.559235648
118.43,1,08:20:42.611039695
118.44,4,08:20:44.905091923
118.44,1,08:20:44.905120675
118.44,1,08:20:44.905134746
118.44,10,08:20:44.905544294
118.44,2,08:20:44.905933203
118.44,1,08:20:46.918661615
118.44,1,08:20:52.939251969
118.44,1,08:20:57.585809529
118.44,1,08:20:57.585936776
118.44,1,08:21:00.065804141
118.44,1,08:21:00.065865113
118.45,1,08:21:05.386225210
118.45,1,08:21:05.738718848
118.45,1,08:21:05.738732771
118.45,2,08:21:05.738907570
118.45,1,08:21:05.738925219
118.45,2,08:21:05.738925219
118.45,4,08:21:05.738925219
118.45,2,08:21:05.739151961
118.45,7,08:21:05.739190534
118.45,4,08:21:05.739190534
118.45,1,08:21:05.739190534
118.45,2,08:21:05.739523247
118.46,1,08:21:06.855248272
118.46,1,08:21:07.921845512
118.46,3,08:21:13.291902607
118.45,5,08:21:33.258017851
118.45,1,08:21:33.258032357
118.45,1,08:21:33.258237649
118.45,3,08:21:33.258252808
118.45,1,08:21:33.258252808
118.45,2,08:21:33.258586471
118.45,1,08:21:33.258601396
118.45,2,08:21:33.258601396
118.45,2,08:21:33.258636094
118.45,13,08:21:33.258636094
118.45,3,08:21:33.258677719
118.45,2,08:21:33.258677719
118.45,9,08:21:33.258677719
118.45,1,08:21:33.258677719
118.45,1,08:21:33.259051245
118.45,1,08:21:33.259064615
118.45,3,08:21:33.259174928
118.45,4,08:21:33.259211226
118.45,1,08:21:33.259227639
118.45,1,08:21:33.259243840
118.45,1,08:21:33.268653151
118.45,1,08:21:33.840281955
118.44,1,08:21:33.966078310
118.45,4,08:21:39.771441013
118.45,1,08:21:39.771441013
118.45,1,08:21:39.771526895
118.45,4,08:21:39.771542575
118.45,1,08:21:39.771542575
118.45,1,08:21:39.771959272
118.45,1,08:21:39.772118830
118.45,1,08:21:39.772153404
118.45,2,08:21:39.772153404
118.45,1,08:21:39.772768382
118.45,1,08:21:39.805438859
118.45,2,08:21:39.805668529
118.45,4,08:21:39.805753332
118.45,1,08:21:39.805770432
118.45,1,08:21:41.247882061
118.45,1,08:21:41.716325689
118.45,1,08:21:41.716409754
118.45,2,08:21:41.716409754
118.45,1,08:21:41.850712579
118.45,2,08:21:48.764883115
118.45,1,08:21:48.764897336
118.45,1,08:21:48.764911784
118.45,2,08:21:48.764911784
118.45,1,08:21:48.764926270
118.45,2,08:21:48.764941617
118.45,1,08:21:48.799533981
118.45,1,08:21:48.811943244
118.46,1,08:21:55.029934239
118.45,1,08:21:57.011523988
118.45,1,08:21:57.011707351
118.45,1,08:21:57.011722340
118.45,8,08:21:57.011722340
118.45,3,08:21:57.011899434
118.45,4,08:21:57.011914442
118.45,1,08:21:57.011914442
118.45,5,08:21:57.011914442
118.45,1,08:21:57.012135619
118.45,1,08:21:57.012173935
118.45,4,08:21:57.012173935
118.45,2,08:21:57.012173935
118.45,14,08:21:57.012173935
118.45,5,08:21:57.012199810
118.45,6,08:21:57.012331841
118.46,1,08:21:57.033725460
118.45,1,08:21:59.065116271
118.44,1,08:22:03.217837600
118.44,2,08:22:03.218002893
118.44,4,08:22:03.218018256
118.44,1,08:22:03.218018256
118.44,4,08:22:03.218200419
118.44,25,08:22:03.218218039
118.44,1,08:22:03.218218039
118.44,2,08:22:03.218218039
118.44,3,08:22:03.218386729
118.44,9,08:22:03.218766645
118.44,5,08:22:03.218780320
118.44,1,08:22:03.218780320
118.44,4,08:22:03.218795785
118.44,2,08:22:03.218795785
118.44,1,08:22:03.218795785
118.44,1,08:22:03.253391499
118.44,1,08:22:06.840126530
118.43,1,08:22:09.403441603
118.44,3,08:22:14.762120626
118.44,2,08:22:14.762259473
118.44,1,08:22:14.762284850
118.44,5,08:22:14.762284850
118.44,2,08:22:14.762284850
118.44,1,08:22:14.762598475
118.44,1,08:22:15.025649177
118.44,2,08:22:15.025722672
118.44,5,08:22:20.282305133
118.44,1,08:22:20.330610538
118.44,5,08:22:25.357752062
118.44,1,08:22:25.357813294
118.44,1,08:22:26.284681701
118.44,1,08:22:27.899302368
118.44,2,08:22:27.899317481
118.44,1,08:22:27.899394246
118.44,1,08:22:27.899409705
118.44,1,08:22:27.899495500
118.44,1,08:22:28.460728463
118.44,1,08:22:29.159108448
118.44,2,08:22:29.159169241
118.44,1,08:22:31.827762635
118.44,1,08:22:33.100823017
118.44,1,08:22:33.100931013
118.44,1,08:22:33.100955151
118.44,2,08:22:33.100955151
118.44,4,08:22:33.100955151
118.44,2,08:22:33.101188626
118.44,12,08:22:33.212657370
118.44,2,08:22:33.212657370
118.44,2,08:22:33.212949263
118.44,25,08:22:33.212949263
118.44,1,08:22:33.213052264
118.44,1,08:22:33.353393096
118.44,3,08:22:34.742907472
118.45,1,08:22:40.273898109
118.45,1,08:22:47.505151797
118.45,1,08:22:47.505272658
118.46,1,08:22:47.977172915
118.45,4,08:22:52.298360898
118.45,1,08:22:52.298473247
118.45,1,08:22:52.298490591
118.44,1,08:22:53.566159218
118.45,1,08:22:55.839101244
118.45,1,08:22:55.839215097
118.45,1,08:23:03.901970950
118.45,1,08:23:06.858499007
118.44,1,08:23:09.576944350
118.45,1,08:23:09.666058237
118.45,2,08:23:09.666058237
118.45,2,08:23:09.666230205
118.45,1,08:23:09.666256720
118.45,1,08:23:09.691966299
118.45,1,08:23:09.775901033
118.45,1,08:23:09.776000885
118.45,1,08:23:09.776018050
118.45,1,08:23:10.386841260
118.45,1,08:23:10.386913010
118.46,2,08:23:11.932184832
118.46,1,08:23:20.273903253
118.46,1,08:23:20.274041438
118.46,1,08:23:20.274056443
118.46,4,08:23:20.274056443
118.46,1,08:23:20.274265662
118.46,1,08:23:20.274284971
118.46,2,08:23:20.274309349
118.46,3,08:23:20.274309349
118.46,1,08:23:20.274309349
118.46,1,08:23:20.274405832
118.46,2,08:23:20.274405832
118.46,2,08:23:21.518789346
118.46,4,08:23:21.520011133
118.46,1,08:23:21.551553658
118.46,2,08:23:22.557955593
118.46,1,08:23:22.668383586
118.45,1,08:23:22.696689659
118.45,2,08:23:22.696798702
118.45,3,08:23:22.696818085
118.45,2,08:23:22.696818085
118.45,4,08:23:22.696818085
118.45,1,08:23:22.696818085
118.45,2,08:23:22.697013451
118.45,3,08:23:22.697167969
118.45,1,08:23:22.697167969
118.45,4,08:23:22.697167969
118.45,18,08:23:22.697167969
118.45,1,08:23:22.697258763
118.45,25,08:23:22.697425902
118.45,4,08:23:22.697447534
118.45,1,08:23:22.697447534
118.45,2,08:23:22.697469230
118.45,11,08:23:22.697492504
118.45,3,08:23:22.697492504
118.45,1,08:23:24.039536827
118.45,1,08:23:40.038054282
118.46,1,08:23:43.105544020
118.45,1,08:23:46.017735064
118.46,3,08:23:51.977188400
118.46,1,08:23:51.977343868
118.46,2,08:23:51.977367833
118.46,1,08:23:51.977367833
118.46,1,08:23:51.978582962
118.46,1,08:23:52.267992616
118.46,1,08:23:53.823838156
118.46,3,08:23:53.823968920
118.46,1,08:23:53.823993528
118.46,2,08:23:53.823993528
118.46,8,08:23:53.823993528
118.46,2,08:23:53.856668764
118.46,3,08:23:53.860506774
118.46,1,08:23:53.860602584
118.46,2,08:23:53.860618566
118.46,1,08:23:53.860618566
118.46,5,08:23:54.463613472
118.46,1,08:23:54.490644164
118.46,1,08:23:55.027187167
118.47,1,08:23:59.683553277
118.47,3,08:23:59.683553277
118.47,1,08:23:59.683567040
118.47,1,08:23:59.683581222
118.47,1,08:23:59.683597300
118.47,2,08:23:59.683611892
118.47,4,08:23:59.683611892
118.47,2,08:23:59.683625747
118.47,1,08:23:59.683641440
118.47,3,08:23:59.683641440
118.47,6,08:23:59.684045516
118.47,2,08:23:59.684060831
118.47,1,08:23:59.688822408
118.46,1,08:24:03.013341669
118.46,1,08:24:03.013727621
118.47,1,08:24:06.856681237
118.46,1,08:24:10.031034106
118.47,2,08:24:16.337335619
118.47,8,08:24:16.337627795
118.47,2,08:24:16.337627795
118.47,1,08:24:16.338192136
118.47,3,08:24:16.339320053
118.47,1,08:24:16.339320053
118.47,3,08:24:16.339437906
118.47,3,08:24:16.339454239
118.47,1,08:24:16.339454239
118.47,1,08:24:16.339472364
118.47,1,08:24:16.339556975
118.47,2,08:24:16.339874347
118.47,1,08:24:22.194908976
118.47,5,08:24:22.195028780
118.47,3,08:24:22.195046559
118.47,1,08:24:22.195046559
118.47,1,08:24:22.207536227
118.46,1,08:24:26.032599489
118.47,1,08:24:32.980125517
118.47,2,08:24:34.868528811
118.47,1,08:24:34.868693947
118.47,1,08:24:34.868823636
118.47,3,08:24:34.868847249
118.47,1,08:24:34.868847249
118.47,1,08:24:34.869260574
118.47,1,08:24:34.869563150
118.47,1,08:24:34.869667879
118.47,1,08:24:34.871474643
118.47,1,08:24:34.901111713
118.46,1,08:24:41.031052157
118.46,1,08:24:50.029513940
118.46,2,08:24:51.926343518
118.46,1,08:24:56.037541541
118.46,1,08:24:56.566815819
118.46,1,08:24:56.566964479
118.46,1,08:24:56.566979336
118.46,2,08:24:56.566979336
118.46,4,08:24:56.566979336
118.46,1,08:24:56.567315918
118.46,1,08:24:56.567329211
118.46,1,08:24:56.567344090
118.46,4,08:24:56.567344090
118.46,2,08:24:56.567358190
118.46,1,08:24:56.567373323
118.46,5,08:24:56.567373323
118.46,3,08:24:56.567387275
118.46,1,08:24:56.567402449
118.46,2,08:24:56.567416414
118.46,1,08:24:56.567430433
118.46,2,08:24:56.567445262
118.46,1,08:24:56.567458907
118.46,1,08:24:56.567474926
118.46,3,08:24:56.567488753
118.46,1,08:24:56.567852602
118.46,1,08:24:56.567867133
118.46,1,08:24:56.567881053
118.46,1,08:24:56.567896110
118.46,1,08:24:56.567910081
118.46,1,08:24:56.567927639
118.46,1,08:24:56.567974474
118.46,10,08:24:56.567988832
118.46,1,08:24:56.591745171
118.46,1,08:24:56.599455041
118.46,1,08:24:56.599537402
118.46,1,08:24:56.602255480
118.46,1,08:24:56.625028289
118.46,2,08:24:56.625028289
118.46,1,08:24:56.634132225
118.45,1,08:24:58.017237469
118.46,1,08:24:58.554548613
118.46,1,08:24:58.554562408
118.46,3,08:24:58.554684382
118.46,1,08:24:58.554702711
118.46,1,08:24:58.568836420
118.46,1,08:24:58.568943207
118.46,1,08:24:58.568960324
118.46,1,08:24:59.679557245
118.46,1,08:24:59.679855143
118.46,4,08:25:00.958488014
118.46,1,08:25:00.961760065
118.46,10,08:25:13.871257197
118.46,2,08:25:13.871257197
118.46,1,08:25:13.871393814
118.46,3,08:25:13.871418339
118.46,1,08:25:13.871418339
118.46,2,08:25:13.871418339
118.46,2,08:25:13.871803840
118.46,1,08:25:13.872161952
118.46,1,08:25:13.905438522
118.46,1,08:25:13.906222020
118.45,1,08:25:17.027101747
118.45,1,08:25:17.138468623
118.45,1,08:25:17.138483960
118.45,1,08:25:17.138845576
118.46,1,08:25:20.071823558
118.46,1,08:25:20.071897160
118.46,2,08:25:20.072210738
118.46,1,08:25:20.072357775
118.46,1,08:25:20.101365469
118.46,1,08:25:22.471818797
118.46,2,08:25:23.262800578
118.46,1,08:25:23.262885054
118.46,2,08:25:23.297623602
118.46,2,08:25:23.297711349
118.46,1,08:25:23.297727355
118.46,1,08:25:25.635173992
118.46,2,08:25:25.635307544
118.46,8,08:25:25.635307544
118.46,1,08:25:25.698726589
118.46,1,08:25:25.742086049
118.46,1,08:25:25.742181268
118.46,2,08:25:26.583480939
118.46,1,08:25:26.617064655
118.46,1,08:25:26.617080312
118.46,1,08:25:29.295089852
118.46,1,08:25:31.317827466
118.46,1,08:25:31.884977687
118.47,3,08:25:33.063873218
118.47,1,08:25:33.686091191
118.47,1,08:25:33.686104387
118.46,1,08:25:39.036919447
118.46,1,08:25:41.613395066
118.46,2,08:25:41.613395066
118.46,1,08:25:41.613984529
118.46,1,08:25:41.614134372
118.46,1,08:25:41.666307550
118.46,1,08:25:42.080666691
118.46,1,08:25:43.635910109
118.46,1,08:25:43.636074278
118.46,1,08:25:43.636583299
118.47,1,08:25:43.662328552
118.47,2,08:25:43.662395045
118.46,2,08:25:43.797578766
118.46,10,08:25:43.797594940
118.46,1,08:25:43.992956648
118.45,1,08:25:47.200656741
118.46,2,08:25:50.000885978
118.46,4,08:25:50.000885978
118.46,8,08:25:50.002034367
118.46,16,08:25:50.002034367
118.46,3,08:25:50.002034367
118.47,13,08:25:57.440292785
118.47,5,08:25:57.440292785
118.47,3,08:25:57.440405540
118.47,2,08:25:57.440425310
118.47,1,08:25:57.440425310
118.47,5,08:25:57.451048524
118.47,1,08:25:57.461756862
118.47,1,08:25:57.461844011
118.47,3,08:25:57.462233873
118.47,2,08:25:57.472825184
118.47,5,08:25:57.472840332
118.47,5,08:25:57.483583675
118.47,5,08:25:57.494357693
118.47,4,08:25:57.504746839
118.47,1,08:25:57.504746839
118.47,1,08:25:57.515421071
118.47,4,08:25:57.515692339
118.47,1,08:25:57.516413970
118.47,1,08:25:57.526169819
118.47,4,08:25:57.526169819
118.47,4,08:25:57.545212381
118.47,1,08:25:57.545441602
118.47,1,08:25:58.758234054
118.47,1,08:26:00.173853842
118.47,4,08:26:00.200381082
118.47,1,08:26:00.200381082
118.47,1,08:26:01.051833684
118.47,1,08:26:01.769658670
118.47,1,08:26:02.256933070
118.47,1,08:26:02.256950865
118.47,3,08:26:02.366442268
118.48,1,08:26:02.616590926
118.47,1,08:26:02.648694786
118.47,2,08:26:03.147571490
118.47,1,08:26:03.147760392
118.47,1,08:26:04.920249697
118.48,1,08:26:15.043709168
118.48,1,08:26:15.043960267
118.48,4,08:26:15.043974712
118.48,6,08:26:15.043974712
118.48,5,08:26:15.043974712
118.48,2,08:26:15.044106985
118.48,3,08:26:15.044120883
118.48,1,08:26:15.044138345
118.48,2,08:26:15.044138345
118.48,1,08:26:15.044151763
118.48,1,08:26:15.044394633
118.48,1,08:26:15.044409167
118.48,1,08:26:15.044424195
118.48,1,08:26:15.044438716
118.48,1,08:26:15.044452434
118.48,1,08:26:15.044468758
118.48,10,08:26:15.044468758
118.48,1,08:26:15.044867700
118.48,1,08:26:15.044882949
118.48,1,08:26:15.103674156
118.48,1,08:26:19.922289043
118.48,1,08:26:19.922434370
118.48,2,08:26:19.922434370
118.48,1,08:26:19.931032310
118.48,1,08:26:20.024802625
118.48,1,08:26:20.024821310
118.48,3,08:26:20.025019863
118.48,2,08:26:20.025215674
118.48,4,08:26:22.335684773
118.48,1,08:26:22.335697758
118.48,8,08:26:22.335771009
118.48,2,08:26:22.335791797
118.47,1,08:26:23.036434419
118.48,8,08:26:23.249289753
118.48,6,08:26:23.272820203
118.48,2,08:26:24.058284208
118.48,9,08:26:24.058354340
118.48,1,08:26:25.310539567
118.48,2,08:26:25.310655468
118.48,2,08:26:25.310670642
118.48,1,08:26:25.310670642
118.48,3,08:26:32.758920303
118.48,1,08:26:32.758920303
118.48,5,08:26:32.759781863
118.48,3,08:26:32.760004689
118.48,1,08:26:32.760019245
118.48,1,08:26:32.760033355
118.48,2,08:26:32.760051873
118.48,1,08:26:32.760051873
118.48,2,08:26:32.760065869
118.48,1,08:26:37.539786517
118.48,2,08:26:37.539809736
118.48,4,08:26:37.539809736
118.48,3,08:26:37.539809736
118.48,1,08:26:37.539809736
118.48,9,08:26:37.539827685
118.48,4,08:26:37.568622332
118.48,3,08:26:38.086756775
118.48,1,08:26:38.086847990
118.49,2,08:26:39.592863264
118.49,1,08:26:39.592863264
118.49,1,08:26:41.394624355
118.49,1,08:26:41.394688447
118.49,1,08:26:44.170889859
118.49,1,08:26:44.171136945
118.49,2,08:26:44.171136945
118.49,1,08:26:45.087148947
118.49,4,08:26:45.443046098
118.49,1,08:26:45.443428844
118.49,2,08:26:45.443428844
118.49,4,08:26:45.443428844
118.49,3,08:26:45.443450219
118.49,2,08:26:45.488425927
118.49,1,08:26:45.488425927
118.49,1,08:26:45.488492579
118.49,1,08:26:45.512245026
118.49,2,08:26:45.562560693
118.49,4,08:26:47.456889289
118.49,1,08:26:50.324793944
118.49,1,08:26:50.324886178
118.49,1,08:26:50.324900264
118.49,1,08:26:50.325020335
118.49,7,08:26:50.325177902
118.49,1,08:26:50.325247442
118.49,1,08:26:50.345835807
118.49,1,08:26:50.349000995
118.49,3,08:26:50.376509681
118.49,2,08:26:50.376509681
118.49,1,08:26:56.020880266
118.49,3,08:26:58.087396765
118.49,1,08:26:58.087396765
118.49,4,08:26:58.087396765
118.49,1,08:26:58.235475499
118.49,4,08:26:58.834300028
118.49,2,08:27:00.196455193
118.49,2,08:27:00.196670824
118.49,1,08:27:03.126841485
118.49,1,08:27:03.127019657
118.49,1,08:27:03.236244892
118.49,1,08:27:04.042823386
118.49,1,08:27:05.540014665
118.49,2,08:27:05.540165400
118.49,1,08:27:05.540165400
118.49,8,08:27:05.540194146
118.49,9,08:27:05.540194146
118.49,2,08:27:05.540194146
118.49,4,08:27:05.540194146
118.49,1,08:27:06.271302845
118.49,12,08:27:06.271580253
118.49,8,08:27:06.271755159
118.49,1,08:27:06.271771593
118.49,1,08:27:06.459149028
118.49,1,08:27:08.028705813
118.49,1,08:27:11.117690112
118.49,1,08:27:11.118341475
118.49,1,08:27:12.664922639
118.49,1,08:27:13.411179341
118.49,9,08:27:21.619860387
118.49,5,08:27:21.619860387
118.49,8,08:27:21.619963533
118.49,2,08:27:21.619979747
118.49,10,08:27:21.619979747
118.49,6,08:27:21.619979747
118.49,8,08:27:21.619994934
118.49,2,08:27:21.620294256
118.5,1,08:27:28.386283324
118.5,2,08:27:28.386372447
118.5,7,08:27:28.386387586
118.5,2,08:27:28.386387586
118.49,2,08:27:29.434899566
118.49,1,08:27:29.435029987
118.49,2,08:27:29.435029987
118.49,2,08:27:29.435047296
118.49,11,08:27:29.435211473
118.49,1,08:27:29.435211473
118.49,8,08:27:29.443314321
118.49,3,08:27:29.443515866
118.49,1,08:27:29.443597393
118.49,1,08:27:29.443860141
118.49,1,08:27:30.051015747
118.49,2,08:27:31.333591556
118.49,1,08:27:31.603158344
118.48,1,08:27:35.747561826
118.49,3,08:27:35.778245309
118.49,4,08:27:36.087030522
118.49,3,08:27:36.136757442
118.49,1,08:27:36.136893499
118.49,4,08:27:40.273347626
118.49,2,08:27:40.273410208
118.48,1,08:27:50.964995420
118.48,1,08:27:52.035236778
118.48,2,08:28:00.005325838
118.48,1,08:28:00.005325838
118.48,2,08:28:00.005355131
118.48,15,08:28:00.006190228
118.48,4,08:28:00.006220980
118.49,5,08:28:00.278880131
118.49,2,08:28:01.182885441
118.48,4,08:28:01.352582206
118.48,1,08:28:01.352822750
118.48,23,08:28:02.563638118
118.48,1,08:28:02.563707849
118.48,8,08:28:02.563923922
118.48,10,08:28:02.564024783
118.48,4,08:28:02.564024783
118.48,2,08:28:02.564143765
118.48,4,08:28:02.564167464
118.48,1,08:28:02.564167464
118.48,2,08:28:02.615273483
118.48,1,08:28:02.725001209
118.48,1,08:28:02.725665522
118.48,1,08:28:02.725945480
118.48,1,08:28:02.748490324
118.47,1,08:28:03.145109021
118.47,1,08:28:03.145175885
118.49,1,08:28:03.232533001
118.48,2,08:28:04.880149096
118.48,1,08:28:05.777905530
118.48,1,08:28:05.778180963
118.48,2,08:28:05.778361913
118.48,1,08:28:07.010002683
118.48,1,08:28:08.283282441
118.49,1,08:28:09.207720274
118.49,2,08:28:09.207720274
118.49,2,08:28:09.207825382
118.49,10,08:28:09.207848192
118.49,1,08:28:09.207848192
118.49,4,08:28:09.207848192
118.49,2,08:28:09.207848192
118.48,1,08:28:10.041731800
118.47,1,08:28:14.037940282
118.47,6,08:28:20.144916710
118.47,2,08:28:20.145005126
118.47,2,08:28:20.145022428
118.47,5,08:28:20.145022428
118.48,1,08:28:21.195774369
118.47,15,08:28:21.709915408
118.47,1,08:28:21.710009532
118.47,18,08:28:21.710024306
118.47,2,08:28:21.710254665
118.47,4,08:28:21.710254665
118.47,5,08:28:21.710377663
118.47,4,08:28:21.710390773
118.47,1,08:28:21.710514918
118.47,23,08:28:21.710514918
118.47,3,08:28:21.710514918
118.47,5,08:28:21.710528629
118.47,1,08:28:21.710528629
118.47,1,08:28:21.710702843
118.47,3,08:28:21.710717333
118.47,7,08:28:21.710733564
118.47,1,08:28:21.710733564
118.47,1,08:28:21.710747209
118.47,16,08:28:21.710764850
118.47,2,08:28:21.710778626
118.47,4,08:28:21.710797352
118.47,1,08:28:21.721107690
118.47,1,08:28:21.744928790
118.47,1,08:28:21.766937749
118.47,3,08:28:21.767151045
118.47,1,08:28:21.811662887
118.47,2,08:28:21.839271362
118.47,1,08:28:24.034125737
118.47,1,08:28:24.034256141
118.47,1,08:28:24.129051834
118.47,2,08:28:24.129132414
118.46,1,08:28:36.034075449
118.47,10,08:28:40.285362455
118.46,2,08:28:40.929267134
118.46,1,08:28:40.929328189
118.47,1,08:28:43.857011926
118.47,1,08:28:43.857108236
118.47,6,08:28:45.128290460
118.47,5,08:28:45.128304635
118.47,2,08:28:45.128412843
118.47,2,08:28:45.128437054
118.47,5,08:28:45.128437054
118.47,1,08:28:45.128437054
118.47,1,08:28:47.658013657
118.47,1,08:28:47.658360566
118.47,9,08:28:47.658360566
118.47,1,08:28:47.658480467
118.47,1,08:28:47.658497296
118.47,1,08:28:47.685584037
118.47,2,08:28:47.754005605
118.47,1,08:28:47.820497802
118.47,1,08:28:47.820566800
118.47,2,08:28:47.820695861
118.47,1,08:28:47.820842192
118.47,1,08:28:47.823913854
118.47,1,08:28:54.083460314
118.47,2,08:28:54.083532116
118.46,1,08:28:58.026799577
118.46,1,08:28:58.027450421
118.46,4,08:29:00.145358665
118.47,11,08:29:01.189964629
118.46,2,08:29:03.295853430
118.46,2,08:29:05.420710485
118.46,10,08:29:05.420817573
118.46,47,08:29:05.420999810
118.46,3,08:29:05.421013714
118.46,1,08:29:05.421029969
118.46,8,08:29:05.421029969
118.46,5,08:29:05.421029969
118.46,2,08:29:05.421043733
118.46,7,08:29:05.421043733
118.46,1,08:29:05.421062943
118.46,2,08:29:05.421062943
118.46,13,08:29:05.421078056
118.46,21,08:29:05.421078056
118.46,1,08:29:05.455967387
118.46,4,08:29:05.456942128
118.46,4,08:29:05.491359754
118.46,1,08:29:08.260393678
118.46,3,08:29:08.260480170
118.46,1,08:29:08.260495182
118.46,1,08:29:16.247370512
118.46,1,08:29:16.247390982
118.46,2,08:29:16.247390982
118.46,1,08:29:16.247579180
118.46,1,08:29:16.247594796
118.46,1,08:29:16.247916053
118.46,1,08:29:16.248023107
118.46,5,08:29:16.248291064
118.46,4,08:29:16.292858529
118.46,2,08:29:17.456891472
118.46,2,08:29:17.457042765
118.46,2,08:29:18.051629762
118.46,3,08:29:18.136141544
118.46,3,08:29:18.892238078
118.46,10,08:29:18.892343383
118.46,1,08:29:18.892360157
118.46,1,08:29:18.892643660
118.46,5,08:29:18.892643660
118.45,1,08:29:20.044868970
118.46,1,08:29:20.267859172
118.46,4,08:29:20.267859172
118.46,2,08:29:20.800910805
118.46,1,08:29:20.836978165
118.46,2,08:29:20.837258087
118.46,2,08:29:20.877286951
118.46,3,08:29:25.352332653
118.46,2,08:29:25.352356877
118.46,1,08:29:25.352356877
118.46,14,08:29:25.352610342
118.46,1,08:29:27.648710979
118.46,4,08:29:27.816423129
118.46,1,08:29:27.816513551
118.46,7,08:29:27.816779471
118.45,1,08:29:29.885444264
118.45,1,08:29:31.844864671
118.46,25,08:29:36.052583604
118.46,1,08:29:36.052708161
118.46,4,08:29:36.052728922
118.46,12,08:29:36.052728922
118.46,1,08:29:36.052728922
118.46,3,08:29:36.052823258
118.46,4,08:29:36.052951706
118.46,10,08:29:36.052951706
118.46,1,08:29:36.053047898
118.45,1,08:29:36.893684789
118.45,4,08:29:36.893760324
118.46,4,08:29:40.272339625
118.46,7,08:29:40.272339625
118.45,2,08:29:41.048613368
118.45,1,08:29:41.543835628
118.45,1,08:29:43.035112376
118.46,3,08:29:44.849090374
118.46,8,08:29:44.849372634
118.45,3,08:29:45.402771696
118.45,1,08:29:47.185138044
118.45,1,08:29:51.546521650
118.45,1,08:29:51.656099836
118.45,1,08:29:51.656187897
118.45,2,08:29:51.656203126
118.05,3,08:30:55.645230279
118.05,8,08:30:55.929121952
118.05,4,08:30:55.929121952
118.05,5,08:30:55.929143521
118.05,1,08:30:55.929143521
118.05,5,08:30:55.929553060
118.05,1,08:30:55.929553060
118.05,1,08:30:55.929921415
118.05,1,08:30:55.964153861
118.05,5,08:30:55.985186313
118.05,1,08:30:56.367002480
118.05,4,08:30:56.367108944
118.05,5,08:30:56.453289270
118.05,1,08:30:56.453606236
118.05,1,08:30:56.484299760
118.04,2,08:30:56.756375818
118.04,1,08:30:56.756375818
118.04,1,08:30:56.756395571
118.04,2,08:30:56.756395571
118.04,1,08:30:56.756786236
118.04,2,08:30:56.756786236
118.04,3,08:30:56.756870345
118.04,5,08:30:56.758999147
118.04,1,08:30:56.759425950
118.04,3,08:30:56.759425950
118.04,1,08:30:56.791191866
118.04,9,08:30:56.791499383
118.04,2,08:30:56.822239127
118.04,1,08:30:56.822736628
118.04,1,08:30:57.082866242
118.04,1,08:30:57.083232581
118.04,1,08:30:57.125485111
118.04,2,08:30:57.131848966
118.04,1,08:30:57.132219452
118.03,2,08:30:57.618621517
118.03,1,08:30:57.618635229
118.03,1,08:30:57.618709155
118.03,3,08:30:57.799884219
118.03,4,08:30:57.799985870
118.03,2,08:30:57.800003470
118.03,1,08:30:57.800003470
118.03,1,08:30:57.833837229
118.03,2,08:30:57.854386018
118.02,1,08:30:58.540758225
118.02,3,08:30:58.540875208
118.02,2,08:30:58.540893550
118.02,1,08:30:58.540893550
118.02,4,08:30:58.540893550
118.02,3,08:30:58.540910399
118.02,3,08:30:58.541139681
118.02,3,08:30:58.625151135
118.02,2,08:30:58.643466820
118.02,1,08:30:58.643641256
118.02,1,08:30:58.643697518
118.02,1,08:30:58.643841448
118.02,1,08:30:58.660667586
118.02,1,08:30:58.661322472
118.02,1,08:30:58.661595291
118.02,2,08:30:59.485588038
118.02,1,08:30:59.485898041
118.02,2,08:30:59.486002908
118.02,3,08:30:59.486002908
118.02,2,08:30:59.605255356
118.02,3,08:30:59.940605781
118.02,1,08:31:00.007197893
118.02,2,08:31:00.007197893
118.02,1,08:31:00.240564971
118.02,4,08:31:00.240564971
118.02,1,08:31:00.240833980
118.02,2,08:31:00.240850165
118.02,7,08:31:00.240850165
118.02,2,08:31:00.277163844
118.02,1,08:31:00.277163844
118.02,1,08:31:00.277220017
118.02,2,08:31:00.277470472
118.02,1,08:31:00.293285337
118.02,2,08:31:00.342422971
118.02,5,08:31:00.456897020
118.02,2,08:31:00.459394439
118.02,1,08:31:00.459394439
118.02,1,08:31:00.459802662
118.02,1,08:31:00.608514979
118.02,1,08:31:01.114488224
118.02,2,08:31:01.114577959
118.02,6,08:31:01.114577959
118.02,2,08:31:02.395714144
118.02,2,08:31:02.395820450
118.02,1,08:31:02.395820450
118.02,2,08:31:02.396192690
118.02,3,08:31:02.396313406
118.02,1,08:31:02.396418571
118.02,1,08:31:02.396548306
118.02,1,08:31:02.396774405
118.02,4,08:31:02.396860491
118.02,3,08:31:02.396875115
118.02,1,08:31:02.397109815
118.02,2,08:31:02.397127690
118.02,4,08:31:02.397127690
118.02,2,08:31:02.397793803
118.02,1,08:31:02.397793803
118.02,1,08:31:02.397943556
118.02,2,08:31:02.398286912
118.02,2,08:31:02.398638019
118.02,1,08:31:02.402733751
118.02,1,08:31:02.403017770
118.02,1,08:31:02.403448653
118.02,2,08:31:02.418027807
118.02,5,08:31:02.418486652
118.02,2,08:31:02.498503252
118.01,4,08:31:02.819450320
118.01,1,08:31:02.819588967
118.01,3,08:31:02.819588967
118.01,1,08:31:02.819608576
118.01,4,08:31:02.819608576
118.01,1,08:31:02.819623525
118.01,2,08:31:02.819897500
118.01,1,08:31:02.819897500
118.01,1,08:31:02.820184861
118.01,1,08:31:02.930330880
118.01,9,08:31:02.930330880
118.01,1,08:31:02.991947235
118.01,1,08:31:03.036406727
118.01,1,08:31:03.041957811
118.01,2,08:31:03.068662547
118.01,1,08:31:03.070090145
118.01,1,08:31:04.943194237
118.01,1,08:31:04.943575206
118.01,1,08:31:04.943590265
118.01,4,08:31:04.943884715
118.01,5,08:31:04.943884715
118.01,2,08:31:04.943884715
118.01,1,08:31:04.943899241
118.01,3,08:31:04.943993996
118.01,4,08:31:04.944013929
118.01,3,08:31:04.944013929
118.01,1,08:31:04.987979463
118.01,1,08:31:05.449314530
118.01,2,08:31:05.449329211
118.01,6,08:31:05.449896978
118.01,5,08:31:05.449896978
118.01,1,08:31:05.449896978
118.01,1,08:31:05.450012354
118.01,2,08:31:05.812459834
118.01,1,08:31:05.812459834
118.01,2,08:31:05.812528157
118.01,1,08:31:05.876654999
118.01,2,08:31:05.877134147
118.01,1,08:31:05.877268679
118.01,1,08:31:05.877381190
118.01,1,08:31:05.901346076
118.01,1,08:31:05.901749941
118.01,1,08:31:05.901992088
118.01,1,08:31:05.916939162
118.01,1,08:31:05.918460457
118.01,1,08:31:06.070723681
118.01,4,08:31:06.228986405
118.01,1,08:31:07.039213398
118.02,1,08:31:07.086568699
118.02,3,08:31:07.086583463
118.02,10,08:31:07.086839652
118.02,2,08:31:07.087290137
118.02,3,08:31:07.087290137
118.02,8,08:31:07.327958059
118.02,1,08:31:07.327972084
118.01,3,08:31:07.328100439
118.01,4,08:31:07.328126839
118.01,1,08:31:07.328126839
118.01,7,08:31:07.328126839
118.01,3,08:31:07.328126839
118.02,2,08:31:07.328984900
118.02,1,08:31:07.343647404
118.02,1,08:31:07.343807644
118.02,2,08:31:07.464592380
118.02,1,08:31:07.464592380
118.02,4,08:31:07.464683845
118.02,1,08:31:07.464698700
118.02,2,08:31:07.464698700
118.02,4,08:31:07.493216388
118.01,2,08:31:08.455888802
118.01,1,08:31:08.455993482
118.01,2,08:31:08.456012231
118.01,1,08:31:08.456012231
118.01,3,08:31:08.456012231
118.01,1,08:31:08.456423295
118.01,7,08:31:09.315015246
118.01,1,08:31:09.315029598
118.01,1,08:31:09.315174061
118.01,2,08:31:09.315191117
118.01,1,08:31:09.315191117
118.01,4,08:31:09.315191117
118.01,1,08:31:09.315215844
118.01,2,08:31:09.315215844
118.01,1,08:31:09.315409428
118.01,7,08:31:09.315821140
118.01,1,08:31:09.315839089
118.01,9,08:31:11.114896391
118.01,16,08:31:11.115257244
118.01,2,08:31:11.115257244
118.01,1,08:31:11.115404214
118.01,6,08:31:11.115427849
118.01,1,08:31:11.115427849
118.01,2,08:31:11.115427849
118.01,3,08:31:11.115427849
118.01,10,08:31:11.115447661
118.01,1,08:31:12.218933106
118.01,1,08:31:13.029735094
118.02,1,08:31:13.642023732
118.02,1,08:31:13.642139082
118.02,1,08:31:13.642154832
118.02,4,08:31:13.642170046
118.02,1,08:31:13.642170046
118.02,2,08:31:13.642375456
118.02,3,08:31:13.642375456
118.02,3,08:31:13.642557424
118.02,4,08:31:13.642571802
118.02,3,08:31:13.642571802
118.02,1,08:31:13.642586115
118.02,1,08:31:13.642603473
118.02,3,08:31:13.642621223
118.02,2,08:31:13.652951030
118.03,2,08:31:14.074931240
118.03,1,08:31:14.074931240
118.03,4,08:31:14.074931240
118.03,10,08:31:14.083545411
118.03,1,08:31:14.083652418
118.03,2,08:31:14.095604162
118.03,2,08:31:14.095692413
118.03,1,08:31:14.095707418
118.03,1,08:31:14.095898336
118.03,10,08:31:14.096212992
118.03,3,08:31:14.176060025
118.03,2,08:31:14.176208514
118.03,2,08:31:14.191041948
118.02,3,08:31:14.545608952
118.02,1,08:31:14.545719516
118.02,1,08:31:14.545734639
118.02,2,08:31:14.672361902
118.02,2,08:31:16.046762415
118.02,2,08:31:16.046782284
118.02,4,08:31:16.046782284
118.02,1,08:31:16.046782284
118.02,1,08:31:16.047253862
118.02,18,08:31:16.047253862
118.02,5,08:31:16.047253862
118.02,1,08:31:16.047277544
118.02,1,08:31:16.048430222
118.02,1,08:31:16.057345726
118.02,3,08:31:16.185849857
118.02,1,08:31:16.185986123
118.02,2,08:31:16.186002869
118.02,1,08:31:16.186002869
118.02,7,08:31:16.186002869
118.03,1,08:31:16.799004921
118.03,1,08:31:16.799019254
118.03,2,08:31:16.799099533
118.03,2,08:31:16.799232745
118.03,4,08:31:16.799232745
118.03,12,08:31:16.799332349
118.03,7,08:31:16.799451513
118.03,1,08:31:16.799472946
118.03,2,08:31:16.799472946
118.03,7,08:31:16.848535315
118.03,1,08:31:16.848550041
118.03,1,08:31:16.856543372
118.03,7,08:31:16.856543372
118.03,4,08:31:16.856667066
118.03,2,08:31:16.856683504
118.03,3,08:31:16.856683504
118.03,1,08:31:16.856683504
118.03,10,08:31:16.856683504
118.03,1,08:31:16.953756708
118.04,1,08:31:17.262703252
118.04,1,08:31:17.654966311
118.04,9,08:31:17.654966311
118.04,1,08:31:17.714568520
118.04,4,08:31:17.765079300
118.04,6,08:31:17.765079300
118.04,1,08:31:18.052099167
118.04,1,08:31:18.171987403
118.03,1,08:31:18.571940514
118.03,1,08:31:18.572195265
118.03,1,08:31:18.572298613
118.03,8,08:31:18.572316540
118.03,9,08:31:18.572586770
118.03,21,08:31:18.572784021
118.03,2,08:31:18.572797794
118.03,5,08:31:18.572797794
118.03,1,08:31:18.572812072
118.03,2,08:31:18.572812072
118.03,1,08:31:18.572826741
118.03,2,08:31:18.572826741
118.03,1,08:31:18.572845845
118.03,1,08:31:18.606046596
118.03,2,08:31:18.834574412
118.03,1,08:31:18.834574412
118.03,1,08:31:18.834591365
118.03,1,08:31:18.869361286
118.03,1,08:31:19.363125566
118.03,1,08:31:19.606077752
118.03,2,08:31:19.606177151
118.03,3,08:31:19.606192713
118.03,1,08:31:19.606192713
118.03,2,08:31:19.607494609
118.03,1,08:31:19.607608938
118.03,1,08:31:19.607625124
118.03,2,08:31:19.607625124
118.03,2,08:31:19.789307520
118.03,2,08:31:19.904652212
118.03,1,08:31:19.950429430
118.03,1,08:31:19.950445720
118.03,1,08:31:19.950934613
118.03,1,08:31:19.951834388
118.03,1,08:31:19.973670914
118.04,1,08:31:20.046467270
118.04,4,08:31:20.046467270
118.04,2,08:31:20.046556476
118.04,3,08:31:20.046575856
118.04,7,08:31:20.046575856
118.04,2,08:31:20.046575856
118.04,1,08:31:20.046575856
118.04,14,08:31:20.047214465
118.04,10,08:31:20.047214465
118.04,1,08:31:20.047214465
118.04,2,08:31:20.051460543
118.04,4,08:31:20.051460543
118.03,1,08:31:20.051558719
118.03,1,08:31:20.051583439
118.04,1,08:31:20.052102527
118.03,2,08:31:20.052119836
118.03,1,08:31:20.052119836
118.03,4,08:31:20.052119836
118.04,1,08:31:20.062882081
118.04,1,08:31:20.062968087
118.04,3,08:31:20.062985418
118.04,2,08:31:20.071385563
118.04,2,08:31:20.071510289
118.04,2,08:31:20.214127554
118.04,17,08:31:20.287977124
118.04,1,08:31:20.288320520
118.04,1,08:31:20.312204891
118.04,3,08:31:20.312310894
118.04,4,08:31:20.312327787
118.04,1,08:31:20.312327787
118.03,1,08:31:20.312327787
118.03,2,08:31:20.737028112
118.03,1,08:31:20.737237792
118.03,5,08:31:20.737251748
118.03,1,08:31:20.737267674
118.03,4,08:31:20.737267674
118.03,3,08:31:20.737267674
118.03,1,08:31:20.737281694
118.03,1,08:31:20.737296244
118.03,2,08:31:20.737310810
118.03,7,08:31:20.737310810
118.03,1,08:31:20.737325344
118.03,2,08:31:20.737340275
118.03,1,08:31:20.752476019
118.04,1,08:31:21.143868624
118.03,9,08:31:21.235935498
118.03,2,08:31:21.236240202
118.03,2,08:31:21.255702610
118.03,1,08:31:21.326212952
118.03,2,08:31:21.326212952
118.03,1,08:31:21.417638739
118.02,1,08:31:21.558334580
118.02,1,08:31:21.558493104
118.02,1,08:31:21.558507803
118.02,2,08:31:21.558507803
118.02,1,08:31:21.558522708
118.02,1,08:31:21.558539073
118.02,2,08:31:21.559054096
118.02,2,08:31:21.559341975
118.02,1,08:31:21.592201548
118.02,1,08:31:21.906625990
118.02,2,08:31:21.906844188
118.02,4,08:31:21.906861615
118.02,1,08:31:21.906861615
118.02,4,08:31:21.906961234
118.02,3,08:31:21.906961234
118.02,1,08:31:21.906961234
118.02,1,08:31:21.907104284
118.02,1,08:31:21.907420082
118.02,1,08:31:21.907438305
118.02,10,08:31:21.907438305
118.03,1,08:31:22.665336116
118.02,1,08:31:22.766672260
118.02,4,08:31:22.766672260
118.02,1,08:31:22.766789178
118.02,2,08:31:22.766808375
118.02,4,08:31:22.766808375
118.02,1,08:31:22.766808375
118.02,1,08:31:22.766823755
118.02,2,08:31:22.767412673
118.02,1,08:31:22.848339398
118.02,1,08:31:23.031660661
118.03,1,08:31:23.568244752
118.03,1,08:31:24.280188305
118.03,4,08:31:24.280311796
118.03,3,08:31:24.280595761
118.03,1,08:31:24.280948175
118.03,1,08:31:24.280968805
118.03,10,08:31:24.280968805
118.03,1,08:31:24.280992631
118.03,1,08:31:24.343432179
118.03,2,08:31:24.346598599
118.03,1,08:31:24.346702170
118.03,4,08:31:24.346702170
118.03,1,08:31:24.767068278
118.03,1,08:31:25.021891012
118.03,1,08:31:25.313257417
118.03,1,08:31:25.372662436
118.03,3,08:31:25.372662436
118.03,2,08:31:25.372737447
118.03,1,08:31:25.372752653
118.03,1,08:31:25.373321651
118.03,1,08:31:25.373946931
118.04,1,08:31:25.387057850
118.03,1,08:31:26.283284774
118.03,2,08:31:26.283722246
118.04,2,08:31:26.604980291
118.04,1,08:31:26.605083865
118.04,2,08:31:26.605103326
118.04,1,08:31:26.605103326
118.04,3,08:31:26.613906895
118.04,4,08:31:26.613906895
118.05,2,08:31:27.115738507
118.05,1,08:31:27.236774936
118.05,4,08:31:27.236774936
118.05,6,08:31:27.237147285
118.05,8,08:31:27.331139744
118.05,3,08:31:27.331491961
118.05,8,08:31:27.331644043
118.05,1,08:31:27.331644043
118.05,10,08:31:27.338411524
118.05,7,08:31:27.338628573
118.05,4,08:31:28.847839598
118.04,2,08:31:29.175782513
118.04,1,08:31:29.278755979
118.04,1,08:31:29.278769770
118.04,1,08:31:29.278984610
118.04,1,08:31:29.279011970
118.04,7,08:31:29.279011970
118.04,1,08:31:29.279031292
118.04,7,08:31:29.279031292
118.04,3,08:31:29.279031292
118.04,1,08:31:29.312215094
118.04,1,08:31:29.312426476
118.04,1,08:31:29.345384123
118.04,1,08:31:29.345581991
118.05,1,08:31:29.451436279
118.05,1,08:31:29.686198539
118.05,1,08:31:30.049053069
118.04,5,08:31:31.281425159
118.04,4,08:31:31.281425159
118.04,1,08:31:31.284304484
118.04,1,08:31:31.554796127
118.04,1,08:31:31.566021066
118.04,1,08:31:31.816675875
118.04,1,08:31:31.826380035
118.04,1,08:31:32.078416741
118.04,1,08:31:32.110432363
118.04,4,08:31:32.260375778
118.04,1,08:31:32.260391928
118.04,9,08:31:32.260485595
118.04,1,08:31:32.260485595
118.04,4,08:31:32.260500630
118.04,2,08:31:32.260500630
118.04,1,08:31:32.343360346
118.04,1,08:31:32.360912518
118.04,1,08:31:32.419624109
118.04,1,08:31:32.606089017
118.04,1,08:31:32.624014450
118.04,1,08:31:32.855797984
118.04,1,08:31:32.856000646
118.04,1,08:31:32.856117440
118.04,1,08:31:32.888438124
118.04,1,08:31:32.888633768
118.04,2,08:31:32.888928683
118.04,1,08:31:32.889290811
118.04,6,08:31:32.889306603
118.04,1,08:31:33.034606718
118.04,1,08:31:33.958281447
118.04,1,08:31:33.960695900
118.04,1,08:31:34.210529179
118.04,1,08:31:34.234539402
118.04,1,08:31:34.482650675
118.04,1,08:31:34.512880923
118.04,1,08:31:34.759830502
118.04,1,08:31:34.797833150
118.04,5,08:31:34.828607578
118.04,1,08:31:34.828920327
118.03,1,08:31:34.889379681
118.03,1,08:31:34.889394468
118.03,1,08:31:35.037639669
118.03,1,08:31:35.085115090
118.03,1,08:31:35.323100894
118.03,1,08:31:35.323526379
118.03,1,08:31:35.323787601
118.03,1,08:31:35.323809649
118.03,1,08:31:35.323824494
118.03,2,08:31:35.323824494
118.03,1,08:31:35.323840170
118.03,2,08:31:35.323855079
118.03,1,08:31:35.323869719
118.03,1,08:31:35.323885486
118.02,1,08:31:35.610982501
118.02,1,08:31:35.672691641
118.02,1,08:31:35.899654541
118.02,1,08:31:35.899899767
118.02,1,08:31:35.899985159
118.02,6,08:31:35.899985159
118.02,8,08:31:35.900259507
118.02,1,08:31:35.900431308
118.02,11,08:31:35.900431308
118.02,2,08:31:35.900456512
118.02,1,08:31:35.900456512
118.02,16,08:31:35.900456512
118.02,7,08:31:35.900597437
118.02,4,08:31:35.900613309
118.02,11,08:31:35.900850831
118.02,2,08:31:35.900872860
118.02,1,08:31:35.900872860
118.02,4,08:31:35.900872860
118.02,1,08:31:35.964709492
118.02,12,08:31:36.011143765
118.03,4,08:31:36.048834026
118.03,1,08:31:36.048932506
118.03,1,08:31:36.048947744
118.03,1,08:31:36.049290892
118.03,5,08:31:36.049290892
118.03,2,08:31:36.049290892
118.03,2,08:31:36.049308815
118.03,1,08:31:36.049308815
118.03,2,08:31:36.049492611
118.03,6,08:31:36.049761194
118.03,2,08:31:36.050274691
118.03,2,08:31:36.050853494
118.03,6,08:31:36.083928631
118.03,1,08:31:36.160972341
118.02,4,08:31:36.274034406
118.02,1,08:31:36.274034406
118.02,1,08:31:36.274058974
118.02,1,08:31:36.402441714
118.02,1,08:31:36.402535567
118.02,1,08:31:36.669572054
118.02,1,08:31:36.694519966
118.02,2,08:31:36.697069624
118.02,1,08:31:36.697069624
118.02,1,08:31:36.697155071
118.02,2,08:31:36.697155071
118.02,1,08:31:36.697431455
118.02,5,08:31:36.697431455
118.02,2,08:31:36.697782492
118.01,1,08:31:36.945691882
118.01,1,08:31:36.956731638
118.02,1,08:31:37.109535696
118.02,2,08:31:37.109647130
118.02,9,08:31:37.109647130
118.02,1,08:31:37.109666560
118.02,3,08:31:37.109666560
118.02,1,08:31:37.217271893
118.02,1,08:31:37.223903709
118.03,1,08:31:37.281838463
118.03,1,08:31:37.281920486
118.03,1,08:31:37.281933750
118.03,1,08:31:37.281948297
118.03,1,08:31:37.281962905
118.03,1,08:31:37.282282232
118.03,2,08:31:37.282456335
118.03,2,08:31:37.301485939
118.03,4,08:31:37.301500272
118.03,1,08:31:37.301517111
118.03,1,08:31:37.301800644
118.03,2,08:31:37.327942837
118.02,5,08:31:37.368954965
118.02,1,08:31:37.368970326
118.02,3,08:31:37.369249363
118.02,5,08:31:37.369264768
118.02,2,08:31:37.369264768
118.02,1,08:31:37.369264768
118.01,1,08:31:37.507399211
118.01,1,08:31:37.507745011
118.01,1,08:31:37.507885819
118.01,1,08:31:37.509973238
118.01,1,08:31:37.737150982
118.01,2,08:31:37.737215919
118.01,1,08:31:37.777996945
118.01,1,08:31:37.784305888
118.01,2,08:31:37.810500950
118.01,1,08:31:37.811033941
118.0,1,08:31:37.980922323
118.0,3,08:31:37.980936368
118.0,1,08:31:37.981096963
118.0,2,08:31:37.981123569
118.0,5,08:31:37.981123569
118.0,4,08:31:37.981123569
118.0,1,08:31:37.981123569
118.0,6,08:31:37.981123569
118.0,3,08:31:37.981138005
118.0,1,08:31:38.110761523
118.0,1,08:31:38.112264041
118.0,1,08:31:38.388055071
118.0,1,08:31:38.404106559
118.01,1,08:31:38.538997681
118.01,4,08:31:38.539139523
118.01,2,08:31:38.539160369
118.01,4,08:31:38.539160369
118.01,1,08:31:38.539160369
118.01,1,08:31:38.539174570
118.01,4,08:31:38.539174570
118.0,1,08:31:38.651783490
118.0,1,08:31:38.674352194
118.0,1,08:31:38.810031842
118.0,2,08:31:38.810146674
118.0,3,08:31:38.810162101
118.0,1,08:31:38.810162101
118.0,1,08:31:38.810538322
118.0,3,08:31:38.880451635
117.99,1,08:31:38.880525730
117.99,2,08:31:38.964548140
117.99,1,08:31:39.498230285
117.99,1,08:31:39.645463785
117.99,1,08:31:39.799559845
117.99,4,08:31:39.885364017
117.99,21,08:31:39.885436890
117.99,1,08:31:39.951634762
118.0,4,08:31:40.048168342
118.0,1,08:31:40.048487223
118.0,3,08:31:40.048604135
118.0,1,08:31:40.048619437
118.0,4,08:31:40.048619437
117.99,25,08:31:40.053146912
117.99,1,08:31:40.090383852
117.99,1,08:31:40.128399754
117.99,1,08:31:40.130135922
117.99,1,08:31:40.223258862
117.99,1,08:31:40.381247048
117.99,1,08:31:40.399733089
117.99,1,08:31:40.414130899
117.99,1,08:31:40.521338008
117.99,1,08:31:40.657446674
117.99,1,08:31:40.671097189
117.99,1,08:31:40.678425091
118.0,4,08:31:40.701874731
118.0,4,08:31:40.702016145
118.0,1,08:31:40.702016145
118.0,1,08:31:40.702033454
118.0,10,08:31:40.702033454
118.0,4,08:31:40.702375547
118.0,2,08:31:40.702535102
118.0,1,08:31:40.702566894
118.0,2,08:31:40.702566894
118.0,3,08:31:40.702566894
118.0,2,08:31:40.702993601
118.0,1,08:31:40.702993601
118.0,3,08:31:40.703358691
118.0,1,08:31:40.703502426
118.0,1,08:31:40.703603699
118.0,1,08:31:40.820451329
118.0,2,08:31:40.852559158
118.0,1,08:31:40.852573266
118.0,1,08:31:40.965502006
118.0,1,08:31:40.967742782
118.0,1,08:31:41.056242556
118.0,2,08:31:41.056242556
118.0,2,08:31:41.056341315
118.0,4,08:31:41.056356970
118.0,2,08:31:41.056356970
118.0,1,08:31:41.056672099
118.0,1,08:31:41.220116520
118.0,1,08:31:41.222029053
118.0,1,08:31:41.484671096
118.0,8,08:31:41.606084225
118.0,1,08:31:41.699269794
117.99,1,08:31:41.940960626
117.99,1,08:31:42.214882033
117.99,1,08:31:42.470226432
117.99,1,08:31:43.032773139
118.0,2,08:31:43.387960533
117.99,19,08:31:44.075136610
117.99,13,08:31:44.075136610
117.99,6,08:31:44.075547224
117.99,1,08:31:44.075711269
117.99,3,08:31:44.075727784
117.99,1,08:31:44.075727784
117.99,7,08:31:44.075740792
117.99,4,08:31:44.075740792
117.99,3,08:31:44.075866821
117.99,1,08:31:44.075880616
117.99,1,08:31:44.075897467
117.99,4,08:31:44.075897467
117.99,3,08:31:44.075897467
117.99,2,08:31:44.075912795
117.99,3,08:31:44.089275967
117.99,1,08:31:44.089395291
117.99,1,08:31:44.089417400
117.99,2,08:31:44.092551513
117.99,2,08:31:44.092635727
117.99,1,08:31:44.095452401
117.99,3,08:31:44.265624703
117.99,1,08:31:44.265624703
117.99,1,08:31:44.265690425
118.0,1,08:31:44.801398594
118.0,1,08:31:44.801581012
118.0,1,08:31:44.801595969
118.0,1,08:31:44.801618427
118.0,3,08:31:44.836501309
118.0,1,08:31:45.486561992
118.0,1,08:31:45.486576974
118.0,4,08:31:45.486576974
118.0,3,08:31:46.038486600
118.0,4,08:31:47.338752194
118.0,3,08:31:47.338752194
118.0,1,08:31:47.338884059
118.0,1,08:31:47.338897732
118.0,3,08:31:47.338919711
118.0,1,08:31:47.338919711
118.0,4,08:31:47.338919711
118.0,16,08:31:47.338919711
118.0,4,08:31:47.360670169
118.0,1,08:31:49.085847974
118.0,1,08:31:49.212363052
118.0,1,08:31:49.382407456
118.0,1,08:31:49.520389717
118.0,1,08:31:49.552088631
118.0,1,08:31:49.552194224
118.0,1,08:31:49.552213876
118.0,4,08:31:49.552213876
118.0,3,08:31:49.552229696
118.0,1,08:31:49.552392401
118.0,1,08:31:49.552866726
118.0,1,08:31:49.552984720
118.0,1,08:31:49.553091008
118.0,1,08:31:49.553438099
118.0,1,08:31:49.553843088
118.0,1,08:31:49.592526531
118.0,1,08:31:49.592608202
118.0,2,08:31:49.592926870
118.0,1,08:31:49.593061475
118.0,1,08:31:49.594834523
118.0,1,08:31:49.626212638
118.0,1,08:31:49.634148539
118.0,1,08:31:49.661045873
118.0,1,08:31:49.661060100
118.0,1,08:31:49.661139297
117.99,1,08:31:49.680371859
118.0,1,08:31:49.732775353
118.0,1,08:31:49.763120973
117.99,1,08:31:49.829436342
118.0,1,08:31:49.868996495
117.99,1,08:31:49.957635189
118.0,15,08:31:50.054842789
118.0,1,08:31:50.054932293
118.0,1,08:31:50.055411198
118.0,2,08:31:50.055427246
118.0,1,08:31:50.055427246
118.0,1,08:31:50.055443787
118.0,1,08:31:50.055907277
118.0,1,08:31:50.055989268
118.0,2,08:31:50.056153434
118.0,1,08:31:50.371139402
117.99,1,08:31:53.031205007
118.0,1,08:31:54.045833914
118.0,1,08:31:55.230583671
117.99,1,08:31:55.593803794
117.99,2,08:31:55.594080365
117.99,1,08:31:55.594080365
117.99,1,08:31:55.594094359
117.99,3,08:31:55.594503927
117.99,1,08:31:55.594518644
117.99,9,08:31:55.594533559
117.99,11,08:31:55.594547102
117.99,1,08:31:55.594547102
117.99,2,08:31:55.594562516
117.99,1,08:31:55.594562516
117.99,3,08:31:55.594562516
117.99,2,08:31:55.616528311
117.99,2,08:31:55.616622890
117.98,1,08:31:55.622482735
117.98,3,08:31:55.622482735
117.99,1,08:31:55.622921856
117.99,4,08:31:55.623408783
117.99,1,08:31:55.623563369
117.99,2,08:31:55.623563369
117.99,1,08:31:55.650719711
117.99,5,08:31:55.781093491
117.99,5,08:31:55.781334762
117.99,1,08:31:55.884077939
117.99,1,08:31:55.884174595
117.99,1,08:31:55.884192403
117.99,1,08:31:55.884693308
117.99,1,08:31:55.937899663
117.99,1,08:31:56.566030083
117.99,1,08:31:56.566101312
117.99,1,08:31:56.581208578
117.99,1,08:31:56.581224011
117.98,1,08:31:56.581224011
117.98,1,08:31:56.581240181
117.98,3,08:31:56.581240181
117.99,1,08:31:56.581947629
117.99,1,08:31:56.582267627
117.99,1,08:31:56.582518990
117.99,3,08:31:56.582814121
117.99,6,08:31:56.582814121
117.99,1,08:31:56.624204172
117.98,4,08:31:56.767277122
117.98,7,08:31:56.767277122
117.98,1,08:31:56.767277122
117.98,6,08:31:56.767277122
117.98,2,08:31:56.767277122
117.98,1,08:31:56.767885890
117.98,1,08:31:56.768059042
117.98,1,08:31:56.768074510
117.98,10,08:31:56.768089831
117.98,1,08:31:56.768089831
117.98,1,08:31:56.768888081
117.98,1,08:31:56.768938001
117.98,1,08:31:56.769435870
117.98,1,08:31:56.769585844
117.98,1,08:31:56.769602689
117.98,1,08:31:56.769634440
117.98,1,08:31:56.769732599
117.98,1,08:31:56.770112820
117.98,1,08:31:56.770182897
117.98,1,08:31:56.789434271
117.98,2,08:31:56.789526937
117.98,2,08:31:56.790105065
117.98,1,08:31:56.790660431
117.98,1,08:31:56.791904868
117.98,2,08:31:56.840135662
117.98,4,08:31:56.841206697
117.98,2,08:31:56.841206697
117.98,1,08:31:56.841296879
117.98,1,08:31:56.841570169
117.99,2,08:31:56.898575439
117.98,1,08:31:56.899030553
117.98,1,08:31:57.256054713
117.97,5,08:31:57.415769931
117.97,1,08:31:57.415901453
117.97,4,08:31:57.415918670
117.97,1,08:31:57.415918670
117.97,1,08:31:57.415936960
117.97,1,08:31:57.663772206
117.97,1,08:31:57.663857773
117.97,1,08:31:57.663874426
117.97,1,08:31:57.664059361
117.96,1,08:31:57.854554171
117.97,1,08:31:58.407775690
117.97,1,08:31:58.573501344
117.97,2,08:31:58.602687104
117.97,4,08:31:58.602687104
117.97,1,08:31:58.602796601
117.97,1,08:31:58.602813767
117.97,1,08:31:58.935248301
117.99,1,08:32:26.578792001
117.99,8,08:32:26.578880413
117.99,1,08:32:26.578880413
117.99,4,08:32:26.578895651
117.99,1,08:32:27.211136660
117.99,1,08:32:27.219132108
118.0,1,08:32:28.041741406
118.0,1,08:32:28.041908717
118.0,3,08:32:28.041934199
118.0,1,08:32:28.041934199
118.0,4,08:32:28.041952272
118.0,1,08:32:28.041952272
118.0,1,08:32:28.153085856
118.0,3,08:32:28.153103750
118.0,1,08:32:28.153103750
118.0,2,08:32:28.153103750
118.0,5,08:32:28.153352700
118.0,1,08:32:28.153352700
118.0,4,08:32:28.153352700
118.0,5,08:32:28.344391462
118.0,1,08:32:28.344637099
118.0,1,08:32:28.527839886
118.0,1,08:32:28.527924593
118.0,3,08:32:28.527939405
118.0,1,08:32:28.715911083
118.0,2,08:32:28.715925464
117.99,10,08:32:29.329902750
117.99,14,08:32:29.329902750
117.99,1,08:32:29.329991857
117.99,1,08:32:29.330006632
117.99,4,08:32:29.330006632
117.99,1,08:32:29.362955307
117.99,4,08:32:29.363094894
117.99,8,08:32:29.363112997
117.99,3,08:32:29.363112997
117.99,1,08:32:29.363112997
117.99,2,08:32:29.363128238
117.99,1,08:32:29.363128238
117.99,1,08:32:29.397102266
117.98,2,08:32:29.741969359
117.99,1,08:32:29.815839224
117.99,2,08:32:29.916040451
117.99,1,08:32:29.916123213
117.99,5,08:32:29.916565635
117.99,1,08:32:29.916565635
117.99,1,08:32:30.054070387
117.99,1,08:32:30.345490096
117.99,1,08:32:30.394545928
117.99,8,08:32:30.396620506
117.99,1,08:32:30.396705370
117.99,1,08:32:30.658826519
117.99,1,08:32:30.781219548
117.99,1,08:32:30.820139135
117.99,2,08:32:31.097501178
117.99,1,08:32:31.097501178
117.99,7,08:32:31.115606794
117.99,1,08:32:31.115691635
117.99,1,08:32:31.115871241
117.99,1,08:32:31.384068708
117.99,4,08:32:31.384150225
117.99,3,08:32:31.384150225
117.99,6,08:32:31.772616921
117.99,2,08:32:31.772752303
117.99,1,08:32:31.816302150
117.99,5,08:32:31.817969081
117.99,1,08:32:31.818055928
117.99,1,08:32:31.987799960
117.99,3,08:32:32.499894331
117.99,2,08:32:32.499977038
117.99,2,08:32:32.499993160
117.99,1,08:32:33.546033253
117.99,1,08:32:33.547637914
117.99,3,08:32:33.547637914
117.99,1,08:32:33.547723146
117.99,1,08:32:33.547737985
117.99,1,08:32:33.614519711
117.99,2,08:32:33.828467675
117.99,1,08:32:36.430955279
117.99,1,08:32:36.431030575
117.99,2,08:32:36.435502643
117.98,2,08:32:36.555666844
117.98,1,08:32:36.555761252
117.98,3,08:32:36.555761252
117.98,1,08:32:36.557233313
117.98,1,08:32:36.557450749
117.98,1,08:32:36.557465108
117.98,3,08:32:36.557465108
117.98,7,08:32:36.557480855
117.98,1,08:32:36.557480855
117.98,2,08:32:36.557496319
117.98,1,08:32:36.557657087
117.98,8,08:32:36.557671983
117.98,1,08:32:36.557671983
117.98,1,08:32:36.557687315
117.98,2,08:32:36.557705216
117.98,15,08:32:36.665105264
117.98,1,08:32:36.853011169
117.98,1,08:32:37.119766108
117.98,1,08:32:37.373085424
117.98,1,08:32:37.474548614
117.98,1,08:32:37.624473625
117.98,1,08:32:38.382924713
117.98,1,08:32:38.384023600
117.98,1,08:32:38.652523119
117.98,1,08:32:38.652838952
117.98,1,08:32:38.909578719
117.98,1,08:32:38.935511681
117.98,1,08:32:39.174722910
117.98,1,08:32:39.203950843
117.98,1,08:32:39.445499773
117.98,1,08:32:39.500923624
117.98,12,08:32:39.612150258
117.98,2,08:32:39.615174913
117.98,10,08:32:39.615302590
117.98,2,08:32:39.682288972
117.98,2,08:32:39.682358748
117.98,2,08:32:39.682458419
117.98,1,08:32:40.545600756
117.98,1,08:32:40.545959812
117.98,1,08:32:40.734439040
117.98,2,08:32:40.734711216
117.98,9,08:32:41.173775945
117.98,1,08:32:41.173861928
117.98,3,08:32:41.173877679
117.98,2,08:32:41.545272241
117.98,2,08:32:41.545487494
117.98,2,08:32:41.545603937
117.98,1,08:32:41.815932745
117.98,1,08:32:41.822859489
117.98,4,08:32:41.897730158
117.97,1,08:32:42.783940907
117.97,2,08:32:42.783940907
117.97,1,08:32:42.784008872
117.97,1,08:32:42.785944145
117.98,4,08:32:42.852555076
117.98,1,08:32:42.852555076
117.98,1,08:32:42.852706040
117.98,6,08:32:42.852728959
117.98,8,08:32:42.852728959
117.98,12,08:32:42.852728959
117.98,4,08:32:42.852728959
117.98,1,08:32:42.852750047
117.98,3,08:32:42.852750047
117.98,2,08:32:42.852750047
117.98,4,08:32:42.852750047
117.98,7,08:32:42.852750047
117.98,1,08:32:43.041416279
117.98,1,08:32:43.071233083
117.98,7,08:32:43.138785021
117.98,1,08:32:43.306277464
117.98,1,08:32:43.369956667
117.98,1,08:32:43.576601707
117.98,1,08:32:43.653945567
117.98,1,08:32:43.849519876
117.98,1,08:32:43.918517065
117.98,1,08:32:44.042002753
117.98,4,08:32:46.507396796
117.98,1,08:32:46.507396796
117.98,1,08:32:46.507411888
117.98,2,08:32:46.507485718
117.98,3,08:32:46.507528623
117.98,4,08:32:46.507549280
117.98,4,08:32:46.507570998
117.98,4,08:32:46.508036722
117.98,1,08:32:46.508050169
117.98,2,08:32:46.508063974
117.98,1,08:32:46.508088838
117.98,2,08:32:46.521345772
117.98,2,08:32:46.521447605
117.98,1,08:32:46.521447605
117.98,3,08:32:46.521466978
117.98,1,08:32:46.532472854
117.98,1,08:32:46.558798342
117.99,1,08:32:46.808769988
117.99,1,08:32:46.819476079
117.99,1,08:32:46.830079002
117.99,1,08:32:46.840601564
117.99,1,08:32:46.851138189
117.99,8,08:32:46.851518800
117.99,1,08:32:46.851644326
117.99,1,08:32:46.851659241
117.99,2,08:32:46.851659241
117.99,1,08:32:46.851676733
117.99,9,08:32:46.851676733
117.99,1,08:32:46.852004265
117.99,4,08:32:47.457204438
118.0,1,08:32:48.610574631
118.0,2,08:32:48.610656310
118.0,7,08:32:48.610656310
118.0,1,08:32:48.724048446
118.0,4,08:32:48.724139748
118.0,1,08:32:48.724155915
118.0,4,08:32:48.724155915
118.0,1,08:32:48.725028995
118.0,3,08:32:48.725028995
118.0,1,08:32:48.725044093
118.0,4,08:32:48.725734966
118.0,1,08:32:48.725734966
118.0,8,08:32:48.725734966
118.0,1,08:32:48.726037823
118.0,2,08:32:48.726037823
118.0,2,08:32:48.726050749
118.0,1,08:32:48.726149401
117.99,1,08:32:48.770926554
117.99,1,08:32:48.770991770
118.0,1,08:32:48.826939126
118.0,4,08:32:48.827042467
118.01,1,08:32:48.827059702
118.0,3,08:32:48.827059702
118.0,1,08:32:48.827059702
118.01,1,08:32:49.939798641
118.01,3,08:32:49.939874842
118.01,1,08:32:49.939890199
118.01,1,08:32:50.139190649
118.01,1,08:32:50.139280064
118.01,1,08:32:50.139299050
118.01,1,08:32:50.139727750
118.01,2,08:32:50.333875082
118.01,1,08:32:50.334112146
118.01,1,08:32:50.337524564
118.01,1,08:32:50.337538665
118.02,1,08:32:50.424625672
118.02,3,08:32:50.424888773
118.02,1,08:32:50.424888773
118.01,1,08:32:50.425300642
118.01,4,08:32:50.425315880
118.01,2,08:32:50.450350943
118.01,2,08:32:50.450652315
118.01,1,08:32:50.813768005
118.01,3,08:32:50.813784200
118.01,1,08:32:51.117137154
118.01,1,08:32:51.117265294
118.01,2,08:32:51.117285326
118.01,1,08:32:51.117285326
118.0,1,08:32:52.017051394
118.0,1,08:32:52.017065134
118.0,1,08:32:52.017078805
118.0,1,08:32:52.017093352
118.0,1,08:32:52.017107377
118.0,1,08:32:52.017122683
118.0,1,08:32:52.017140005
118.0,1,08:32:52.017162286
118.0,2,08:32:52.017176453
118.0,1,08:32:52.017412318
118.0,1,08:32:52.017434955
118.0,3,08:32:52.017448651
118.0,1,08:32:52.017463947
118.0,2,08:32:52.017463947
118.0,1,08:32:52.017480500
118.0,1,08:32:52.050073795
117.99,1,08:32:52.663968476
117.99,1,08:32:52.664077011
117.99,2,08:32:52.664093618
117.99,1,08:32:52.664093618
117.99,3,08:32:52.664093618
117.99,4,08:32:52.664479964
117.99,1,08:32:52.675241581
117.99,1,08:32:52.685628605
117.99,1,08:32:52.696267812
117.99,1,08:32:52.706642656
117.99,1,08:32:52.717240354
118.0,9,08:32:53.841036378
118.0,1,08:32:53.841050675
117.99,1,08:32:53.895019982
118.0,8,08:32:53.948651589
118.0,2,08:32:53.948734280
118.0,3,08:32:53.949206563
118.0,1,08:32:53.949206563
118.0,2,08:32:53.949206563
117.99,1,08:32:54.038516078
117.99,1,08:32:55.043175204
