bidVolume,bidPrice,askVolume,askPrice,timestamp
117,110.43,157,110.45,12:30:00.971910367
117,110.43,1,110.44,12:30:00.972035059
117,110.43,9,110.44,12:30:00.972399634
124,110.43,9,110.44,12:30:00.972525188
124,110.43,10,110.44,12:30:00.972786209
124,110.43,9,110.44,12:30:00.975774908
124,110.43,10,110.44,12:30:00.976468424
124,110.43,28,110.44,12:30:00.976764251
124,110.43,27,110.44,12:30:00.997703236
124,110.43,30,110.44,12:30:01.008614552
124,110.43,31,110.44,12:30:01.008734117
124,110.43,28,110.44,12:30:01.008891262
124,110.43,27,110.44,12:30:01.688470885
124,110.43,9,110.44,12:30:03.030018026
124,110.43,1,110.44,12:30:03.030637474
124,110.43,172,110.45,12:30:03.030637474
117,110.43,172,110.45,12:30:03.031230453
117,110.43,142,110.45,12:30:03.031711384
117,110.43,150,110.45,12:30:03.144571736
117,110.43,180,110.45,12:30:03.153430984
117,110.43,164,110.45,12:30:11.928072686
117,110.43,162,110.45,12:30:11.928688440
117,110.43,150,110.45,12:30:11.928999060
117,110.43,152,110.45,12:30:11.961391155
117,110.43,150,110.45,12:30:12.056756269
135,110.43,150,110.45,12:30:13.889870886
151,110.43,150,110.45,12:30:13.890053216
135,110.43,150,110.45,12:30:13.890420227
1,110.44,150,110.45,12:30:17.649258860
42,110.44,150,110.45,12:30:17.649579348
43,110.44,150,110.45,12:30:17.649579348
58,110.44,150,110.45,12:30:17.649673838
61,110.44,150,110.45,12:30:17.649673838
62,110.44,150,110.45,12:30:17.649745352
47,110.44,150,110.45,12:30:17.649944360
44,110.44,150,110.45,12:30:17.650046343
3,110.44,150,110.45,12:30:20.263658229
2,110.44,150,110.45,12:30:20.263751615
4,110.44,150,110.45,12:30:20.263879474
5,110.44,150,110.45,12:30:20.264241109
4,110.44,150,110.45,12:30:23.098977775
3,110.44,150,110.45,12:30:23.098977775
1,110.44,150,110.45,12:30:23.099043221
135,110.43,150,110.45,12:30:23.099061244
135,110.43,45,110.44,12:30:23.099061244
117,110.43,45,110.44,12:30:23.099465164
123,110.43,45,110.44,12:30:23.239486345
125,110.43,45,110.44,12:30:23.239585001
125,110.43,42,110.44,12:30:25.688848675
125,110.43,44,110.44,12:31:02.410291589
119,110.43,44,110.44,12:31:02.410560273
117,110.43,44,110.44,12:31:02.410560273
117,110.43,45,110.44,12:31:02.410790688
117,110.43,60,110.44,12:31:02.410881192
117,110.43,61,110.44,12:31:02.410967307
117,110.43,79,110.44,12:31:02.411285601
117,110.43,64,110.44,12:31:03.465128936
117,110.43,62,110.44,12:31:04.377431636
117,110.43,61,110.44,12:31:04.377431636
117,110.43,60,110.44,12:31:04.377694359
117,110.43,42,110.44,12:31:04.377877325
117,110.43,43,110.44,12:31:06.126179042
117,110.43,44,110.44,12:31:08.314095375
117,110.43,45,110.44,12:31:11.272896938
117,110.43,47,110.44,12:31:11.273495971
117,110.43,65,110.44,12:31:11.273580227
117,110.43,80,110.44,12:31:17.617254339
117,110.43,81,110.44,12:31:17.628557159
117,110.43,82,110.44,12:31:17.628626404
117,110.43,81,110.44,12:31:18.249382156
117,110.43,79,110.44,12:31:18.249648741
117,110.43,78,110.44,12:31:18.249670687
117,110.43,63,110.44,12:31:18.250055335
117,110.43,45,110.44,12:31:18.251272730
117,110.43,46,110.44,12:31:22.555950939
117,110.43,61,110.44,12:31:22.556093301
117,110.43,63,110.44,12:31:24.826914231
117,110.43,61,110.44,12:31:26.438949835
117,110.43,60,110.44,12:31:26.441120585
117,110.43,45,110.44,12:31:26.441369497
122,110.43,45,110.44,12:31:26.441875068
125,110.43,45,110.44,12:31:26.441899452
125,110.43,44,110.44,12:31:26.442734820
143,110.43,44,110.44,12:31:26.442936110
125,110.43,44,110.44,12:31:26.443593335
125,110.43,45,110.44,12:31:26.443858903
125,110.43,55,110.44,12:31:26.443953143
125,110.43,45,110.44,12:31:26.467739225
125,110.43,49,110.44,12:31:28.639751016
125,110.43,59,110.44,12:31:28.640429242
122,110.43,59,110.44,12:31:28.641005430
117,110.43,59,110.44,12:31:28.641005430
117,110.43,60,110.44,12:31:28.641723880
117,110.43,75,110.44,12:31:28.641723880
117,110.43,76,110.44,12:31:28.641723880
117,110.43,75,110.44,12:31:34.635640478
117,110.43,60,110.44,12:31:34.635804289
117,110.43,50,110.44,12:31:34.636069968
117,110.43,51,110.44,12:31:34.655782016
117,110.43,50,110.44,12:31:34.698950566
117,110.43,46,110.44,12:31:34.950050585
117,110.43,45,110.44,12:31:34.950372812
125,110.43,45,110.44,12:31:34.950689347
125,110.43,55,110.44,12:31:35.518999727
125,110.43,56,110.44,12:31:35.519144289
125,110.43,57,110.44,12:31:35.519144289
125,110.43,56,110.44,12:31:35.519475173
125,110.43,57,110.44,12:31:35.519559102
125,110.43,58,110.44,12:31:35.519559102
125,110.43,59,110.44,12:31:35.520021425
125,110.43,60,110.44,12:31:35.521336666
125,110.43,61,110.44,12:31:35.910761393
125,110.43,60,110.44,12:31:35.936714769
125,110.43,50,110.44,12:31:35.938930880
125,110.43,49,110.44,12:31:35.939003324
125,110.43,48,110.44,12:31:40.973205638
125,110.43,58,110.44,12:31:42.389928054
125,110.43,48,110.44,12:31:45.971941417
125,110.43,50,110.44,12:31:47.432396793
125,110.43,65,110.44,12:31:47.433277050
125,110.43,66,110.44,12:31:47.433309825
125,110.43,64,110.44,12:31:47.443586671
125,110.43,65,110.44,12:31:50.909888035
125,110.43,64,110.44,12:31:51.157859977
125,110.43,66,110.44,12:31:53.356066240
125,110.43,67,110.44,12:31:56.534651497
125,110.43,65,110.44,12:31:56.537371039
125,110.43,66,110.44,12:32:02.032994057
125,110.43,67,110.44,12:32:03.099023138
117,110.43,67,110.44,12:32:03.117145254
117,110.43,66,110.44,12:32:03.195777211
117,110.43,65,110.44,12:32:09.811685043
117,110.43,64,110.44,12:32:09.878197581
117,110.43,49,110.44,12:32:09.878384298
117,110.43,48,110.44,12:32:09.928487115
125,110.43,48,110.44,12:32:09.928504765
125,110.43,47,110.44,12:32:09.928722989
125,110.43,48,110.44,12:32:12.018116529
125,110.43,47,110.44,12:32:12.018296711
125,110.43,48,110.44,12:32:12.056339906
125,110.43,47,110.44,12:32:12.309572169
125,110.43,46,110.44,12:32:12.309643910
125,110.43,45,110.44,12:32:12.309643910
125,110.43,47,110.44,12:32:14.473021305
125,110.43,49,110.44,12:32:14.473192296
125,110.43,64,110.44,12:32:17.088946376
125,110.43,65,110.44,12:32:17.089164302
117,110.43,65,110.44,12:32:17.089325003
117,110.43,66,110.44,12:32:24.736921253
117,110.43,67,110.44,12:32:24.737219448
117,110.43,66,110.44,12:32:25.073343706
117,110.43,67,110.44,12:32:25.290997140
95,110.43,67,110.44,12:32:25.808788206
95,110.43,68,110.44,12:32:25.808979665
95,110.43,69,110.44,12:32:25.816030919
95,110.43,68,110.44,12:32:26.583080158
95,110.43,69,110.44,12:32:26.728262074
95,110.43,68,110.44,12:32:36.096932238
95,110.43,67,110.44,12:32:36.097028725
95,110.43,66,110.44,12:32:36.097047079
115,110.43,66,110.44,12:32:36.097047079
115,110.43,67,110.44,12:32:36.097240511
115,110.43,68,110.44,12:32:36.097488462
115,110.43,69,110.44,12:32:40.130683902
115,110.43,68,110.44,12:32:40.130963198
117,110.43,68,110.44,12:32:42.350483221
117,110.43,69,110.44,12:32:46.599123440
117,110.43,68,110.44,12:32:46.606506310
117,110.43,69,110.44,12:32:47.751053859
97,110.43,69,110.44,12:32:47.751179392
97,110.43,87,110.44,12:32:47.751582974
88,110.43,87,110.44,12:32:47.751582974
88,110.43,138,110.44,12:32:47.752034808
88,110.43,160,110.44,12:32:47.752244678
88,110.43,159,110.44,12:32:47.752601221
92,110.43,159,110.44,12:32:47.752601221
92,110.43,160,110.44,12:32:47.752938068
92,110.43,159,110.44,12:32:47.753117409
92,110.43,137,110.44,12:32:47.754453268
92,110.43,139,110.44,12:32:47.763340201
92,110.43,141,110.44,12:32:47.763412310
92,110.43,90,110.44,12:32:53.520599391
110,110.43,90,110.44,12:32:53.520680783
110,110.43,72,110.44,12:32:53.520838150
110,110.43,57,110.44,12:32:54.505298695
110,110.43,72,110.44,12:32:55.229755693
86,110.43,72,110.44,12:33:00.185209906
85,110.43,72,110.44,12:33:00.185412283
79,110.43,72,110.44,12:33:00.185440331
78,110.43,72,110.44,12:33:00.185440331
77,110.43,72,110.44,12:33:00.185440331
62,110.43,72,110.44,12:33:00.185440331
61,110.43,72,110.44,12:33:00.185440331
60,110.43,72,110.44,12:33:00.185440331
59,110.43,72,110.44,12:33:00.185440331
51,110.43,72,110.44,12:33:00.185440331
38,110.43,72,110.44,12:33:00.185440331
24,110.43,72,110.44,12:33:00.185465761
22,110.43,72,110.44,12:33:00.185465761
18,110.43,72,110.44,12:33:00.185465761
202,110.42,72,110.44,12:33:00.185465761
202,110.42,90,110.43,12:33:00.185465761
202,110.42,75,110.43,12:33:00.185944862
197,110.42,75,110.43,12:33:00.186137435
181,110.42,75,110.43,12:33:00.186151946
181,110.42,69,110.43,12:33:00.186361713
181,110.42,68,110.43,12:33:00.186378129
181,110.42,54,110.43,12:33:00.186756804
181,110.42,53,110.43,12:33:00.186818916
181,110.42,52,110.43,12:33:00.187060288
181,110.42,51,110.43,12:33:00.187363149
175,110.42,51,110.43,12:33:00.187413524
151,110.42,51,110.43,12:33:00.187919913
133,110.42,51,110.43,12:33:00.188121485
133,110.42,52,110.43,12:33:00.188273260
135,110.42,52,110.43,12:33:00.196768642
137,110.42,52,110.43,12:33:00.196836377
137,110.42,51,110.43,12:33:00.196907378
142,110.42,51,110.43,12:33:00.303654447
146,110.42,51,110.43,12:33:00.303731682
146,110.42,52,110.43,12:33:00.303877387
143,110.42,52,110.43,12:33:00.320721783
142,110.42,52,110.43,12:33:01.320757940
142,110.42,53,110.43,12:33:09.587386283
142,110.42,54,110.43,12:33:17.012998942
142,110.42,55,110.43,12:33:20.181598649
142,110.42,56,110.43,12:33:20.482568926
142,110.42,57,110.43,12:33:20.482747326
142,110.42,56,110.43,12:33:20.482992505
142,110.42,71,110.43,12:33:20.483072129
142,110.42,72,110.43,12:33:20.483153559
142,110.42,74,110.43,12:33:20.483227946
142,110.42,75,110.43,12:33:20.483376266
142,110.42,76,110.43,12:33:20.485435535
142,110.42,78,110.43,12:33:20.486933793
142,110.42,79,110.43,12:33:20.487119780
142,110.42,78,110.43,12:33:20.487276688
142,110.42,79,110.43,12:33:20.489284658
142,110.42,80,110.43,12:33:20.489425659
116,110.42,80,110.43,12:33:20.489494757
111,110.42,80,110.43,12:33:20.489980451
107,110.42,80,110.43,12:33:20.489980451
107,110.42,79,110.43,12:33:20.499213623
107,110.42,80,110.43,12:33:20.500533785
107,110.42,79,110.43,12:33:20.501447070
99,110.42,79,110.43,12:33:20.520986808
99,110.42,82,110.43,12:33:20.527478162
99,110.42,83,110.43,12:33:20.527561667
90,110.42,83,110.43,12:33:20.533101224
90,110.42,102,110.43,12:33:20.541667699
37,110.42,102,110.43,12:33:20.541756953
37,110.42,146,110.43,12:33:20.542402218
36,110.42,146,110.43,12:33:20.546710864
45,110.42,146,110.43,12:33:20.547144435
36,110.42,146,110.43,12:33:20.547857874
35,110.42,146,110.43,12:33:20.549245751
34,110.42,146,110.43,12:33:20.549484656
33,110.42,146,110.43,12:33:20.549658874
32,110.42,146,110.43,12:33:20.553032279
31,110.42,146,110.43,12:33:20.553121434
30,110.42,146,110.43,12:33:20.559344447
31,110.42,146,110.43,12:33:20.568823079
32,110.42,146,110.43,12:33:20.569295437
33,110.42,146,110.43,12:33:20.569367875
32,110.42,146,110.43,12:33:20.569676826
31,110.42,146,110.43,12:33:20.569799360
30,110.42,146,110.43,12:33:20.570962262
29,110.42,146,110.43,12:33:20.676773509
30,110.42,146,110.43,12:33:21.196020134
31,110.42,146,110.43,12:33:21.216057323
32,110.42,146,110.43,12:33:21.220188122
33,110.42,146,110.43,12:33:21.225354688
83,110.42,146,110.43,12:33:21.225383191
92,110.42,146,110.43,12:33:21.225466712
110,110.42,146,110.43,12:33:21.225466712
110,110.42,127,110.43,12:33:21.225945440
111,110.42,127,110.43,12:33:21.225945440
110,110.42,127,110.43,12:33:21.226187999
101,110.42,127,110.43,12:33:21.226319820
83,110.42,127,110.43,12:33:21.226875775
33,110.42,127,110.43,12:33:21.248209191
34,110.42,127,110.43,12:33:21.248499719
43,110.42,127,110.43,12:33:21.248820241
34,110.42,127,110.43,12:33:22.630289848
33,110.42,127,110.43,12:33:22.630557131
34,110.42,127,110.43,12:33:22.635830541
33,110.42,127,110.43,12:33:23.050857083
32,110.42,127,110.43,12:33:23.051131787
32,110.42,135,110.43,12:33:23.051177761
32,110.42,155,110.43,12:33:23.051194402
31,110.42,155,110.43,12:33:23.051242647
30,110.42,155,110.43,12:33:23.051258760
30,110.42,173,110.43,12:33:23.051292430
15,110.42,173,110.43,12:33:23.051356094
9,110.42,173,110.43,12:33:23.051782795
9,110.42,179,110.43,12:33:23.051800743
24,110.42,179,110.43,12:33:23.051865649
26,110.42,179,110.43,12:33:23.051865649
25,110.42,179,110.43,12:33:23.052033056
31,110.42,179,110.43,12:33:23.052128865
29,110.42,179,110.43,12:33:23.052325302
29,110.42,173,110.43,12:33:23.052349328
30,110.42,173,110.43,12:33:23.052677437
29,110.42,173,110.43,12:33:23.056503373
29,110.42,155,110.43,12:33:23.154316316
30,110.42,155,110.43,12:33:23.169752724
32,110.42,155,110.43,12:33:23.170521557
41,110.42,155,110.43,12:33:23.172466657
49,110.42,155,110.43,12:33:23.172466657
41,110.42,155,110.43,12:33:23.172848426
39,110.42,155,110.43,12:33:23.173140087
30,110.42,155,110.43,12:33:23.173362294
31,110.42,155,110.43,12:33:23.173643712
32,110.42,155,110.43,12:33:23.173643712
83,110.42,155,110.43,12:33:23.174218768
82,110.42,155,110.43,12:33:23.174281606
81,110.42,155,110.43,12:33:23.633355564
80,110.42,155,110.43,12:33:24.608128026
29,110.42,155,110.43,12:33:24.614147394
28,110.42,155,110.43,12:33:24.619463758
25,110.42,155,110.43,12:33:24.619532833
19,110.42,155,110.43,12:33:30.794230563
19,110.42,173,110.43,12:33:30.794346014
4,110.42,173,110.43,12:33:30.794346014
3,110.42,173,110.43,12:33:30.794774504
2,110.42,173,110.43,12:33:30.794789451
1,110.42,173,110.43,12:33:30.794789451
149,110.41,173,110.43,12:33:30.794901697
149,110.41,181,110.43,12:33:30.795305588
149,110.41,190,110.43,12:33:30.795305588
147,110.41,190,110.43,12:33:30.795463790
148,110.41,190,110.43,12:33:30.806129386
148,110.41,191,110.43,12:33:30.806223419
149,110.41,191,110.43,12:33:30.806223419
149,110.41,192,110.43,12:33:30.806223419
167,110.41,192,110.43,12:33:33.121551926
163,110.41,192,110.43,12:33:33.838374684
159,110.41,192,110.43,12:33:33.839641030
163,110.41,192,110.43,12:33:33.840719448
165,110.41,192,110.43,12:33:33.841107550
161,110.41,192,110.43,12:33:33.843979734
157,110.41,192,110.43,12:33:33.849613611
151,110.41,192,110.43,12:33:33.911076224
149,110.41,192,110.43,12:33:33.921086645
149,110.41,1,110.42,12:33:33.926900858
149,110.41,2,110.42,12:33:33.927011914
149,110.41,5,110.42,12:33:33.927176775
149,110.41,6,110.42,12:33:33.927313734
149,110.41,9,110.42,12:33:33.927313734
149,110.41,10,110.42,12:33:33.927313734
156,110.41,10,110.42,12:33:33.927410898
156,110.41,11,110.42,12:33:33.928914645
156,110.41,8,110.42,12:33:34.028406188
156,110.41,7,110.42,12:33:34.048077811
156,110.41,4,110.42,12:33:34.048153376
156,110.41,3,110.42,12:33:34.048458300
156,110.41,2,110.42,12:33:35.305930782
156,110.41,1,110.42,12:33:35.306229429
156,110.41,186,110.43,12:33:35.306321441
156,110.41,184,110.43,12:33:35.306911153
158,110.41,184,110.43,12:33:35.307492109
156,110.41,184,110.43,12:33:35.307902655
156,110.41,4,110.42,12:33:35.312805350
156,110.41,5,110.42,12:33:35.313025356
156,110.41,6,110.42,12:33:35.313103445
156,110.41,2,110.42,12:33:35.316634166
157,110.41,2,110.42,12:33:35.317593224
158,110.41,2,110.42,12:33:35.317664821
158,110.41,1,110.42,12:33:35.322756320
176,110.41,1,110.42,12:33:35.322937338
176,110.41,184,110.43,12:33:35.323056227
1,110.42,184,110.43,12:33:35.323056227
41,110.42,184,110.43,12:33:35.323330218
46,110.42,184,110.43,12:33:35.323592522
41,110.42,184,110.43,12:33:35.323968131
41,110.42,166,110.43,12:33:35.324355192
1,110.42,166,110.43,12:33:35.324355192
174,110.41,166,110.43,12:33:35.340364214
174,110.41,184,110.43,12:33:35.340546952
174,110.41,186,110.43,12:33:35.351615034
179,110.41,186,110.43,12:33:40.507492309
182,110.41,186,110.43,12:33:47.176897757
1,110.42,186,110.43,12:33:49.260340330
6,110.42,186,110.43,12:33:49.260622266
57,110.42,186,110.43,12:33:49.260728454
58,110.42,186,110.43,12:33:49.260743305
58,110.42,168,110.43,12:33:49.260890195
57,110.42,168,110.43,12:33:49.261052403
62,110.42,168,110.43,12:33:50.820192403
70,110.42,168,110.43,12:33:58.200190705
74,110.42,168,110.43,12:33:58.200249566
66,110.42,168,110.43,12:33:58.200437886
81,110.42,168,110.43,12:33:58.201104628
81,110.42,169,110.43,12:33:58.211555880
82,110.42,169,110.43,12:34:02.530396318
81,110.42,169,110.43,12:34:02.530689401
82,110.42,169,110.43,12:34:12.686590427
83,110.42,169,110.43,12:34:12.721788337
84,110.42,169,110.43,12:34:12.722098192
85,110.42,169,110.43,12:34:12.748316796
93,110.42,169,110.43,12:34:12.748542584
94,110.42,169,110.43,12:34:12.748625067
95,110.42,169,110.43,12:34:12.748712920
95,110.42,125,110.43,12:34:12.750359297
95,110.42,105,110.43,12:34:12.750465027
95,110.42,96,110.43,12:34:12.750465027
113,110.42,96,110.43,12:34:12.750465027
113,110.42,95,110.43,12:34:12.761638894
113,110.42,93,110.43,12:34:12.761711528
113,110.42,85,110.43,12:34:15.434892750
113,110.42,82,110.43,12:34:15.435136146
113,110.42,81,110.43,12:34:15.435212107
113,110.42,80,110.43,12:34:15.438491439
113,110.42,81,110.43,12:34:15.439998696
95,110.42,81,110.43,12:34:15.441211994
113,110.42,81,110.43,12:34:15.443732312
113,110.42,80,110.43,12:34:15.508007668
113,110.42,81,110.43,12:34:15.510060745
113,110.42,80,110.43,12:34:17.019625639
113,110.42,79,110.43,12:34:17.019844413
113,110.42,78,110.43,12:34:17.019921446
113,110.42,63,110.43,12:34:17.020229145
113,110.42,64,110.43,12:34:17.020426473
113,110.42,66,110.43,12:34:17.020660115
113,110.42,81,110.43,12:34:17.021269650
95,110.42,81,110.43,12:34:18.341265309
113,110.42,81,110.43,12:34:20.850589567
95,110.42,81,110.43,12:34:24.916586918
113,110.42,81,110.43,12:34:25.140731485
95,110.42,81,110.43,12:34:25.609724942
95,110.42,79,110.43,12:34:25.784803927
95,110.42,78,110.43,12:34:25.784803927
100,110.42,78,110.43,12:34:25.785062046
117,110.42,78,110.43,12:34:25.785062046
117,110.42,63,110.43,12:34:25.785650938
135,110.42,63,110.43,12:34:25.785666355
135,110.42,61,110.43,12:34:25.785872778
135,110.42,60,110.43,12:34:25.785872778
135,110.42,59,110.43,12:34:25.785887204
135,110.42,57,110.43,12:34:25.786019409
135,110.42,56,110.43,12:34:25.786047875
135,110.42,55,110.43,12:34:25.786047875
135,110.42,58,110.43,12:34:25.786410653
135,110.42,59,110.43,12:34:25.787062822
135,110.42,56,110.43,12:34:25.787298041
135,110.42,57,110.43,12:34:25.787970770
142,110.42,57,110.43,12:34:25.788286146
142,110.42,56,110.43,12:34:25.788286146
144,110.42,56,110.43,12:34:25.788400187
144,110.42,57,110.43,12:34:25.788679387
144,110.42,56,110.43,12:34:25.790444908
144,110.42,55,110.43,12:34:25.795699615
144,110.42,56,110.43,12:34:25.796039273
144,110.42,55,110.43,12:34:25.802318151
146,110.42,55,110.43,12:34:25.802465206
146,110.42,56,110.43,12:34:25.802701753
160,110.42,56,110.43,12:34:25.802845403
163,110.42,56,110.43,12:34:25.803723972
155,110.42,56,110.43,12:34:25.806112774
163,110.42,56,110.43,12:34:25.809604609
163,110.42,55,110.43,12:34:25.816605151
147,110.42,55,110.43,12:34:25.817703306
147,110.42,54,110.43,12:34:25.841106161
147,110.42,53,110.43,12:34:25.852352901
147,110.42,52,110.43,12:34:25.852464264
147,110.42,53,110.43,12:34:25.865783294
147,110.42,52,110.43,12:34:25.885028648
147,110.42,53,110.43,12:34:25.885332471
144,110.42,53,110.43,12:34:26.018954220
144,110.42,54,110.43,12:34:26.864421085
144,110.42,58,110.43,12:34:26.864523811
144,110.42,57,110.43,12:34:26.864739997
126,110.42,57,110.43,12:34:26.866157301
126,110.42,58,110.43,12:34:26.867622878
144,110.42,58,110.43,12:34:26.867785579
144,110.42,57,110.43,12:34:26.867856183
144,110.42,53,110.43,12:34:26.868573645
144,110.42,54,110.43,12:34:27.057599209
144,110.42,53,110.43,12:34:27.057808414
144,110.42,57,110.43,12:34:28.863749522
144,110.42,58,110.43,12:34:28.863922638
144,110.42,57,110.43,12:34:28.864618519
144,110.42,58,110.43,12:34:28.866225650
144,110.42,59,110.43,12:34:28.867415359
144,110.42,58,110.43,12:34:28.867592581
144,110.42,57,110.43,12:34:28.867767847
144,110.42,58,110.43,12:34:28.881816596
144,110.42,59,110.43,12:34:28.881979737
144,110.42,58,110.43,12:34:28.888808155
144,110.42,59,110.43,12:34:28.979085819
144,110.42,60,110.43,12:34:28.979136821
144,110.42,61,110.43,12:34:28.979239667
144,110.42,62,110.43,12:34:28.979321226
144,110.42,63,110.43,12:34:28.979392071
144,110.42,62,110.43,12:34:30.129140575
144,110.42,63,110.43,12:34:30.133342710
144,110.42,62,110.43,12:34:30.322810307
144,110.42,61,110.43,12:34:30.323987435
144,110.42,60,110.43,12:34:30.324710563
144,110.42,59,110.43,12:34:30.324895035
144,110.42,60,110.43,12:34:30.325355219
144,110.42,61,110.43,12:34:30.325355219
144,110.42,62,110.43,12:34:30.325577802
144,110.42,63,110.43,12:34:30.325924567
144,110.42,62,110.43,12:34:30.326205946
144,110.42,63,110.43,12:34:30.326753328
144,110.42,62,110.43,12:34:31.168504906
144,110.42,63,110.43,12:34:32.356910901
144,110.42,64,110.43,12:34:32.357067817
144,110.42,63,110.43,12:34:33.669576712
144,110.42,62,110.43,12:34:33.675087667
144,110.42,61,110.43,12:34:33.675342441
144,110.42,62,110.43,12:34:35.426755257
144,110.42,63,110.43,12:34:35.435312546
144,110.42,64,110.43,12:34:35.439599810
144,110.42,63,110.43,12:34:35.498625178
144,110.42,64,110.43,12:34:35.634515576
144,110.42,63,110.43,12:34:35.728542367
144,110.42,62,110.43,12:34:35.728659986
144,110.42,11,110.43,12:34:36.302380552
144,110.42,12,110.43,12:34:36.302726210
144,110.42,27,110.43,12:34:36.476305227
144,110.42,28,110.43,12:34:36.476502551
144,110.42,27,110.43,12:34:36.548575408
144,110.42,12,110.43,12:34:36.548805036
144,110.42,11,110.43,12:34:36.549314923
144,110.42,12,110.43,12:34:36.871991256
144,110.42,13,110.43,12:34:37.598587018
144,110.42,12,110.43,12:34:37.598972276
144,110.42,11,110.43,12:34:37.599567215
144,110.42,10,110.43,12:34:37.599740054
144,110.42,12,110.43,12:34:37.822850591
144,110.42,13,110.43,12:34:38.052612275
144,110.42,12,110.43,12:34:38.289609915
126,110.42,12,110.43,12:34:43.639849255
126,110.42,27,110.43,12:34:43.639849255
126,110.42,35,110.43,12:34:43.640153437
126,110.42,36,110.43,12:34:43.640279856
121,110.42,36,110.43,12:34:43.640399319
104,110.42,36,110.43,12:34:43.640422284
104,110.42,74,110.43,12:34:43.640422284
104,110.42,36,110.43,12:34:43.641354777
105,110.42,36,110.43,12:34:43.651701633
106,110.42,36,110.43,12:34:43.651776952
121,110.42,36,110.43,12:34:43.743571156
128,110.42,36,110.43,12:34:43.743646929
128,110.42,28,110.43,12:34:44.961019878
128,110.42,27,110.43,12:34:44.965999980
128,110.42,12,110.43,12:34:44.982631567
128,110.42,10,110.43,12:34:45.032312007
128,110.42,11,110.43,12:34:47.016104454
128,110.42,12,110.43,12:34:47.016104454
128,110.42,13,110.43,12:34:47.016234758
128,110.42,28,110.43,12:34:47.016571200
128,110.42,36,110.43,12:34:47.017391100
128,110.42,28,110.43,12:34:47.019163259
128,110.42,27,110.43,12:34:47.035650206
128,110.42,28,110.43,12:34:47.522159790
128,110.42,27,110.43,12:34:47.704110880
128,110.42,28,110.43,12:34:47.982613649
128,110.42,27,110.43,12:34:48.005465081
128,110.42,35,110.43,12:34:50.358355116
113,110.42,35,110.43,12:34:50.358539871
106,110.42,35,110.43,12:34:50.358539871
106,110.42,80,110.43,12:34:50.358683870
98,110.42,80,110.43,12:34:50.358896278
98,110.42,81,110.43,12:34:50.359010351
98,110.42,36,110.43,12:34:50.370535171
98,110.42,28,110.43,12:34:50.380845278
115,110.42,28,110.43,12:34:50.458677672
120,110.42,28,110.43,12:34:50.458677672
120,110.42,36,110.43,12:34:54.055990790
120,110.42,28,110.43,12:34:54.056587177
120,110.42,32,110.43,12:34:54.748426720
120,110.42,40,110.43,12:34:54.748514228
120,110.42,90,110.43,12:34:54.748897069
103,110.42,90,110.43,12:34:54.752827290
98,110.42,90,110.43,12:34:54.752827290
98,110.42,40,110.43,12:34:54.756861290
98,110.42,32,110.43,12:34:54.764489719
117,110.42,32,110.43,12:34:54.852716917
117,110.42,40,110.43,12:34:55.651954677
117,110.42,32,110.43,12:34:58.599206602
117,110.42,28,110.43,12:34:58.709555411
117,110.42,36,110.43,12:34:59.835963218
117,110.42,28,110.43,12:34:59.838301375
117,110.42,36,110.43,12:34:59.839964508
117,110.42,36,110.43,12:34:59.839964508
98,110.42,36,110.43,12:35:00.681008977
110,110.42,36,110.43,12:35:00.780845446
120,110.42,36,110.43,12:35:00.780914518
120,110.42,86,110.43,12:35:01.608705428
110,110.42,86,110.43,12:35:01.608780573
98,110.42,86,110.43,12:35:01.608780573
98,110.42,87,110.43,12:35:01.608858131
98,110.42,88,110.43,12:35:01.608858131
98,110.42,97,110.43,12:35:01.609036388
98,110.42,99,110.43,12:35:01.609036388
91,110.42,99,110.43,12:35:04.499974596
89,110.42,99,110.43,12:35:04.500069357
88,110.42,99,110.43,12:35:07.732039871
88,110.42,112,110.43,12:35:07.732219689
87,110.42,112,110.43,12:35:07.732321746
87,110.42,121,110.43,12:35:07.732321746
86,110.42,121,110.43,12:35:07.732610695
85,110.42,121,110.43,12:35:07.732692198
84,110.42,121,110.43,12:35:07.742625319
69,110.42,121,110.43,12:35:07.743408886
69,110.42,126,110.43,12:35:07.744326495
69,110.42,129,110.43,12:35:07.744609973
68,110.42,129,110.43,12:35:07.744748536
63,110.42,129,110.43,12:35:07.744833022
78,110.42,129,110.43,12:35:07.900656467
78,110.42,147,110.43,12:35:07.900842246
77,110.42,147,110.43,12:35:07.912133123
76,110.42,147,110.43,12:35:07.912215267
76,110.42,149,110.43,12:35:07.912215267
76,110.42,151,110.43,12:35:07.912286957
61,110.42,151,110.43,12:35:07.912352249
57,110.42,151,110.43,12:35:08.890432220
58,110.42,151,110.43,12:35:13.993815964
73,110.42,151,110.43,12:35:13.993989042
74,110.42,151,110.43,12:35:13.998115916
75,110.42,151,110.43,12:35:13.998510527
74,110.42,151,110.43,12:35:14.000196935
73,110.42,151,110.43,12:35:14.001397878
73,110.42,133,110.43,12:35:14.015169511
75,110.42,133,110.43,12:35:14.015365102
76,110.42,133,110.43,12:35:14.045802304
75,110.42,133,110.43,12:35:14.370025517
74,110.42,133,110.43,12:35:16.340100413
75,110.42,133,110.43,12:35:17.013917446
74,110.42,133,110.43,12:35:17.895464674
75,110.42,133,110.43,12:35:20.109600284
76,110.42,133,110.43,12:35:20.110512613
77,110.42,133,110.43,12:35:20.110600027
77,110.42,124,110.43,12:35:20.110952231
77,110.42,111,110.43,12:35:20.110968397
86,110.42,111,110.43,12:35:20.111369786
87,110.42,111,110.43,12:35:20.111468314
88,110.42,111,110.43,12:35:20.111857430
87,110.42,111,110.43,12:35:20.112026810
87,110.42,108,110.43,12:35:20.114135029
89,110.42,108,110.43,12:35:20.114246568
89,110.42,103,110.43,12:35:20.114246568
89,110.42,53,110.43,12:35:20.114267032
90,110.42,53,110.43,12:35:20.114563637
96,110.42,53,110.43,12:35:20.114563637
96,110.42,44,110.43,12:35:20.114665540
117,110.42,44,110.43,12:35:20.114841636
117,110.42,43,110.43,12:35:20.125623070
117,110.42,42,110.43,12:35:20.125705384
126,110.42,42,110.43,12:35:20.384387276
126,110.42,93,110.43,12:35:28.487739110
105,110.42,93,110.43,12:35:28.488392307
96,110.42,93,110.43,12:35:28.490008984
94,110.42,93,110.43,12:35:28.542460148
93,110.42,93,110.43,12:35:28.542527527
92,110.42,93,110.43,12:35:28.560034254
92,110.42,115,110.43,12:35:28.560051416
93,110.42,115,110.43,12:35:29.030239919
93,110.42,93,110.43,12:35:29.030553823
94,110.42,93,110.43,12:35:29.030629275
95,110.42,93,110.43,12:35:29.030815471
94,110.42,93,110.43,12:35:30.002753598
93,110.42,93,110.43,12:35:30.798070016
84,110.42,93,110.43,12:35:36.120916119
84,110.42,108,110.43,12:35:36.121019389
84,110.42,115,110.43,12:35:36.121067878
84,110.42,121,110.43,12:35:36.121558495
84,110.42,123,110.43,12:35:36.121558495
84,110.42,122,110.43,12:35:36.132228801
84,110.42,121,110.43,12:35:36.132303028
83,110.42,121,110.43,12:35:36.446880347
82,110.42,121,110.43,12:35:36.446948641
81,110.42,121,110.43,12:35:36.446948641
66,110.42,121,110.43,12:35:39.216221071
66,110.42,139,110.43,12:35:39.216221071
65,110.42,139,110.43,12:35:39.216565656
63,110.42,139,110.43,12:35:39.216743830
57,110.42,139,110.43,12:35:39.216743830
6,110.42,139,110.43,12:35:39.217046466
5,110.42,139,110.43,12:35:39.217274130
5,110.42,140,110.43,12:35:39.228329510
5,110.42,141,110.43,12:35:39.228398614
6,110.42,141,110.43,12:35:40.182452376
7,110.42,141,110.43,12:35:40.249203909
8,110.42,141,110.43,12:35:40.249272299
10,110.42,141,110.43,12:35:40.249623684
11,110.42,141,110.43,12:35:40.381313272
13,110.42,141,110.43,12:35:41.285502344
28,110.42,141,110.43,12:35:41.285666114
26,110.42,141,110.43,12:35:42.967644854
25,110.42,141,110.43,12:35:42.972583480
27,110.42,141,110.43,12:35:58.561646086
25,110.42,141,110.43,12:35:59.528127156
26,110.42,141,110.43,12:35:59.778570543
27,110.42,141,110.43,12:35:59.779410123
28,110.42,141,110.43,12:36:00.192037773
29,110.42,141,110.43,12:36:00.192739126
69,110.42,141,110.43,12:36:00.193927336
70,110.42,141,110.43,12:36:00.194004995
72,110.42,141,110.43,12:36:00.194133285
81,110.42,141,110.43,12:36:00.194264503
92,110.42,141,110.43,12:36:00.194264503
92,110.42,123,110.43,12:36:00.194424756
91,110.42,123,110.43,12:36:00.194424756
91,110.42,108,110.43,12:36:00.194564820
92,110.42,108,110.43,12:36:00.194720256
92,110.42,101,110.43,12:36:00.194720256
92,110.42,103,110.43,12:36:00.205880251
92,110.42,105,110.43,12:36:00.205978743
92,110.42,103,110.43,12:36:00.217593646
92,110.42,97,110.43,12:36:00.217593646
93,110.42,97,110.43,12:36:00.258081629
92,110.42,97,110.43,12:36:00.258239727
94,110.42,97,110.43,12:36:02.665534977
94,110.42,46,110.43,12:36:06.165735647
113,110.42,46,110.43,12:36:06.165735647
113,110.42,45,110.43,12:36:06.166023365
114,110.42,45,110.43,12:36:06.166131976
115,110.42,45,110.43,12:36:06.166131976
115,110.42,43,110.43,12:36:06.166150188
115,110.42,42,110.43,12:36:06.166150188
96,110.42,42,110.43,12:36:06.205351871
96,110.42,81,110.43,12:36:06.426899746
96,110.42,93,110.43,12:36:06.427041810
95,110.42,93,110.43,12:36:06.427116951
94,110.42,93,110.43,12:36:06.940963967
95,110.42,93,110.43,12:36:12.121440212
117,110.42,93,110.43,12:36:12.121955994
117,110.42,54,110.43,12:36:12.122118423
117,110.42,42,110.43,12:36:12.122195344
118,110.42,42,110.43,12:36:12.122415591
117,110.42,42,110.43,12:36:12.122936585
118,110.42,42,110.43,12:36:12.126461114
118,110.42,74,110.43,12:36:13.923028878
118,110.42,93,110.43,12:36:13.923109991
117,110.42,93,110.43,12:36:13.923434486
95,110.42,93,110.43,12:36:13.923434486
96,110.42,93,110.43,12:36:13.923819251
95,110.42,93,110.43,12:36:13.936886447
96,110.42,93,110.43,12:36:13.938391696
95,110.42,93,110.43,12:36:14.150986810
108,110.42,93,110.43,12:36:16.713269887
117,110.42,93,110.43,12:36:16.713269887
117,110.42,61,110.43,12:36:16.713381122
117,110.42,42,110.43,12:36:16.713470674
118,110.42,42,110.43,12:36:16.713624547
105,110.42,42,110.43,12:36:18.471351393
96,110.42,42,110.43,12:36:18.471419072
96,110.42,80,110.43,12:36:19.383089285
96,110.42,93,110.43,12:36:19.383089285
95,110.42,93,110.43,12:36:19.383208011
95,110.42,95,110.43,12:36:19.547025179
94,110.42,95,110.43,12:36:19.547172929
94,110.42,112,110.43,12:36:19.548527792
94,110.42,130,110.43,12:36:19.548574146
85,110.42,130,110.43,12:36:19.548574146
83,110.42,130,110.43,12:36:19.548574146
83,110.42,135,110.43,12:36:19.548628085
84,110.42,135,110.43,12:36:19.548766448
82,110.42,135,110.43,12:36:19.548766448
71,110.42,135,110.43,12:36:19.548956642
31,110.42,135,110.43,12:36:19.548956642
30,110.42,135,110.43,12:36:19.549078728
31,110.42,135,110.43,12:36:19.549348684
30,110.42,135,110.43,12:36:19.549943771
29,110.42,135,110.43,12:36:19.549943771
28,110.42,135,110.43,12:36:19.550023835
27,110.42,135,110.43,12:36:19.551438381
26,110.42,135,110.43,12:36:19.552994008
24,110.42,135,110.43,12:36:19.554516565
23,110.42,135,110.43,12:36:19.554591537
22,110.42,135,110.43,12:36:19.554663155
21,110.42,135,110.43,12:36:19.559781143
21,110.42,141,110.43,12:36:19.560204637
21,110.42,143,110.43,12:36:19.560244170
22,110.42,143,110.43,12:36:19.573492585
23,110.42,143,110.43,12:36:19.573561839
24,110.42,143,110.43,12:36:19.575514188
25,110.42,143,110.43,12:36:19.583607136
26,110.42,143,110.43,12:36:19.583683540
25,110.42,143,110.43,12:36:19.586018370
26,110.42,143,110.43,12:36:19.612404784
25,110.42,143,110.43,12:36:19.650517304
27,110.42,143,110.43,12:36:20.231714711
25,110.42,143,110.43,12:36:20.231887894
26,110.42,143,110.43,12:36:20.233585074
28,110.42,143,110.43,12:36:20.234277362
29,110.42,143,110.43,12:36:20.234277362
28,110.42,143,110.43,12:36:20.235458938
29,110.42,143,110.43,12:36:20.237729001
28,110.42,143,110.43,12:36:20.246609112
29,110.42,143,110.43,12:36:20.274054101
30,110.42,143,110.43,12:36:20.826649733
31,110.42,143,110.43,12:36:20.834985400
30,110.42,143,110.43,12:36:20.983502690
31,110.42,143,110.43,12:36:21.501300134
30,110.42,143,110.43,12:36:21.684329129
29,110.42,143,110.43,12:36:21.684436239
30,110.42,143,110.43,12:36:21.697242977
29,110.42,143,110.43,12:36:21.713201748
28,110.42,143,110.43,12:36:21.777846222
29,110.42,143,110.43,12:36:21.930651584
30,110.42,143,110.43,12:36:21.930998058
29,110.42,143,110.43,12:36:21.931079392
28,110.42,143,110.43,12:36:21.934021127
27,110.42,143,110.43,12:36:21.935156112
28,110.42,143,110.43,12:36:21.944179688
29,110.42,143,110.43,12:36:21.946233773
30,110.42,143,110.43,12:36:21.952104584
29,110.42,143,110.43,12:36:23.017747311
28,110.42,143,110.43,12:36:23.018443607
27,110.42,143,110.43,12:36:23.018555163
28,110.42,143,110.43,12:36:23.057094010
27,110.42,143,110.43,12:36:23.403163796
12,110.42,143,110.43,12:36:23.403163796
11,110.42,143,110.43,12:36:23.403270949
10,110.42,143,110.43,12:36:23.403290328
8,110.42,143,110.43,12:36:23.403290328
7,110.42,143,110.43,12:36:23.403290328
6,110.42,143,110.43,12:36:23.403290328
5,110.42,143,110.43,12:36:23.403639454
20,110.42,143,110.43,12:36:23.404322291
22,110.42,143,110.43,12:36:23.404666769
23,110.42,143,110.43,12:36:23.405078434
8,110.42,143,110.43,12:36:26.593833943
9,110.42,143,110.43,12:36:26.609887197
24,110.42,143,110.43,12:36:26.610083427
25,110.42,143,110.43,12:36:26.610148418
24,110.42,143,110.43,12:36:29.468021282
71,110.42,143,110.43,12:36:34.478241821
71,110.42,142,110.43,12:36:36.270800112
71,110.42,141,110.43,12:36:36.270800112
71,110.42,137,110.43,12:36:36.271012647
71,110.42,136,110.43,12:36:36.271026967
71,110.42,135,110.43,12:36:36.271026967
71,110.42,134,110.43,12:36:36.271042163
71,110.42,133,110.43,12:36:36.271042163
71,110.42,132,110.43,12:36:36.271042163
71,110.42,131,110.43,12:36:36.271055661
71,110.42,116,110.43,12:36:36.271070759
71,110.42,115,110.43,12:36:36.271070759
71,110.42,107,110.43,12:36:36.271070759
71,110.42,106,110.43,12:36:36.271086266
71,110.42,105,110.43,12:36:36.271086266
71,110.42,103,110.43,12:36:36.271086266
71,110.42,101,110.43,12:36:36.271100430
71,110.42,63,110.43,12:36:36.271100430
71,110.42,50,110.43,12:36:36.271114020
71,110.42,48,110.43,12:36:36.271129422
71,110.42,31,110.43,12:36:36.271129422
71,110.42,13,110.43,12:36:36.271143895
71,110.42,8,110.43,12:36:36.271157383
71,110.42,2,110.43,12:36:36.271170803
71,110.42,184,110.44,12:36:36.271203844
57,110.43,184,110.44,12:36:36.271203844
54,110.43,184,110.44,12:36:36.271608525
53,110.43,184,110.44,12:36:36.272130330
52,110.43,184,110.44,12:36:36.272414043
16,110.43,184,110.44,12:36:36.272458435
13,110.43,184,110.44,12:36:36.272605916
12,110.43,184,110.44,12:36:36.272605916
12,110.43,190,110.44,12:36:36.272605916
8,110.43,190,110.44,12:36:36.272633529
7,110.43,190,110.44,12:36:36.272633529
2,110.43,190,110.44,12:36:36.273074908
170,110.42,190,110.44,12:36:36.273089848
170,110.42,2,110.43,12:36:36.273148803
170,110.42,6,110.43,12:36:36.273483307
170,110.42,7,110.43,12:36:36.273867727
152,110.42,7,110.43,12:36:36.273953291
138,110.42,7,110.43,12:36:36.273953291
138,110.42,16,110.43,12:36:36.274000865
138,110.42,17,110.43,12:36:36.274000865
138,110.42,16,110.43,12:36:36.274265640
122,110.42,16,110.43,12:36:36.274265640
122,110.42,18,110.43,12:36:36.282245124
122,110.42,20,110.43,12:36:36.282245124
122,110.42,38,110.43,12:36:36.774778522
122,110.42,39,110.43,12:36:36.977067360
122,110.42,38,110.43,12:36:36.977714329
122,110.42,39,110.43,12:36:37.000131338
122,110.42,54,110.43,12:36:37.070263168
122,110.42,39,110.43,12:36:37.081364964
122,110.42,38,110.43,12:36:37.081488560
122,110.42,39,110.43,12:36:37.128463030
122,110.42,38,110.43,12:36:37.135109767
122,110.42,53,110.43,12:36:37.144111552
122,110.42,54,110.43,12:36:44.567447260
122,110.42,53,110.43,12:36:44.568015264
122,110.42,54,110.43,12:36:44.568206358
122,110.42,55,110.43,12:36:44.577209282
122,110.42,54,110.43,12:36:44.816347963
122,110.42,55,110.43,12:36:44.864955484
122,110.42,54,110.43,12:36:53.656088862
122,110.42,55,110.43,12:36:53.667399413
122,110.42,56,110.43,12:36:53.667480140
122,110.42,57,110.43,12:36:53.667553512
122,110.42,56,110.43,12:36:53.707616211
122,110.42,55,110.43,12:36:53.707828125
122,110.42,56,110.43,12:36:54.380368598
122,110.42,57,110.43,12:36:54.380425715
122,110.42,56,110.43,12:36:57.163062822
122,110.42,57,110.43,12:36:58.490739287
122,110.42,56,110.43,12:36:59.342536942
122,110.42,57,110.43,12:36:59.343090749
122,110.42,56,110.43,12:36:59.808286930
122,110.42,57,110.43,12:37:00.409467649
122,110.42,56,110.43,12:37:01.788582298
122,110.42,57,110.43,12:37:03.062584592
122,110.42,56,110.43,12:37:03.069567818
122,110.42,57,110.43,12:37:03.071632133
100,110.42,57,110.43,12:37:03.077893251
100,110.42,61,110.43,12:37:03.183295692
100,110.42,52,110.43,12:37:04.268052787
100,110.42,51,110.43,12:37:06.133254420
100,110.42,55,110.43,12:37:07.554520929
100,110.42,56,110.43,12:37:09.321230490
96,110.42,56,110.43,12:37:12.554853509
96,110.42,57,110.43,12:37:12.555032296
96,110.42,61,110.43,12:37:13.447026608
96,110.42,105,110.43,12:37:13.475433723
96,110.42,124,110.43,12:37:13.492017478
88,110.42,124,110.43,12:37:13.492017478
41,110.42,124,110.43,12:37:13.492688787
41,110.42,127,110.43,12:37:13.493069116
41,110.42,134,110.43,12:37:13.493204669
32,110.42,134,110.43,12:37:13.493225405
41,110.42,134,110.43,12:37:13.493498088
41,110.42,131,110.43,12:37:13.493674622
41,110.42,132,110.43,12:37:13.503304650
41,110.42,133,110.43,12:37:13.503410128
40,110.42,133,110.43,12:37:17.554951901
38,110.42,133,110.43,12:37:17.554951901
37,110.42,133,110.43,12:37:17.554951901
28,110.42,133,110.43,12:37:17.555271273
31,110.42,133,110.43,12:37:17.555271273
40,110.42,133,110.43,12:37:18.196320693
48,110.42,133,110.43,12:37:18.544351691
48,110.42,114,110.43,12:37:18.544484252
40,110.42,114,110.43,12:37:18.593897698
48,110.42,114,110.43,12:37:22.042259649
48,110.42,107,110.43,12:37:22.045156181
93,110.42,107,110.43,12:37:22.046999366
93,110.42,106,110.43,12:37:22.554837921
92,110.42,106,110.43,12:37:22.580182553
88,110.42,106,110.43,12:37:22.580182553
43,110.42,106,110.43,12:37:22.580684203
35,110.42,106,110.43,12:37:22.580811019
36,110.42,106,110.43,12:37:22.580875601
81,110.42,106,110.43,12:37:22.883798988
77,110.42,106,110.43,12:37:27.554360435
77,110.42,121,110.43,12:37:27.579299114
77,110.42,117,110.43,12:37:32.554405689
73,110.42,117,110.43,12:37:32.579620874
28,110.42,117,110.43,12:37:32.579826170
19,110.42,117,110.43,12:37:32.579974164
19,110.42,139,110.43,12:37:32.580148724
16,110.42,139,110.43,12:37:33.484531441
15,110.42,139,110.43,12:37:33.484844818
15,110.42,145,110.43,12:37:33.484844818
15,110.42,153,110.43,12:37:33.484914492
16,110.42,153,110.43,12:37:33.485487102
16,110.42,147,110.43,12:37:33.485636062
45,110.42,147,110.43,12:37:34.225219831
67,110.42,147,110.43,12:37:34.225352528
67,110.42,125,110.43,12:37:35.375588251
82,110.42,125,110.43,12:37:35.375608440
82,110.42,121,110.43,12:37:37.554599878
79,110.42,121,110.43,12:37:37.579841773
78,110.42,121,110.43,12:37:37.579841773
78,110.42,124,110.43,12:37:37.580099480
81,110.42,124,110.43,12:37:37.580199604
82,110.42,124,110.43,12:37:37.580285822
82,110.42,121,110.43,12:37:37.650724259
82,110.42,122,110.43,12:37:40.191732254
82,110.42,118,110.43,12:37:42.554830732
80,110.42,118,110.43,12:37:42.580084529
78,110.42,118,110.43,12:37:42.580149827
78,110.42,117,110.43,12:37:44.920566730
79,110.42,117,110.43,12:37:44.920978189
80,110.42,117,110.43,12:37:44.926737826
80,110.42,118,110.43,12:37:46.072393893
80,110.42,117,110.43,12:37:46.947564113
80,110.42,114,110.43,12:37:47.554959417
80,110.42,113,110.43,12:37:47.555083061
78,110.42,113,110.43,12:37:47.580318774
77,110.42,113,110.43,12:37:47.580318774
76,110.42,113,110.43,12:37:47.580380931
76,110.42,116,110.43,12:37:47.580622953
73,110.42,116,110.43,12:37:47.580712703
74,110.42,116,110.43,12:37:47.580787901
77,110.42,116,110.43,12:37:47.580941968
77,110.42,113,110.43,12:37:47.581088656
78,110.42,113,110.43,12:37:49.138524148
78,110.42,110,110.43,12:37:57.379184678
78,110.42,106,110.43,12:37:57.379248444
78,110.42,98,110.43,12:37:57.379360677
76,110.42,98,110.43,12:37:57.404507677
75,110.42,98,110.43,12:37:57.404522541
74,110.42,98,110.43,12:37:57.404522541
71,110.42,98,110.43,12:37:57.404582326
71,110.42,101,110.43,12:37:57.404816992
72,110.42,101,110.43,12:37:57.404977666
75,110.42,101,110.43,12:37:57.404977666
75,110.42,98,110.43,12:37:57.405139327
75,110.42,102,110.43,12:38:02.223387434
78,110.42,102,110.43,12:38:03.543206062
79,110.42,102,110.43,12:38:04.780781705
94,110.42,102,110.43,12:38:04.780869529
101,110.42,102,110.43,12:38:04.781038313
101,110.42,106,110.43,12:38:06.689565160
94,110.42,106,110.43,12:38:07.113724384
79,110.42,106,110.43,12:38:07.113739948
79,110.42,107,110.43,12:38:07.115629678
79,110.42,108,110.43,12:38:07.116158218
79,110.42,107,110.43,12:38:07.123949027
79,110.42,106,110.43,12:38:07.126285851
79,110.42,111,110.43,12:38:11.689765987
99,110.42,111,110.43,12:38:13.504566507
99,110.42,67,110.43,12:38:13.505559252
99,110.42,49,110.43,12:38:13.520728313
107,110.42,49,110.43,12:38:13.520860326
99,110.42,49,110.43,12:38:13.521771115
99,110.42,67,110.43,12:38:13.521792239
99,110.42,49,110.43,12:38:13.522363674
99,110.42,50,110.43,12:38:13.534338746
99,110.42,49,110.43,12:38:13.536333404
99,110.42,50,110.43,12:38:13.618262165
99,110.42,51,110.43,12:38:13.652154413
79,110.42,51,110.43,12:38:13.652967222
79,110.42,52,110.43,12:38:13.656373133
79,110.42,51,110.43,12:38:13.656816486
79,110.42,50,110.43,12:38:13.662161640
99,110.42,50,110.43,12:38:13.753049241
99,110.42,49,110.43,12:38:14.444091263
99,110.42,50,110.43,12:38:14.445363179
99,110.42,51,110.43,12:38:14.468009892
95,110.42,51,110.43,12:38:16.690010117
75,110.42,51,110.43,12:38:16.690377915
75,110.42,95,110.43,12:38:16.690377915
75,110.42,102,110.43,12:38:16.690487956
75,110.42,101,110.43,12:38:18.162945945
75,110.42,100,110.43,12:38:18.162945945
75,110.42,56,110.43,12:38:18.162976738
97,110.42,56,110.43,12:38:18.163113065
97,110.42,49,110.43,12:38:18.163581591
97,110.42,50,110.43,12:38:18.701253103
93,110.42,50,110.43,12:38:21.690098421
71,110.42,50,110.43,12:38:21.690347427
82,110.42,50,110.43,12:38:21.700903221
82,110.42,68,110.43,12:38:21.701085024
82,110.42,50,110.43,12:38:22.411604161
94,110.42,50,110.43,12:38:22.412049915
104,110.42,50,110.43,12:38:22.412201905
104,110.42,49,110.43,12:38:22.415426629
104,110.42,50,110.43,12:38:22.543419609
104,110.42,49,110.43,12:38:22.641456332
100,110.42,49,110.43,12:38:26.689307294
90,110.42,49,110.43,12:38:26.689647183
78,110.42,49,110.43,12:38:26.689647183
78,110.42,59,110.43,12:38:26.714678602
78,110.42,60,110.43,12:38:31.456753682
78,110.42,56,110.43,12:38:31.689411047
74,110.42,56,110.43,12:38:31.714629010
74,110.42,58,110.43,12:38:31.715021838
74,110.42,56,110.43,12:38:31.715354180
74,110.42,55,110.43,12:38:31.729258319
74,110.42,51,110.43,12:38:36.689667420
70,110.42,51,110.43,12:38:36.714891046
70,110.42,53,110.43,12:38:36.715334784
70,110.42,103,110.43,12:38:36.715510156
82,110.42,103,110.43,12:38:36.725638871
82,110.42,53,110.43,12:38:38.461481316
82,110.42,51,110.43,12:38:38.461585089
102,110.42,51,110.43,12:38:38.461705376
102,110.42,49,110.43,12:38:41.689764253
102,110.42,48,110.43,12:38:41.689885760
99,110.42,48,110.43,12:38:41.715040133
79,110.42,48,110.43,12:38:41.715296188
101,110.42,48,110.43,12:38:42.017724119
101,110.42,44,110.43,12:38:46.689919357
98,110.42,44,110.43,12:38:46.715248983
97,110.42,44,110.43,12:38:46.715248983
97,110.42,78,110.43,12:38:46.715606292
97,110.42,79,110.43,12:38:46.715683063
97,110.42,85,110.43,12:38:46.715701741
75,110.42,85,110.43,12:38:46.715701741
75,110.42,102,110.43,12:38:46.715701741
75,110.42,104,110.43,12:38:46.715758954
75,110.42,103,110.43,12:38:46.715970512
75,110.42,101,110.43,12:38:46.716665734
75,110.42,95,110.43,12:38:46.716732764
88,110.42,95,110.43,12:38:49.100465748
97,110.42,95,110.43,12:38:49.100599438
97,110.42,91,110.43,12:38:56.473246817
97,110.42,87,110.43,12:38:56.473310440
89,110.42,87,110.43,12:38:56.498452367
76,110.42,87,110.43,12:38:56.498794585
67,110.42,87,110.43,12:38:56.498876300
67,110.42,94,110.43,12:38:56.498892981
67,110.42,112,110.43,12:38:56.498998130
67,110.42,105,110.43,12:38:56.509129891
82,110.42,105,110.43,12:38:56.509590809
82,110.42,87,110.43,12:39:00.498870178
100,110.42,87,110.43,12:39:00.499218382
100,110.42,53,110.43,12:39:02.727745833
100,110.42,36,110.43,12:39:02.727818991
108,110.42,36,110.43,12:39:02.728583540
108,110.42,37,110.43,12:39:04.390949718
108,110.42,47,110.43,12:39:06.234376070
108,110.42,46,110.43,12:39:13.353213040
108,110.42,45,110.43,12:39:18.239653947
108,110.42,30,110.43,12:39:18.247255121
108,110.42,31,110.43,12:39:18.254342530
108,110.42,30,110.43,12:39:18.279056226
108,110.42,45,110.43,12:39:19.245338351
108,110.42,46,110.43,12:39:19.245549071
108,110.42,47,110.43,12:39:22.702948678
108,110.42,46,110.43,12:39:25.776072101
108,110.42,45,110.43,12:39:27.873154387
108,110.42,46,110.43,12:39:27.873403439
108,110.42,45,110.43,12:39:29.867220435
108,110.42,46,110.43,12:39:29.869924320
108,110.42,47,110.43,12:39:29.874025248
108,110.42,46,110.43,12:39:29.882007034
108,110.42,45,110.43,12:39:30.103182855
108,110.42,46,110.43,12:39:30.409244713
108,110.42,47,110.43,12:39:33.153146937
108,110.42,48,110.43,12:39:33.430654915
108,110.42,47,110.43,12:39:33.437484316
108,110.42,48,110.43,12:39:34.138236412
108,110.42,49,110.43,12:39:37.930217687
108,110.42,89,110.43,12:39:38.005394117
108,110.42,100,110.43,12:39:38.005543541
90,110.42,100,110.43,12:39:38.005771973
82,110.42,100,110.43,12:39:38.006067912
82,110.42,118,110.43,12:39:38.006470410
82,110.42,100,110.43,12:39:38.031240750
82,110.42,97,110.43,12:39:45.624207990
79,110.42,97,110.43,12:39:45.649375203
79,110.42,119,110.43,12:39:45.649712211
79,110.42,127,110.43,12:39:45.649730089
79,110.42,145,110.43,12:39:45.649796067
79,110.42,143,110.43,12:39:50.624367913
77,110.42,143,110.43,12:39:50.649536750
77,110.42,121,110.43,12:39:52.181528505
99,110.42,121,110.43,12:39:53.040398669
99,110.42,103,110.43,12:39:53.040679583
99,110.42,92,110.43,12:39:53.041017359
99,110.42,52,110.43,12:39:53.041017359
99,110.42,44,110.43,12:39:53.041269609
99,110.42,43,110.43,12:39:53.041958453
99,110.42,42,110.43,12:39:53.043917949
108,110.42,42,110.43,12:39:53.044685133
108,110.42,43,110.43,12:39:53.045869096
108,110.42,51,110.43,12:39:53.045891417
99,110.42,51,110.43,12:39:53.077172655
99,110.42,69,110.43,12:39:53.077272034
77,110.42,69,110.43,12:39:53.077568718
77,110.42,51,110.43,12:39:53.225891067
99,110.42,51,110.43,12:39:53.226038292
99,110.42,50,110.43,12:39:54.935058399
99,110.42,42,110.43,12:39:56.002317834
99,110.42,41,110.43,12:39:56.002625011
108,110.42,41,110.43,12:39:56.002639459
99,110.42,41,110.43,12:39:56.220024164
99,110.42,41,110.43,12:39:56.220024164
99,110.42,36,110.43,12:40:00.397494170
94,110.42,36,110.43,12:40:00.422807286
94,110.42,37,110.43,12:40:00.423120431
94,110.42,75,110.43,12:40:00.423214124
94,110.42,76,110.43,12:40:00.423214124
94,110.42,82,110.43,12:40:00.423228796
94,110.42,81,110.43,12:40:00.423409248
94,110.42,94,110.43,12:40:00.424084267
94,110.42,88,110.43,12:40:00.424189212
72,110.42,88,110.43,12:40:01.004679981
72,110.42,106,110.43,12:40:01.004885382
72,110.42,111,110.43,12:40:05.392948535
72,110.42,110,110.43,12:40:09.852058867
69,110.42,110,110.43,12:40:09.877329101
67,110.42,110,110.43,12:40:09.877329101
67,110.42,112,110.43,12:40:09.877859055
52,110.42,112,110.43,12:40:09.877951115
41,110.42,112,110.43,12:40:09.877968120
29,110.42,112,110.43,12:40:09.877968120
29,110.42,120,110.43,12:40:09.878056395
29,110.42,126,110.43,12:40:09.878242921
69,110.42,126,110.43,12:40:10.177959849
80,110.42,126,110.43,12:40:10.177959849
80,110.42,124,110.43,12:40:14.503135761
76,110.42,124,110.43,12:40:14.852393123
76,110.42,125,110.43,12:40:14.852538765
97,110.42,125,110.43,12:40:15.919736489
97,110.42,119,110.43,12:40:15.920046085
76,110.42,119,110.43,12:40:16.492637618
98,110.42,119,110.43,12:40:17.337738518
76,110.42,119,110.43,12:40:17.457965200
76,110.42,101,110.43,12:40:19.517921677
98,110.42,101,110.43,12:40:19.517944976
98,110.42,93,110.43,12:40:19.518156222
93,110.42,93,110.43,12:40:19.852506676
71,110.42,93,110.43,12:40:19.852662017
71,110.42,98,110.43,12:40:19.852740910
71,110.42,101,110.43,12:40:19.852811131
83,110.42,101,110.43,12:40:21.271027464
93,110.42,101,110.43,12:40:21.271117269
93,110.42,100,110.43,12:40:24.853172692
93,110.42,95,110.43,12:40:24.853363076
93,110.42,92,110.43,12:40:24.853428928
89,110.42,92,110.43,12:40:24.877792287
88,110.42,92,110.43,12:40:24.877792287
76,110.42,92,110.43,12:40:24.877969568
66,110.42,92,110.43,12:40:24.878053107
77,110.42,92,110.43,12:40:24.878153577
78,110.42,92,110.43,12:40:24.878153577
91,110.42,92,110.43,12:40:25.012530624
100,110.42,92,110.43,12:40:25.012648640
99,110.42,92,110.43,12:40:29.853077659
98,110.42,92,110.43,12:40:29.853168958
97,110.42,92,110.43,12:40:29.853168958
96,110.42,92,110.43,12:40:29.853183860
96,110.42,93,110.43,12:40:29.853282606
87,110.42,93,110.43,12:40:29.853471100
87,110.42,100,110.43,12:40:29.853471100
87,110.42,102,110.43,12:40:29.853493766
88,110.42,102,110.43,12:40:29.853493766
75,110.42,102,110.43,12:40:29.853493766
76,110.42,102,110.43,12:40:29.853562861
76,110.42,120,110.43,12:40:29.853663623
96,110.42,120,110.43,12:40:30.155274384
76,110.42,120,110.43,12:40:32.991501838
76,110.42,121,110.43,12:40:34.297478703
74,110.42,121,110.43,12:40:34.852216859
73,110.42,121,110.43,12:40:34.852297761
72,110.42,121,110.43,12:40:34.852314197
71,110.42,121,110.43,12:40:34.852314197
70,110.42,121,110.43,12:40:34.852626522
71,110.42,121,110.43,12:40:34.853029127
70,110.42,121,110.43,12:40:34.853045534
70,110.42,143,110.43,12:40:34.853194900
72,110.42,143,110.43,12:40:34.853212227
72,110.42,145,110.43,12:40:34.853534338
72,110.42,149,110.43,12:40:34.853824531
72,110.42,148,110.43,12:40:34.877345760
72,110.42,145,110.43,12:40:34.877490439
73,110.42,145,110.43,12:40:34.878498269
72,110.42,145,110.43,12:40:35.001410090
70,110.42,145,110.43,12:40:39.877570481
67,110.42,145,110.43,12:40:39.877637274
56,110.42,145,110.43,12:40:39.877947917
55,110.42,145,110.43,12:40:39.877963219
15,110.42,145,110.43,12:40:39.878162490
4,110.42,145,110.43,12:40:39.878162490
15,110.42,145,110.43,12:40:39.878341712
16,110.42,145,110.43,12:40:39.878536930
15,110.42,145,110.43,12:40:39.878614489
62,110.42,145,110.43,12:40:40.519516511
63,110.42,145,110.43,12:40:43.195370618
64,110.42,145,110.43,12:40:43.404350176
63,110.42,145,110.43,12:40:43.719598362
62,110.42,145,110.43,12:40:43.936255777
15,110.42,145,110.43,12:40:43.936394378
16,110.42,145,110.43,12:40:43.936595351
15,110.42,145,110.43,12:40:44.033851571
14,110.42,145,110.43,12:40:44.877776739
13,110.42,145,110.43,12:40:44.877862537
11,110.42,145,110.43,12:40:44.877862537
12,110.42,145,110.43,12:40:44.878185352
1,110.42,145,110.43,12:40:44.878185352
2,110.42,145,110.43,12:40:44.878547164
4,110.42,145,110.43,12:40:44.878736662
3,110.42,145,110.43,12:40:44.989333917
2,110.42,145,110.43,12:40:44.989333917
153,110.41,145,110.43,12:40:44.989333917
153,110.41,153,110.43,12:40:44.989538503
153,110.41,162,110.43,12:40:44.989635452
149,110.41,162,110.43,12:40:44.989822227
149,110.41,155,110.43,12:40:45.040855668
149,110.41,168,110.43,12:40:45.392580994
149,110.41,1,110.42,12:40:49.313734408
154,110.41,1,110.42,12:40:49.314009161
157,110.41,1,110.42,12:40:49.314076335
157,110.41,15,110.42,12:40:49.399654676
157,110.41,10,110.42,12:40:49.852713998
157,110.41,15,110.42,12:40:50.392797145
157,110.41,26,110.42,12:40:52.664477959
157,110.41,21,110.42,12:40:59.465955573
157,110.41,12,110.42,12:40:59.466020831
157,110.41,1,110.42,12:40:59.466621179
157,110.41,3,110.42,12:41:00.480026443
157,110.41,5,110.42,12:41:00.480096882
157,110.41,6,110.42,12:41:00.482434352
157,110.41,17,110.42,12:41:00.482616873
157,110.41,19,110.42,12:41:00.535962508
157,110.41,17,110.42,12:41:00.541001771
157,110.41,18,110.42,12:41:01.951152161
157,110.41,19,110.42,12:41:01.951290382
157,110.41,18,110.42,12:41:01.951516257
157,110.41,20,110.42,12:41:01.952573837
157,110.41,21,110.42,12:41:01.952717829
157,110.41,22,110.42,12:41:01.953481263
157,110.41,21,110.42,12:41:01.954188965
157,110.41,19,110.42,12:41:01.954976088
157,110.41,20,110.42,12:41:01.955343529
157,110.41,21,110.42,12:41:01.955685188
157,110.41,20,110.42,12:41:01.957473430
157,110.41,21,110.42,12:41:01.957833620
157,110.41,20,110.42,12:41:01.958227076
157,110.41,19,110.42,12:41:01.958366136
157,110.41,18,110.42,12:41:01.968923932
157,110.41,19,110.42,12:41:01.979039931
157,110.41,18,110.42,12:41:01.988256113
157,110.41,19,110.42,12:41:01.996193668
157,110.41,21,110.42,12:41:02.024118507
157,110.41,22,110.42,12:41:02.024138129
157,110.41,21,110.42,12:41:02.024414932
157,110.41,19,110.42,12:41:02.024546379
157,110.41,18,110.42,12:41:02.024685252
157,110.41,19,110.42,12:41:02.024987924
157,110.41,20,110.42,12:41:02.025131034
157,110.41,19,110.42,12:41:02.025746010
157,110.41,18,110.42,12:41:02.025911066
157,110.41,21,110.42,12:41:02.027650040
157,110.41,22,110.42,12:41:02.027822901
157,110.41,19,110.42,12:41:02.028203173
157,110.41,18,110.42,12:41:02.028352411
157,110.41,19,110.42,12:41:02.028553089
157,110.41,20,110.42,12:41:02.028746967
157,110.41,21,110.42,12:41:02.028817502
157,110.41,20,110.42,12:41:02.029323143
157,110.41,19,110.42,12:41:02.029393127
157,110.41,18,110.42,12:41:02.029573735
157,110.41,19,110.42,12:41:02.029650605
157,110.41,20,110.42,12:41:02.029762304
157,110.41,21,110.42,12:41:02.029829862
157,110.41,22,110.42,12:41:02.030853570
157,110.41,23,110.42,12:41:02.031944165
157,110.41,22,110.42,12:41:02.036346184
157,110.41,21,110.42,12:41:02.043122233
157,110.41,20,110.42,12:41:02.047822053
157,110.41,22,110.42,12:41:02.052384539
157,110.41,20,110.42,12:41:02.068266412
157,110.41,19,110.42,12:41:02.068371474
157,110.41,20,110.42,12:41:02.095579891
157,110.41,21,110.42,12:41:02.126624980
157,110.41,20,110.42,12:41:02.144724124
157,110.41,19,110.42,12:41:02.144856412
157,110.41,20,110.42,12:41:02.148870063
157,110.41,21,110.42,12:41:02.196716119
157,110.41,20,110.42,12:41:02.345004594
157,110.41,19,110.42,12:41:02.834815173
157,110.41,20,110.42,12:41:02.904980598
157,110.41,22,110.42,12:41:02.905133898
157,110.41,20,110.42,12:41:03.028444223
157,110.41,19,110.42,12:41:03.028594438
157,110.41,39,110.42,12:41:03.411068296
157,110.41,40,110.42,12:41:03.411227612
157,110.41,39,110.42,12:41:03.911292020
157,110.41,40,110.42,12:41:04.667909650
158,110.41,40,110.42,12:41:04.679222524
159,110.41,40,110.42,12:41:04.679292853
159,110.41,44,110.42,12:41:04.884554505
159,110.41,45,110.42,12:41:04.889413365
159,110.41,44,110.42,12:41:04.891753538
159,110.41,46,110.42,12:41:04.903008385
159,110.41,44,110.42,12:41:04.903493767
159,110.41,45,110.42,12:41:04.906658586
159,110.41,44,110.42,12:41:04.908269756
159,110.41,45,110.42,12:41:07.659998681
159,110.41,44,110.42,12:41:10.510831553
159,110.41,45,110.42,12:41:10.522959857
159,110.41,44,110.42,12:41:10.613684509
159,110.41,45,110.42,12:41:11.259468278
159,110.41,44,110.42,12:41:11.267643388
159,110.41,43,110.42,12:41:14.469442750
159,110.41,39,110.42,12:41:14.471715673
159,110.41,40,110.42,12:41:14.500054275
159,110.41,41,110.42,12:41:14.834941604
159,110.41,42,110.42,12:41:14.839227073
159,110.41,43,110.42,12:41:14.839369959
159,110.41,42,110.42,12:41:14.839645040
159,110.41,41,110.42,12:41:14.839744477
159,110.41,42,110.42,12:41:14.840328042
159,110.41,43,110.42,12:41:14.840726166
159,110.41,42,110.42,12:41:14.840964691
159,110.41,43,110.42,12:41:14.841282591
159,110.41,44,110.42,12:41:14.841421179
159,110.41,43,110.42,12:41:14.842088255
159,110.41,42,110.42,12:41:14.842225924
159,110.41,41,110.42,12:41:14.843907780
159,110.41,42,110.42,12:41:14.852749117
159,110.41,43,110.42,12:41:14.852844450
159,110.41,42,110.42,12:41:14.853579942
159,110.41,41,110.42,12:41:14.854234876
159,110.41,42,110.42,12:41:14.955205327
159,110.41,43,110.42,12:41:14.955344034
159,110.41,42,110.42,12:41:15.041632491
159,110.41,43,110.42,12:41:15.145480528
159,110.41,44,110.42,12:41:15.489486254
159,110.41,43,110.42,12:41:15.554445114
159,110.41,42,110.42,12:41:15.556880828
159,110.41,41,110.42,12:41:15.556964696
159,110.41,44,110.42,12:41:15.603994167
159,110.41,47,110.42,12:41:15.604067706
159,110.41,44,110.42,12:41:15.650062811
159,110.41,43,110.42,12:41:15.650173989
159,110.41,44,110.42,12:41:15.650433301
159,110.41,45,110.42,12:41:15.650516156
159,110.41,46,110.42,12:41:15.650586648
159,110.41,47,110.42,12:41:15.650657726
159,110.41,46,110.42,12:41:15.975384226
159,110.41,45,110.42,12:41:15.975485399
159,110.41,44,110.42,12:41:15.975557335
159,110.41,45,110.42,12:41:15.976421758
159,110.41,44,110.42,12:41:15.979884325
159,110.41,45,110.42,12:41:15.980230017
159,110.41,44,110.42,12:41:15.980300621
159,110.41,45,110.42,12:41:15.980442099
159,110.41,46,110.42,12:41:15.980510420
159,110.41,45,110.42,12:41:15.980648244
159,110.41,44,110.42,12:41:15.983507186
159,110.41,45,110.42,12:41:15.984291831
159,110.41,44,110.42,12:41:15.984491309
159,110.41,46,110.42,12:41:16.738371927
159,110.41,47,110.42,12:41:16.739039763
159,110.41,48,110.42,12:41:16.739039763
159,110.41,47,110.42,12:41:16.739270995
159,110.41,48,110.42,12:41:17.597034750
159,110.41,47,110.42,12:41:17.597277251
159,110.41,46,110.42,12:41:24.750270077
159,110.41,44,110.42,12:41:24.755380380
159,110.41,45,110.42,12:41:24.766316525
159,110.41,46,110.42,12:41:24.867117366
159,110.41,45,110.42,12:41:26.012771953
159,110.41,46,110.42,12:41:26.113237535
159,110.41,47,110.42,12:41:26.276574685
159,110.41,43,110.42,12:41:32.820210120
159,110.41,44,110.42,12:41:32.826527678
155,110.41,44,110.42,12:41:32.845362232
155,110.41,43,110.42,12:41:32.846166494
155,110.41,42,110.42,12:41:32.846312996
155,110.41,41,110.42,12:41:32.846511405
155,110.41,40,110.42,12:41:35.901373967
155,110.41,41,110.42,12:41:35.901591471
155,110.41,40,110.42,12:41:35.902020140
155,110.41,41,110.42,12:41:35.904589830
155,110.41,42,110.42,12:41:35.950254200
155,110.41,44,110.42,12:41:35.950374811
155,110.41,42,110.42,12:41:35.950803428
155,110.41,41,110.42,12:41:36.057149541
155,110.41,42,110.42,12:41:36.127619606
155,110.41,43,110.42,12:41:36.127777369
155,110.41,42,110.42,12:41:37.012913069
155,110.41,41,110.42,12:41:37.013117882
155,110.41,42,110.42,12:41:37.284245973
155,110.41,43,110.42,12:41:37.284398024
155,110.41,40,110.42,12:41:37.820335196
152,110.41,40,110.42,12:41:37.845577134
152,110.41,39,110.42,12:41:37.846101368
152,110.41,38,110.42,12:41:37.846174171
152,110.41,37,110.42,12:41:38.028581199
152,110.41,38,110.42,12:41:39.556484096
152,110.41,39,110.42,12:41:39.659286344
152,110.41,38,110.42,12:41:39.659658282
152,110.41,37,110.42,12:41:41.872789724
152,110.41,36,110.42,12:41:41.873180091
152,110.41,32,110.42,12:41:42.820529958
152,110.41,33,110.42,12:41:42.820711024
152,110.41,34,110.42,12:41:42.820776905
148,110.41,34,110.42,12:41:42.845768489
148,110.41,35,110.42,12:41:44.122545361
148,110.41,37,110.42,12:41:44.122701268
148,110.41,35,110.42,12:41:44.439328628
148,110.41,36,110.42,12:41:44.513676582
148,110.41,35,110.42,12:41:47.016413649
148,110.41,36,110.42,12:41:47.110141662
148,110.41,33,110.42,12:41:47.820781839
145,110.41,33,110.42,12:41:47.845982741
145,110.41,72,110.42,12:41:47.846266731
145,110.41,84,110.42,12:41:47.846341070
145,110.41,85,110.42,12:41:47.846415871
140,110.41,85,110.42,12:41:47.846515461
137,110.41,85,110.42,12:41:47.846589205
137,110.41,84,110.42,12:41:47.846669634
137,110.41,85,110.42,12:41:48.082363886
137,110.41,46,110.42,12:41:48.148358605
137,110.41,34,110.42,12:41:48.148428038
145,110.41,34,110.42,12:41:50.494809658
145,110.41,33,110.42,12:41:50.564429485
145,110.41,32,110.42,12:41:50.593883323
145,110.41,31,110.42,12:41:50.594322587
145,110.41,30,110.42,12:41:50.594600500
145,110.41,31,110.42,12:41:51.822513957
145,110.41,32,110.42,12:41:51.822686120
145,110.41,31,110.42,12:41:52.069320004
145,110.41,32,110.42,12:41:52.169263275
145,110.41,31,110.42,12:41:52.348478696
145,110.41,25,110.42,12:41:57.417015653
144,110.41,25,110.42,12:41:57.442386791
143,110.41,25,110.42,12:41:57.442400669
141,110.41,25,110.42,12:41:57.442467440
139,110.41,25,110.42,12:41:57.442467440
139,110.41,71,110.42,12:41:57.442708463
139,110.41,74,110.42,12:41:57.442814589
139,110.41,82,110.42,12:41:57.442832620
139,110.41,91,110.42,12:41:57.442832620
150,110.41,91,110.42,12:41:57.442832620
150,110.41,83,110.42,12:41:57.442935824
150,110.41,74,110.42,12:41:57.443055280
150,110.41,71,110.42,12:41:57.443055280
150,110.41,74,110.42,12:42:07.577807275
150,110.41,28,110.42,12:42:08.309645087
150,110.41,27,110.42,12:42:08.309745973
150,110.41,30,110.42,12:42:14.036570001
150,110.41,27,110.42,12:42:14.036814145
150,110.41,26,110.42,12:42:14.037630432
150,110.41,25,110.42,12:42:15.361035599
150,110.41,14,110.42,12:42:15.361134277
150,110.41,13,110.42,12:42:15.361284088
150,110.41,12,110.42,12:42:15.361284088
150,110.41,13,110.42,12:42:15.384979445
150,110.41,12,110.42,12:42:15.411225648
150,110.41,13,110.42,12:42:15.432849966
150,110.41,24,110.42,12:42:15.432929589
150,110.41,25,110.42,12:42:16.342912748
150,110.41,26,110.42,12:42:16.343064681
152,110.41,26,110.42,12:42:16.801284493
154,110.41,26,110.42,12:42:16.801747200
152,110.41,26,110.42,12:42:16.802133222
154,110.41,26,110.42,12:42:16.802481734
160,110.41,26,110.42,12:42:16.851196465
160,110.41,25,110.42,12:42:16.851301966
168,110.41,25,110.42,12:42:16.851499041
168,110.41,26,110.42,12:42:16.993457757
164,110.41,26,110.42,12:42:16.994304553
168,110.41,26,110.42,12:42:17.015676548
168,110.41,25,110.42,12:42:17.015847083
168,110.41,24,110.42,12:42:19.475907660
168,110.41,13,110.42,12:42:19.476078310
168,110.41,12,110.42,12:42:19.476219014
168,110.41,10,110.42,12:42:19.476725572
168,110.41,8,110.42,12:42:19.476794891
168,110.41,7,110.42,12:42:19.477083672
168,110.41,6,110.42,12:42:19.477322683
168,110.41,3,110.42,12:42:19.477338862
168,110.41,165,110.43,12:42:19.477338862
168,110.41,161,110.43,12:42:19.477452286
35,110.42,161,110.43,12:42:19.477489217
35,110.42,153,110.43,12:42:19.478100551
180,110.41,153,110.43,12:42:19.479580166
168,110.41,153,110.43,12:42:19.480080626
168,110.41,1,110.42,12:42:24.133543645
168,110.41,2,110.42,12:42:24.134991465
168,110.41,4,110.42,12:42:24.135354097
168,110.41,6,110.42,12:42:24.135460722
168,110.41,7,110.42,12:42:24.135840610
169,110.41,7,110.42,12:42:24.136697079
168,110.41,7,110.42,12:42:24.137090207
168,110.41,18,110.42,12:42:24.149331002
168,110.41,17,110.42,12:42:24.653229399
168,110.41,15,110.42,12:42:24.653324933
168,110.41,13,110.42,12:42:24.653342684
168,110.41,12,110.42,12:42:24.653342684
168,110.41,11,110.42,12:42:24.653342684
169,110.41,11,110.42,12:42:24.653458691
169,110.41,167,110.43,12:42:24.653952902
169,110.41,163,110.43,12:42:24.654558015
169,110.41,153,110.43,12:42:24.655247313
168,110.41,153,110.43,12:42:24.712338297
168,110.41,2,110.42,12:42:28.696333143
168,110.41,3,110.42,12:42:28.696617783
168,110.41,1,110.42,12:42:28.696721571
168,110.41,2,110.42,12:42:28.696721571
168,110.41,1,110.42,12:42:28.697128995
168,110.41,153,110.43,12:42:28.697128995
13,110.42,153,110.43,12:42:28.697128995
40,110.42,153,110.43,12:42:28.697704508
27,110.42,153,110.43,12:42:28.697909950
172,110.41,153,110.43,12:42:28.703068740
160,110.41,153,110.43,12:42:28.703563764
161,110.41,153,110.43,12:42:35.894523470
160,110.41,153,110.43,12:42:35.894829098
161,110.41,153,110.43,12:42:35.895703785
160,110.41,153,110.43,12:42:35.896821548
167,110.41,153,110.43,12:42:53.422458010
167,110.41,131,110.43,12:43:08.081157547
25,110.42,131,110.43,12:43:08.081449515
26,110.42,131,110.43,12:43:08.081898724
27,110.42,131,110.43,12:43:08.081898724
29,110.42,131,110.43,12:43:08.082012132
74,110.42,131,110.43,12:43:08.082112762
72,110.42,131,110.43,12:43:08.082445907
47,110.42,131,110.43,12:43:08.091906889
48,110.42,131,110.43,12:43:09.191163973
49,110.42,131,110.43,12:43:09.191229413
51,110.42,131,110.43,12:43:09.191346033
53,110.42,131,110.43,12:43:09.191346033
72,110.42,131,110.43,12:43:09.191409899
70,110.42,131,110.43,12:43:09.191570753
69,110.42,131,110.43,12:43:09.191570753
50,110.42,131,110.43,12:43:09.236831205
48,110.42,131,110.43,12:43:09.350272240
47,110.42,131,110.43,12:43:09.356848192
48,110.42,131,110.43,12:43:16.113064931
49,110.42,131,110.43,12:43:16.113348470
50,110.42,131,110.43,12:43:16.113348470
51,110.42,131,110.43,12:43:16.113450189
62,110.42,131,110.43,12:43:16.114693973
84,110.42,131,110.43,12:43:16.117007645
88,110.42,131,110.43,12:43:16.118034930
88,110.42,118,110.43,12:43:16.124264349
88,110.42,80,110.43,12:43:16.124388336
88,110.42,71,110.43,12:43:16.124898143
88,110.42,53,110.43,12:43:16.125160562
88,110.42,45,110.43,12:43:16.125160562
88,110.42,41,110.43,12:43:16.125417443
88,110.42,39,110.43,12:43:16.125947735
88,110.42,38,110.43,12:43:16.136533062
88,110.42,37,110.43,12:43:16.136533062
88,110.42,36,110.43,12:43:16.136636512
88,110.42,35,110.43,12:43:16.136730636
97,110.42,35,110.43,12:43:16.138236340
97,110.42,43,110.43,12:43:18.532741534
97,110.42,35,110.43,12:43:18.535364444
97,110.42,43,110.43,12:43:18.536168168
97,110.42,35,110.43,12:43:18.580355763
97,110.42,31,110.43,12:43:23.192805966
97,110.42,30,110.43,12:43:23.193755434
97,110.42,28,110.43,12:43:23.194234774
97,110.42,27,110.43,12:43:23.194449237
97,110.42,28,110.43,12:43:23.194449237
97,110.42,24,110.43,12:43:23.194650576
97,110.42,22,110.43,12:43:23.194777593
97,110.42,21,110.43,12:43:23.194793234
97,110.42,22,110.43,12:43:23.195392549
97,110.42,7,110.43,12:43:23.195539650
115,110.42,7,110.43,12:43:23.195539650
115,110.42,6,110.43,12:43:23.195796449
117,110.42,6,110.43,12:43:23.195796449
117,110.42,9,110.43,12:43:23.195986757
117,110.42,10,110.43,12:43:23.196108981
117,110.42,21,110.43,12:43:23.196176689
99,110.42,21,110.43,12:43:23.196285582
97,110.42,21,110.43,12:43:23.196638253
97,110.42,18,110.43,12:43:23.197028931
97,110.42,20,110.43,12:43:23.197604256
97,110.42,18,110.43,12:43:23.197884326
97,110.42,20,110.43,12:43:23.198038742
97,110.42,21,110.43,12:43:23.198197257
97,110.42,26,110.43,12:43:23.198268291
97,110.42,27,110.43,12:43:23.198373817
97,110.42,26,110.43,12:43:23.199199938
97,110.42,24,110.43,12:43:23.199199938
97,110.42,23,110.43,12:43:23.199199938
97,110.42,21,110.43,12:43:23.199396226
97,110.42,20,110.43,12:43:23.199396226
97,110.42,19,110.43,12:43:23.199429291
97,110.42,18,110.43,12:43:23.199443154
97,110.42,17,110.43,12:43:23.199443154
97,110.42,12,110.43,12:43:23.199457160
97,110.42,7,110.43,12:43:23.199655880
97,110.42,6,110.43,12:43:23.199672613
97,110.42,1,110.43,12:43:23.199686068
97,110.42,140,110.44,12:43:23.199700945
18,110.43,140,110.44,12:43:23.199851320
44,110.43,140,110.44,12:43:23.199865729
97,110.43,140,110.44,12:43:23.199883198
98,110.43,140,110.44,12:43:23.199897108
98,110.43,136,110.44,12:43:23.200208296
111,110.43,136,110.44,12:43:23.200208296
112,110.43,136,110.44,12:43:23.200277771
115,110.43,136,110.44,12:43:23.200433204
115,110.43,119,110.44,12:43:23.200687104
115,110.43,114,110.44,12:43:23.200863367
89,110.43,114,110.44,12:43:23.200996772
89,110.43,117,110.44,12:43:23.201029261
71,110.43,117,110.44,12:43:23.201059907
72,110.43,117,110.44,12:43:23.201126410
59,110.43,117,110.44,12:43:23.201229565
59,110.43,115,110.44,12:43:23.201264448
58,110.43,115,110.44,12:43:23.201744975
59,110.43,115,110.44,12:43:23.201896530
56,110.43,115,110.44,12:43:23.203713784
55,110.43,115,110.44,12:43:23.203895239
2,110.43,115,110.44,12:43:23.204084791
5,110.43,115,110.44,12:43:23.207312219
4,110.43,115,110.44,12:43:23.209531286
4,110.43,117,110.44,12:43:23.211260501
4,110.43,119,110.44,12:43:23.211395928
1,110.43,119,110.44,12:43:23.213416815
4,110.43,119,110.44,12:43:23.213773225
15,110.43,119,110.44,12:43:23.220151239
16,110.43,119,110.44,12:43:23.227345271
67,110.43,119,110.44,12:43:23.305479740
16,110.43,119,110.44,12:43:24.913307110
16,110.43,139,110.44,12:43:25.038540493
15,110.43,139,110.44,12:43:25.039125679
12,110.43,139,110.44,12:43:25.039238626
1,110.43,139,110.44,12:43:25.040186050
12,110.43,139,110.44,12:43:25.040325563
11,110.43,139,110.44,12:43:25.040408109
11,110.43,147,110.44,12:43:25.040621559
123,110.42,147,110.44,12:43:25.042159324
131,110.42,147,110.44,12:43:25.042540499
131,110.42,177,110.44,12:43:25.043090971
131,110.42,147,110.44,12:43:25.048663958
132,110.42,147,110.44,12:43:25.053512144
134,110.42,147,110.44,12:43:25.053512144
134,110.42,139,110.44,12:43:25.200338180
134,110.42,1,110.43,12:43:25.645612606
134,110.42,6,110.43,12:43:25.645788256
140,110.42,6,110.43,12:43:25.645858605
143,110.42,6,110.43,12:43:25.645925864
142,110.42,6,110.43,12:43:25.656851617
142,110.42,21,110.43,12:43:26.093876384
142,110.42,20,110.43,12:43:27.137032817
142,110.42,21,110.43,12:43:27.802369824
142,110.42,23,110.43,12:43:27.803262790
142,110.42,21,110.43,12:43:27.804946424
142,110.42,22,110.43,12:43:27.815567515
142,110.42,21,110.43,12:43:27.977392627
142,110.42,23,110.43,12:43:28.006504816
142,110.42,24,110.43,12:43:28.014872566
142,110.42,25,110.43,12:43:28.015073481
142,110.42,24,110.43,12:43:28.033554835
142,110.42,22,110.43,12:43:28.065340910
142,110.42,23,110.43,12:43:28.107092264
142,110.42,24,110.43,12:43:28.526057140
142,110.42,25,110.43,12:43:28.794504321
142,110.42,24,110.43,12:43:29.071194969
142,110.42,23,110.43,12:43:29.071358947
142,110.42,22,110.43,12:43:29.334749607
142,110.42,23,110.43,12:43:30.315247009
142,110.42,24,110.43,12:43:30.315396939
142,110.42,23,110.43,12:43:30.581490026
142,110.42,22,110.43,12:43:30.581550065
142,110.42,23,110.43,12:43:33.279463820
142,110.42,25,110.43,12:43:33.279730377
142,110.42,23,110.43,12:43:33.471268737
142,110.42,22,110.43,12:43:33.543140043
142,110.42,23,110.43,12:43:34.301653700
142,110.42,24,110.43,12:43:34.301816941
142,110.42,25,110.43,12:43:34.326926132
142,110.42,65,110.43,12:43:34.326998939
142,110.42,73,110.43,12:43:34.327116385
142,110.42,84,110.43,12:43:34.327140094
134,110.42,84,110.43,12:43:34.327140094
134,110.42,88,110.43,12:43:34.327140094
135,110.42,88,110.43,12:43:34.338429182
136,110.42,88,110.43,12:43:34.338505042
136,110.42,48,110.43,12:43:35.461555776
136,110.42,37,110.43,12:43:35.461617888
136,110.42,29,110.43,12:43:35.461800217
136,110.42,37,110.43,12:43:39.465773622
136,110.42,82,110.43,12:43:39.465851788
136,110.42,83,110.43,12:43:39.466079193
136,110.42,75,110.43,12:43:39.466079193
136,110.42,74,110.43,12:43:39.466287759
118,110.42,74,110.43,12:43:39.466454566
118,110.42,29,110.43,12:43:39.468526724
118,110.42,30,110.43,12:43:39.471060258
114,110.42,30,110.43,12:43:39.471060258
114,110.42,41,110.43,12:43:39.471125743
114,110.42,50,110.43,12:43:40.448343191
108,110.42,50,110.43,12:43:40.449393448
105,110.42,50,110.43,12:43:40.449476342
105,110.42,94,110.43,12:43:40.450142642
96,110.42,94,110.43,12:43:40.451255173
96,110.42,112,110.43,12:43:40.451306968
74,110.42,112,110.43,12:43:40.451834747
74,110.42,131,110.43,12:43:40.453153987
73,110.42,131,110.43,12:43:40.462539611
72,110.42,131,110.43,12:43:40.462618065
72,110.42,113,110.43,12:43:40.476532214
72,110.42,94,110.43,12:43:40.506576253
74,110.42,94,110.43,12:43:40.553689362
96,110.42,94,110.43,12:43:40.554314249
74,110.42,94,110.43,12:43:40.555862969
96,110.42,94,110.43,12:43:40.664763944
74,110.42,94,110.43,12:43:41.499837330
74,110.42,112,110.43,12:43:41.500980652
74,110.42,94,110.43,12:43:41.501158619
96,110.42,94,110.43,12:43:41.605349919
96,110.42,93,110.43,12:43:42.264454108
96,110.42,49,110.43,12:43:42.264544682
96,110.42,40,110.43,12:43:42.264985542
96,110.42,41,110.43,12:43:42.265201830
96,110.42,40,110.43,12:43:42.287909923
96,110.42,41,110.43,12:43:42.332564190
96,110.42,40,110.43,12:43:42.814514857
101,110.42,40,110.43,12:43:42.814695843
105,110.42,40,110.43,12:43:42.814796732
105,110.42,48,110.43,12:43:43.137674102
100,110.42,48,110.43,12:43:43.138002412
96,110.42,48,110.43,12:43:43.138002412
96,110.42,49,110.43,12:43:43.138270422
96,110.42,96,110.43,12:43:43.138528661
74,110.42,96,110.43,12:43:43.138634274
87,110.42,96,110.43,12:43:44.146595691
96,110.42,96,110.43,12:43:44.146738072
96,110.42,95,110.43,12:43:44.146813848
87,110.42,95,110.43,12:43:46.140079590
74,110.42,95,110.43,12:43:46.140182809
74,110.42,113,110.43,12:43:46.140994121
74,110.42,95,110.43,12:43:46.141410366
74,110.42,96,110.43,12:43:46.147003056
74,110.42,97,110.43,12:43:46.242012356
74,110.42,96,110.43,12:43:46.298049376
74,110.42,114,110.43,12:43:46.433820582
74,110.42,113,110.43,12:43:46.433957041
74,110.42,95,110.43,12:43:46.449835592
88,110.42,95,110.43,12:43:47.517309033
96,110.42,95,110.43,12:43:47.517464546
88,110.42,95,110.43,12:43:49.597424157
74,110.42,95,110.43,12:43:49.597424157
74,110.42,96,110.43,12:43:49.597794358
74,110.42,95,110.43,12:43:49.825853650
89,110.42,95,110.43,12:43:49.825939285
96,110.42,95,110.43,12:43:49.825955982
81,110.42,95,110.43,12:43:50.027741683
74,110.42,95,110.43,12:43:50.027741683
74,110.42,113,110.43,12:43:50.027760150
74,110.42,114,110.43,12:43:50.027992848
74,110.42,96,110.43,12:43:50.028078729
74,110.42,95,110.43,12:43:51.565588904
74,110.42,96,110.43,12:43:51.613914668
74,110.42,88,110.43,12:43:52.629171599
94,110.42,88,110.43,12:43:52.629330167
94,110.42,87,110.43,12:43:52.629487819
94,110.42,40,110.43,12:43:52.644812523
103,110.42,40,110.43,12:43:52.670886579
103,110.42,41,110.43,12:43:52.847852205
103,110.42,40,110.43,12:43:52.848026788
103,110.42,41,110.43,12:43:53.743587918
103,110.42,40,110.43,12:43:54.787063170
103,110.42,36,110.43,12:44:05.488326163
102,110.42,36,110.43,12:44:05.512775390
101,110.42,36,110.43,12:44:05.512775390
99,110.42,36,110.43,12:44:05.512843527
99,110.42,45,110.43,12:44:05.513115224
100,110.42,45,110.43,12:44:05.513216087
100,110.42,46,110.43,12:44:05.513233527
100,110.42,47,110.43,12:44:05.513233527
100,110.42,55,110.43,12:44:05.513233527
101,110.42,55,110.43,12:44:05.513233527
101,110.42,46,110.43,12:44:05.513297870
101,110.42,38,110.43,12:44:05.513518721
101,110.42,37,110.43,12:44:05.513627924
101,110.42,38,110.43,12:44:06.776013966
101,110.42,37,110.43,12:44:07.850118416
101,110.42,36,110.43,12:44:07.850118416
101,110.42,44,110.43,12:44:08.891219051
101,110.42,45,110.43,12:44:08.891547116
101,110.42,46,110.43,12:44:08.891729225
101,110.42,45,110.43,12:44:08.959486397
101,110.42,44,110.43,12:44:08.959648794
101,110.42,36,110.43,12:44:08.975486797
101,110.42,32,110.43,12:44:10.487721681
97,110.42,32,110.43,12:44:10.512932604
97,110.42,33,110.43,12:44:10.513135411
97,110.42,32,110.43,12:44:10.513337686
109,110.42,32,110.43,12:44:10.523774173
109,110.42,33,110.43,12:44:10.594392949
109,110.42,34,110.43,12:44:10.594462821
109,110.42,33,110.43,12:44:10.594572747
109,110.42,32,110.43,12:44:10.606252655
109,110.42,33,110.43,12:44:10.883845730
109,110.42,41,110.43,12:44:11.855182788
109,110.42,42,110.43,12:44:11.855347560
109,110.42,51,110.43,12:44:11.855874398
109,110.42,42,110.43,12:44:11.857723408
109,110.42,34,110.43,12:44:11.857945675
109,110.42,33,110.43,12:44:11.858099468
109,110.42,41,110.43,12:44:11.862713570
109,110.42,42,110.43,12:44:11.862871083
109,110.42,34,110.43,12:44:11.864563111
109,110.42,33,110.43,12:44:11.864724647
109,110.42,32,110.43,12:44:11.866579234
109,110.42,40,110.43,12:44:13.154334748
109,110.42,41,110.43,12:44:13.154480585
109,110.42,40,110.43,12:44:13.154753634
109,110.42,32,110.43,12:44:13.154949317
109,110.42,33,110.43,12:44:13.155000264
109,110.42,32,110.43,12:44:13.158125660
109,110.42,40,110.43,12:44:14.155126326
109,110.42,41,110.43,12:44:14.155300675
109,110.42,42,110.43,12:44:14.155368331
109,110.42,34,110.43,12:44:14.158676410
109,110.42,33,110.43,12:44:14.159698793
109,110.42,32,110.43,12:44:14.159770053
109,110.42,33,110.43,12:44:16.160227992
109,110.42,32,110.43,12:44:19.235223508
109,110.42,25,110.43,12:44:20.400942625
102,110.42,25,110.43,12:44:20.426221682
102,110.42,29,110.43,12:44:20.426448277
102,110.42,30,110.43,12:44:20.426535345
102,110.42,31,110.43,12:44:20.426535345
102,110.42,30,110.43,12:44:20.426812631
102,110.42,29,110.43,12:44:20.426812631
102,110.42,30,110.43,12:44:21.753302191
102,110.42,26,110.43,12:44:21.753475465
102,110.42,25,110.43,12:44:21.753604815
102,110.42,26,110.43,12:44:21.818875801
102,110.42,27,110.43,12:44:21.819068359
102,110.42,59,110.43,12:44:26.041617519
102,110.42,78,110.43,12:44:26.041686348
102,110.42,46,110.43,12:44:26.156196463
102,110.42,27,110.43,12:44:26.156260803
102,110.42,35,110.43,12:44:26.865757819
102,110.42,44,110.43,12:44:26.866786707
102,110.42,36,110.43,12:44:31.829876813
102,110.42,27,110.43,12:44:31.830027836
102,110.42,26,110.43,12:44:31.830399670
102,110.42,25,110.43,12:44:31.830417014
102,110.42,26,110.43,12:44:32.521937807
102,110.42,27,110.43,12:44:34.572636303
102,110.42,36,110.43,12:44:34.930403028
102,110.42,77,110.43,12:44:34.930403028
102,110.42,36,110.43,12:44:35.382494195
102,110.42,27,110.43,12:44:35.382690326
102,110.42,26,110.43,12:44:35.442244042
102,110.42,35,110.43,12:44:37.017519827
102,110.42,43,110.43,12:44:37.017519827
102,110.42,87,110.43,12:44:37.017535632
102,110.42,88,110.43,12:44:37.017711907
102,110.42,44,110.43,12:44:37.020954922
102,110.42,36,110.43,12:44:37.021032724
102,110.42,27,110.43,12:44:37.021121988
102,110.42,26,110.43,12:44:37.021199731
102,110.42,25,110.43,12:44:37.021199731
102,110.42,26,110.43,12:44:37.021749394
102,110.42,27,110.43,12:44:37.021749394
102,110.42,26,110.43,12:44:37.069403269
102,110.42,27,110.43,12:44:37.070130955
102,110.42,26,110.43,12:44:37.128773686
102,110.42,25,110.43,12:44:37.238103480
102,110.42,26,110.43,12:44:37.410887309
102,110.42,27,110.43,12:44:37.411034204
102,110.42,26,110.43,12:44:37.412939528
102,110.42,25,110.43,12:44:37.413004031
102,110.42,26,110.43,12:44:37.415003424
102,110.42,27,110.43,12:44:37.415145996
102,110.42,26,110.43,12:44:37.507489513
102,110.42,25,110.43,12:44:37.509442836
102,110.42,33,110.43,12:44:38.167607342
102,110.42,34,110.43,12:44:38.167858714
102,110.42,35,110.43,12:44:38.167858714
102,110.42,44,110.43,12:44:38.167989000
102,110.42,35,110.43,12:44:38.170730050
102,110.42,27,110.43,12:44:38.170938283
102,110.42,35,110.43,12:44:38.171981079
102,110.42,44,110.43,12:44:38.172089559
102,110.42,35,110.43,12:44:38.646697017
102,110.42,27,110.43,12:44:38.683083420
102,110.42,26,110.43,12:44:42.322498316
102,110.42,25,110.43,12:44:42.322641803
102,110.42,33,110.43,12:44:43.169969645
102,110.42,83,110.43,12:44:43.170136422
102,110.42,84,110.43,12:44:43.170215081
102,110.42,85,110.43,12:44:43.170215081
102,110.42,84,110.43,12:44:43.170325113
102,110.42,34,110.43,12:44:43.173542358
102,110.42,26,110.43,12:44:43.173715417
102,110.42,27,110.43,12:44:43.173782781
102,110.42,26,110.43,12:44:50.904393409
102,110.42,25,110.43,12:44:50.904530425
102,110.42,58,110.43,12:44:52.175444075
102,110.42,76,110.43,12:44:52.175511909
102,110.42,43,110.43,12:44:52.177934911
102,110.42,25,110.43,12:44:52.178034917
102,110.42,26,110.43,12:44:52.178946299
102,110.42,27,110.43,12:44:52.179022882
102,110.42,27,110.43,12:44:52.179022882
102,110.42,26,110.43,12:44:57.459211063
102,110.42,25,110.43,12:44:57.459211063
102,110.42,26,110.43,12:44:57.626132042
102,110.42,65,110.43,12:44:58.056163325
102,110.42,77,110.43,12:44:58.056163325
102,110.42,78,110.43,12:44:58.056265508
102,110.42,77,110.43,12:44:58.165967478
102,110.42,65,110.43,12:44:59.097634553
102,110.42,26,110.43,12:44:59.097693104
102,110.42,25,110.43,12:44:59.097800374
102,110.42,26,110.43,12:45:00.264225772
102,110.42,34,110.43,12:45:01.180121217
102,110.42,35,110.43,12:45:01.180314811
102,110.42,27,110.43,12:45:01.180719767
102,110.42,72,110.43,12:45:03.009598043
102,110.42,27,110.43,12:45:03.010631070
102,110.42,35,110.43,12:45:04.181935189
102,110.42,27,110.43,12:45:04.182723489
102,110.42,36,110.43,12:45:04.183906429
102,110.42,27,110.43,12:45:04.184715426
102,110.42,26,110.43,12:45:04.977740614
102,110.42,27,110.43,12:45:04.986733669
102,110.42,26,110.43,12:45:05.227088473
102,110.42,27,110.43,12:45:05.235339724
102,110.42,35,110.43,12:45:05.553596043
102,110.42,82,110.43,12:45:05.553848280
102,110.42,74,110.43,12:45:05.558364097
102,110.42,27,110.43,12:45:05.558432244
102,110.42,26,110.43,12:45:05.558533796
102,110.42,25,110.43,12:45:05.558603082
102,110.42,26,110.43,12:45:07.495846695
102,110.42,27,110.43,12:45:12.023368890
102,110.42,26,110.43,12:45:13.032352222
102,110.42,27,110.43,12:45:13.828709525
102,110.42,26,110.43,12:45:14.723652305
102,110.42,27,110.43,12:45:17.274218830
102,110.42,26,110.43,12:45:19.009742981
102,110.42,27,110.43,12:45:20.306146610
102,110.42,26,110.43,12:45:21.985321547
102,110.42,25,110.43,12:45:21.985392468
102,110.42,26,110.43,12:45:22.566639147
102,110.42,27,110.43,12:45:22.566790515
102,110.42,26,110.43,12:45:23.028547950
102,110.42,27,110.43,12:45:26.914849578
102,110.42,35,110.43,12:45:31.305104732
102,110.42,68,110.43,12:45:31.305755685
102,110.42,86,110.43,12:45:31.305956209
102,110.42,95,110.43,12:45:31.305956209
102,110.42,113,110.43,12:45:31.306488091
82,110.42,113,110.43,12:45:31.306506404
73,110.42,113,110.43,12:45:31.306506404
73,110.42,95,110.43,12:45:31.306727008
75,110.42,95,110.43,12:45:31.332064342
73,110.42,95,110.43,12:45:42.513615877
85,110.42,95,110.43,12:45:43.822662851
95,110.42,95,110.43,12:45:43.822766784
83,110.42,95,110.43,12:45:53.327347754
73,110.42,95,110.43,12:45:53.327347754
94,110.42,95,110.43,12:46:02.023064558
73,110.42,95,110.43,12:46:02.087734647
73,110.42,115,110.43,12:46:07.079091007
71,110.42,115,110.43,12:46:07.079165224
70,110.42,115,110.43,12:46:07.079286770
69,110.42,115,110.43,12:46:07.079499048
69,110.42,123,110.43,12:46:07.079828705
68,110.42,123,110.43,12:46:07.083242120
57,110.42,123,110.43,12:46:07.083407429
58,110.42,123,110.43,12:46:07.105890259
57,110.42,123,110.43,12:46:07.117220386
56,110.42,123,110.43,12:46:07.117290226
55,110.42,123,110.43,12:46:07.155282869
23,110.42,123,110.43,12:46:07.350241927
24,110.42,123,110.43,12:46:07.350319354
12,110.42,123,110.43,12:46:07.350319354
13,110.42,123,110.43,12:46:07.350582397
14,110.42,123,110.43,12:46:07.562615648
25,110.42,123,110.43,12:46:08.578423305
53,110.42,123,110.43,12:46:08.584780782
76,110.42,123,110.43,12:46:08.585807353
76,110.42,103,110.43,12:46:12.576884572
76,110.42,95,110.43,12:46:12.598930575
76,110.42,109,110.43,12:46:33.302656747
76,110.42,117,110.43,12:46:33.302723739
48,110.42,117,110.43,12:46:33.304029911
25,110.42,117,110.43,12:46:33.304110884
55,110.42,117,110.43,12:46:38.222599259
76,110.42,117,110.43,12:46:38.222808132
77,110.42,117,110.43,12:46:40.039114285
77,110.42,103,110.43,12:46:40.047946383
77,110.42,95,110.43,12:46:40.047946383
76,110.42,95,110.43,12:46:40.049083730
91,110.42,95,110.43,12:46:40.076881823
98,110.42,95,110.43,12:46:40.076960495
83,110.42,95,110.43,12:46:40.092585314
76,110.42,95,110.43,12:46:40.092585314
91,110.42,95,110.43,12:46:41.345933534
98,110.42,95,110.43,12:46:41.346208856
102,110.42,95,110.43,12:46:41.346492747
102,110.42,62,110.43,12:46:43.098306705
102,110.42,44,110.43,12:46:43.098394769
105,110.42,44,110.43,12:46:43.098512782
123,110.42,44,110.43,12:46:43.098512782
129,110.42,44,110.43,12:46:43.098529936
111,110.42,44,110.43,12:46:43.099146554
105,110.42,44,110.43,12:46:43.099582959
102,110.42,44,110.43,12:46:43.099582959
103,110.42,44,110.43,12:46:43.109572827
103,110.42,35,110.43,12:46:45.095982180
103,110.42,80,110.43,12:46:45.096273703
103,110.42,72,110.43,12:46:45.096417396
121,110.42,72,110.43,12:46:45.096962506
130,110.42,72,110.43,12:46:45.096962506
130,110.42,27,110.43,12:46:45.097299385
130,110.42,35,110.43,12:46:45.112839053
130,110.42,27,110.43,12:46:46.245456429
130,110.42,78,110.43,12:46:50.289298324
112,110.42,78,110.43,12:46:50.289472295
103,110.42,78,110.43,12:46:51.387153780
96,110.42,78,110.43,12:46:51.387169159
81,110.42,78,110.43,12:46:51.387169159
100,110.42,78,110.43,12:46:51.501893003
81,110.42,78,110.43,12:46:56.134179967
103,110.42,78,110.43,12:46:56.461429596
112,110.42,78,110.43,12:46:58.439271194
103,110.42,78,110.43,12:46:58.440250569
81,110.42,78,110.43,12:47:03.478889892
77,110.42,78,110.43,12:47:06.369336824
95,110.42,78,110.43,12:47:12.698006962
77,110.42,78,110.43,12:47:13.332366385
95,110.42,78,110.43,12:47:13.629514159
103,110.42,78,110.43,12:47:13.629778012
104,110.42,78,110.43,12:47:13.640802527
104,110.42,27,110.43,12:47:24.219959282
104,110.42,26,110.43,12:47:24.220279464
104,110.42,25,110.43,12:47:24.221535287
104,110.42,26,110.43,12:47:24.223425004
104,110.42,27,110.43,12:47:24.223575359
104,110.42,26,110.43,12:47:24.224444194
104,110.42,25,110.43,12:47:24.236578475
104,110.42,26,110.43,12:47:24.237516798
104,110.42,25,110.43,12:47:24.239106681
104,110.42,26,110.43,12:47:24.239299827
104,110.42,27,110.43,12:47:24.244640104
104,110.42,16,110.43,12:47:26.154076919
104,110.42,15,110.43,12:47:26.154237655
104,110.42,14,110.43,12:47:26.154302849
122,110.42,14,110.43,12:47:26.154657217
121,110.42,14,110.43,12:47:26.165394347
120,110.42,14,110.43,12:47:26.165465873
120,110.42,25,110.43,12:47:26.778336388
120,110.42,26,110.43,12:47:26.778571239
120,110.42,27,110.43,12:47:26.778792407
120,110.42,26,110.43,12:47:29.338082819
120,110.42,25,110.43,12:47:29.338262204
120,110.42,14,110.43,12:47:29.338917650
120,110.42,15,110.43,12:47:31.115803973
120,110.42,16,110.43,12:47:31.115868495
120,110.42,27,110.43,12:47:31.115995016
120,110.42,26,110.43,12:47:39.857725444
120,110.42,15,110.43,12:47:39.857752749
120,110.42,14,110.43,12:47:39.857752749
120,110.42,13,110.43,12:47:39.857752749
120,110.42,12,110.43,12:47:39.857752749
120,110.42,13,110.43,12:47:39.857806480
120,110.42,15,110.43,12:47:39.857905852
120,110.42,26,110.43,12:47:39.857963468
120,110.42,27,110.43,12:47:39.858033776
120,110.42,26,110.43,12:47:42.866508942
120,110.42,25,110.43,12:47:42.866966874
121,110.42,25,110.43,12:47:42.877890827
122,110.42,25,110.43,12:47:42.877962542
122,110.42,26,110.43,12:47:42.997893890
122,110.42,25,110.43,12:47:44.444651358
122,110.42,23,110.43,12:47:48.012942306
122,110.42,22,110.43,12:47:48.012942306
122,110.42,21,110.43,12:47:48.013052332
122,110.42,10,110.43,12:47:48.013165647
122,110.42,11,110.43,12:47:48.016941571
122,110.42,10,110.43,12:47:48.017101497
122,110.42,12,110.43,12:48:03.496193884
122,110.42,10,110.43,12:48:03.496362228
122,110.42,11,110.43,12:48:03.498748205
122,110.42,10,110.43,12:48:03.503428664
122,110.42,11,110.43,12:48:03.551733350
122,110.42,12,110.43,12:48:03.551884998
122,110.42,13,110.43,12:48:03.556109286
122,110.42,12,110.43,12:48:03.599825421
122,110.42,11,110.43,12:48:03.599977261
122,110.42,10,110.43,12:48:03.600126013
122,110.42,11,110.43,12:48:03.659835920
122,110.42,12,110.43,12:48:03.659985287
122,110.42,11,110.43,12:48:03.687193022
122,110.42,10,110.43,12:48:03.687329643
122,110.42,9,110.43,12:48:04.193222644
122,110.42,4,110.43,12:48:04.193329540
122,110.42,7,110.43,12:48:04.196131934
122,110.42,8,110.43,12:48:04.196280779
122,110.42,9,110.43,12:48:04.340268547
122,110.42,6,110.43,12:48:11.308514030
122,110.42,5,110.43,12:48:11.308514030
122,110.42,4,110.43,12:48:11.308571559
122,110.42,143,110.44,12:48:11.309619356
131,110.42,143,110.44,12:48:11.309762262
139,110.42,143,110.44,12:48:11.309847784
139,110.42,139,110.44,12:48:11.309998712
139,110.42,1,110.43,12:48:13.441554317
139,110.42,4,110.43,12:48:13.441688144
139,110.42,5,110.43,12:48:13.441768198
139,110.42,6,110.43,12:48:13.551287473
139,110.42,5,110.43,12:48:13.551454999
139,110.42,4,110.43,12:48:13.551530682
139,110.42,3,110.43,12:48:14.789614007
139,110.42,143,110.44,12:48:14.789699847
139,110.42,139,110.44,12:48:14.790516454
139,110.42,3,110.43,12:48:15.979220990
139,110.42,5,110.43,12:48:15.979567099
139,110.42,6,110.43,12:48:15.979634791
139,110.42,5,110.43,12:48:16.079415481
139,110.42,2,110.43,12:48:16.079481628
139,110.42,145,110.44,12:48:16.079591509
139,110.42,141,110.44,12:48:16.080055578
139,110.42,139,110.44,12:48:16.080442999
139,110.42,1,110.43,12:48:19.364920497
139,110.42,6,110.43,12:48:19.365228650
139,110.42,1,110.43,12:48:19.371949208
139,110.42,3,110.43,12:48:19.419728364
139,110.42,6,110.43,12:48:19.508443745
139,110.42,3,110.43,12:48:19.844264321
139,110.42,4,110.43,12:48:19.939715603
139,110.42,5,110.43,12:48:19.939851708
139,110.42,4,110.43,12:48:19.941285890
139,110.42,2,110.43,12:48:20.632229964
139,110.42,1,110.43,12:48:20.632308592
139,110.42,141,110.44,12:48:20.632488281
139,110.42,139,110.44,12:48:20.632926475
139,110.42,6,110.43,12:48:23.666998519
139,110.42,8,110.43,12:48:23.667278535
139,110.42,11,110.43,12:48:23.667445940
139,110.42,8,110.43,12:48:23.686332139
139,110.42,9,110.43,12:48:23.688268378
139,110.42,10,110.43,12:48:23.688445021
139,110.42,8,110.43,12:48:23.688523331
139,110.42,9,110.43,12:48:23.734841695
139,110.42,8,110.43,12:48:23.916458291
139,110.42,9,110.43,12:48:23.916633404
139,110.42,8,110.43,12:48:23.922535595
139,110.42,9,110.43,12:48:23.927026718
139,110.42,8,110.43,12:48:23.983842097
139,110.42,7,110.43,12:48:23.984001185
139,110.42,8,110.43,12:48:23.999626568
139,110.42,9,110.43,12:48:23.999773963
139,110.42,8,110.43,12:48:24.022260115
139,110.42,9,110.43,12:48:24.170941652
139,110.42,8,110.43,12:48:29.212244695
139,110.42,7,110.43,12:48:29.212244695
139,110.42,6,110.43,12:48:29.212258689
139,110.42,145,110.44,12:48:29.212338019
139,110.42,139,110.44,12:48:29.212804345
143,110.42,139,110.44,12:48:35.598039613
139,110.42,139,110.44,12:48:35.602483908
143,110.42,139,110.44,12:48:36.102571467
143,110.42,140,110.44,12:48:52.820043995
143,110.42,1,110.43,12:48:52.906142237
143,110.42,6,110.43,12:48:52.906158985
143,110.42,7,110.43,12:48:52.906436237
143,110.42,8,110.43,12:48:52.906436237
143,110.42,9,110.43,12:48:52.906548086
143,110.42,8,110.43,12:48:52.906703917
143,110.42,7,110.43,12:48:52.906703917
143,110.42,6,110.43,12:48:52.906867584
139,110.42,6,110.43,12:48:52.907097336
139,110.42,7,110.43,12:48:52.910395981
139,110.42,6,110.43,12:48:52.911485932
139,110.42,1,110.43,12:48:53.035303917
139,110.42,146,110.44,12:48:53.035768393
139,110.42,140,110.44,12:48:53.036011606
139,110.42,4,110.43,12:49:05.303089101
139,110.42,6,110.43,12:49:05.303209603
139,110.42,8,110.43,12:49:05.960605831
139,110.42,9,110.43,12:49:05.960765278
139,110.42,7,110.43,12:49:05.960924663
139,110.42,6,110.43,12:49:05.961065284
139,110.42,7,110.43,12:49:07.320217298
139,110.42,8,110.43,12:49:07.368767928
139,110.42,7,110.43,12:49:07.455108277
139,110.42,6,110.43,12:49:07.455310562
139,110.42,7,110.43,12:49:07.455537426
139,110.42,8,110.43,12:49:07.455692958
139,110.42,9,110.43,12:49:07.459855419
131,110.42,9,110.43,12:49:07.460030564
131,110.42,17,110.43,12:49:07.460030564
131,110.42,18,110.43,12:49:07.460192654
131,110.42,29,110.43,12:49:07.460192654
131,110.42,30,110.43,12:49:07.460746817
131,110.42,31,110.43,12:49:07.461081872
131,110.42,40,110.43,12:49:07.462399916
131,110.42,31,110.43,12:49:07.463063271
131,110.42,30,110.43,12:49:07.463630616
131,110.42,31,110.43,12:49:07.463934931
131,110.42,30,110.43,12:49:07.466363928
131,110.42,29,110.43,12:49:09.606608780
131,110.42,28,110.43,12:49:11.540507724
131,110.42,27,110.43,12:49:11.540598460
131,110.42,19,110.43,12:49:11.540723579
131,110.42,8,110.43,12:49:11.540818852
131,110.42,10,110.43,12:49:11.541125439
131,110.42,8,110.43,12:49:13.867858113
131,110.42,7,110.43,12:49:13.871346571
131,110.42,8,110.43,12:49:13.875873130
131,110.42,7,110.43,12:49:13.876377136
131,110.42,5,110.43,12:49:13.876865478
131,110.42,6,110.43,12:49:13.888709318
131,110.42,8,110.43,12:49:13.888861273
131,110.42,9,110.43,12:49:13.907966631
131,110.42,7,110.43,12:49:13.908071968
131,110.42,6,110.43,12:49:14.097572329
131,110.42,7,110.43,12:49:14.249777509
131,110.42,8,110.43,12:49:14.249933556
131,110.42,9,110.43,12:49:14.250091685
131,110.42,8,110.43,12:49:14.815931881
131,110.42,7,110.43,12:49:14.816013568
131,110.42,8,110.43,12:49:14.816737052
131,110.42,7,110.43,12:49:14.819986331
131,110.42,6,110.43,12:49:14.832957611
131,110.42,5,110.43,12:49:14.833028767
131,110.42,4,110.43,12:49:14.833123386
131,110.42,146,110.44,12:49:14.836845157
139,110.42,146,110.44,12:49:14.837044968
139,110.42,150,110.44,12:49:14.837119207
139,110.42,144,110.44,12:49:14.837345556
139,110.42,145,110.44,12:49:14.848127793
139,110.42,146,110.44,12:49:14.848235926
139,110.42,142,110.44,12:49:23.041726974
143,110.42,142,110.44,12:49:23.042736403
139,110.42,142,110.44,12:49:23.045429614
1,110.43,142,110.44,12:49:28.636005256
41,110.43,142,110.44,12:49:28.636465130
46,110.43,142,110.44,12:49:28.636582864
52,110.43,142,110.44,12:49:28.636603214
51,110.43,142,110.44,12:49:28.636603214
62,110.43,142,110.44,12:49:28.636754733
56,110.43,142,110.44,12:49:28.636857434
57,110.43,142,110.44,12:49:33.808069651
58,110.43,142,110.44,12:49:33.808069651
57,110.43,142,110.44,12:49:36.885131590
56,110.43,142,110.44,12:49:39.541160885
57,110.43,142,110.44,12:49:42.115662792
56,110.43,142,110.44,12:49:44.420977330
56,110.43,141,110.44,12:49:44.432309120
56,110.43,140,110.44,12:49:44.432458779
51,110.43,140,110.44,12:49:44.549583567
40,110.43,140,110.44,12:49:44.549946187
170,110.42,140,110.44,12:49:44.549964414
1,110.43,140,110.44,12:49:44.550178927
3,110.43,140,110.44,12:49:44.550280789
5,110.43,140,110.44,12:49:44.550507861
33,110.43,140,110.44,12:49:44.550605956
41,110.43,140,110.44,12:49:44.550605956
33,110.43,140,110.44,12:49:44.550959000
5,110.43,140,110.44,12:49:44.561389819
5,110.43,139,110.44,12:49:44.561492764
5,110.43,138,110.44,12:49:44.561492764
16,110.43,138,110.44,12:49:44.561681330
17,110.43,138,110.44,12:49:44.907523304
16,110.43,138,110.44,12:49:45.013321908
5,110.43,138,110.44,12:49:45.016780017
8,110.43,138,110.44,12:49:45.514760698
19,110.43,138,110.44,12:49:45.530908762
20,110.43,138,110.44,12:49:47.019321950
21,110.43,138,110.44,12:49:47.019515918
22,110.43,138,110.44,12:49:51.651802951
21,110.43,138,110.44,12:49:52.047366303
21,110.43,138,110.44,12:49:52.047366303
20,110.43,138,110.44,12:49:55.673067642
21,110.43,138,110.44,12:49:55.673434912
22,110.43,138,110.44,12:49:57.412512853
21,110.43,138,110.44,12:49:57.537026933
20,110.43,138,110.44,12:50:01.009222050
21,110.43,138,110.44,12:50:01.009620351
21,110.43,137,110.44,12:50:01.020498317
21,110.43,136,110.44,12:50:01.020570112
22,110.43,136,110.44,12:50:01.559776774
21,110.43,136,110.44,12:50:05.066287093
20,110.43,136,110.44,12:50:05.077591426
19,110.43,136,110.44,12:50:05.077767925
8,110.43,136,110.44,12:50:05.077835308
5,110.43,136,110.44,12:50:05.078964584
43,110.43,136,110.44,12:50:08.337524740
44,110.43,136,110.44,12:50:08.337628592
47,110.43,136,110.44,12:50:08.337749223
44,110.43,136,110.44,12:50:08.337901078
57,110.43,136,110.44,12:50:08.338493475
19,110.43,136,110.44,12:50:08.444950037
6,110.43,136,110.44,12:50:08.445013474
5,110.43,136,110.44,12:50:08.445135627
6,110.43,136,110.44,12:50:09.021992837
17,110.43,136,110.44,12:50:09.022152357
18,110.43,136,110.44,12:50:09.857477949
19,110.43,136,110.44,12:50:09.862913084
20,110.43,136,110.44,12:50:09.882944130
60,110.43,136,110.44,12:50:09.883450251
71,110.43,136,110.44,12:50:09.884367249
72,110.43,136,110.44,12:50:09.888968976
73,110.43,136,110.44,12:50:09.889156650
73,110.43,116,110.44,12:50:09.890124032
77,110.43,116,110.44,12:50:09.896411044
95,110.43,116,110.44,12:50:09.896762272
95,110.43,107,110.44,12:50:09.896834151
95,110.43,89,110.44,12:50:09.897170983
95,110.43,81,110.44,12:50:09.897286851
102,110.43,81,110.44,12:50:09.897475459
102,110.43,43,110.44,12:50:09.897603424
102,110.43,30,110.44,12:50:09.897603424
102,110.43,31,110.44,12:50:09.898414444
102,110.43,40,110.44,12:50:09.898543637
102,110.43,48,110.44,12:50:09.898543637
102,110.43,49,110.44,12:50:09.898927224
95,110.43,49,110.44,12:50:09.899012712
95,110.43,51,110.44,12:50:09.901238820
77,110.43,51,110.44,12:50:09.908569915
73,110.43,51,110.44,12:50:09.909326822
73,110.43,42,110.44,12:50:09.952556199
73,110.43,34,110.44,12:50:09.952712724
80,110.43,34,110.44,12:50:10.001025956
98,110.43,34,110.44,12:50:10.012150155
98,110.43,33,110.44,12:50:10.909052873
98,110.43,31,110.44,12:50:10.911166686
98,110.43,30,110.44,12:50:10.911241894
98,110.43,29,110.44,12:50:10.911309814
116,110.43,29,110.44,12:50:10.911436458
116,110.43,14,110.44,12:50:10.912256037
116,110.43,15,110.44,12:50:10.913603608
116,110.43,14,110.44,12:50:10.915931866
116,110.43,15,110.44,12:50:10.917837861
116,110.43,14,110.44,12:50:10.967808001
116,110.43,15,110.44,12:50:12.241684209
116,110.43,19,110.44,12:50:12.256500411
116,110.43,30,110.44,12:50:12.256941438
116,110.43,38,110.44,12:50:12.257130673
116,110.43,30,110.44,12:50:12.257426638
116,110.43,38,110.44,12:50:12.263188475
98,110.43,38,110.44,12:50:12.263547186
98,110.43,30,110.44,12:50:13.037255107
98,110.43,38,110.44,12:50:13.289579353
98,110.43,47,110.44,12:50:13.688245549
80,110.43,47,110.44,12:50:13.688592201
80,110.43,85,110.44,12:50:13.689244073
80,110.43,98,110.44,12:50:13.689392229
73,110.43,98,110.44,12:50:13.689392229
73,110.43,115,110.44,12:50:13.689490408
73,110.43,120,110.44,12:50:13.689490408
73,110.43,138,110.44,12:50:13.689507391
72,110.43,138,110.44,12:50:13.689724030
73,110.43,138,110.44,12:50:13.700954469
72,110.43,138,110.44,12:50:13.721950726
73,110.43,138,110.44,12:50:15.192457487
73,110.43,120,110.44,12:50:15.192779378
73,110.43,115,110.44,12:50:15.192795589
73,110.43,98,110.44,12:50:15.192795589
93,110.43,98,110.44,12:50:15.192890584
93,110.43,85,110.44,12:50:15.193000037
93,110.43,47,110.44,12:50:15.193023650
111,110.43,47,110.44,12:50:15.193023650
119,110.43,47,110.44,12:50:15.193023650
101,110.43,47,110.44,12:50:15.193443342
101,110.43,38,110.44,12:50:15.193443342
81,110.43,38,110.44,12:50:15.193881828
73,110.43,38,110.44,12:50:15.193881828
73,110.43,56,110.44,12:50:15.193980025
73,110.43,38,110.44,12:50:15.194244557
72,110.43,38,110.44,12:50:15.198650122
73,110.43,38,110.44,12:50:15.198898390
