price,volume,timestamp
108.8438,41,10:00:00.007099190
108.8594,16,10:00:00.016906235
108.8594,1,10:00:00.868512508
108.8438,52,10:00:00.902889775
108.8438,2,10:00:05.579205753
108.8438,9,10:00:05.623008442
108.8594,1,10:00:06.051411470
108.8438,1,10:00:10.333515659
108.8438,6,10:00:10.738460834
108.8594,1,10:00:14.045635744
108.8594,12,10:00:15.168561159
108.8438,3,10:00:17.166299693
108.8438,10,10:00:17.535100689
108.8594,1,10:00:18.100929915
108.8594,2,10:00:19.389405531
108.8594,2,10:00:19.389882604
108.8594,2,10:00:19.403768179
108.8594,1,10:00:19.412430743
108.8438,1,10:00:19.663038850
108.8594,1,10:00:19.727778078
108.8594,7,10:00:19.798706690
108.8594,47,10:00:20.286108609
108.8594,267,10:00:20.755969114
108.8594,1,10:00:20.757372871
108.8594,2,10:00:20.757787839
108.8594,1,10:00:20.758015133
108.8594,83,10:00:20.758182464
108.8594,1,10:00:20.758340896
108.8594,1,10:00:20.758786541
108.8594,1,10:00:20.758835694
108.8594,1,10:00:20.759482154
108.8594,1,10:00:20.760164056
108.8594,1,10:00:20.760387248
108.8594,11,10:00:20.761090609
108.8594,1,10:00:20.761457567
108.8594,48,10:00:20.776771920
108.8594,1,10:00:20.776995192
108.8594,2,10:00:22.061390146
108.8594,1092,10:00:25.504348450
108.8594,108,10:00:25.510131530
108.8594,1,10:00:25.510543106
108.8594,32,10:00:25.510627469
108.8594,1,10:00:25.511358383
108.8594,5,10:00:25.511487794
108.8594,1,10:00:25.511803730
108.875,74,10:00:26.719303112
108.8594,1200,10:00:31.541772631
108.8594,309,10:00:31.543709351
108.8594,1,10:00:31.547476220
108.8594,2,10:00:31.547684695
108.8594,16,10:00:31.549970639
108.8594,1,10:00:31.550389786
108.8594,14,10:00:31.550980365
108.8594,33,10:00:31.559700591
108.8594,17,10:00:31.560396657
108.8594,6,10:00:31.560609665
108.8594,218,10:00:31.561256946
108.8594,1,10:00:31.561308569
108.8594,1,10:00:31.561544660
108.8594,1,10:00:31.561730008
108.8594,1,10:00:31.561964358
108.8594,9,10:00:31.562004176
108.8594,30,10:00:31.562279494
108.8594,20,10:00:31.562318839
108.8594,1,10:00:31.562372962
108.8594,2,10:00:31.563837068
108.8594,2,10:00:31.563894343
108.8594,1,10:00:31.564114645
108.8594,22,10:00:31.564400256
108.8594,1,10:00:31.565250837
108.8594,21,10:00:31.565286153
108.8594,26,10:00:31.565774684
108.8594,1,10:00:31.565827796
108.8594,11,10:00:31.565885458
108.8594,31,10:00:31.565912911
108.8594,7,10:00:31.565951795
108.8594,8,10:00:31.566340261
108.8594,6,10:00:31.566540456
108.8594,1,10:00:31.566633713
108.8594,1,10:00:31.566741027
108.8594,7,10:00:31.566778407
108.8594,1,10:00:31.566821556
108.8594,1,10:00:31.567053037
108.8594,1,10:00:31.567089124
108.8594,1,10:00:31.567132501
108.8594,1,10:00:31.567324063
108.8594,1,10:00:31.567344387
108.8594,1,10:00:31.567386599
108.8594,1,10:00:31.567865123
108.8594,12,10:00:31.567945758
108.8594,16,10:00:31.568362603
108.8594,3,10:00:31.568541748
108.8594,1,10:00:31.568761652
108.8594,1,10:00:31.569079372
108.8594,1,10:00:31.569107628
108.8594,1,10:00:31.569277145
108.8594,1,10:00:31.569465418
108.8594,7,10:00:31.569761005
108.8594,1,10:00:31.569948119
108.8594,2,10:00:31.574755288
108.8594,111,10:00:31.586221298
108.8594,1,10:00:31.776911939
108.8594,2,10:00:32.025139729
108.8594,500,10:00:34.861764865
108.8594,1,10:00:34.862345146
108.8594,1,10:00:34.862560897
108.8594,1,10:00:34.862635574
108.8594,1,10:00:34.862776207
108.8594,1,10:00:34.862815222
108.8594,1,10:00:34.862928446
108.8594,1,10:00:34.862966460
108.8594,1,10:00:34.862999040
108.8594,1,10:00:34.863053495
108.8594,1,10:00:34.863078763
108.8594,1,10:00:34.863151174
108.8594,1,10:00:34.863208814
108.8594,1,10:00:34.863232581
108.8594,1,10:00:34.863273047
108.8594,1,10:00:34.863302681
108.8594,1,10:00:34.863336964
108.8594,1,10:00:34.863411823
108.8594,1,10:00:34.863442658
108.8594,1,10:00:34.863475457
108.8594,1,10:00:34.863514341
108.8594,1,10:00:34.863567032
108.8594,2,10:00:34.863599276
108.8594,1,10:00:34.864183217
108.8594,60,10:00:34.864249305
108.8594,1,10:00:34.864343765
108.8594,26,10:00:34.864390287
108.8594,4,10:00:34.864431379
108.8594,6,10:00:34.864456977
108.8594,1,10:00:34.864480612
108.8594,47,10:00:34.864640597
108.8594,4,10:00:34.866437756
108.8594,24,10:00:34.866621315
108.8594,4,10:00:34.873790553
108.8594,29,10:00:34.917421315
108.8594,52,10:00:34.917616266
108.8594,1,10:00:34.919234837
108.8594,12,10:00:34.920084973
108.8594,1,10:00:34.920288391
108.8594,15,10:00:34.925812092
108.8594,1,10:00:34.926007216
108.8594,82,10:00:34.926313414
108.8594,21,10:00:34.926516912
108.8594,15,10:00:34.952745802
108.8594,1,10:00:34.952930733
108.8594,9,10:00:34.952995711
108.8594,4,10:00:34.953022921
108.8594,1,10:00:34.953074883
108.8594,4,10:00:34.953133956
108.8594,1,10:00:34.953133956
108.8594,6,10:00:34.953170012
108.8594,1,10:00:34.953205251
108.8594,1,10:00:34.953249623
108.8594,15,10:00:34.953356771
108.8594,14,10:00:34.953782696
108.8594,1,10:00:34.953977539
108.8594,1,10:00:34.954193891
108.8594,1,10:00:34.954223752
108.8594,1,10:00:34.954501146
108.8594,8,10:00:34.955948250
108.8594,42,10:00:36.112625998
108.8594,1,10:00:36.323714738
108.8594,1,10:00:36.323964145
108.8594,1,10:00:36.324009826
108.8594,20,10:00:36.331251872
108.8594,1,10:00:36.331538092
108.8594,104,10:00:36.331869776
108.8594,1,10:00:36.363717136
108.8594,1,10:00:36.363909633
108.8594,15,10:00:36.364104072
108.8594,2,10:00:36.364257630
108.8594,1,10:00:36.364411242
108.8594,2,10:00:36.364460802
108.8594,1,10:00:36.364502393
108.8594,1,10:00:36.364530052
108.8594,7,10:00:36.364583070
108.8594,1,10:00:36.364608974
108.8594,1,10:00:36.364638850
108.8594,8,10:00:36.364744808
108.8594,1,10:00:36.364789295
108.8594,4,10:00:36.365466236
108.8594,69,10:00:40.986415499
108.8594,39,10:00:40.986709150
108.875,39,10:00:44.873951804
108.8594,1,10:00:44.906420085
108.8594,3,10:00:49.341367118
108.8594,1,10:00:49.897935609
108.875,1,10:00:56.033971580
108.875,4,10:00:56.987105971
108.875,4,10:00:56.987296142
108.875,38,10:01:07.075770961
108.8594,3,10:01:07.167271447
108.875,12,10:01:08.819499878
108.8594,2,10:01:12.017716012
108.8594,5,10:01:13.527629593
108.8594,3,10:01:15.590913491
108.8594,3,10:01:15.804182940
108.875,8,10:01:17.548235570
108.875,25,10:01:29.162150085
108.875,3,10:01:30.063088297
108.8594,10,10:01:30.178771838
108.8594,3,10:01:31.779447537
108.8594,4,10:01:33.455177785
108.875,16,10:01:33.511457193
108.8594,2,10:01:36.664675043
108.8594,1,10:01:38.805458738
108.875,1,10:01:39.254004150
108.8594,5,10:01:45.365046542
108.8594,1,10:01:45.365170590
108.8594,4,10:01:45.365194904
108.8594,63,10:01:45.365246179
108.8594,50,10:01:45.365407308
108.8594,50,10:01:45.366185803
108.8594,1,10:01:45.366437792
108.8594,1,10:01:45.366505260
108.8594,2,10:01:45.366552230
108.8594,30,10:01:45.366782724
108.8594,52,10:01:45.366971058
108.8594,2,10:01:45.367167465
108.8594,50,10:01:45.367305305
108.8594,1,10:01:45.367438456
108.8594,1,10:01:45.367468645
108.8594,52,10:01:45.367595672
108.8594,7,10:01:45.367968165
108.8594,48,10:01:45.368118085
108.8594,1,10:01:45.368244705
108.8594,2,10:01:45.368296326
108.8594,14,10:01:45.368976461
108.8594,2,10:01:45.369162536
108.8594,2,10:01:45.369207947
108.8594,1,10:01:45.369276524
108.8594,1,10:01:45.369302151
108.8594,1,10:01:45.369400543
108.8594,1,10:01:45.369480798
108.8594,9,10:01:45.369521157
108.8594,1,10:01:45.369601619
108.8594,50,10:01:45.369719411
108.8594,167,10:01:45.370081416
108.8594,1,10:01:45.370427261
108.8594,1,10:01:45.370488910
108.8594,1,10:01:45.370526505
108.8594,1,10:01:45.370691008
108.8594,4,10:01:45.370787576
108.8594,1,10:01:45.370838668
108.8594,30,10:01:45.370909799
108.8594,1,10:01:45.370933579
108.8594,2,10:01:45.370971621
108.8594,14,10:01:45.371137868
108.8594,2,10:01:45.373967618
108.8594,1,10:01:45.377680825
108.8594,39,10:01:45.377721318
108.8594,1,10:01:45.379134393
108.8594,1,10:01:45.418953744
108.8594,1,10:01:46.043958931
108.8438,3,10:01:47.639260588
108.8438,3,10:01:48.248233574
108.8438,10,10:01:48.340139513
108.8438,3,10:01:57.159201720
108.8438,11,10:02:06.525266087
108.8594,120,10:02:06.544244347
108.8438,2,10:02:12.888366897
108.8438,3,10:02:12.962650401
108.8438,3,10:02:15.803315135
108.8438,3,10:02:17.758316566
108.8438,10,10:02:24.661792469
108.8438,35,10:02:25.005866089
108.8438,30,10:02:25.006294344
108.8438,4,10:02:25.020683568
108.8594,29,10:02:25.023718560
108.8438,35,10:02:25.077261868
108.8438,17,10:02:25.205582639
108.8438,9,10:02:25.260198218
108.8594,32,10:02:25.274318812
108.8438,4,10:02:25.405871228
108.8438,2,10:02:25.470262773
108.8438,1,10:02:25.645844986
108.8438,1,10:02:25.830126330
108.8594,34,10:02:26.706454769
108.8594,30,10:02:26.706541795
108.8594,4,10:02:26.721308734
108.8594,34,10:02:26.776382739
108.8594,17,10:02:26.908754237
108.8594,9,10:02:26.966811164
108.8594,4,10:02:27.118178415
108.8594,2,10:02:27.189581381
108.8594,1,10:02:27.327030165
108.8594,1,10:02:27.384999712
108.8438,7,10:02:30.363783487
108.8594,2,10:02:31.273041763
108.8594,2,10:02:31.634517176
108.8594,33,10:02:31.678249381
108.8594,50,10:02:31.678697892
108.8594,50,10:02:31.678960819
108.8594,1,10:02:31.679060524
108.8594,9,10:02:31.679164356
108.8594,1,10:02:31.679364671
108.8594,20,10:02:31.679462109
108.8594,2,10:02:31.679593626
108.8594,1,10:02:31.679637200
108.8594,2,10:02:31.679799415
108.8594,5,10:02:31.679815621
108.8594,25,10:02:31.680005179
108.8594,20,10:02:31.680038323
108.8594,2,10:02:31.680110907
108.8594,1,10:02:31.680110907
108.8594,6,10:02:31.680151502
108.8594,1,10:02:31.680237175
108.8594,5,10:02:31.680237175
108.8594,2,10:02:31.680300961
108.8594,1,10:02:31.680342390
108.8594,5,10:02:31.680405793
108.8594,1,10:02:31.680474424
108.8594,2,10:02:31.680525699
108.8594,1,10:02:31.680587614
108.8594,2,10:02:31.680746410
108.8594,1,10:02:31.680791722
108.8594,1,10:02:31.680927608
108.8594,1,10:02:31.681172160
108.8594,1,10:02:31.681289049
108.8594,34,10:02:31.697719088
108.8594,1,10:02:31.698170697
108.8594,175,10:02:33.899845428
108.8594,36,10:02:33.918638908
108.8594,1,10:02:33.919858996
108.8438,4,10:02:34.037275525
108.8594,1,10:02:35.094726058
108.8594,13,10:02:35.242350769
108.8594,1,10:02:35.242570325
108.8594,4,10:02:36.031415287
108.8594,1,10:02:36.848178603
108.8594,145,10:02:37.897274550
108.8594,1,10:02:37.897633748
108.8594,1,10:02:37.897715801
108.8594,50,10:02:37.898184523
108.8594,50,10:02:37.898521065
108.8594,32,10:02:37.898556157
108.8594,52,10:02:37.898739859
108.8594,1,10:02:37.898773128
108.8594,52,10:02:37.898881238
108.8594,1,10:02:37.899356874
108.8594,15,10:02:37.899380474
108.8594,1,10:02:37.899406500
108.8594,1,10:02:37.899423515
108.8594,1,10:02:37.899442949
108.8594,1,10:02:37.899465254
108.8594,1,10:02:37.899486870
108.8594,1,10:02:37.899516765
108.8594,1,10:02:37.899534628
108.8594,1,10:02:37.899556020
108.8594,1,10:02:37.899575457
108.8594,1,10:02:37.899596546
108.8594,1,10:02:37.899620185
108.8594,1,10:02:37.899638988
108.8594,1,10:02:37.899659469
108.8594,1,10:02:37.899695696
108.8594,1,10:02:37.899724932
108.8594,31,10:02:37.899907349
108.8594,1,10:02:37.899943458
108.8594,1,10:02:37.899989444
108.8594,1,10:02:37.900026743
108.8594,1,10:02:37.900061162
108.8594,1,10:02:37.900106960
108.8594,1,10:02:37.900150451
108.8594,8,10:02:37.900373205
108.8594,1,10:02:37.900485348
108.8594,24,10:02:37.900711352
108.8594,6,10:02:37.900777335
108.8594,10,10:02:37.900898293
108.8594,1,10:02:37.900947789
108.8594,6,10:02:37.901034344
108.8594,33,10:02:37.901187650
108.8594,6,10:02:37.901265926
108.8594,23,10:02:37.901363717
108.8594,8,10:02:37.902579646
108.8594,1,10:02:37.902603714
108.8594,2,10:02:37.905900305
108.875,3,10:02:37.941573305
108.875,73,10:02:37.950658634
108.8594,3,10:02:37.966906515
108.8594,1,10:02:37.967118853
108.8594,1,10:02:38.036307215
108.8594,2,10:02:45.834418679
108.8594,2,10:02:45.834702985
108.8594,1,10:02:45.834916653
108.8594,1,10:02:45.835111649
108.8594,7,10:02:46.046784943
108.8594,50,10:02:46.354840543
108.8594,1,10:02:46.354872204
108.8594,1,10:02:46.355006553
108.8594,1,10:02:46.355132097
108.8594,1,10:02:46.355220886
108.8594,20,10:02:46.355367958
108.8594,1,10:02:46.355428027
108.8594,1,10:02:46.355606250
108.8594,8,10:02:46.355690604
108.8594,3,10:02:46.355700906
108.8594,1,10:02:46.355731729
108.8594,6,10:02:46.355847625
108.8594,2,10:02:46.355885072
108.8594,41,10:02:46.356126056
108.8594,1,10:02:46.356195430
108.8594,1,10:02:46.356233041
108.8594,1,10:02:46.356291544
108.8594,14,10:02:46.356374076
108.8594,18,10:02:46.356423087
108.8594,1,10:02:46.356479951
108.8594,1,10:02:46.356512839
108.8594,1,10:02:46.356574127
108.8594,1,10:02:46.356604751
108.8594,1,10:02:46.356666196
108.8594,2,10:02:46.356708475
108.8594,1,10:02:46.356822791
108.8594,78,10:02:46.357832747
108.8594,14,10:02:46.360038065
108.8594,1,10:02:46.361005131
108.8594,2,10:02:46.361060559
108.8594,50,10:02:46.372643736
108.8594,1,10:02:46.372832457
108.8594,13,10:02:46.373149766
108.875,33,10:02:46.381662485
108.8594,2,10:02:47.158184385
108.8594,1,10:02:47.158403525
108.8594,1,10:02:47.158471587
108.8594,1,10:02:47.158745532
108.8594,1,10:02:47.714660014
108.8594,1,10:02:47.714848251
108.8594,1,10:02:47.715060115
108.8594,20,10:02:47.902688261
108.8594,1,10:02:47.902899200
108.8594,5,10:02:51.692919266
108.8594,1,10:02:51.693144355
108.8594,1,10:02:51.693216331
108.8594,1,10:02:51.693281734
108.8594,4,10:02:51.713892583
108.8594,1,10:02:51.714079826
108.8594,1,10:02:51.714133369
108.8594,79,10:02:51.773674257
108.8594,6,10:02:51.776257420
108.8594,1,10:02:51.799266184
108.8594,52,10:02:51.873336327
108.8594,5,10:02:51.873670872
108.8594,1,10:02:51.873725084
108.8594,1,10:02:51.873752314
108.8594,3,10:02:51.873885004
108.8594,1,10:02:51.873983314
108.8594,1,10:02:51.874025430
108.8594,1,10:02:51.874122238
108.8594,1,10:02:51.874170559
108.8594,4,10:02:51.874170559
108.8594,1,10:02:51.874198959
108.8594,1,10:02:51.874271332
108.8594,1,10:02:51.874291992
108.8594,1,10:02:51.874321950
108.8594,1,10:02:51.874344978
108.8594,1,10:02:51.874369606
108.8594,1,10:02:51.874387773
108.8594,1,10:02:51.874480881
108.8594,1,10:02:51.874500571
108.8594,1,10:02:51.874530666
108.8594,1,10:02:51.874554931
108.8594,1,10:02:51.874582209
108.8594,1,10:02:51.874615048
108.8594,1,10:02:51.874676245
108.8594,1,10:02:51.874700223
108.8594,1,10:02:51.874726375
108.8594,1,10:02:51.874757322
108.8594,1,10:02:51.874788971
108.8594,1,10:02:51.874834144
108.8594,4,10:02:51.874857564
108.8594,2,10:02:51.874896916
108.8594,1,10:02:51.874968421
108.8594,1,10:02:51.875048352
108.8594,32,10:02:51.875237386
108.8594,6,10:02:51.875334518
108.8594,52,10:02:51.876057227
108.8594,20,10:02:51.876103343
108.8594,1,10:02:51.878062023
108.8594,1,10:02:55.023048495
108.8594,1,10:02:55.023265788
108.8594,1,10:02:55.028299749
108.8594,24,10:03:00.051394698
108.8594,1,10:03:00.051712677
108.8594,1,10:03:00.051967408
108.8594,1,10:03:00.052350459
108.8594,1,10:03:01.165537774
108.8594,231,10:03:01.229188537
108.8594,1,10:03:01.234845939
108.8594,46,10:03:01.294959925
108.8594,36,10:03:01.577716103
108.8594,1,10:03:01.579426416
108.8594,1,10:03:02.120504177
108.8594,197,10:03:02.154192909
108.8594,7,10:03:04.089694381
108.8594,2,10:03:06.540066721
108.8594,389,10:03:12.123965288
108.8594,18,10:03:12.130736010
108.8594,4,10:03:12.136587324
108.8594,4,10:03:12.137882109
108.8594,10,10:03:12.143300608
108.8594,15,10:03:12.143525126
108.8594,1,10:03:12.143582285
108.8594,173,10:03:12.143954030
108.8594,20,10:03:12.144312456
108.8594,17,10:03:12.144415133
108.8594,1,10:03:12.144464465
108.8594,1,10:03:12.144511443
108.8594,1,10:03:12.144542547
108.8594,1,10:03:12.144570346
108.8594,1,10:03:12.144598488
108.8594,1,10:03:12.144633413
108.8594,1,10:03:12.144662860
108.8594,1,10:03:12.144695967
108.8594,1,10:03:12.144733677
108.8594,1,10:03:12.144763563
108.8594,1,10:03:12.144786545
108.8594,1,10:03:12.144819846
108.8594,1,10:03:12.144858070
108.8594,1,10:03:12.144886961
108.8594,1,10:03:12.144955919
108.8594,1,10:03:12.144980569
108.8594,1,10:03:12.145021597
108.8594,6,10:03:12.146303223
108.8594,1,10:03:12.146795085
108.8594,50,10:03:12.147838603
108.8594,2,10:03:12.147874854
108.8594,1,10:03:12.148380289
108.8594,1,10:03:12.148431089
108.8594,56,10:03:12.148473932
108.8594,1,10:03:12.148538848
108.8594,1,10:03:12.148556046
108.8594,7,10:03:12.148892318
108.8594,8,10:03:12.148933380
108.8594,1,10:03:12.148996915
108.8594,1,10:03:12.149064164
108.8594,7,10:03:12.149302364
108.8594,1,10:03:12.149331178
108.8594,7,10:03:12.149468182
108.8594,1,10:03:12.149573116
108.8594,1,10:03:12.149756588
108.8594,1,10:03:12.225558321
108.8594,1,10:03:12.644178670
108.8594,1,10:03:13.643967174
108.8594,1,10:03:13.644348663
108.8594,1,10:03:13.644570079
108.8594,1,10:03:13.644738325
108.8594,4,10:03:13.644820118
108.8594,12,10:03:13.644927501
108.8594,5,10:03:13.644975658
108.8594,1,10:03:13.645135572
108.8594,1,10:03:13.645191983
108.8594,4,10:03:14.383437444
108.8594,1,10:03:14.383697363
108.8594,1,10:03:14.383758478
108.8594,1,10:03:14.664018618
108.8594,1,10:03:15.668719897
108.8438,3,10:03:16.257549210
108.8594,35,10:03:16.608795781
108.8594,14,10:03:16.608881267
108.8594,10,10:03:16.608919189
108.8594,1,10:03:16.608958888
108.8594,1,10:03:16.609033523
108.8594,5,10:03:16.609132335
108.8594,2,10:03:16.609170399
108.8594,1,10:03:16.609211439
108.8594,1,10:03:16.609252430
108.8594,64,10:03:16.609491491
108.8594,27,10:03:16.610924912
108.8594,1,10:03:16.611048645
108.8594,1,10:03:16.611088358
108.8594,13,10:03:16.611152417
108.8594,1,10:03:16.611521871
108.8594,1,10:03:16.611720630
108.8594,3,10:03:16.612317766
108.8594,1,10:03:16.612449029
108.8594,1,10:03:16.612723566
108.8594,1,10:03:16.612864289
108.8594,10,10:03:16.613542686
108.8594,1,10:03:16.613586393
108.8594,1,10:03:16.615089284
108.8594,9,10:03:16.615762180
108.8594,161,10:03:16.618450100
108.8594,7,10:03:16.618525551
108.8594,5,10:03:19.587816287
108.8594,1,10:03:19.588113382
108.875,2,10:03:21.064800523
108.875,1,10:03:25.037695156
108.8594,10,10:03:25.349251947
108.8594,1,10:03:25.349450322
108.8594,1,10:03:25.349514918
108.8594,15,10:03:25.349791507
108.8594,17,10:03:25.350098377
108.8594,1,10:03:25.350187147
108.8594,8,10:03:25.350342692
108.8594,1,10:03:25.350362987
108.8594,1,10:03:25.350417267
108.8594,1,10:03:25.350433417
108.8594,1,10:03:25.350451241
108.8594,1,10:03:25.350571083
108.8594,1,10:03:25.350584223
108.8594,5,10:03:25.350601126
108.8594,1,10:03:25.350702935
108.8594,1,10:03:25.350711733
108.8594,1,10:03:25.350728274
108.8594,1,10:03:25.350742511
108.8594,1,10:03:25.350774515
108.8594,1,10:03:25.350793075
108.8594,1,10:03:25.350804308
108.8594,1,10:03:25.350846994
108.8594,1,10:03:25.350960279
108.8594,1,10:03:25.351730285
108.8594,86,10:03:25.354517426
108.8594,1,10:03:25.354687733
108.8594,1,10:03:25.354724860
108.8594,2,10:03:25.354802705
108.8594,1,10:03:25.354835112
108.8594,1,10:03:25.354953582
108.8594,7,10:03:25.355207324
108.8594,3,10:03:25.363173715
108.8594,1,10:03:25.363380452
108.8594,1,10:03:25.363409115
108.8594,4,10:03:25.363444626
108.8594,1,10:03:25.363509485
108.8594,2,10:03:25.363629260
108.8594,1,10:03:25.364216859
108.8594,8,10:03:25.364691071
108.8594,1,10:03:25.364723951
108.8594,1,10:03:25.364742320
108.8594,1,10:03:25.364888892
108.8594,1,10:03:25.365253587
108.8594,8,10:03:25.365272551
108.8594,1,10:03:25.366125009
108.8594,11,10:03:25.405868811
108.8594,1,10:03:25.418297650
108.8594,5,10:03:25.418561880
108.8594,1,10:03:25.418633689
108.8594,1,10:03:25.418677869
108.8594,4,10:03:25.418751205
108.8594,52,10:03:28.211754171
108.8594,50,10:03:28.211872427
108.8594,52,10:03:28.211918511
108.8594,1,10:03:28.211997918
108.8594,1,10:03:28.212031960
108.8594,1,10:03:28.212066607
108.8594,1,10:03:28.212103372
108.8594,1,10:03:28.212129789
108.8594,1,10:03:28.212149722
108.8594,1,10:03:28.212217074
108.8594,1,10:03:28.212243412
108.8594,1,10:03:28.212268664
108.8594,1,10:03:28.212299116
108.8594,1,10:03:28.212331739
108.8594,1,10:03:28.212391832
108.8594,1,10:03:28.212419379
108.8594,1,10:03:28.212449412
108.8594,1,10:03:28.212482452
108.8594,1,10:03:28.212555394
108.8594,1,10:03:28.212578588
108.8594,1,10:03:28.212608599
108.8594,7,10:03:28.212654625
108.8594,4,10:03:28.212677314
108.8594,20,10:03:28.212862546
108.8594,1,10:03:28.215239880
108.8594,1,10:03:28.322174824
108.8594,1,10:03:28.322386061
108.8594,10,10:03:28.322769304
108.8594,1,10:03:28.323070433
108.8594,1,10:03:28.323117423
108.8594,1,10:03:28.323190736
108.8594,6,10:03:28.323299891
108.8594,1,10:03:28.323459922
108.8594,21,10:03:28.323924485
108.8594,1,10:03:28.324002285
108.8594,1,10:03:28.324088860
108.8594,1,10:03:28.324182855
108.8594,1,10:03:28.324228293
108.8594,7,10:03:28.324290006
108.8594,1,10:03:28.324533746
108.8594,60,10:03:28.325191023
108.8594,24,10:03:28.325380236
108.8594,1,10:03:28.325412791
108.8594,5,10:03:28.325444391
108.8594,1,10:03:28.325511979
108.8594,3,10:03:28.325542627
108.8594,1,10:03:28.325576906
108.8594,1,10:03:28.325611489
108.8594,4,10:03:28.325663186
108.8594,50,10:03:28.325719945
108.8594,11,10:03:28.325781213
108.8594,1,10:03:28.325834761
108.8594,3,10:03:28.395293125
108.8594,1,10:03:28.395537739
108.8594,1,10:03:28.395744556
108.8594,1,10:03:28.395947507
108.8594,1,10:03:28.426574505
108.8594,1,10:03:28.426803844
108.8594,52,10:03:28.446250659
108.8594,1,10:03:29.050616658
108.8594,1,10:03:29.050829517
108.8594,40,10:03:29.059419203
108.8594,3,10:03:37.913176219
108.875,49,10:03:38.837936254
108.8594,200,10:03:40.190169914
108.8594,1,10:03:40.190499624
108.8594,1,10:03:40.190600032
108.8594,2,10:03:40.190990584
108.8594,1,10:03:40.191015739
108.8594,1,10:03:40.191213446
108.8594,50,10:03:41.940242206
108.8594,1,10:03:41.940344128
108.8594,1,10:03:41.940407083
108.8594,20,10:03:41.940448287
108.8594,1,10:03:41.940496655
108.8594,1,10:03:41.940519354
108.8594,1,10:03:41.940547309
108.8594,1,10:03:41.940584091
108.8594,1,10:03:41.940623234
108.8594,1,10:03:41.940663327
108.8594,1,10:03:41.940695011
108.8594,1,10:03:41.940730218
108.8594,1,10:03:41.940774498
108.8594,1,10:03:41.940822553
108.8594,1,10:03:41.940882980
108.8594,1,10:03:41.940924824
108.8594,1,10:03:41.940964937
108.8594,1,10:03:41.941003056
108.8594,1,10:03:41.941031124
108.8594,1,10:03:41.941077329
108.8594,1,10:03:41.941108881
108.8594,1,10:03:41.941140518
108.8594,1,10:03:41.941170557
108.8594,1,10:03:41.941226443
108.8594,1,10:03:41.941272710
108.8594,1,10:03:41.941305708
108.8594,64,10:03:41.941482029
108.8594,7,10:03:41.941563375
108.8594,1,10:03:41.941607657
108.8594,14,10:03:41.941716098
108.8594,38,10:03:41.944279487
108.8594,1,10:03:41.945521922
108.8594,1,10:03:41.945913408
108.8594,1,10:03:41.945940141
108.8594,1,10:03:45.135167831
108.8594,1,10:03:45.135477005
108.8594,1,10:03:45.135902374
108.8594,63,10:03:46.944060534
108.8594,1,10:03:46.944138094
108.8594,1,10:03:46.944190003
108.8594,11,10:03:46.944218137
108.8594,6,10:03:46.944289879
108.8594,1,10:03:46.944327960
108.8594,1,10:03:46.944353068
108.8594,1,10:03:46.944404515
108.8594,1,10:03:46.944450999
108.8594,1,10:03:46.944499624
108.8594,1,10:03:46.944530940
108.8594,1,10:03:46.944570675
108.8594,1,10:03:46.944614302
108.8594,1,10:03:46.944664175
108.8594,1,10:03:46.944693053
108.8594,1,10:03:46.944727911
108.8594,1,10:03:46.944768849
108.8594,1,10:03:46.944799144
108.8594,1,10:03:46.944835983
108.8594,1,10:03:46.944895117
108.8594,1,10:03:46.944935006
108.8594,1,10:03:46.944996364
108.8594,1,10:03:46.945057034
108.8594,1,10:03:46.945125320
108.8594,32,10:03:46.945412920
108.8594,2,10:03:49.644460982
108.8594,24,10:04:00.748239890
108.8594,1,10:04:00.748464390
108.8594,1,10:04:00.748547716
108.8594,1,10:04:00.748698293
108.8594,220,10:04:00.749097712
108.8438,3,10:04:07.733000386
108.8438,2,10:04:09.106755863
108.8438,8,10:04:13.627223831
108.8594,1,10:04:15.030083897
108.8594,10,10:04:15.857775477
108.8438,11,10:04:31.813942676
108.8438,4,10:04:37.580497005
108.8594,17,10:04:46.320203653
108.8594,1,10:04:46.321010028
108.8594,1,10:04:46.321028953
108.8594,1,10:04:46.321524644
108.8594,17,10:04:46.336963741
108.8594,1,10:04:46.337193026
108.8594,14,10:04:47.007615005
108.8594,1,10:04:47.007858745
108.8594,1,10:04:47.008468120
108.8594,1,10:04:47.060456063
108.8594,74,10:04:47.193344894
108.8594,1,10:04:47.193629872
108.8594,1,10:04:47.193698040
108.8594,6,10:04:47.193745705
108.8594,1,10:04:47.193768847
108.8594,1,10:04:47.193836094
108.8594,1,10:04:47.193857365
108.8594,1,10:04:47.193890787
108.8594,1,10:04:47.193924457
108.8594,1,10:04:47.193983991
108.8594,1,10:04:47.194053344
108.8594,1,10:04:47.194085965
108.8594,1,10:04:47.194152888
108.8594,1,10:04:47.194189127
108.8594,1,10:04:47.194219758
108.8594,1,10:04:47.194246763
108.8594,1,10:04:47.194296366
108.8594,1,10:04:47.194327902
108.8594,1,10:04:47.194358425
108.8594,1,10:04:47.194384931
108.8594,1,10:04:47.194418937
108.8594,102,10:04:47.194763012
108.8594,50,10:04:47.195283427
108.8594,1,10:04:47.195524176
108.8594,1,10:04:47.195552772
108.8594,50,10:04:48.237948384
108.8594,6,10:04:48.238438681
108.8594,22,10:04:48.238491042
108.8594,2,10:04:48.241831691
108.8594,1,10:04:48.550389333
108.8594,1,10:04:48.550485626
108.8594,10,10:04:48.550566284
108.8594,1,10:04:48.550629897
108.8594,20,10:04:48.550684817
108.8594,1,10:04:48.550761785
108.8594,2,10:04:48.550926249
108.8594,30,10:04:48.551117680
108.8594,8,10:04:48.551390858
108.8594,36,10:04:48.551564339
108.8594,55,10:04:48.837632431
108.8594,1,10:04:48.837884359
108.8594,1,10:04:48.837926565
108.8594,1,10:04:48.838028279
108.8594,1,10:04:48.838070661
108.8594,9,10:04:48.838123679
108.8594,15,10:04:48.838161776
108.8594,1,10:04:48.838269465
108.8594,1,10:04:48.838383163
108.8594,1,10:04:48.838554389
108.8594,40,10:04:48.914519645
108.8594,1,10:04:48.916633874
108.8594,1,10:04:48.916654418
108.8594,1,10:04:48.917140648
108.8594,42,10:04:49.949840147
108.8594,11,10:04:49.950113356
108.8594,2,10:04:49.952662316
108.8594,1,10:04:49.952942367
108.8594,10,10:04:50.611601748
108.8594,1,10:04:50.611827551
108.8594,1,10:04:50.611926100
108.8594,25,10:04:50.620370742
108.8594,1,10:04:53.168435354
108.8594,1,10:04:53.168492670
108.8594,1,10:04:53.169251857
108.8594,2,10:04:53.169276907
108.8594,2,10:04:53.169317043
108.8594,1,10:04:53.169357642
108.8594,10,10:04:53.169400740
108.8594,1,10:04:53.169444651
108.8594,1,10:04:53.169528938
108.8594,1,10:04:53.292979232
108.8594,1,10:04:53.293179841
108.8594,1,10:04:53.293219352
108.8594,1,10:04:53.293313742
108.8594,1,10:04:53.293353793
108.8594,50,10:04:53.293572640
108.8594,1,10:04:53.293835013
108.8594,1,10:04:53.293871071
108.8594,1,10:04:53.293932090
108.8594,35,10:04:53.294148469
108.8594,1,10:04:53.294277515
108.8594,1,10:04:53.295557355
108.8594,1,10:04:53.296687240
108.8594,2,10:05:01.145510067
108.8594,50,10:05:01.213895551
108.8594,21,10:05:01.214094945
108.8594,10,10:05:01.216691208
108.8594,1,10:05:01.217616775
108.8594,1,10:05:01.217680968
108.8594,1,10:05:01.997039228
108.8594,1,10:05:01.997260802
108.8594,1,10:05:01.997458004
108.8594,1,10:05:01.997618721
108.8594,3,10:05:01.997696421
108.8594,1,10:05:04.702635620
108.8594,5,10:05:04.702712270
108.8594,1,10:05:04.702763231
108.8594,5,10:05:04.702896242
108.8594,20,10:05:04.703312024
108.8594,35,10:05:04.703336133
108.8594,69,10:05:04.704570763
108.8594,1,10:05:04.704816179
108.8594,1,10:05:04.705500935
108.8594,2,10:05:04.705969927
108.8594,1,10:05:04.706037333
108.8594,1,10:05:04.706102083
108.8594,1,10:05:04.706125316
108.8594,2,10:05:04.706195013
108.8594,2,10:05:04.706244326
108.8594,1,10:05:04.706355560
108.8594,3,10:05:04.706994574
108.8594,1,10:05:04.707658681
108.8594,1,10:05:04.707683468
108.8594,1,10:05:04.765934779
108.8594,1,10:05:04.766131880
108.8594,1,10:05:04.766190160
108.8594,1,10:05:04.819519579
108.8594,1,10:05:04.819722213
108.8594,1,10:05:06.034708605
108.8594,1,10:05:06.034938184
108.8594,1,10:05:06.034996307
108.8594,7,10:05:07.889227826
108.8594,1,10:05:07.889374338
108.8594,1,10:05:07.889413526
108.8594,1,10:05:07.889507793
108.8594,1,10:05:07.889547541
108.8594,1,10:05:07.889637191
108.8594,1,10:05:07.889719189
108.8594,1,10:05:07.889980310
108.8594,16,10:05:09.459689603
108.8594,1,10:05:09.459929612
108.8594,1,10:05:09.459983357
108.8594,1,10:05:09.460136407
108.8594,1,10:05:09.460187470
108.8594,1,10:05:09.460312467
108.8594,30,10:05:10.461807982
108.8594,1,10:05:10.462014547
108.8594,1,10:05:10.462072547
108.8594,1,10:05:10.462170098
108.8594,1,10:05:10.462213619
108.8594,1,10:05:10.462304088
108.8594,1,10:05:10.462510835
108.8438,2,10:05:17.929245791
108.8594,1,10:05:25.331139368
108.8594,2,10:05:25.331320597
108.8594,1,10:05:25.331676492
108.8594,1,10:05:25.331709209
108.8594,1,10:05:25.331833637
108.8594,42,10:05:27.667487980
108.8594,1,10:05:27.667703229
108.8594,1,10:05:27.667775732
108.8594,1,10:05:27.667870253
108.8594,2,10:05:27.668196746
108.8594,38,10:05:27.668324845
108.8594,2,10:05:27.668501952
108.8594,1,10:05:27.668637260
108.8594,4,10:05:27.668720498
108.8594,4,10:05:27.668802157
108.8594,4,10:05:27.668864606
108.8594,1,10:05:27.668902283
108.8594,1,10:05:27.668979321
108.8594,6,10:05:27.669033397
108.8594,1,10:05:27.669279997
108.8594,1,10:05:27.669320324
108.8594,2,10:05:31.077766153
108.8594,1,10:05:32.252899028
108.8594,1,10:05:32.253362305
108.8594,43,10:05:32.253652803
108.8594,1,10:05:32.253780102
108.8594,1,10:05:32.253946703
108.8594,2,10:05:32.254015972
108.8594,1,10:05:32.254130051
108.8594,1,10:05:32.254185031
108.8594,3,10:05:32.256147558
108.8594,1,10:05:32.256567704
108.8594,1,10:05:32.256684698
108.8594,6,10:05:32.256863073
108.8594,1,10:05:32.256907931
108.8594,1,10:05:32.257077477
108.8594,1,10:05:32.257112470
108.8594,1,10:05:32.257137325
108.8594,1,10:05:32.257156893
108.8594,1,10:05:32.257186135
108.8594,50,10:05:32.257434140
108.8594,1,10:05:32.257770909
108.8594,1,10:05:32.257877455
108.8594,1,10:05:32.258206008
108.8594,6,10:05:32.258335871
108.8594,15,10:05:32.258366639
108.8594,1,10:05:32.258773780
108.8594,17,10:05:32.258828751
108.8594,3,10:05:32.260608377
108.8594,10,10:05:32.272619697
108.8594,1,10:05:32.272818545
108.8594,1,10:05:32.272891045
108.8594,1,10:05:32.272952897
108.8438,1,10:05:39.024928928
108.8594,25,10:05:39.818561582
108.8594,1,10:05:39.818881838
108.8594,1,10:05:39.818999325
108.8594,1,10:05:39.819048631
108.8594,2,10:05:39.819422498
108.8594,1,10:05:39.819647344
108.8594,2,10:05:39.820651851
108.8594,1,10:05:42.163185547
108.8594,1,10:05:42.163400155
108.8594,1,10:05:42.163482009
108.8594,1,10:05:42.163607113
108.8594,1,10:05:42.164319918
108.8594,16,10:05:49.507917033
108.8594,1,10:05:49.508210351
108.8594,1,10:05:49.508327198
108.8594,1,10:05:49.508566966
108.8594,1,10:05:49.508788219
108.8594,2,10:05:49.509192243
108.8594,175,10:05:53.636738944
108.8594,100,10:05:53.637107127
108.8594,56,10:05:53.637357292
108.8594,32,10:05:53.641122661
108.8594,2,10:05:53.643610877
108.8594,1,10:05:53.645199206
108.8594,1,10:05:53.654820340
108.8594,9,10:05:54.334253378
108.8594,1,10:05:54.351004291
108.875,38,10:05:54.720065677
108.875,3,10:06:03.159343252
108.8594,1,10:06:05.353141038
108.875,1,10:06:14.041175227
108.875,1,10:06:14.297214362
108.875,2,10:06:15.457517781
108.8594,1,10:06:15.551109194
108.875,33,10:06:15.947718608
108.8594,2,10:06:18.483912361
108.8594,1,10:06:19.035716155
108.875,16,10:06:23.157114092
108.8594,1,10:06:27.703367590
108.8594,1,10:06:29.408419793
108.8594,1,10:06:31.152147767
108.8594,1,10:06:32.335570204
108.875,51,10:06:34.803482701
108.875,500,10:06:34.810261001
108.8594,26,10:06:35.340665404
108.875,37,10:06:37.242962057
108.8594,1,10:06:39.873198522
108.8594,1,10:06:49.126371138
108.8594,2,10:06:52.088083671
108.875,15,10:06:56.807552435
108.875,1,10:06:56.810349565
108.8594,8,10:06:57.076792222
108.8594,2,10:06:57.685741274
108.875,37,10:06:59.755436352
108.875,51,10:07:04.307505366
108.875,174,10:07:05.641216243
108.8594,1,10:07:06.742921141
108.8594,12,10:07:08.228961670
108.8594,3,10:07:09.271840977
108.8594,3,10:07:09.271950585
108.8594,3,10:07:09.274147100
108.8594,3,10:07:09.274512742
108.8594,2,10:07:09.292615844
108.8594,3,10:07:09.296987349
108.8594,1,10:07:09.298083611
108.8594,2,10:07:09.312949399
108.8594,3,10:07:09.313526598
108.8594,1,10:07:09.315915958
108.8594,6,10:07:09.538100443
108.8594,2,10:07:09.540786741
108.8594,3,10:07:09.540867053
108.8594,1,10:07:09.543426173
108.875,1,10:07:11.958975629
108.8594,1,10:07:11.961385962
108.8594,2,10:07:14.058055027
108.8594,1,10:07:14.060373343
108.8594,3,10:07:14.060545618
108.8594,1,10:07:14.063246486
108.8594,80,10:07:14.240647214
108.8594,23,10:07:14.243556665
108.8594,25,10:07:14.243722271
108.8594,5,10:07:14.247013048
108.8594,12,10:07:14.247471774
108.8594,9,10:07:14.249484813
108.8594,3,10:07:14.250178408
108.8594,3,10:07:14.252293418
108.8594,4,10:07:14.252799111
108.8594,3,10:07:14.256666306
108.8594,3,10:07:14.304052285
108.8594,3,10:07:14.306176363
108.8594,17,10:07:14.462365886
108.8594,7,10:07:14.464719732
108.8594,1,10:07:14.575879922
108.8594,10,10:07:15.237056867
108.8594,4,10:07:15.239205355
108.8594,1,10:07:16.216518140
108.8594,3,10:07:16.221544279
108.875,114,10:07:16.466486370
108.8594,11,10:07:16.470509632
108.8594,20,10:07:17.991932805
108.875,1,10:07:18.136282658
108.875,2,10:07:21.069243736
108.8594,20,10:07:21.087222633
108.875,1,10:07:22.033823168
108.875,37,10:07:22.450765751
108.8594,18,10:07:26.589996906
108.8594,6,10:07:26.988350557
108.8594,6,10:07:28.819379987
108.875,1,10:07:32.073779161
108.8594,11,10:07:33.423185802
108.8594,24,10:07:33.738590682
108.8594,2,10:07:38.301962586
108.8594,25,10:07:40.846463954
108.8594,2,10:07:41.715877348
108.8594,6,10:07:44.438555012
108.8594,24,10:07:44.682601788
108.8594,3,10:07:48.712496543
108.8594,16,10:07:49.151354003
108.8594,10,10:07:51.559433442
108.875,27,10:08:00.674650295
108.8594,6,10:08:01.888755172
108.8594,44,10:08:06.841425925
108.8594,5,10:08:09.635222174
108.8594,11,10:08:09.745783299
108.875,1,10:08:13.126462855
108.875,1,10:08:13.322136504
108.875,44,10:08:16.271220579
108.8594,1,10:08:16.489173109
108.8594,3,10:08:19.009525246
108.8594,6,10:08:19.338058858
108.875,16,10:08:25.879715082
108.8594,10,10:08:27.881898114
108.8594,2,10:08:29.432670054
108.875,1,10:08:30.031991339
108.8594,6,10:08:36.788296980
108.875,1,10:08:40.190869349
108.875,55,10:08:40.890794802
108.875,2,10:08:41.067776900
108.8594,1,10:08:41.255181105
108.8594,5,10:08:41.566928619
108.8594,1,10:08:41.582772983
108.8594,1,10:08:41.583512128
108.8594,1,10:08:41.584793194
108.8594,1,10:08:41.585865186
108.8594,1,10:08:41.587742236
108.8594,20,10:08:44.867063429
108.8594,10,10:08:46.042309995
108.8594,1,10:08:47.683970488
108.8594,4,10:08:47.924224830
108.8594,5,10:08:47.939337945
108.8594,5,10:08:47.954626657
108.8594,5,10:08:47.970248987
108.8594,5,10:08:47.987750370
108.8594,5,10:08:48.003622409
108.8594,5,10:08:48.026310876
108.8594,5,10:08:48.046713819
108.8594,5,10:08:48.069959874
108.8594,5,10:08:48.096182560
108.8594,5,10:08:48.122609292
108.8594,5,10:08:48.140655035
108.8594,5,10:08:48.159606079
108.8594,5,10:08:48.176767264
108.8594,5,10:08:48.193592794
108.8594,5,10:08:48.211680259
108.8594,5,10:08:48.232236399
108.8594,5,10:08:48.252888984
108.8594,5,10:08:48.271905720
108.8594,4,10:08:48.291922447
108.8594,1,10:08:48.295177226
108.8594,10,10:08:50.436319064
108.8594,6,10:08:54.238503954
108.8594,11,10:09:04.228510745
108.875,1,10:09:08.116586409
108.8594,2,10:09:09.527806209
108.8594,6,10:09:11.688793933
108.875,1,10:09:12.062432152
108.8594,623,10:09:14.216732211
108.8594,1,10:09:14.217277876
108.8594,1,10:09:14.218002352
108.8594,4,10:09:14.218883813
108.8594,1,10:09:14.219715118
108.8594,1,10:09:14.220826126
108.8594,1,10:09:14.220974709
108.8594,50,10:09:14.225222106
108.8594,50,10:09:14.225633616
108.8594,1,10:09:14.226076220
108.8594,1,10:09:14.226099686
108.8594,32,10:09:14.226303581
108.8594,2,10:09:14.226391105
108.8594,10,10:09:14.226508984
108.8594,50,10:09:14.226552934
108.8594,1,10:09:14.226768915
108.8594,50,10:09:14.227000632
108.8594,4,10:09:14.227079584
108.8594,820,10:09:14.227909182
108.8594,7,10:09:14.228633320
108.8594,40,10:09:14.228711591
108.8594,1,10:09:14.230041663
108.8594,9,10:09:14.230464043
108.8594,6,10:09:14.231201232
108.8594,52,10:09:14.231345961
108.8594,30,10:09:14.231418098
108.8594,7,10:09:14.231465932
108.8594,25,10:09:14.231579506
108.8594,9,10:09:14.231635414
108.8594,1,10:09:14.231820003
108.8594,7,10:09:14.232112582
108.8594,203,10:09:14.232370968
108.8594,14,10:09:14.232806406
108.8594,160,10:09:14.232915190
108.8594,1,10:09:14.232957139
108.8594,7,10:09:14.233030809
108.8594,7,10:09:14.233088943
108.8594,14,10:09:14.233363420
108.8594,2,10:09:14.233473284
108.8594,17,10:09:14.233869788
108.8594,5,10:09:14.233971183
108.8594,3,10:09:14.233983714
108.8594,2,10:09:14.234117605
108.8594,5,10:09:14.234176867
108.8594,2,10:09:14.235036587
108.8594,1,10:09:14.235072721
108.8594,2,10:09:14.235130707
108.8594,1,10:09:14.235252370
108.8594,44,10:09:14.235418481
108.8594,1,10:09:14.235469670
108.8594,3,10:09:14.235892396
108.8594,2,10:09:14.238674746
108.8594,20,10:09:14.239016356
108.8594,28,10:09:14.239274355
108.8594,1,10:09:14.239788116
108.8594,1,10:09:14.241362877
108.8594,1,10:09:14.241395207
108.8594,1,10:09:14.241426178
108.8594,21,10:09:14.241456204
108.8594,12,10:09:14.244450175
108.8594,62,10:09:14.245062942
108.8594,61,10:09:14.245354836
108.8594,1,10:09:14.246548299
108.8594,7,10:09:14.246992002
108.8594,2,10:09:14.247113032
108.8594,1,10:09:14.247556772
108.8594,1,10:09:14.247579889
108.8594,52,10:09:14.247664899
108.8594,8,10:09:14.247683135
108.8594,7,10:09:14.247711330
108.8594,1,10:09:14.247751222
108.8594,1,10:09:14.247770298
108.8594,1,10:09:14.247787099
108.8594,1,10:09:14.247822566
108.8594,1,10:09:14.247845312
108.8594,1,10:09:14.247904401
108.8594,1,10:09:14.247924488
108.8594,1,10:09:14.247943590
108.8594,1,10:09:14.247966354
108.8594,1,10:09:14.247986563
108.8594,1,10:09:14.248009290
108.8594,1,10:09:14.248032349
108.8594,1,10:09:14.248052075
108.8594,1,10:09:14.248083057
108.8594,1,10:09:14.248101736
108.8594,1,10:09:14.248127653
108.8594,1,10:09:14.248147955
108.8594,1,10:09:14.248167712
108.8594,1,10:09:14.248203329
108.8594,1,10:09:14.248228289
108.8594,1,10:09:14.248271045
108.8594,4,10:09:14.248580798
108.8594,5,10:09:14.248905025
108.8594,10,10:09:14.248927811
108.8594,1,10:09:14.249101132
108.8594,20,10:09:14.249139709
108.8594,5,10:09:14.249173975
108.8594,5,10:09:14.249213219
108.8594,1,10:09:14.249313540
108.8594,5,10:09:14.249335662
108.8594,1,10:09:14.249364008
108.8594,1,10:09:14.249399650
108.8594,5,10:09:14.249424678
108.8594,1,10:09:14.249447869
108.8594,1,10:09:14.249471537
108.8594,1,10:09:14.250116129
108.8594,1,10:09:14.250140385
108.8594,2,10:09:14.251354295
108.8594,1,10:09:14.251490870
108.8594,1,10:09:14.251527121
108.8594,1,10:09:14.251653098
108.8594,1,10:09:14.252377503
108.8594,23,10:09:14.252404153
108.8594,1,10:09:14.252600438
108.8594,1,10:09:14.253131195
108.8594,2,10:09:14.253777746
108.8594,41,10:09:14.253798238
108.8594,1,10:09:14.254118219
108.8594,1,10:09:14.254195584
108.8594,1,10:09:14.254301410
108.8594,1,10:09:14.254836445
108.8594,1,10:09:14.254861402
108.8594,1,10:09:14.255102930
108.8594,6,10:09:14.279391311
108.8594,18,10:09:14.279679679
108.8594,1,10:09:14.279920964
108.8594,1,10:09:14.280024613
108.8594,46,10:09:14.280408938
108.8594,7,10:09:14.280600974
108.8594,7,10:09:14.280793657
108.8594,36,10:09:14.281053821
108.8594,1,10:09:14.281280021
108.8594,1,10:09:14.281304678
108.8594,1,10:09:14.281332333
108.8594,1,10:09:14.281355191
108.8594,1,10:09:14.281693841
108.8594,1,10:09:14.281978701
108.8594,66,10:09:14.282233823
108.8594,1,10:09:14.282537973
108.8594,1,10:09:14.283779803
108.8594,15,10:09:14.284375428
108.8594,7,10:09:14.284397140
108.8594,187,10:09:14.285692872
108.8594,1,10:09:14.285727180
108.8594,1,10:09:14.285768816
108.8594,1,10:09:14.285788042
108.8594,1,10:09:14.286165218
108.8594,1,10:09:14.286576372
108.8594,1,10:09:14.287012803
108.8594,5,10:09:14.287041699
108.8594,1,10:09:14.287066423
108.8594,54,10:09:14.287168514
108.8594,1,10:09:14.287544554
108.8594,1,10:09:14.288086856
108.8594,1,10:09:14.288126786
108.8594,1,10:09:14.288148256
108.8594,1,10:09:14.288254373
108.8594,25,10:09:14.288375621
108.8594,1,10:09:14.288690859
108.8594,1,10:09:14.288713592
108.8594,1,10:09:14.289187343
108.8594,1,10:09:14.289580762
108.8594,20,10:09:14.290238378
108.8594,1,10:09:14.290830592
108.8594,1,10:09:14.290867546
108.8594,3,10:09:14.290916648
108.8594,1,10:09:14.290995808
108.8594,1,10:09:14.291570453
108.8594,1,10:09:14.291722139
108.8594,1,10:09:14.292654052
108.8594,126,10:09:14.294712763
108.8594,39,10:09:14.301504740
108.8594,50,10:09:14.301687754
108.8594,1,10:09:14.304063498
108.8594,1,10:09:14.305126794
108.8594,42,10:09:14.306389222
108.8594,84,10:09:14.306738579
108.8594,28,10:09:14.306803951
108.8594,1,10:09:14.307068820
108.8594,1,10:09:14.307103278
108.8594,1,10:09:14.318043691
108.8594,130,10:09:14.327240606
108.8594,1,10:09:14.327517546
108.8594,3,10:09:14.338726063
108.8438,51,10:09:20.241057843
108.8594,1,10:09:20.905664011
108.8594,1,10:09:27.822219572
108.8594,1,10:09:38.034118772
108.8438,1,10:09:40.524997954
108.8438,10,10:09:47.772037688
108.8594,14,10:09:48.854075716
108.8594,971,10:09:51.586475051
108.8594,5,10:09:51.588778960
108.8594,50,10:09:51.600124084
108.8594,1,10:09:51.601516033
108.8594,5,10:09:51.601665799
108.8594,100,10:09:51.601746360
108.8594,15,10:09:51.601827123
108.8594,1,10:09:51.602095635
108.8594,6,10:09:51.602121399
108.8594,1,10:09:51.602182069
108.8594,10,10:09:51.602226047
108.8594,52,10:09:51.602275415
108.8594,1,10:09:51.602319694
108.8594,2,10:09:51.602371516
108.8594,18,10:09:51.602424879
108.8594,1,10:09:51.603375936
108.8594,2,10:09:51.604057796
108.8594,21,10:09:51.606841209
108.8594,3,10:09:55.607428188
108.8594,2,10:09:55.622270899
108.8594,3,10:09:55.688541251
108.8594,1,10:09:55.805415259
108.8594,1,10:09:55.871021584
108.8438,10,10:10:00.885819412
108.8594,50,10:10:13.737795346
108.8594,34,10:10:14.265776452
108.8594,1,10:10:14.937146844
108.8594,12,10:10:23.264225689
108.8594,2,10:10:27.062896681
108.8594,10,10:10:28.981299761
108.8594,1,10:10:28.981831909
108.8594,2,10:10:28.982738434
108.8594,30,10:10:28.983068831
108.8594,14,10:10:28.983117238
108.8594,1,10:10:28.983184702
108.8594,1,10:10:28.983638378
108.8594,330,10:10:28.983784374
108.8594,1,10:10:28.984313630
108.8594,119,10:10:28.984437530
108.8594,1,10:10:28.984668165
108.8594,1,10:10:28.984683081
108.8594,1,10:10:28.984921047
108.8594,5,10:10:28.984965240
108.8594,1,10:10:28.985339267
108.8594,2,10:10:28.985367072
108.8594,1,10:10:28.985433618
108.8594,100,10:10:28.985804095
108.8594,3,10:10:28.985844278
108.8594,7,10:10:28.987776737
108.8594,29,10:10:28.989056954
108.8594,1,10:10:28.992386948
108.8594,4,10:10:28.992483606
108.8594,9,10:10:28.993149536
108.8594,1,10:10:28.994756542
108.875,47,10:10:33.102746945
108.8594,10,10:10:38.419566255
108.8594,1313,10:10:40.075786412
108.8594,59,10:10:40.088218889
108.8594,5,10:10:40.088371260
108.8594,1,10:10:40.088405251
108.8594,11,10:10:40.088573495
108.8594,87,10:10:40.093723616
108.8594,22,10:10:40.093758815
108.8594,3,10:10:40.358176793
108.8594,1,10:10:41.039955173
108.8438,294,10:10:42.519717709
108.8594,568,10:10:42.927393206
108.8594,1,10:10:42.928459415
108.8594,1,10:10:42.929260052
108.8594,1291,10:10:42.931215583
108.8594,2,10:10:42.932501692
108.8594,2,10:10:42.932535935
108.8594,2,10:10:42.932563824
108.8594,2,10:10:42.932589050
108.8594,52,10:10:42.932701209
108.8594,21,10:10:42.933152712
108.8594,3,10:10:42.933397069
108.8594,20,10:10:42.933432645
108.8594,3,10:10:42.933466245
108.8594,2,10:10:42.933501263
108.8594,1,10:10:42.934363575
108.8594,68,10:10:42.934583084
108.8594,1,10:10:42.938132404
108.8594,29,10:10:42.938677663
108.8594,2,10:10:42.939426247
108.8594,2,10:10:42.939443032
108.8594,2,10:10:42.939632213
108.8594,2,10:10:42.939652658
108.8594,14,10:10:42.940093871
108.8594,1,10:10:42.940279339
108.8594,5,10:10:42.940380692
108.8594,2,10:10:42.940515738
108.8594,29,10:10:42.941015979
108.8594,2,10:10:42.942302187
108.8594,1,10:10:42.942333973
108.8594,2,10:10:42.942521593
108.8594,29,10:10:42.942568570
108.8594,2,10:10:42.943250760
108.8594,1,10:10:42.945365960
108.8594,1,10:10:42.945737684
108.8594,1,10:10:42.946250827
108.8594,1,10:10:42.946608245
108.8594,1,10:10:42.947209781
108.8594,3,10:10:42.947649801
108.8594,9,10:10:42.947671896
108.8594,52,10:10:42.947756851
108.8594,52,10:10:42.947891954
108.8594,1,10:10:42.948007505
108.8594,10,10:10:42.948046313
108.8594,3,10:10:42.948080697
108.8594,1,10:10:42.948242710
108.8594,212,10:10:42.948616654
108.8594,2,10:10:42.948882730
108.8594,8,10:10:42.949709383
108.8594,1,10:10:42.949759954
108.8594,1,10:10:42.950090312
108.8594,1,10:10:42.950398293
108.8594,1,10:10:42.950522622
108.8594,1,10:10:42.950542814
108.8594,1,10:10:42.950836193
108.8594,1,10:10:42.951703682
108.8594,6,10:10:42.955032761
108.8594,50,10:10:43.826324006
108.8594,1,10:10:45.665764456
108.8594,1,10:10:45.839611944
108.8594,1,10:10:57.111283378
108.8594,1,10:10:57.170160718
108.8438,391,10:11:02.134965817
108.8594,50,10:11:02.464604063
108.8594,50,10:11:10.075325622
108.8438,156,10:11:11.460329669
108.8594,50,10:11:13.372077173
108.8594,34,10:11:16.986916876
108.8438,110,10:11:20.478139751
108.8594,2,10:11:27.080145120
108.8438,7,10:11:29.491418141
108.8438,83,10:11:29.726713480
108.8594,29,10:11:39.062232215
108.8594,1,10:11:39.605507798
108.8594,13,10:11:40.545322646
108.8594,1,10:11:41.039335095
108.8438,10,10:11:47.652063977
108.8438,47,10:11:49.238685398
108.8594,44,10:11:55.441583367
108.8594,1,10:11:55.446293828
108.8438,47,10:11:59.018620571
108.8594,1,10:12:03.171494503
108.8594,1,10:12:05.809220514
108.8594,1,10:12:05.811743912
108.8594,4,10:12:05.816812712
108.8438,11,10:12:05.838219376
108.8438,38,10:12:08.763587767
108.8594,2,10:12:14.216379853
108.8594,1,10:12:14.231211380
108.8594,1,10:12:14.297467556
108.8594,1,10:12:14.475860691
108.8594,30,10:12:20.840515819
108.8594,12,10:12:20.928676829
108.8438,6,10:12:23.638768819
108.8438,9,10:12:23.974768680
108.8438,23,10:12:28.126619378
108.8438,5,10:12:30.629098531
108.8594,1,10:12:35.074743032
108.8594,44,10:12:38.113851377
108.8438,24,10:12:40.723213951
108.8438,1,10:12:40.726217055
108.8594,1,10:12:41.048187660
108.8438,6,10:12:41.088602662
108.8438,10,10:12:42.135685047
108.8594,14,10:12:58.205276120
108.8594,1,10:12:58.205578402
108.8438,6,10:12:58.538882166
108.8438,11,10:13:00.321169118
108.8594,1,10:13:01.971532058
108.8594,43,10:13:02.708609492
108.8594,2,10:13:09.432931776
108.8594,1447,10:13:10.497644090
108.8594,1,10:13:10.509762446
108.8594,1,10:13:10.512983454
108.8594,13,10:13:10.514691105
108.8594,2,10:13:10.517780911
108.8594,4,10:13:10.521124006
108.8594,24,10:13:10.525674449
108.8594,8,10:13:11.002929397
108.875,10,10:18:27.194609289
108.875,1,10:18:30.088746745
108.8906,1,10:18:31.606292004
108.8906,12,10:18:33.834309477
108.8906,4,10:18:40.241716567
108.8906,52,10:18:40.252310626
108.8906,15,10:18:40.252714830
108.8906,1,10:18:40.252902994
108.8906,2,10:18:40.254256970
108.8906,4,10:18:40.255164245
108.8906,9,10:18:40.255219396
108.8906,2,10:18:40.255418148
108.8906,3,10:18:40.255484134
108.8906,30,10:18:40.256440441
108.8906,15,10:18:40.257658235
108.8906,40,10:18:40.258217456
108.8906,219,10:18:40.259207389
108.8906,38,10:18:40.259496406
108.8906,100,10:18:40.259544798
108.8906,15,10:18:40.259544798
108.8906,847,10:18:40.259998942
108.8906,2,10:18:40.261430308
108.8906,1,10:18:40.261472731
108.8906,104,10:18:40.261612785
108.8906,18,10:18:40.262836772
108.8906,10,10:18:40.265596993
108.8906,324,10:18:40.265799427
108.8906,878,10:18:40.270010580
108.9063,622,10:18:40.270010580
108.9063,1,10:18:40.270811873
108.9063,19,10:18:40.290110668
108.9063,5,10:18:40.296310979
108.9063,50,10:18:40.307122050
108.9063,33,10:18:40.307335041
108.9063,5,10:18:40.308860556
108.9063,3,10:18:40.308941656
108.9063,50,10:18:40.309126913
108.9063,2,10:18:40.309608987
108.9063,2,10:18:40.309682560
108.9063,3,10:18:40.309682560
108.9063,3,10:18:40.309727370
108.9063,3,10:18:40.309769560
108.9063,2,10:18:40.309932088
108.9063,12,10:18:40.310262620
108.9063,12,10:18:40.310326522
108.9063,2,10:18:40.310499789
108.9063,2,10:18:40.310548472
108.9063,2,10:18:40.310646621
108.9063,17,10:18:40.310798819
108.9063,1391,10:18:40.311953399
108.9063,1,10:18:40.318787617
108.9063,1,10:18:40.319692077
108.9063,3,10:18:40.322339797
108.9063,3,10:18:40.322354742
108.9063,2,10:18:40.322421555
108.9063,6,10:18:40.323163916
108.9063,1,10:18:40.323715706
108.9063,26,10:18:40.323814518
108.9063,2,10:18:40.330077847
108.9063,2,10:18:40.330218682
108.9063,3,10:18:40.332446836
108.9063,1,10:18:40.334038814
108.9063,2,10:18:40.335232684
108.9063,1,10:18:40.337822807
108.9063,50,10:18:40.337903548
108.9063,1,10:18:40.337951725
108.9063,33,10:18:40.338008256
108.9063,1,10:18:40.338582880
108.9063,1,10:18:40.338606137
108.9063,1,10:18:40.338623252
108.9063,1,10:18:40.338644826
108.9063,1,10:18:40.338667784
108.9063,1,10:18:40.338689173
108.9063,1,10:18:40.338707250
108.9063,1,10:18:40.338728117
108.9063,1,10:18:40.338745360
108.9063,1,10:18:40.338762854
108.9063,1,10:18:40.338783933
108.9063,1,10:18:40.338802116
108.9063,1,10:18:40.338823915
108.9063,1,10:18:40.338839643
108.9063,1,10:18:40.338858716
108.9063,1,10:18:40.338886530
108.9063,1,10:18:40.338908297
108.9063,50,10:18:40.338924854
108.9063,50,10:18:40.338950400
108.9063,1,10:18:40.338970414
108.9063,23,10:18:40.338990264
108.9063,1,10:18:40.339012642
108.9063,1,10:18:40.339033474
108.9063,1,10:18:40.339057263
108.9063,1,10:18:40.339079468
108.9063,19,10:18:40.339096451
108.9063,1,10:18:40.339209772
108.9063,50,10:18:40.339251168
108.9063,2,10:18:40.339397306
108.9063,2,10:18:40.339419716
108.9063,2,10:18:40.339452984
108.9063,3,10:18:40.339512649
108.9063,54,10:18:40.339635375
108.9063,1,10:18:40.339761627
108.9063,26,10:18:40.339858303
108.9063,2,10:18:40.341581855
108.9063,6,10:18:40.346393545
108.9063,1,10:18:40.346651069
108.9063,51,10:18:40.346670811
108.9063,64,10:18:40.346716621
108.9063,50,10:18:40.346746750
108.9063,9,10:18:40.346773109
108.9063,1,10:18:40.347124892
108.9063,1,10:18:40.347157827
108.9063,2,10:18:40.348895935
108.9063,6,10:18:40.348918307
108.9063,1,10:18:40.348960167
108.9063,1,10:18:40.349015234
108.9063,17,10:18:40.349274695
108.9063,56,10:18:40.349304359
108.9063,8,10:18:40.349461019
108.9063,4,10:18:40.349479445
108.9063,1,10:18:40.349808053
108.9063,1,10:18:40.349825490
108.9063,19,10:18:40.349908477
108.9063,1,10:18:40.349966879
108.9063,1,10:18:40.350248852
108.9063,8,10:18:40.350419441
108.9063,16,10:18:40.350581025
108.9063,31,10:18:40.351101366
108.9063,1,10:18:40.351615961
108.9063,38,10:18:40.354711723
108.9063,86,10:18:40.355859464
108.9063,35,10:18:40.356288254
108.9063,93,10:18:40.356977637
108.9063,1,10:18:40.357385758
108.9063,2,10:18:40.358626003
108.9063,9,10:18:40.359216018
108.9063,2,10:18:40.364229260
108.9063,104,10:18:40.365438934
108.9063,2,10:18:40.366355349
108.9219,2,10:18:40.366529404
108.9219,1,10:18:40.366539667
108.9219,1,10:18:40.366551846
108.9063,1,10:18:40.366847913
108.9063,1,10:18:40.367147077
108.9063,1,10:18:40.367826712
108.9063,2,10:18:40.368471424
108.9063,1,10:18:40.368509412
108.9063,1,10:18:40.368833179
108.9063,2,10:18:40.370561418
108.9063,2,10:18:40.372417644
108.9063,24,10:18:40.372673931
108.9063,2,10:18:40.373571392
108.9063,1,10:18:40.375301293
108.9063,1,10:18:40.375542437
108.9063,2,10:18:40.379641486
108.9063,2,10:18:40.380015253
108.9063,2,10:18:40.380498034
108.9063,2,10:18:40.380744890
108.9063,2,10:18:40.381056625
108.9063,1,10:18:40.385702424
108.9063,3,10:18:40.385775177
108.9219,6,10:18:40.451974261
108.9219,1,10:18:40.452000966
108.9219,1,10:18:40.845223015
108.9219,1,10:18:40.850841388
108.9219,2,10:18:40.932894662
108.9219,31,10:18:42.283888292
108.9219,24,10:18:43.012663862
108.9219,3,10:18:43.910926499
108.9219,1,10:18:43.910999220
108.9219,30,10:18:43.911357387
108.9219,2,10:18:43.911588730
108.9219,2,10:18:43.911728710
108.9219,1,10:18:43.911746308
108.9219,3,10:18:43.911813071
108.9219,65,10:18:43.912276939
108.9219,1,10:18:43.912369920
108.9219,30,10:18:43.912369920
108.9219,1,10:18:43.912424574
108.9219,3,10:18:43.912755397
108.9219,1,10:18:43.912787919
108.9219,255,10:18:43.913125257
108.9219,1,10:18:43.913459024
108.9219,3,10:18:43.913488647
108.9219,1,10:18:43.913517029
108.9219,3,10:18:43.913539893
108.9219,1,10:18:43.913596835
108.9219,1,10:18:43.913636653
108.9219,1,10:18:43.913666815
108.9219,1,10:18:43.913787194
108.9219,30,10:18:43.913844491
108.9219,32,10:18:43.914317896
108.9219,1,10:18:43.914337368
108.9219,1,10:18:43.914359752
108.9219,1,10:18:43.914380690
108.9219,1,10:18:43.914399257
108.9219,50,10:18:43.914424365
108.9219,14,10:18:43.914856212
108.9219,1,10:18:43.914903674
108.9219,1,10:18:43.914926865
108.9219,1,10:18:43.914997112
108.9219,1,10:18:43.915043907
108.9219,1,10:18:43.915088769
108.9219,1,10:18:43.915139768
108.9219,1,10:18:43.915171228
108.9219,1,10:18:43.915240573
108.9219,1,10:18:43.915289566
108.9219,1,10:18:43.915362963
108.9219,36,10:18:43.915585752
108.9219,1,10:18:43.915843993
108.9219,4,10:18:43.915902820
108.9219,80,10:18:43.916099928
108.9219,4,10:18:43.916274860
108.9219,5,10:18:43.916301168
108.9219,1,10:18:43.916328806
108.9219,1,10:18:43.916388107
108.9219,2,10:18:43.916433580
108.9219,1,10:18:43.916495811
108.9219,2,10:18:43.916524916
108.9219,1,10:18:43.916548190
108.9219,1,10:18:43.916591724
108.9219,9,10:18:43.916631964
108.9219,9,10:18:43.916656442
108.9219,3,10:18:43.916702250
108.9219,5,10:18:43.916739083
108.9219,1,10:18:43.916817347
108.9219,2,10:18:43.916817347
108.9219,10,10:18:43.916828996
108.9219,2,10:18:43.916876161
108.9219,3,10:18:43.916955727
108.9219,1,10:18:43.917002506
108.9219,1,10:18:43.917114329
108.9219,1,10:18:43.917480186
108.9219,30,10:18:43.917505614
108.9219,9,10:18:43.917577532
108.9219,1,10:18:43.917612807
108.9219,2,10:18:43.917635393
108.9219,3,10:18:43.917657176
108.9219,2,10:18:43.917704834
108.9219,3,10:18:43.917731443
108.9219,2,10:18:43.917771091
108.9219,2,10:18:43.917792570
108.9219,2,10:18:43.917835847
108.9219,1,10:18:43.917864271
108.9219,9,10:18:43.917906159
108.9219,1,10:18:43.918012194
108.9219,1,10:18:43.918178939
108.9219,1,10:18:43.918253911
108.9219,1,10:18:43.918288697
108.9219,1,10:18:43.918338724
108.9219,1,10:18:43.918371913
108.9219,1,10:18:43.918414832
108.9219,1,10:18:43.918441492
108.9219,1,10:18:43.918492338
108.9219,1,10:18:43.918673484
108.9219,1,10:18:43.918784046
108.9219,1,10:18:43.918822860
108.9219,1,10:18:43.918868163
108.9219,1,10:18:43.918905188
108.9219,1,10:18:43.918938865
108.9219,236,10:18:43.919379665
108.9219,1,10:18:43.919888251
108.9219,1,10:18:43.919911243
108.9219,1,10:18:43.919942329
108.9219,1,10:18:43.919961862
108.9219,1,10:18:43.919993389
108.9219,1,10:18:43.920022350
108.9219,1,10:18:43.920090873
108.9219,1,10:18:43.920115481
108.9219,1,10:18:43.920138899
108.9219,1,10:18:43.920169687
108.9219,1,10:18:43.920199025
108.9219,1,10:18:43.920227141
108.9219,1,10:18:43.920251592
108.9219,1,10:18:43.920283443
108.9219,1,10:18:43.920312266
108.9219,24,10:18:43.920386033
108.9219,1,10:18:43.920408443
108.9219,16,10:18:43.920565502
108.9219,1,10:18:43.920715109
108.9219,1,10:18:43.921438887
108.9219,6,10:18:43.921490309
108.9219,143,10:18:43.921573920
108.9219,1,10:18:43.921718067
108.9219,1,10:18:43.922437576
108.9219,1,10:18:43.923300665
108.9219,1,10:18:43.923434341
108.9219,1,10:18:43.923560171
108.9219,52,10:18:43.923585804
108.9219,2,10:18:43.923627900
108.9219,7,10:18:43.923640915
108.9219,1,10:18:43.923774796
108.9219,1,10:18:43.923806148
108.9219,1,10:18:43.923833230
108.9219,1,10:18:43.923868402
108.9219,1,10:18:43.923921465
108.9219,1,10:18:43.923953485
108.9219,1,10:18:43.924242784
108.9219,1,10:18:43.924289687
108.9219,20,10:18:43.924340760
108.9219,1,10:18:43.924364904
108.9219,35,10:18:43.924514865
108.9219,3,10:18:43.924621047
108.9219,4,10:18:43.925058416
108.9219,5,10:18:43.925852253
108.9219,1,10:18:43.926035242
108.9219,4,10:18:43.926101010
108.9219,20,10:18:43.926520586
108.9219,3,10:18:43.926746002
108.9219,63,10:18:43.926934844
108.9219,76,10:18:43.927030177
108.9219,7,10:18:43.927066927
108.9219,3,10:18:43.927096300
108.9219,1,10:18:43.927113136
108.9219,44,10:18:43.927130390
108.9219,8,10:18:43.927164029
108.9219,30,10:18:43.927184373
108.9219,2,10:18:43.927230764
108.9219,3,10:18:43.927288022
108.9219,1,10:18:43.927323665
108.9219,45,10:18:43.927346240
108.9219,1,10:18:43.927380488
108.9219,1,10:18:43.927443216
108.9219,44,10:18:43.927554946
108.9219,1,10:18:43.927629696
108.9219,52,10:18:43.927730643
108.9219,6,10:18:43.927755053
108.9219,48,10:18:43.927786945
108.9219,1,10:18:43.928219276
108.9219,1,10:18:43.928304107
108.9219,1,10:18:43.928379427
108.9219,3,10:18:43.928558221
108.9219,5,10:18:43.928932212
108.9219,16,10:18:43.929365447
108.9219,1,10:18:43.929493324
108.9219,1,10:18:43.929525440
108.9219,7,10:18:43.929545265
108.9219,1,10:18:43.929585211
108.9219,1,10:18:43.929688496
108.9219,1,10:18:43.929758929
108.9219,45,10:18:43.929777656
108.9219,35,10:18:43.929881995
108.9219,10,10:18:43.929921271
108.9219,1,10:18:43.930213400
108.9219,5,10:18:43.930260124
108.9219,1,10:18:43.930926159
108.9219,1,10:18:43.930997704
108.9219,17,10:18:43.931026530
108.9219,50,10:18:43.931139790
108.9219,1,10:18:43.931339672
108.9219,1,10:18:43.931423312
108.9219,5,10:18:43.931447617
108.9219,7,10:18:43.931565068
108.9219,1,10:18:43.931650763
108.9219,1,10:18:43.931862684
108.9219,52,10:18:43.932296738
108.9219,5,10:18:43.932565162
108.9219,1,10:18:43.932966479
108.9219,45,10:18:43.932996246
108.9219,29,10:18:43.933095960
108.9219,1,10:18:43.933488938
108.9219,1,10:18:43.933550392
108.9219,1,10:18:43.933576424
108.9219,50,10:18:43.933650394
108.9219,50,10:18:43.933853168
108.9219,13,10:18:43.934005150
108.9219,3,10:18:43.934091529
108.9219,1,10:18:43.934117433
108.9219,2,10:18:43.934297482
108.9219,1,10:18:43.934348657
108.9219,3,10:18:43.934519288
108.9219,18,10:18:43.934583147
108.9219,16,10:18:43.934626516
108.9219,1,10:18:43.935197490
108.9219,1,10:18:43.935285850
108.9219,1,10:18:43.935522668
108.9219,8,10:18:43.935620795
108.9219,1,10:18:43.936018777
108.9219,1,10:18:43.936535914
108.9219,1,10:18:43.936910786
108.9219,1,10:18:43.937250626
108.9219,1,10:18:43.938067855
108.9219,2,10:18:43.938095145
108.9219,9,10:18:43.940753046
108.9219,27,10:18:44.007292158
108.9219,28,10:18:44.007318245
108.9219,1,10:18:44.007534192
108.9219,1,10:18:44.061930036
108.9219,15,10:18:44.063975888
108.9219,1,10:18:44.064224028
108.9219,15,10:18:44.067003817
108.9219,15,10:18:44.070982055
108.9219,15,10:18:44.074870233
108.9219,15,10:18:44.078080550
108.9219,15,10:18:44.081868713
108.9219,15,10:18:44.084932825
108.9219,11,10:18:44.087974461
108.9063,300,10:18:44.600257882
108.9219,1,10:18:44.827226522
108.9219,3,10:18:45.079026607
108.9063,6,10:18:46.271191421
108.9063,6,10:18:46.429164262
108.9063,6,10:18:46.458147393
108.9219,7,10:18:46.719448394
108.9063,6,10:18:46.761342557
108.9063,6,10:18:49.101666765
108.9063,33,10:18:50.063040780
108.9063,1,10:18:50.079042769
108.9063,59,10:18:50.079842843
108.9063,1,10:18:50.086514747
108.9063,1,10:18:50.086566274
108.9063,8,10:18:50.086787637
108.9063,300,10:18:50.087693628
108.9063,150,10:18:50.087763262
108.9063,5,10:18:50.088263006
108.9063,4,10:18:50.088704948
108.9063,3,10:18:50.090614302
108.9063,1,10:18:50.095908856
108.9063,19,10:18:50.095934744
108.9063,1,10:18:50.096097730
108.9063,1,10:18:50.096115048
108.9063,10,10:18:50.097146797
108.9063,8,10:18:50.097375257
108.9063,664,10:18:50.097573111
108.9063,3,10:18:50.098960579
108.9063,2,10:18:50.099098175
108.9063,112,10:18:50.101784072
108.9063,1,10:18:50.102114649
108.9063,1,10:18:50.102223649
108.9063,19,10:18:50.102254629
108.9063,20,10:18:50.104197088
108.9063,1,10:18:50.104224566
108.9063,1,10:18:50.104246023
108.9063,14,10:18:50.104402141
108.9063,16,10:18:50.104531917
108.9063,2,10:18:50.104555715
108.9063,1,10:18:50.104699939
108.9063,1,10:18:50.104922673
108.9063,20,10:18:50.104940219
108.9063,1,10:18:50.104998390
108.9063,70,10:18:50.105041014
108.9063,5,10:18:50.105142008
108.9063,7,10:18:50.105267051
108.9063,80,10:18:50.105442226
108.9063,1,10:18:50.105701529
108.9063,1,10:18:50.105770529
108.9063,1,10:18:50.105791980
108.9063,1,10:18:50.105849655
108.9063,3,10:18:50.108715108
108.9063,1,10:18:50.108733057
108.9063,1,10:18:50.110857225
108.9063,1,10:18:50.111209322
108.9063,1,10:18:50.111226890
108.9063,1,10:18:50.111245572
108.9063,1,10:18:50.111267627
108.9063,1,10:18:50.111394304
108.9063,2,10:18:50.111613928
108.9063,1,10:18:50.111649001
108.9063,6,10:18:50.315318560
108.9219,147,10:18:51.008367190
108.9219,200,10:18:52.048931843
108.9219,4,10:18:52.049898301
108.9219,3,10:18:52.376604216
108.9219,2,10:18:53.602147340
108.9219,1,10:18:53.616591388
108.9063,7,10:18:54.998896201
108.9063,6,10:18:55.035078139
108.9063,6,10:18:55.060884096
108.9063,6,10:18:55.089848036
108.9063,6,10:18:55.114871369
108.9063,6,10:18:55.143894718
108.9063,6,10:18:55.172927783
108.9063,6,10:18:55.208943094
108.9063,6,10:18:55.255966114
108.9063,6,10:18:55.282949228
108.9063,6,10:18:55.314027491
108.9063,6,10:18:55.347024976
108.9063,7,10:18:55.373986821
108.9063,6,10:18:55.402007625
108.9063,6,10:18:55.430025324
108.9063,6,10:18:55.457034336
108.9063,6,10:18:55.486034873
108.9063,6,10:18:55.514079729
108.9063,6,10:18:55.543110039
108.9063,6,10:18:55.578093140
108.9063,6,10:18:55.609142022
108.9063,6,10:18:55.638140670
108.9063,6,10:18:55.670160829
108.9063,5,10:18:55.718185806
108.9063,7,10:18:57.351113534
108.9063,7,10:18:57.384101373
108.9063,6,10:18:57.414122359
108.9063,6,10:18:57.445135591
108.9063,4,10:18:57.490189951
108.9063,2,10:18:57.497137797
108.9063,6,10:18:57.519239976
108.9063,6,10:18:57.546163609
108.9063,6,10:18:57.572246246
108.9063,6,10:18:57.601184160
108.9063,6,10:18:57.630224137
108.9063,6,10:18:57.659234637
108.9063,6,10:18:57.687232612
108.9063,6,10:18:57.714256078
108.9063,7,10:18:57.739288383
108.9063,6,10:18:57.766319148
108.9063,6,10:18:57.799374727
108.9063,6,10:18:57.828340115
108.9063,6,10:18:57.907568615
108.9063,6,10:18:57.935448207
108.9063,6,10:18:57.964428618
108.9219,3,10:19:05.157038919
108.9219,3,10:19:05.171928867
108.9219,3,10:19:05.316054621
108.9219,1,10:19:05.379899129
108.9219,1,10:19:05.505392534
108.9063,1500,10:19:07.288895774
108.9063,3,10:19:07.291922365
108.9063,1,10:19:07.291988030
108.9063,1,10:19:07.292201664
108.9063,9,10:19:07.292512848
108.9063,1,10:19:07.292610479
108.9063,4,10:19:07.292706707
108.9063,20,10:19:07.293055438
108.9063,5,10:19:07.293184048
108.9063,41,10:19:07.293237569
108.9063,4,10:19:07.293318832
108.9063,1,10:19:07.293344762
108.9063,9,10:19:07.293382602
108.9063,20,10:19:07.293437698
108.9063,18,10:19:07.293496307
108.9063,17,10:19:07.293614655
108.9063,15,10:19:07.293679834
108.9063,1,10:19:07.294096585
108.9063,10,10:19:07.294244275
108.9063,14,10:19:07.294732192
108.9063,7,10:19:07.295865446
108.9063,2,10:19:07.296244404
108.9063,106,10:19:07.296314860
108.9063,14,10:19:07.296741704
108.9063,1,10:19:07.297611030
108.9063,1,10:19:07.297732950
108.9063,1,10:19:07.297857819
108.9063,1,10:19:07.297939751
108.9063,31,10:19:07.297989156
108.9063,1,10:19:07.298033992
108.9063,10,10:19:07.298263709
108.9063,1,10:19:07.298495199
108.9063,1,10:19:07.298863696
108.9063,1,10:19:07.299058900
108.9063,17,10:19:07.299564523
108.9063,1,10:19:07.299699757
108.9063,3,10:19:07.299837264
108.9063,1,10:19:07.299871537
108.9063,5,10:19:07.300064885
108.9063,1,10:19:07.300441909
108.9063,10,10:19:07.300468413
108.9063,2,10:19:07.300516974
108.9063,1,10:19:07.300628115
108.9063,1,10:19:07.301253526
108.9063,1,10:19:07.301333390
108.9063,1,10:19:07.303388734
108.9063,17,10:19:07.387678636
108.9063,18,10:19:07.393627329
108.9063,17,10:19:07.397666392
108.9063,17,10:19:07.401639528
108.9063,18,10:19:07.405617589
108.9063,17,10:19:07.409653491
108.9063,18,10:19:07.413678103
108.9063,17,10:19:07.416682225
108.9063,1,10:19:07.425485906
108.9063,17,10:19:07.433610156
108.9063,18,10:19:07.437603110
108.9063,17,10:19:07.441668433
108.9063,17,10:19:07.445694342
108.9063,18,10:19:07.449654211
108.9063,17,10:19:07.453691431
108.9063,4,10:19:07.457664746
108.9063,7,10:19:07.459672255
108.9063,17,10:19:07.692788549
108.9063,17,10:19:07.696814156
108.9063,18,10:19:07.700759698
108.9063,17,10:19:07.704741064
108.9063,17,10:19:07.708805902
108.9063,270,10:19:07.709729514
108.9063,1,10:19:07.710245255
108.9063,1,10:19:07.710292997
108.9063,3,10:19:07.710576881
108.9063,7,10:19:07.711863890
108.9063,3,10:19:07.713000504
108.9063,1,10:19:07.714067764
108.9063,41,10:19:07.714404574
108.9063,1,10:19:07.715819745
108.9063,34,10:19:07.715838312
108.9063,1,10:19:07.721112236
108.9063,402,10:19:07.918877500
108.9063,200,10:19:10.415729554
108.9063,1,10:19:10.416079306
108.9063,2,10:19:10.417370593
108.9063,4,10:19:10.417732751
108.9063,234,10:19:10.419301227
108.9063,5,10:19:10.419899290
108.9063,41,10:19:10.419935432
108.9063,52,10:19:10.420003001
108.9063,1,10:19:10.423946866
108.9063,1,10:19:10.424061473
108.9063,17,10:19:10.425713315
108.9063,1,10:19:10.487481781
108.9063,1,10:19:10.964031408
108.9063,2,10:19:10.964603679
108.9063,4,10:19:10.964631926
108.9063,3,10:19:10.964659984
108.9063,2,10:19:10.964677466
108.9063,1,10:19:10.964700909
108.9063,10,10:19:10.964720062
108.9063,17,10:19:10.964775478
108.9063,1,10:19:10.964967273
108.9063,1,10:19:10.965912605
108.9063,1,10:19:10.966068438
108.9063,1,10:19:10.966136641
108.9063,1,10:19:10.966379254
108.9063,1,10:19:10.966423057
108.9063,1,10:19:10.966619144
108.9063,108,10:19:10.966791406
108.9063,1,10:19:10.967194704
108.9063,105,10:19:10.967532323
108.9063,1,10:19:10.968184366
108.9063,1,10:19:10.968209025
108.9063,1,10:19:10.968329238
108.9063,1,10:19:10.968655518
108.9063,238,10:19:10.980849350
108.9063,7,10:19:10.981231486
108.9063,711,10:19:12.074060930
108.9063,76,10:19:12.081574888
108.9063,1,10:19:12.088831643
108.9063,100,10:19:12.298314153
108.9063,1,10:19:12.298628086
108.9063,5,10:19:12.347101424
108.9063,1,10:19:12.548369454
108.9063,1,10:19:13.024657155
108.9063,250,10:19:15.691544824
108.9063,1,10:19:15.692265333
108.9063,5,10:19:15.692467681
108.9063,1,10:19:15.692547183
108.9063,1,10:19:15.692604432
108.9063,1,10:19:15.692664503
108.9063,1,10:19:15.692730547
108.9063,1,10:19:15.692796135
108.9063,1,10:19:15.692842101
108.9063,1,10:19:15.692877958
108.9063,1,10:19:15.692920919
108.9063,1,10:19:15.692955796
108.9063,1,10:19:15.692990917
108.9063,1,10:19:15.693040784
108.9063,1,10:19:15.693118100
108.9063,1,10:19:15.693167531
108.9063,1,10:19:15.693235433
108.9063,1,10:19:15.693290881
108.9063,1,10:19:15.693327720
108.9063,1,10:19:15.693364716
108.9063,1,10:19:15.693419290
108.9063,1,10:19:15.693453038
108.9063,7,10:19:15.693522867
108.9063,3,10:19:15.693561140
108.9063,1,10:19:15.693610133
108.9063,3,10:19:15.693687158
108.9063,4,10:19:15.693758724
108.9063,2,10:19:15.693796015
108.9063,1,10:19:15.693884212
108.9063,12,10:19:15.693928674
108.9063,6,10:19:15.693964085
108.9063,4,10:19:15.694006179
108.9063,4,10:19:15.694177194
108.9063,25,10:19:15.694268437
108.9063,1,10:19:15.694324747
108.9063,1,10:19:15.694459414
108.9063,1,10:19:15.694674164
108.9063,10,10:19:15.695053375
108.9063,1,10:19:15.695106764
108.9063,1,10:19:15.695175959
108.9063,53,10:19:15.695483009
108.9063,2,10:19:15.695612646
108.9063,2,10:19:15.696124404
108.9063,1,10:19:15.700650574
108.9063,2,10:19:15.701902508
108.9063,1,10:19:15.702053644
108.9063,52,10:19:15.702224335
108.9063,26,10:19:15.702396953
108.9063,1,10:19:15.702459447
108.9063,1,10:19:15.703472444
108.9063,1,10:19:15.703627381
108.9063,3,10:19:15.703693155
108.9063,1,10:19:15.777442608
108.9063,1,10:19:15.777645793
108.9219,2,10:19:16.076412879
108.9219,1,10:19:17.061948911
108.9063,1,10:19:18.182775236
108.9063,1,10:19:18.183013555
108.9063,1,10:19:18.370143454
108.9063,1,10:19:18.976634113
108.9063,1,10:19:20.407576344
108.9219,1,10:19:22.563589071
108.9219,1,10:19:29.035568482
108.9219,1,10:19:32.443986581
108.9219,75,10:19:44.878333752
108.9219,2,10:19:48.605543261
108.9219,2,10:19:48.620370001
108.9219,2,10:19:48.676258274
108.9219,1,10:19:48.806230105
108.9219,3,10:19:52.989836820
108.9219,37,10:19:57.311852696
108.9063,7,10:19:57.363302486
108.9063,1,10:19:59.424459607
108.9063,10,10:20:00.940780972
108.9063,100,10:20:07.822380193
108.9063,200,10:20:09.688743963
108.9219,50,10:20:17.917497590
108.9063,1,10:20:19.201664165
108.9219,5,10:20:22.695633983
108.9063,1,10:20:25.416176942
108.9063,1,10:20:25.427467249
108.9219,500,10:20:25.754228758
108.9219,500,10:20:28.920028691
108.9219,1,10:20:28.945908547
108.9219,2,10:20:28.946300299
108.9219,3,10:20:28.946364319
108.9219,5,10:20:28.946592138
108.9219,1,10:20:28.946689996
108.9219,5,10:20:28.946735144
108.9219,1,10:20:28.946797230
108.9219,1,10:20:28.946886179
108.9219,134,10:20:28.947221289
108.9219,2,10:20:28.947440552
108.9219,46,10:20:28.947589966
108.9219,29,10:20:28.948095660
108.9219,1,10:20:28.948186631
108.9219,1,10:20:28.948215508
108.9219,1,10:20:28.948239781
108.9219,1,10:20:28.948256728
108.9219,1,10:20:28.948278079
108.9219,1,10:20:28.948296649
108.9219,1,10:20:28.948317849
108.9219,1,10:20:28.948334954
108.9219,1,10:20:28.948355326
108.9219,1,10:20:28.948375975
108.9219,1,10:20:28.948400475
108.9219,1,10:20:28.948417932
108.9219,1,10:20:28.948435253
108.9219,1,10:20:28.948454265
108.9219,1,10:20:28.948483235
108.9219,1,10:20:28.948497482
108.9219,1,10:20:28.948567275
108.9219,1,10:20:28.948623837
108.9219,1,10:20:28.948675322
108.9219,1,10:20:28.948704078
108.9219,1,10:20:28.948774463
108.9219,3,10:20:28.948897637
108.9219,1,10:20:28.948997530
108.9219,4,10:20:28.949074680
108.9219,1,10:20:28.949109871
108.9219,1,10:20:28.949264723
108.9219,1,10:20:28.949376424
108.9219,1,10:20:28.949434720
108.9219,1,10:20:28.949799403
108.9219,3,10:20:28.949837106
108.9219,1,10:20:28.950192140
108.9219,1,10:20:28.950252877
108.9219,1,10:20:28.950328123
108.9219,2,10:20:32.959336995
108.9063,8,10:20:34.321541854
108.9219,1,10:20:34.438123988
108.9219,16,10:20:35.388844901
108.9219,1,10:20:35.610003048
108.9219,1,10:20:36.341478905
108.9063,2,10:20:36.407851002
108.9063,11,10:20:38.025802225
108.9063,50,10:20:38.031946976
108.9063,33,10:20:38.033522687
108.9063,91,10:20:38.034096255
108.9063,51,10:20:38.034270899
108.9063,50,10:20:38.034985857
108.9063,52,10:20:38.035666344
108.9063,547,10:20:38.036633756
108.9063,105,10:20:38.037798099
108.9063,101,10:20:38.038101040
108.9063,100,10:20:38.038356783
108.9063,18,10:20:38.039443140
108.9063,1,10:20:38.039619095
108.9063,206,10:20:38.039626366
108.9063,64,10:20:38.039765153
108.9063,23,10:20:38.039804137
108.9063,1,10:20:38.039844406
108.9063,1,10:20:38.041283725
108.9063,4,10:20:38.041913437
108.9063,30,10:20:38.048514080
108.9063,35,10:20:38.048538433
108.9063,1,10:20:38.050055514
108.9063,45,10:20:38.050207958
108.9063,5,10:20:38.050250292
108.9063,10,10:20:38.050278213
108.9063,2,10:20:38.050309488
108.9063,1,10:20:38.050330275
108.9063,2,10:20:38.050348912
108.9063,3,10:20:38.050572120
108.9063,5,10:20:38.050854951
108.9063,1,10:20:38.051317226
108.9063,5,10:20:38.052870771
108.9063,5,10:20:38.054856415
108.9063,3,10:20:38.054928610
108.9063,9,10:20:38.054946984
108.9063,1,10:20:38.055190396
108.9063,9,10:20:38.055213414
108.9063,9,10:20:38.055272144
108.9063,9,10:20:38.056043584
108.9063,9,10:20:38.056246679
108.9063,2,10:20:38.056358688
108.9063,14,10:20:38.056381648
108.9063,1,10:20:38.056673478
108.9063,3,10:20:38.056738638
108.9063,3,10:20:38.056777564
108.9063,2,10:20:38.056802489
108.9063,11,10:20:38.056825472
108.9063,1,10:20:38.056841664
108.9063,2,10:20:38.056863440
108.9063,3,10:20:38.056885527
108.9063,1,10:20:38.056972035
108.9063,8,10:20:38.058070088
108.9063,1,10:20:38.058091922
108.9063,2,10:20:38.058838873
108.9063,1,10:20:38.058874505
108.9063,3,10:20:38.059119275
108.9063,1,10:20:38.059567898
108.9063,1,10:20:38.059590020
108.9063,1,10:20:38.059692784
108.9063,1,10:20:38.060359022
108.9063,50,10:20:38.060604809
108.9063,50,10:20:38.060667434
108.9063,52,10:20:38.060691607
108.9063,33,10:20:38.060720363
108.9063,38,10:20:38.060757746
108.9063,1,10:20:38.060894879
108.9063,4,10:20:38.061121578
108.9063,1,10:20:38.061151975
108.9063,3,10:20:38.062087364
108.9063,6,10:20:38.063793171
108.9063,1,10:20:38.063843681
108.9063,1,10:20:38.063878853
108.9063,1,10:20:38.063898075
108.9063,1,10:20:38.064178116
108.9063,2,10:20:38.064687071
108.9063,1,10:20:38.065162146
108.9063,1,10:20:38.065186373
108.9063,1,10:20:38.065210133
108.9063,1,10:20:38.065348588
108.9063,1,10:20:38.065606974
108.9063,1,10:20:38.065634866
108.9063,1,10:20:38.065686409
108.9063,1,10:20:38.065830124
108.9063,1,10:20:38.065846294
108.9063,10,10:20:38.066666501
108.9063,24,10:20:38.066694922
108.9063,2,10:20:38.066995315
108.9063,1,10:20:38.067062097
108.9063,70,10:20:38.067102367
108.9063,23,10:20:38.067177859
108.9063,22,10:20:38.068480932
108.9063,2,10:20:38.068779248
108.9063,1,10:20:38.069134357
108.9063,1,10:20:38.069167183
108.9063,1,10:20:38.069376512
108.9063,1,10:20:38.069599141
108.9063,1,10:20:38.069728404
108.9063,1,10:20:38.069806619
108.9063,1,10:20:38.069859791
108.9063,113,10:20:38.069948607
108.9063,1,10:20:38.070664740
108.9063,2,10:20:38.070763123
108.9063,1,10:20:38.070936121
108.9063,1,10:20:38.071065193
108.9063,1,10:20:38.071162094
108.9063,1,10:20:38.071192510
108.9063,1,10:20:38.071217449
108.9063,1,10:20:38.071257590
108.9063,1,10:20:38.071375081
108.9063,5,10:20:38.071734211
108.9063,1,10:20:38.071917923
108.9063,2,10:20:38.071967047
108.9063,1,10:20:38.072012185
108.9063,3,10:20:38.072034066
108.9063,1,10:20:38.072069427
108.9063,7,10:20:38.072468808
108.9063,20,10:20:38.072583863
108.9063,15,10:20:38.072944242
108.9063,1,10:20:38.073049609
108.9063,1,10:20:38.073412914
108.9063,12,10:20:38.073582699
108.9063,1,10:20:38.074252684
108.9063,48,10:20:38.074435660
108.9063,100,10:20:38.074465559
108.9063,3,10:20:38.074605671
108.9063,4,10:20:38.074665029
108.9063,1,10:20:38.074787760
108.9063,25,10:20:38.074815441
108.9063,1,10:20:38.075137920
108.9063,1,10:20:38.075479333
108.9063,104,10:20:38.075502681
108.9063,7,10:20:38.075659483
108.9063,5,10:20:38.076225395
108.9063,1,10:20:38.076595778
108.9063,3,10:20:38.076630502
108.9063,1,10:20:38.076690212
108.9063,5,10:20:38.076794806
108.9063,1,10:20:38.076885845
108.9063,1,10:20:38.076987187
108.9063,3,10:20:38.077203093
108.9063,1,10:20:38.077229919
108.9063,1,10:20:38.078410755
108.9063,20,10:20:38.093739998
108.9063,188,10:20:38.096444824
108.9063,1,10:20:38.096647149
108.9063,1,10:20:38.096675796
108.9063,20,10:20:38.096726260
108.9063,1,10:20:38.096761871
108.9063,1,10:20:38.096789360
108.9063,1,10:20:38.096833172
108.9063,1,10:20:38.096901624
108.9063,1,10:20:38.096957500
108.9063,1,10:20:38.097013601
108.9063,1,10:20:38.097079119
108.9063,1,10:20:38.097127014
108.9063,1,10:20:38.097199813
108.9063,1,10:20:38.097250380
108.9063,1,10:20:38.097312429
108.9063,1,10:20:38.097352248
108.9063,1,10:20:38.097419990
108.9063,2,10:20:38.097464714
108.9063,1,10:20:38.097502234
108.9063,1,10:20:38.097558878
108.9063,1,10:20:38.097602803
108.9063,6,10:20:38.097671029
108.9063,1,10:20:38.097704812
108.9063,73,10:20:38.097767357
108.9063,7,10:20:38.097944250
108.9063,12,10:20:38.098053456
108.9063,13,10:20:38.098078512
108.9063,6,10:20:38.098258365
108.9063,1,10:20:38.098438971
108.9063,1,10:20:38.098465675
108.9063,1,10:20:38.098587721
108.9063,2,10:20:38.098686323
108.9063,2,10:20:38.098738455
108.9063,1,10:20:38.098909310
108.9063,321,10:20:38.106750482
108.9063,10,10:20:38.131329842
108.9063,23,10:20:38.200548109
108.9063,1,10:20:38.200752840
108.9063,1,10:20:38.200826603
108.9063,1,10:20:38.200878546
108.9063,117,10:20:38.201069509
108.9063,35,10:20:38.201255096
108.9063,50,10:20:38.203179804
108.9063,7,10:20:38.203333858
108.9063,2,10:20:38.204224897
108.9063,1,10:20:38.204249733
108.9063,33,10:20:38.204344496
108.9063,50,10:20:38.204453266
108.9063,1,10:20:38.204574098
108.9063,1,10:20:38.204629350
108.9063,1,10:20:38.204665149
108.9063,1,10:20:38.204914555
108.9063,20,10:20:38.204989069
108.9063,1,10:20:38.205026574
108.9063,1,10:20:38.205151296
108.9063,1,10:20:38.205267536
108.9063,4,10:20:38.218923356
108.9219,2,10:20:38.241585615
108.9063,1,10:20:38.277022289
108.9063,1,10:20:38.277072530
108.9063,52,10:20:39.850880057
108.9063,22,10:20:39.852595448
108.9063,7,10:20:39.852675028
108.9063,13,10:20:39.852800538
108.9063,1,10:20:39.852876414
108.9063,14,10:20:39.852985601
108.9063,72,10:20:39.853218357
108.9063,5,10:20:39.855881701
108.9063,40,10:20:39.856047535
108.9063,1,10:20:39.856098220
108.9063,50,10:20:39.856324324
108.9063,1,10:20:39.857184105
108.9063,1,10:20:39.858067188
108.9063,1,10:20:39.858104773
108.9063,1,10:20:39.858197932
108.9063,1,10:20:39.858979139
108.9063,15,10:20:39.859209620
108.9063,1,10:20:39.859233630
108.9063,1,10:20:39.859276814
108.9063,1,10:20:39.859292979
108.9063,1,10:20:39.859311520
108.9063,1,10:20:39.859381390
108.9063,30,10:20:39.859580233
108.9063,1,10:20:39.859767497
108.9063,4,10:20:39.859799767
108.9063,37,10:20:39.859838568
108.9063,7,10:20:39.859883010
108.9063,31,10:20:39.859906473
108.9063,1,10:20:39.859940201
108.9063,1,10:20:39.860353813
108.9063,1,10:20:39.860413293
108.9063,1,10:20:39.861018537
108.9063,1,10:20:39.861051584
108.9063,1,10:20:39.861164678
108.9063,1,10:20:39.861300184
108.9063,1,10:20:39.861320127
108.9063,13,10:20:39.861894113
108.9063,1,10:20:39.862812560
108.9063,6,10:20:39.863421466
108.9063,50,10:20:39.891804889
108.9063,7,10:20:39.891977597
108.9063,12,10:20:39.897727547
108.9063,1,10:20:41.062032189
108.9063,3,10:20:43.727759839
108.9063,4,10:20:45.085565186
108.9063,9,10:20:45.085789142
108.9063,1,10:20:45.094463855
108.9063,1,10:20:45.616714587
108.9063,1,10:20:45.619013376
108.9063,1,10:20:45.783798015
108.9219,1,10:20:46.040319214
108.9063,50,10:20:46.810602205
108.9063,1,10:20:46.810719510
108.9063,1,10:20:46.810774052
108.9063,28,10:20:46.811033158
108.9063,1,10:20:46.811093089
108.9063,1,10:20:46.811121476
108.9063,1,10:20:46.811148712
108.9063,1,10:20:46.811188175
108.9063,1,10:20:46.811217072
108.9063,1,10:20:46.811232880
108.9063,1,10:20:46.811299512
108.9063,1,10:20:46.811322063
108.9063,1,10:20:46.811353104
108.9063,1,10:20:46.811385801
108.9063,1,10:20:46.811409114
108.9063,1,10:20:46.811436894
108.9063,1,10:20:46.811464210
108.9063,1,10:20:46.811499260
108.9063,1,10:20:46.811532781
108.9063,1,10:20:46.811564579
108.9063,1,10:20:46.811592853
108.9063,1,10:20:46.811621735
108.9063,1,10:20:46.811648444
108.9063,49,10:20:46.811732775
108.9063,20,10:20:46.811944248
108.9063,3,10:20:46.813092684
108.9063,260,10:20:46.813474784
108.9063,13,10:20:46.814510863
108.9063,1,10:20:46.815943094
108.9063,16,10:20:46.845410299
108.9219,7,10:20:47.304615009
108.9063,1,10:20:47.407459468
108.9063,1,10:20:47.978992460
108.9063,1,10:20:48.364284415
108.9219,1,10:20:53.219930986
108.9063,2,10:20:57.013223793
108.9063,3,10:20:57.757744060
108.9063,3,10:20:57.757840011
108.9063,1,10:20:57.758000706
108.9063,3,10:20:57.758000706
108.9063,3,10:20:57.758028370
108.9063,1,10:20:57.759453833
108.9063,1,10:20:57.759478959
108.9063,1,10:20:57.760533806
108.9063,2,10:20:57.765514445
108.9063,53,10:20:57.827463643
108.9063,5,10:20:57.827553028
108.9063,104,10:20:57.828008055
108.9063,1,10:20:57.828225883
108.9063,100,10:20:57.828425241
108.9063,1,10:20:57.828486496
108.9063,1,10:20:57.828516228
108.9063,2,10:20:57.828617356
108.9063,4,10:20:57.828692260
108.9063,214,10:20:57.828723259
108.9063,1,10:20:57.828801974
108.9063,1,10:20:57.828833412
108.9063,1,10:20:57.828851800
108.9063,1,10:20:57.828877720
108.9063,1,10:20:57.828899382
108.9063,1,10:20:57.828928793
108.9063,1,10:20:57.828949382
108.9063,1,10:20:57.828977924
108.9063,1,10:20:57.829011614
108.9063,1,10:20:57.829055042
108.9063,1,10:20:57.829071039
108.9063,1,10:20:57.829133271
108.9063,1,10:20:57.829167204
108.9063,1,10:20:57.829191780
108.9063,1,10:20:57.829231349
108.9063,1,10:20:57.829265174
108.9063,1,10:20:57.829293997
108.9063,1,10:20:57.829324935
108.9063,115,10:20:57.829368940
108.9063,61,10:20:57.829479812
108.9063,38,10:20:57.829516881
108.9063,1,10:20:57.829586464
108.9063,1,10:20:57.829588368
108.9063,1,10:20:57.829631300
108.9063,1,10:20:57.829671272
108.9063,1,10:20:57.829692543
108.9063,1,10:20:57.829725692
108.9063,2,10:20:57.829786484
108.9063,104,10:20:57.829831279
108.9063,1,10:20:57.829862818
108.9063,19,10:20:57.829905178
108.9063,3,10:20:57.829943438
108.9063,3,10:20:57.829994927
108.9063,2,10:20:57.830068003
108.9063,3,10:20:57.830096961
108.9063,2,10:20:57.830141835
108.9063,1,10:20:57.830174044
108.9063,44,10:20:57.830198540
108.9063,2,10:20:57.830229514
108.9063,5,10:20:57.830255959
108.9063,17,10:20:57.830307730
108.9063,3,10:20:57.830327752
108.9063,1,10:20:57.830361379
108.9063,1,10:20:57.830417562
108.9063,1,10:20:57.830471992
108.9063,60,10:20:57.830499849
108.9063,1,10:20:57.830559789
108.9063,26,10:20:57.830668979
108.9063,2,10:20:57.830706093
108.9063,52,10:20:57.830761697
108.9063,4,10:20:57.830788892
108.9063,2,10:20:57.831204398
108.9063,139,10:20:57.832637070
108.9063,7,10:20:57.833251306
108.9063,1,10:20:57.833274888
108.9063,38,10:20:57.834689575
108.9063,1,10:20:57.836848531
108.9063,150,10:20:59.126183815
108.9063,1,10:20:59.126896761
108.9063,1,10:20:59.137649497
108.9063,28,10:20:59.457097529
108.9063,1,10:20:59.457352092
108.9063,52,10:21:00.584839224
108.9063,52,10:21:00.585058851
108.9063,5,10:21:00.585406871
108.9063,15,10:21:00.588810140
108.9063,3,10:21:00.590357983
108.9063,1,10:21:00.605731150
108.9063,1,10:21:00.660544155
108.9063,1,10:21:00.660707054
108.9063,1,10:21:00.660770303
108.9063,1,10:21:00.661240949
108.9063,1,10:21:00.669170718
108.9063,1,10:21:00.669376231
108.9063,1,10:21:02.057681122
108.9063,1,10:21:02.057904195
108.9063,1,10:21:02.058025484
108.9063,1,10:21:02.521353481
108.9063,1,10:21:02.521431512
108.9063,1,10:21:02.521612229
108.9063,200,10:21:02.635013745
108.9063,1,10:21:02.635144113
108.9063,1,10:21:02.635277972
108.9063,1,10:21:02.635443184
108.9063,52,10:21:02.635708352
108.9063,1,10:21:02.635948650
108.9063,5,10:21:02.635948650
108.9063,34,10:21:02.636131954
108.9063,5,10:21:02.636595224
108.9063,2,10:21:02.636789414
108.9063,1,10:21:02.639050064
108.9063,100,10:21:02.639854084
108.9063,1,10:21:02.640028135
108.9063,75,10:21:02.640459840
108.9063,8,10:21:02.640558399
108.9063,1,10:21:07.968534463
108.9063,2,10:21:11.914993539
108.9063,1,10:21:11.915992087
108.9063,1,10:21:11.916856092
108.9063,91,10:21:12.306191042
108.9063,91,10:21:12.306414982
108.9063,38,10:21:12.307399287
108.9063,5,10:21:12.307472066
108.9063,3,10:21:12.307896280
108.9063,17,10:21:12.308487165
108.9063,8,10:21:12.308532267
108.9063,1,10:21:12.308568402
108.9063,30,10:21:12.308739346
108.9063,1,10:21:12.308739346
108.9063,1,10:21:12.308887705
108.9063,3,10:21:12.308926448
108.9063,1,10:21:12.308954218
108.9063,1,10:21:12.309028373
108.9063,1,10:21:12.309057427
108.9063,1,10:21:12.309162443
108.9063,1,10:21:12.309181374
108.9063,1,10:21:12.309221222
108.9063,202,10:21:12.309470952
108.9063,1,10:21:12.309680572
108.9063,1,10:21:12.309700755
108.9063,1,10:21:12.309770666
108.9063,1,10:21:12.309796739
108.9063,1,10:21:12.309852815
108.9063,1,10:21:12.309865805
108.9063,1,10:21:12.309892377
108.9063,1,10:21:12.309918980
108.9063,1,10:21:12.309946315
108.9063,1,10:21:12.309970879
108.9063,1,10:21:12.309999308
108.9063,13,10:21:12.310036454
108.9063,1,10:21:12.310056327
108.9063,52,10:21:12.310108760
108.9063,1,10:21:12.310142239
108.9063,3,10:21:12.310192746
108.9063,35,10:21:12.313714756
108.9063,52,10:21:12.313774204
108.9063,50,10:21:12.313805404
108.9063,1,10:21:12.316728180
108.9063,50,10:21:12.317000826
108.9063,33,10:21:12.317049073
108.9063,50,10:21:12.317189553
108.9063,1,10:21:12.319306389
108.9063,4,10:21:12.319356659
108.9063,1,10:21:12.319577716
108.9063,2,10:21:12.320244946
108.9063,3,10:21:12.320286815
108.9063,1,10:21:12.320308684
108.9063,1,10:21:12.320410171
108.9063,15,10:21:12.320929919
108.9063,3,10:21:12.321019025
108.9063,15,10:21:12.321509994
108.9063,1,10:21:12.321543327
108.9063,1,10:21:12.322387587
108.9063,1,10:21:12.322726048
108.9063,4,10:21:12.323019366
108.9063,1,10:21:12.323073588
108.9063,124,10:21:12.323108117
108.9063,1,10:21:12.323273749
108.9063,1,10:21:12.323413899
108.9063,1,10:21:12.323469772
108.9063,31,10:21:12.323493225
108.9063,9,10:21:12.323527485
108.9063,1,10:21:12.323544545
108.9063,1,10:21:12.323617142
108.9063,3,10:21:12.324042158
108.9063,1,10:21:12.324064088
108.9063,1,10:21:12.324079410
108.9063,1,10:21:12.324474948
108.9063,21,10:21:12.325368268
108.9063,1,10:21:12.325893447
108.9063,4,10:21:12.328793172
108.9063,5,10:21:12.329071459
108.9063,6,10:21:12.330563490
108.9063,3,10:21:12.330597858
108.9063,24,10:21:12.330643939
108.9063,1,10:21:12.331240028
108.9063,1,10:21:12.331264224
108.9063,1,10:21:12.331306458
108.9063,1,10:21:12.331499467
108.9063,1,10:21:12.333435361
108.9063,28,10:21:12.342575221
108.9063,17,10:21:12.382673957
108.9063,18,10:21:12.387669264
108.9063,17,10:21:12.390786690
108.9063,17,10:21:12.394664999
108.9063,18,10:21:12.397687946
108.9063,17,10:21:12.400765023
108.9063,3,10:21:12.529787353
108.9063,1,10:21:12.535299835
108.9063,1,10:21:12.537097504
108.9063,11,10:21:12.543847745
108.9063,4,10:21:12.544192015
108.9063,1,10:21:12.544365513
108.9063,4,10:21:12.544573414
108.9063,1,10:21:12.544730627
108.9063,1,10:21:12.544834975
108.9063,2,10:21:12.544942116
108.9063,13,10:21:12.545053536
108.9063,1,10:21:12.545109201
108.9063,17,10:21:12.629723703
108.9063,1,10:21:12.629944703
108.9063,1,10:21:12.630010595
108.9063,18,10:21:12.635815493
108.9063,1,10:21:12.636039831
108.9063,17,10:21:12.639811604
108.9063,1,10:21:12.640041710
108.9063,1,10:21:12.640099045
108.9063,17,10:21:12.643892446
108.9063,1,10:21:12.644083480
108.9063,1,10:21:12.644120380
108.9063,1,10:21:12.644188667
108.9063,3,10:21:12.646886951
108.9063,26,10:21:12.648156485
108.9063,1,10:21:12.648351601
108.9063,1,10:21:12.648414066
108.9063,7,10:21:12.648933611
108.9063,17,10:21:12.708818807
108.9063,1,10:21:12.709050156
108.9063,18,10:21:12.712841517
108.9063,17,10:21:12.716803998
108.9063,1,10:21:12.717041312
108.9063,17,10:21:12.719818798
108.9063,18,10:21:12.842895514
108.9063,1,10:21:12.843141663
108.9063,17,10:21:12.896988900
108.9063,1,10:21:12.897172977
108.9063,1,10:21:12.897251455
108.9063,17,10:21:12.901453880
108.9063,1,10:21:13.355564289
108.9063,18,10:21:13.363211467
108.9063,1,10:21:13.363437696
108.9063,17,10:21:13.368234176
108.9063,1,10:21:13.368450607
108.9063,17,10:21:13.371372423
108.9063,1,10:21:13.371565175
108.9063,18,10:21:13.374280513
108.9063,1,10:21:13.374565335
108.9063,17,10:21:13.454265522
108.9063,1,10:21:13.454514923
108.9063,1,10:21:13.454585439
108.9063,1,10:21:13.454655617
108.9063,18,10:21:13.458301079
108.9063,10,10:21:13.529315092
108.9063,1,10:21:13.529522354
108.9063,1,10:21:13.529600243
108.9063,7,10:21:13.529651470
108.9063,71,10:21:13.591570281
108.9063,16,10:21:13.597409961
108.9063,1,10:21:13.598740125
108.9063,1,10:21:13.599072023
108.9063,1,10:21:13.599109451
108.9063,1,10:21:13.599134834
108.9063,1,10:21:13.599508144
108.9063,15,10:21:13.599566660
108.9063,1,10:21:13.600072430
108.9063,4,10:21:13.605170587
108.9063,1,10:21:13.605360704
108.9063,5,10:21:14.097894814
108.9063,2,10:21:14.836461240
108.9063,1,10:21:14.837819011
108.9063,1,10:21:14.838127814
108.9063,1,10:21:14.838219035
108.9063,4,10:21:14.838285334
108.9063,4,10:21:14.848920073
108.9063,1,10:21:14.849265383
108.9063,1,10:21:14.849467650
108.9063,1,10:21:14.849578490
108.9063,1,10:21:15.170682584
108.9063,11,10:21:15.177567750
108.9063,1,10:21:15.177790087
108.9063,1,10:21:15.177860841
108.9063,1,10:21:15.179768361
108.9063,4,10:21:15.581084306
108.9063,2,10:21:18.070813106
108.9063,318,10:21:18.305304436
108.9063,93,10:21:18.306875524
108.9063,1,10:21:18.310014186
108.9063,1,10:21:22.422802884
108.9063,1,10:21:24.392707458
108.9063,2,10:21:27.014101658
108.9219,5,10:21:27.660124404
108.9219,1,10:21:27.710063451
108.9219,1,10:21:27.764875520
108.9063,1,10:21:29.794510966
108.9063,832,10:21:30.218898084
108.9063,3,10:21:30.228841098
108.9063,4,10:21:30.229042766
108.9063,23,10:21:30.271039511
108.9063,1,10:21:30.378062731
108.9063,4,10:21:31.803584565
108.9063,1,10:21:32.953978664
108.9063,21,10:21:34.963251589
108.8906,2,10:21:37.014788767
108.8906,1,10:21:37.014804713
108.8906,13,10:21:38.931762828
108.9063,50,10:21:41.782050780
108.9063,15,10:21:43.749042286
108.9063,66,10:21:43.749390572
108.9063,1,10:21:43.750519500
108.9063,1,10:21:43.750617314
108.9063,1,10:21:43.750990275
108.9063,1,10:21:43.751444441
108.9063,10,10:21:43.751521914
108.9063,1,10:21:43.751895279
108.9063,95,10:21:43.752091273
108.9063,5,10:21:43.752266198
108.9063,1,10:21:43.752552655
108.9063,1,10:21:43.752600010
108.9063,1,10:21:43.752624509
108.9063,8,10:21:43.752697470
108.9063,1,10:21:43.752749866
108.9063,7,10:21:43.752803297
108.9063,1,10:21:43.752835400
108.9063,5,10:21:43.752954900
108.9063,1,10:21:43.752984167
108.9063,1,10:21:43.753002165
108.9063,1,10:21:43.753288174
108.8906,2,10:21:47.014359069
108.8906,4,10:21:48.885318478
108.9063,2,10:21:49.080062386
108.9063,2,10:21:54.361797859
108.9063,6,10:21:54.362435065
108.9063,5,10:21:54.362542625
108.9063,1,10:21:54.362840328
108.9063,3,10:21:54.363002618
108.9063,4,10:21:54.363043736
108.9063,10,10:21:54.363083011
108.9063,26,10:21:54.363116625
108.9063,4,10:21:54.363147998
108.9063,1,10:21:54.363181687
108.9063,23,10:21:54.363209362
108.9063,7,10:21:54.363469143
108.9063,8,10:21:54.363493435
108.9063,2,10:21:54.363568528
108.9063,3,10:21:54.363624074
108.9063,1,10:21:54.363936951
108.9063,119,10:21:54.364118823
108.9063,1,10:21:54.364169743
108.9063,1,10:21:54.364279854
108.9063,1,10:21:54.364395505
108.9063,1,10:21:54.364526579
108.9063,1,10:21:54.364544922
108.9063,1,10:21:54.364680842
108.9063,39,10:21:54.364772657
108.9063,24,10:21:54.365931033
108.9063,1,10:21:54.366297418
108.9063,1,10:21:54.366392364
108.9063,3,10:21:54.366453767
108.9063,2,10:21:54.366482426
108.9063,1,10:21:54.366501163
108.9063,2,10:21:54.366737459
108.9063,16,10:21:54.366759245
108.9063,137,10:21:54.367244838
108.9063,1,10:21:54.367488222
108.9063,1,10:21:54.367505490
108.9063,2,10:21:54.367528022
108.9063,23,10:21:54.367704931
108.9063,1,10:21:54.367755870
108.9063,2,10:21:54.367834697
108.9063,6,10:21:54.367851389
108.9063,50,10:21:54.367936058
108.9063,1,10:21:54.368335302
108.9063,1,10:21:54.368418200
108.9063,3,10:21:54.368445305
108.9063,1,10:21:54.368462598
108.9063,1,10:21:54.368486557
108.9063,16,10:21:54.368659730
108.9063,1,10:21:54.368691158
108.9063,1,10:21:54.368707073
108.9063,1,10:21:54.368861646
108.9063,1,10:21:54.369053234
108.9063,3,10:21:54.369094559
108.9063,14,10:21:54.369118307
108.9063,6,10:21:54.369859567
108.9063,1,10:21:54.369940442
108.9063,1,10:21:54.369963422
108.9063,85,10:21:54.370138880
108.9063,1,10:21:54.370455239
108.9063,2,10:21:54.370624955
108.9063,6,10:21:54.370951032
108.9063,2,10:21:54.371000927
108.9063,1,10:21:54.371090369
108.9063,1,10:21:54.371162649
108.9063,1,10:21:54.371305705
108.9063,85,10:21:54.371466578
108.9063,16,10:21:54.371649762
108.9063,1,10:21:54.372357796
108.9063,1,10:21:54.372379893
108.9063,1,10:21:54.372494884
108.9063,1,10:21:54.372511953
108.9063,4,10:21:54.372647457
108.9063,1,10:21:54.372976375
108.9063,1,10:21:54.373052571
108.9063,1,10:21:54.373222018
108.9063,1,10:21:54.373251859
108.9063,1,10:21:54.373424170
108.9063,1,10:21:54.373510069
108.9063,1,10:21:54.373548643
108.9063,1,10:21:54.373735267
108.9063,2,10:21:54.374856983
108.9063,1,10:21:54.375261671
108.9063,202,10:21:54.375562709
108.9063,1,10:21:54.375704209
108.9063,1,10:21:54.375727739
108.9063,1,10:21:54.375762492
108.9063,92,10:21:54.375840304
108.9063,1,10:21:54.376027982
108.9063,2,10:21:54.376128727
108.9063,1,10:21:54.377559252
108.9063,1,10:21:54.378005008
108.9063,1,10:22:00.276873028
108.9063,6,10:22:00.277311616
108.9063,1,10:22:00.277569218
108.9063,23,10:22:00.277712511
108.9063,32,10:22:00.277774022
108.9063,1,10:22:00.277843985
108.9063,1,10:22:00.277885433
108.9063,1,10:22:00.278165540
108.9063,107,10:22:00.278220469
108.9063,3,10:22:00.278640004
108.9063,1,10:22:00.278679420
108.9063,1,10:22:00.278967813
108.9063,1,10:22:00.279345158
108.9063,6,10:22:00.282531778
108.9063,1,10:22:00.334446289
108.9063,18,10:22:00.343765034
108.9063,1,10:22:00.343968292
108.9063,6,10:22:00.665591111
108.9063,1,10:22:00.665878631
108.9063,10,10:22:01.345733382
108.9063,1,10:22:01.345946094
108.9063,1,10:22:02.064965676
108.9063,5,10:22:02.365067867
108.9063,1,10:22:03.483251843
108.9063,1,10:22:03.483343202
108.9063,9,10:22:03.483396432
108.9063,2,10:22:03.483930923
108.9063,6,10:22:03.484007004
108.9063,4,10:22:03.484112235
108.9063,3,10:22:03.484165385
108.9063,2,10:22:03.484260599
108.9063,1,10:22:03.484360249
108.9063,2,10:22:03.484470745
108.9063,3,10:22:03.484522912
108.9063,293,10:22:03.484730913
108.9063,50,10:22:03.487067328
108.9063,1,10:22:03.490817020
108.9063,1,10:22:03.490917780
108.9063,1,10:22:03.492360139
108.9063,1,10:22:03.492469364
108.9063,1,10:22:03.602475360
108.9063,1,10:22:03.602674432
108.9063,1,10:22:03.602759619
108.9063,88,10:22:03.603174129
108.9063,2,10:22:03.603441521
108.9063,1,10:22:03.603556697
108.9063,1,10:22:03.603590822
108.9063,1,10:22:03.603717984
108.9063,3,10:22:03.603722198
108.9063,1,10:22:03.603747443
108.9063,1,10:22:03.603810734
108.9063,2,10:22:03.603841342
108.9063,5,10:22:03.603841342
108.9063,1,10:22:03.603867483
108.9063,1,10:22:03.603942798
108.9063,1,10:22:03.604042461
108.9063,1,10:22:05.997151706
108.9219,1,10:22:06.048736222
108.9219,16,10:22:09.112067794
108.9219,1,10:22:16.311638899
108.9063,1,10:22:17.015942945
108.9219,4,10:22:21.777779269
108.9219,37,10:22:21.778142828
108.9219,1,10:22:26.810646391
108.9063,1,10:22:27.014038775
108.9219,2,10:22:30.064193539
108.9219,15,10:22:31.617832083
108.9219,100,10:22:35.290393361
108.9063,1,10:22:37.013005216
108.9063,3,10:22:41.448292181
108.9219,7,10:22:46.503132369
108.9063,1,10:22:47.015849290
108.9219,31,10:22:47.276857201
108.9219,400,10:22:47.360356954
108.9219,4,10:22:47.361277008
108.9219,136,10:22:48.175125768
108.9219,13,10:22:48.175823105
108.9219,1,10:22:48.175927836
108.9219,30,10:22:48.176074095
108.9219,5,10:22:48.176111605
108.9219,139,10:22:48.176302561
108.9219,3,10:22:48.177518319
108.9219,2,10:22:48.180969681
108.9219,22,10:22:48.204433816
108.9219,33,10:22:48.216971009
108.9219,28,10:22:48.237535843
108.9219,12,10:22:48.257875610
108.9219,24,10:22:48.278878177
108.9219,1,10:22:48.279096342
108.9219,25,10:22:48.299497592
108.9219,1,10:22:48.299680098
108.9219,24,10:22:48.320202624
108.9219,24,10:22:48.340462047
108.9219,24,10:22:48.361009338
108.9219,25,10:22:48.381757123
108.9219,24,10:22:48.415157015
108.9219,10,10:22:48.922238920
108.9219,14,10:22:48.926198424
108.9219,24,10:22:48.946016909
108.9219,25,10:22:48.966049726
108.9219,1,10:22:48.966245349
108.9219,1,10:22:48.966507681
108.9219,24,10:22:48.986214615
108.9219,1,10:22:48.986408456
108.9219,24,10:22:49.006101349
108.9219,25,10:22:49.026519780
108.9219,24,10:22:49.046065339
108.9219,24,10:22:49.066220986
108.9219,24,10:22:49.085957525
108.9219,25,10:22:49.105911735
108.9219,24,10:22:49.125746835
108.9219,24,10:22:49.146314987
108.9219,24,10:22:49.167293813
108.9219,26,10:22:49.302348289
108.9219,3,10:22:49.327346815
108.9219,1,10:22:49.327907788
108.9219,2,10:22:49.328150620
108.9219,1,10:22:49.328441362
108.9219,23,10:22:49.331965401
108.9219,2,10:22:49.333197067
108.9219,2,10:22:49.333372834
108.9219,32,10:22:49.340708937
108.9219,17,10:22:49.366299830
108.9219,236,10:22:53.249034125
108.9219,24,10:22:55.984602245
108.9219,344,10:22:56.683230438
108.9219,26,10:22:56.684294286
108.9219,5,10:22:56.689246273
108.9063,2,10:22:57.014600313
108.9219,10,10:22:57.059725283
108.9219,9,10:22:57.263383984
108.9219,2,10:22:57.305494388
108.9219,1,10:22:57.305692661
108.9219,1,10:22:57.305918755
108.9219,1,10:22:57.320346838
108.9219,2,10:22:57.376398844
108.9219,12,10:22:57.466542633
108.9219,1,10:22:57.505494474
108.9219,9,10:22:57.845283544
108.9219,5,10:22:59.349193617
108.9219,1,10:22:59.349407388
108.9219,24,10:23:02.868572024
108.9063,1,10:23:07.012516479
108.9219,91,10:23:07.447598448
108.9219,46,10:23:07.447807927
108.9219,30,10:23:07.448947113
108.9219,1,10:23:07.448984445
108.9219,2,10:23:07.449054613
108.9219,1,10:23:07.449161303
108.9219,2,10:23:07.449183518
108.9219,2,10:23:07.449324637
108.9219,1,10:23:07.449508439
108.9219,1,10:23:07.449627703
108.9219,3,10:23:07.449687848
108.9219,3,10:23:07.449773357
108.9219,1,10:23:07.449818180
108.9219,2,10:23:07.449998861
108.9219,1,10:23:07.450027047
108.9219,1,10:23:07.450042449
108.9219,1,10:23:07.450066764
108.9219,1,10:23:07.450087094
