price,volume,timestamp
108.9375,19,08:00:00.391150151
108.9375,4,08:00:04.076861548
108.9219,87,08:00:09.851100516
108.9219,24,08:00:09.851776024
108.9219,1,08:00:09.852214741
108.9219,1,08:00:09.852446880
108.9219,1,08:00:16.579937422
108.9375,5,08:00:24.913110994
108.9375,2,08:00:25.341872917
108.9375,2,08:00:29.119460046
108.9375,400,08:00:30.308512401
108.9375,5,08:00:35.237094811
108.9375,17,08:00:37.894660094
108.9219,1,08:00:47.260394298
108.9219,2,08:00:47.266187299
108.9375,24,08:00:50.555732888
108.9375,20,08:01:01.813699376
108.9375,2,08:01:02.452504959
108.9375,17,08:01:11.263016519
108.9375,4,08:01:13.417403370
108.9219,2,08:01:16.414563706
108.9219,911,08:01:20.822235737
108.9219,6,08:01:20.823531814
108.9219,1,08:01:20.823581591
108.9219,75,08:01:20.824033437
108.9219,3,08:01:20.824115403
108.9219,1,08:01:20.824201654
108.9219,1,08:01:20.824254216
108.9219,1,08:01:20.824351801
108.9219,48,08:01:20.825006310
108.9219,6,08:01:20.825404920
108.9219,48,08:01:20.825819425
108.9219,55,08:01:20.826245421
108.9219,26,08:01:20.826491675
108.9219,22,08:01:20.826532799
108.9219,55,08:01:20.826637877
108.9219,1,08:01:20.826690802
108.9219,2,08:01:20.826743946
108.9219,105,08:01:20.827094126
108.9219,2,08:01:20.828242652
108.9219,1,08:01:20.830912984
108.9219,4,08:01:20.831311327
108.9219,2,08:01:20.831368689
108.9219,24,08:01:20.831507837
108.9219,48,08:01:20.849569604
108.9219,1,08:01:20.854012315
108.9219,6,08:01:20.854995496
108.9219,48,08:01:20.857944816
108.9219,55,08:01:20.857962683
108.9219,33,08:01:20.857980789
108.9219,3,08:01:20.858006479
108.9219,1,08:01:20.858022341
108.9219,48,08:01:20.858060144
108.9219,55,08:01:20.858085949
108.9219,6,08:01:20.858530102
108.9219,30,08:01:20.859291049
108.9219,2,08:01:20.859326057
108.9219,4,08:01:20.859345091
108.9219,15,08:01:20.859365508
108.9219,1,08:01:20.859396228
108.9219,1,08:01:20.859412098
108.9219,1,08:01:20.859516455
108.9219,8,08:01:20.859580881
108.9219,19,08:01:20.859629667
108.9219,8,08:01:20.859664672
108.9219,35,08:01:20.859724820
108.9219,8,08:01:20.859773279
108.9219,52,08:01:20.861276550
108.9219,1,08:01:20.861333628
108.9219,20,08:01:20.861378828
108.9219,47,08:01:20.861433755
108.9219,3,08:01:20.861492808
108.9219,1,08:01:20.861571552
108.9219,1,08:01:20.861587870
108.9219,1,08:01:20.861614984
108.9219,18,08:01:20.862043092
108.9219,2,08:01:20.862242394
108.9219,2,08:01:20.863257094
108.9219,11,08:01:20.863521496
108.9219,2,08:01:20.863645726
108.9219,1,08:01:20.863666462
108.9219,175,08:01:20.864191010
108.9219,1,08:01:20.864220480
108.9219,1,08:01:20.864439729
108.9219,2,08:01:20.864506050
108.9219,1,08:01:20.864576692
108.9219,6,08:01:20.864668895
108.9219,1,08:01:20.864911901
108.9219,1,08:01:20.865627199
108.9219,5,08:01:20.865925221
108.9219,1,08:01:20.865977840
108.9219,1,08:01:20.866147542
108.9219,1,08:01:20.866359896
108.9219,6,08:01:20.868353715
108.9219,9,08:01:20.870806760
108.9219,10,08:01:20.871037209
108.9219,1,08:01:20.871223380
108.9219,4,08:01:20.944854547
108.9219,1,08:01:21.109114163
108.9219,921,08:01:21.788300125
108.9219,1,08:01:21.793131509
108.9219,1,08:01:21.796199430
108.9219,69,08:01:21.961271045
108.9219,1,08:01:21.963483740
108.9219,1,08:01:21.963668841
108.9219,134,08:01:22.820114064
108.9219,349,08:01:22.822507105
108.9219,242,08:01:22.823733332
108.9219,100,08:01:25.084243775
108.9219,100,08:01:27.606943816
108.9219,25,08:01:27.607302275
108.9219,37,08:01:27.608807464
108.9219,1,08:01:27.609375421
108.9219,1,08:01:27.609590254
108.9219,113,08:01:27.617155757
108.9219,13,08:01:27.617225278
108.9219,48,08:01:27.617283869
108.9219,110,08:01:27.617283869
108.9219,48,08:01:27.617310916
108.9219,13,08:01:27.617348676
108.9219,6,08:01:27.617385100
108.9219,39,08:01:27.617627543
108.9219,433,08:01:27.620139437
108.9219,1,08:01:27.620982321
108.9219,1,08:01:27.621902813
108.9219,1,08:01:27.621933979
108.9219,133,08:01:27.621982725
108.9219,1,08:01:27.623349326
108.9219,1,08:01:27.623407324
108.9219,38,08:01:27.623522926
108.9219,14,08:01:27.637713664
108.9219,1,08:01:27.637733860
108.9219,1,08:01:27.637900189
108.9219,1,08:01:27.638234228
108.9219,75,08:01:27.638498803
108.9219,1,08:01:27.638653584
108.9219,1,08:01:27.638711978
108.9219,5,08:01:27.638790780
108.9219,1,08:01:27.638818841
108.9219,1,08:01:27.638840547
108.9219,1,08:01:27.638992912
108.9219,2,08:01:27.639039048
108.9219,1,08:01:27.639066575
108.9219,8,08:01:27.639208833
108.9219,42,08:01:27.639244277
108.9219,1,08:01:27.639439872
108.9219,1,08:01:27.639660491
108.9219,62,08:01:27.639756636
108.9219,20,08:01:27.639845035
108.9219,52,08:01:27.639845035
108.9219,28,08:01:27.640047688
108.9219,1,08:01:27.640285607
108.9219,1,08:01:27.640307048
108.9219,1,08:01:27.640578252
108.9219,1,08:01:27.640773496
108.9219,1,08:01:27.640853740
108.9219,1,08:01:27.640870093
108.9219,1,08:01:27.664589119
108.9219,29,08:01:27.664878164
108.9219,1,08:01:27.665051970
108.9219,17,08:01:27.665131625
108.9219,2,08:01:27.665245052
108.9219,11,08:01:27.665631979
108.9219,1,08:01:27.665856652
108.9219,4,08:01:27.666055567
108.9219,3,08:01:27.683220435
108.9219,6,08:01:27.683824464
108.9219,1,08:01:27.683898072
108.9219,1,08:01:27.684149668
108.9219,30,08:01:27.684464005
108.9219,5,08:01:27.684649854
108.9219,1,08:01:27.684749126
108.9219,2,08:01:27.684776551
108.9219,5,08:01:27.684776551
108.9219,8,08:01:27.684806807
108.9219,1,08:01:27.684844468
108.9219,1,08:01:27.684883356
108.9219,1,08:01:27.706569833
108.9219,1,08:01:27.706757123
108.9219,1,08:01:27.706967075
108.9219,2,08:01:27.723211516
108.9219,6,08:01:27.725842487
108.9219,1,08:01:27.726041263
108.9219,1,08:01:27.726103768
108.9219,282,08:01:28.384709324
108.9219,1,08:01:28.384785937
108.9219,1,08:01:28.384861692
108.9219,5,08:01:28.384897552
108.9219,1,08:01:28.385021443
108.9219,1,08:01:28.385083415
108.9219,1,08:01:28.385124514
108.9219,14,08:01:28.386424555
108.9219,18,08:01:28.387669291
108.9219,81,08:01:28.457516356
108.9219,2,08:01:30.969395272
108.9219,55,08:01:32.521015728
108.9219,40,08:01:32.521105368
108.9219,15,08:01:32.565136180
108.9063,64,08:01:44.367111294
108.9219,6,08:01:48.569517734
108.9219,2,08:01:49.418661196
108.9063,100,08:01:59.870354606
108.9063,10,08:02:06.727592024
108.9063,48,08:02:12.831116798
108.9063,1,08:02:12.831370893
108.9063,45,08:02:12.831451295
108.9063,1,08:02:12.832236002
108.9063,96,08:02:12.832688078
108.9063,2,08:02:12.832786613
108.9063,1,08:02:12.832902886
108.9063,1,08:02:12.833274122
108.9063,2,08:02:12.833442762
108.9063,1,08:02:12.833537922
108.9063,1,08:02:12.833593049
108.9063,1,08:02:12.833729727
108.9063,96,08:02:12.833866780
108.9063,1,08:02:12.833939447
108.9063,5,08:02:12.834012662
108.9063,1,08:02:12.834060457
108.9063,3,08:02:12.834102234
108.9063,40,08:02:12.834143327
108.9063,102,08:02:12.834180223
108.9063,45,08:02:12.834387379
108.9063,1,08:02:12.834422999
108.9063,2,08:02:12.834527020
108.9063,2,08:02:12.834851885
108.9063,2,08:02:12.834872813
108.9063,2,08:02:12.834923515
108.9063,2,08:02:12.834987910
108.9063,1,08:02:12.835133875
108.9063,2,08:02:12.835169709
108.9063,48,08:02:12.835213230
108.9063,5,08:02:12.835596648
108.9063,66,08:02:12.835732328
108.9063,1,08:02:12.835812057
108.9063,6,08:02:12.835937568
108.9063,2,08:02:12.835970404
108.9063,1,08:02:12.836318093
108.9063,1,08:02:12.836416000
108.9063,2,08:02:12.836453188
108.9063,1,08:02:12.836682005
108.9063,1,08:02:12.836737011
108.9063,5,08:02:12.836791409
108.9063,2,08:02:12.836900816
108.9063,10,08:02:12.837010562
108.9063,1,08:02:12.837168079
108.9063,1,08:02:12.837436804
108.9063,55,08:02:12.837783556
108.9063,6,08:02:12.837964044
108.9063,55,08:02:12.838008672
108.9063,1,08:02:12.838720437
108.9063,20,08:02:12.838949430
108.9063,1,08:02:12.838973408
108.9063,1,08:02:12.839012170
108.9063,3,08:02:12.839064466
108.9063,55,08:02:12.839104210
108.9063,1,08:02:12.839147949
108.9063,22,08:02:12.839189323
108.9063,55,08:02:12.839585910
108.9063,1,08:02:12.839667761
108.9063,68,08:02:12.839794007
108.9063,1,08:02:12.839914253
108.9063,1,08:02:12.839933367
108.9063,1,08:02:12.839960775
108.9063,49,08:02:12.840021461
108.9063,1,08:02:12.840118583
108.9063,55,08:02:12.840180572
108.9063,3,08:02:12.840180572
108.9063,19,08:02:12.840227625
108.9063,1,08:02:12.840457384
108.9063,4,08:02:12.840552047
108.9063,13,08:02:12.840609643
108.9063,8,08:02:12.840671321
108.9063,13,08:02:12.840711180
108.9063,26,08:02:12.840748509
108.9063,96,08:02:12.840953330
108.9063,6,08:02:12.841005170
108.9063,34,08:02:12.841195405
108.9063,55,08:02:12.841343027
108.9063,7,08:02:12.841442415
108.9063,1,08:02:12.841442415
108.9063,2,08:02:12.841486668
108.9063,51,08:02:12.841995078
108.9063,14,08:02:12.842460803
108.9063,2,08:02:12.842548686
108.9063,22,08:02:12.842819645
108.9063,1,08:02:12.844701725
108.9063,1,08:02:12.844946482
108.9063,1,08:02:12.846859490
108.9063,15,08:02:12.848793293
108.9063,1,08:02:12.850262804
108.9063,1,08:02:12.851242503
108.9063,21,08:02:12.882639704
108.9063,50,08:02:13.944967709
108.8906,1,08:02:18.976902266
108.8906,4,08:02:18.976917747
108.8906,25,08:02:18.976917747
108.9063,10,08:02:19.464926669
108.9063,200,08:02:22.895444058
108.9063,1,08:02:22.895957103
108.9063,1,08:02:22.896401030
108.9063,50,08:02:22.896587828
108.9063,38,08:02:22.896663653
108.9063,2,08:02:22.897260085
108.9063,314,08:02:22.897483356
108.9063,15,08:02:22.898624403
108.9063,15,08:02:22.898779360
108.9063,2,08:02:22.898933017
108.9063,1,08:02:22.899104685
108.9063,2,08:02:22.899169698
108.9063,2,08:02:22.899240729
108.9063,1,08:02:22.899240729
108.9063,1,08:02:22.899323384
108.9063,1,08:02:22.899375490
108.9063,1,08:02:22.899465345
108.9063,2,08:02:22.899530832
108.9063,1,08:02:22.899589031
108.9063,1,08:02:22.899959419
108.9063,2,08:02:22.900046457
108.9063,3,08:02:22.900087037
108.9063,50,08:02:22.900196105
108.9063,2,08:02:22.900196105
108.9063,3,08:02:22.900321948
108.9063,1,08:02:22.900346290
108.9063,13,08:02:22.900379277
108.9063,9,08:02:22.900459624
108.9063,1,08:02:22.900470645
108.9063,1,08:02:22.900498662
108.9063,30,08:02:22.900606613
108.9063,2,08:02:22.900606613
108.9063,4,08:02:22.900678461
108.9063,24,08:02:22.900838643
108.9063,4,08:02:22.900874625
108.9063,6,08:02:22.900905207
108.9063,1,08:02:22.900969676
108.9063,7,08:02:22.901010615
108.9063,3,08:02:22.901010615
108.9063,1,08:02:22.901372379
108.9063,17,08:02:22.901446488
108.9063,17,08:02:22.901955747
108.9063,1,08:02:22.901977696
108.9063,1,08:02:22.902087209
108.9063,2,08:02:22.902173963
108.9063,2,08:02:22.902360002
108.9063,19,08:02:22.915694242
108.9063,4,08:02:23.026864127
108.9063,52,08:02:23.027201379
108.9063,1,08:02:23.027549328
108.9063,1,08:02:23.027736907
108.9063,3,08:02:23.027761966
108.9063,1,08:02:23.027786725
108.9063,1,08:02:23.027810389
108.9063,1,08:02:23.027829600
108.9063,1,08:02:23.027854829
108.9063,1,08:02:23.027882551
108.9063,1,08:02:23.027901684
108.9063,1,08:02:23.027947541
108.9063,1,08:02:23.028002893
108.9063,1,08:02:23.028041709
108.9063,1,08:02:23.028066686
108.9063,1,08:02:23.028097970
108.9063,1,08:02:23.028135330
108.9063,1,08:02:23.028159500
108.9063,1,08:02:23.028194236
108.9063,1,08:02:23.028216679
108.9063,1,08:02:23.028237844
108.9063,1,08:02:23.028260907
108.9063,1,08:02:23.028295689
108.9063,1,08:02:23.028318883
108.9063,1,08:02:23.028354644
108.9063,1,08:02:23.028392353
108.9063,1,08:02:23.028419945
108.9063,1,08:02:23.028435794
108.9063,1,08:02:23.028533751
108.9063,1,08:02:23.028588178
108.9063,50,08:02:23.028807446
108.9063,48,08:02:23.029691896
108.9063,3,08:02:23.030741838
108.9063,1,08:02:23.031645622
108.9063,58,08:02:23.031716491
108.9063,1,08:02:23.031749765
108.9063,19,08:02:23.031791004
108.9063,1,08:02:23.032028574
108.9063,1,08:02:23.032314407
108.9063,1,08:02:23.032343889
108.9063,3,08:02:23.032435491
108.9063,2,08:02:23.032526749
108.9063,5,08:02:23.032588124
108.9063,2,08:02:23.032897168
108.9063,1,08:02:23.032964564
108.9063,1,08:02:23.032982782
108.9063,1,08:02:23.033183592
108.9063,17,08:02:23.034123525
108.9063,1,08:02:23.034385242
108.9063,9,08:02:23.047747451
108.9063,9,08:02:23.050694071
108.9063,14,08:02:23.130979467
108.9063,3,08:02:28.819828664
108.9063,13,08:02:32.461281140
108.9063,1,08:02:32.463938592
108.9063,1,08:02:32.465649661
108.9063,3,08:02:32.471089696
108.8906,8,08:02:44.058251798
108.9063,2,08:02:47.074421788
108.9063,2,08:02:47.074745401
108.9063,2,08:02:47.074931264
108.9063,1,08:02:47.074960446
108.9063,5,08:02:47.075185653
108.9063,1,08:02:47.075198105
108.9063,10,08:02:47.075256473
108.9063,16,08:02:47.075374261
108.9063,3,08:02:47.075393843
108.9063,23,08:02:47.075417892
108.9063,4,08:02:47.075441626
108.9063,3,08:02:47.075456145
108.9063,2,08:02:47.075475765
108.9063,10,08:02:47.102907050
108.9063,11,08:02:47.103414805
108.9063,2,08:02:47.103679639
108.9063,5,08:02:47.103760662
108.9063,4,08:02:47.103998432
108.9063,1,08:02:47.104053835
108.9063,1,08:02:47.104096502
108.9063,3,08:02:49.771057402
108.9063,2,08:02:50.083833645
108.9063,2,08:02:51.064133048
108.9063,9,08:02:51.484423627
108.9063,10,08:02:51.484554369
108.9063,9,08:02:51.492366392
108.9063,9,08:02:51.514172746
108.9063,19,08:02:51.523351466
108.9063,4,08:02:59.537980046
108.9063,15,08:03:15.085620628
108.8906,200,08:03:17.203076555
108.9063,1,08:03:18.562060783
108.9063,4,08:03:20.167846009
108.9063,1,08:03:23.867722957
108.8906,97,08:03:24.642859568
108.9063,2,08:03:26.632450996
108.8906,350,08:03:39.885592755
108.9063,5,08:03:40.438552861
108.9063,2,08:03:40.467303689
108.8906,6,08:03:41.308622425
108.9063,400,08:03:44.733948333
108.8906,1,08:03:44.971429788
108.8906,1,08:03:45.402957898
108.8906,2,08:03:45.424831385
108.8906,1,08:03:45.446903939
108.9063,6,08:03:50.820107969
108.9063,2,08:04:11.050430912
108.8906,9,08:04:27.749068348
108.8906,1,08:04:39.096644249
108.9063,2,08:04:41.719515972
108.9063,1,08:04:57.147412732
108.9063,98,08:04:57.150503450
108.9063,1,08:04:57.189168690
108.9063,98,08:04:57.219394358
108.9063,303,08:04:57.247772617
108.9063,63,08:04:57.367105649
108.9063,7,08:05:02.046757419
108.9063,2,08:05:02.691428126
108.9063,2,08:05:02.691786987
108.9063,74,08:05:02.701302853
108.9063,1,08:05:02.701481489
108.9063,7,08:05:02.701866182
108.9063,7,08:05:02.708753467
108.9063,2816,08:05:02.959143722
108.9063,45,08:05:02.972733388
108.9063,3,08:05:02.973176693
108.9063,1,08:05:02.973404999
108.9219,2,08:05:02.980329577
108.9063,2,08:05:02.996642914
108.9219,17,08:05:04.750143216
108.9219,20,08:05:04.750171534
108.9219,2,08:05:04.750230396
108.9219,2,08:05:04.751257533
108.9219,2,08:05:04.752037943
108.9219,13,08:05:04.923143713
108.9219,1,08:05:04.923472750
108.9219,1,08:05:04.923656872
108.9219,1,08:05:04.923774407
108.9219,20,08:05:04.924079863
108.9219,2,08:05:04.924310191
108.9219,13,08:05:04.924710689
108.9219,1,08:05:04.924756101
108.9219,1,08:05:04.924815830
108.9219,1,08:05:04.924854096
108.9219,1,08:05:04.924932152
108.9219,18,08:05:04.925014259
108.9219,172,08:05:04.925218996
108.9219,35,08:05:04.925352432
108.9219,21,08:05:04.925479619
108.9219,39,08:05:04.925675566
108.9219,1,08:05:04.925854919
108.9219,3,08:05:04.925854919
108.9219,1,08:05:04.925893769
108.9219,1,08:05:04.926066825
108.9219,1,08:05:04.926377807
108.9219,1,08:05:04.926455764
108.9219,15,08:05:04.926488017
108.9219,1,08:05:04.926519007
108.9219,1,08:05:04.926538888
108.9219,2,08:05:04.926556499
108.9219,55,08:05:04.928000345
108.9219,55,08:05:04.928061857
108.9219,34,08:05:04.928150640
108.9219,96,08:05:04.928411298
108.9219,1,08:05:04.928437416
108.9219,5,08:05:04.929639067
108.9219,1,08:05:04.929772477
108.9219,5,08:05:04.930178540
108.9219,5,08:05:04.930993321
108.9219,2,08:05:04.931727870
108.9219,1,08:05:04.931846270
108.9219,1,08:05:04.931987930
108.9219,100,08:05:04.932032452
108.9219,37,08:05:04.932076514
108.9219,1,08:05:04.933182041
108.9219,1,08:05:04.933238892
108.9219,50,08:05:04.933262000
108.9219,1,08:05:04.933321043
108.9219,1,08:05:04.933445236
108.9219,1,08:05:04.933467531
108.9219,1,08:05:04.933493618
108.9219,1,08:05:04.933509465
108.9219,1,08:05:04.933529545
108.9219,1,08:05:04.933552598
108.9219,1,08:05:04.933573172
108.9219,1,08:05:04.933598874
108.9219,1,08:05:04.933623121
108.9219,1,08:05:04.933635566
108.9219,1,08:05:04.933663282
108.9219,2,08:05:04.934126005
108.9219,8,08:05:04.934161455
108.9219,1,08:05:04.934192928
108.9219,55,08:05:04.934212576
108.9219,19,08:05:04.934368137
108.9219,3,08:05:04.934796902
108.9219,5,08:05:04.934824572
108.9219,8,08:05:04.934891349
108.9219,1,08:05:04.934987181
108.9219,1,08:05:04.935014951
108.9219,1,08:05:04.935068008
108.9219,19,08:05:04.935087906
108.9219,1,08:05:04.935142400
108.9219,1,08:05:04.935286995
108.9219,1,08:05:04.935642605
108.9219,7,08:05:04.935662532
108.9219,2,08:05:04.936133790
108.9219,6,08:05:04.936218895
108.9219,1,08:05:04.936427216
108.9219,2,08:05:04.936477928
108.9219,1,08:05:04.936671835
108.9219,1,08:05:04.936751700
108.9219,10,08:05:04.943072723
108.9219,673,08:05:05.986435631
108.9219,1,08:05:08.014604543
108.9219,1,08:05:08.014626764
108.9219,1,08:05:08.014679677
108.9219,1,08:05:08.014717751
108.9219,1,08:05:08.014745300
108.9219,1,08:05:08.014793830
108.9219,4,08:05:08.014847661
108.9219,1,08:05:10.961915898
108.9219,1,08:05:12.948218192
108.9063,2,08:05:13.005404654
108.9219,1,08:05:13.672579390
108.9219,14,08:05:14.950502517
108.9219,19,08:05:14.950748203
108.9219,20,08:05:14.952675087
108.9219,20,08:05:14.959516757
108.9219,14,08:05:14.976365068
108.9219,14,08:05:15.002366098
108.9219,7,08:05:15.031414192
108.9219,6,08:05:15.031464292
108.9063,1,08:05:17.062894162
108.9219,57,08:05:17.284247013
108.9219,1,08:05:17.284535570
108.9219,1,08:05:17.693193853
108.9219,144,08:05:28.332965145
108.9219,1,08:05:28.335696204
108.9219,1,08:05:28.335713734
108.9219,8,08:05:28.336060180
108.9219,1,08:05:28.336315772
108.9219,7,08:05:28.336329369
108.9219,348,08:05:28.336559047
108.9219,1,08:05:28.337017888
108.9219,1,08:05:28.337044266
108.9219,232,08:05:28.337619481
108.9219,1,08:05:28.339299167
108.9219,9,08:05:28.340352074
108.9219,126,08:05:28.344411080
108.9219,3,08:05:28.344482170
108.9219,2,08:05:28.345410618
108.9219,623,08:05:28.346846809
108.9219,1,08:05:28.349823638
108.9219,5,08:05:28.350086830
108.9219,1,08:05:28.350120498
108.9219,4,08:05:28.350143622
108.9219,10,08:05:28.350200433
108.9219,4,08:05:28.350830071
108.9219,1,08:05:28.351011944
108.9219,2,08:05:28.352887658
108.9219,2,08:05:28.353964202
108.9219,5,08:05:28.353997102
108.9219,1,08:05:28.354267308
108.9219,1,08:05:28.354382972
108.9063,3,08:05:28.360808070
108.9219,1,08:05:28.440840219
108.9219,7,08:05:28.555734749
108.9219,48,08:05:28.556019491
108.9219,10,08:05:28.556100069
108.9219,1,08:05:28.556388974
108.9219,1,08:05:28.556549681
108.9219,1,08:05:28.556775506
108.9219,89,08:05:28.557003757
108.9219,1,08:05:28.557508273
108.9219,1,08:05:28.559169164
108.9219,526,08:05:28.559532995
108.9219,1,08:05:28.560186663
108.9219,1,08:05:28.560242712
108.9219,2,08:05:28.560278390
108.9219,25,08:05:28.560448470
108.9219,21,08:05:28.560664282
108.9219,1,08:05:28.560780624
108.9219,1,08:05:28.562637052
108.9219,2,08:05:28.562651260
108.9219,2,08:05:28.563219857
108.9219,5,08:05:28.563546851
108.9219,7,08:05:28.573731852
108.9219,2,08:05:28.573941837
108.9219,6,08:05:28.574046588
108.9219,7,08:05:28.587744278
108.9219,7,08:05:28.627743399
108.9219,7,08:05:28.627835558
108.9219,1,08:05:28.627936363
108.9219,7,08:05:28.676766014
108.9219,1,08:05:28.676974796
108.9219,2,08:05:29.139718237
108.9219,1,08:05:29.139914702
108.9219,1,08:05:29.140131615
108.9219,1,08:05:29.702342224
108.9219,1,08:05:29.702599631
108.9219,96,08:05:30.287251911
108.9219,1,08:05:30.287632661
108.9219,1,08:05:30.287732372
108.9219,2,08:05:30.287910520
108.9219,1,08:05:30.287985622
108.9219,1,08:05:30.288098968
108.9219,1,08:05:30.288301196
108.9219,21,08:05:30.288765951
108.9219,10,08:05:30.289077414
108.9219,1,08:05:30.289122003
108.9219,1,08:05:30.289170481
108.9219,1,08:05:30.289343816
108.9219,7,08:05:30.304765055
108.9219,7,08:05:30.304847694
108.9219,7,08:05:30.339636729
108.9219,350,08:05:32.677759209
108.9219,1,08:05:32.677963010
108.9219,1,08:05:32.678032378
108.9219,1,08:05:32.678126982
108.9219,1,08:05:32.678304227
108.9219,4,08:05:32.678368072
108.9219,5,08:05:32.678409676
108.9219,18,08:05:32.678518206
108.9219,11,08:05:32.678586121
108.9219,1,08:05:32.678624269
108.9219,2,08:05:32.678732864
108.9219,1,08:05:32.678762195
108.9219,1,08:05:32.678784275
108.9219,1,08:05:32.679418535
108.9219,1,08:05:32.679664969
108.9219,1,08:05:32.679709792
108.9219,3,08:05:32.680510441
108.9219,6,08:05:32.681542085
108.9219,1,08:05:32.681704050
108.9219,2,08:05:32.785371799
108.9219,1,08:05:32.785611663
108.9219,41,08:05:33.428486845
108.9219,1,08:05:33.428652487
108.9219,15,08:05:33.428838711
108.9219,21,08:05:33.428919493
108.9219,1,08:05:33.428990717
108.9219,1,08:05:33.429012043
108.9219,1,08:05:33.429044962
108.9219,1,08:05:33.429082809
108.9219,1,08:05:33.429109194
108.9219,1,08:05:33.429169613
108.9219,1,08:05:33.429227087
108.9219,1,08:05:33.429255766
108.9219,1,08:05:33.429282396
108.9219,1,08:05:33.429312445
108.9219,1,08:05:33.429367960
108.9219,1,08:05:33.429435161
108.9219,1,08:05:33.429509160
108.9219,1,08:05:33.429539365
108.9219,1,08:05:33.429566444
108.9219,1,08:05:33.429593229
108.9219,1,08:05:33.429625863
108.9219,1,08:05:33.429657098
108.9219,4,08:05:33.429792379
108.9219,20,08:05:33.430216214
108.9219,5,08:05:33.430259159
108.9219,1,08:05:33.430581936
108.9219,2,08:05:33.430811954
108.9219,1,08:05:33.430927956
108.9219,1,08:05:33.430966101
108.9219,1,08:05:33.431228407
108.9219,478,08:05:35.660410774
108.9219,5,08:05:35.663654109
108.9219,5,08:05:40.237211574
108.9219,1,08:05:44.545610959
108.9063,1,08:05:47.501128798
108.9219,1,08:06:01.239252585
108.9219,14,08:06:01.479746290
108.9219,320,08:06:14.371694012
108.9219,48,08:06:14.372166277
108.9219,328,08:06:14.373203780
108.9219,3,08:06:14.380690084
108.9219,3,08:06:14.382810518
108.9219,55,08:06:14.383085109
108.9219,1,08:06:14.413617257
108.9219,1,08:06:14.476890106
108.9219,1,08:06:14.914244122
108.9219,1,08:06:14.914664354
108.9375,1,08:06:16.666526941
108.9219,100,08:06:18.405589289
108.9219,1,08:06:18.406054489
108.9219,30,08:06:31.279211414
108.9375,1,08:06:31.953499369
108.9375,2,08:06:46.231037287
108.9375,1,08:07:00.094836790
108.9375,4,08:07:00.677637782
108.9219,5,08:07:21.536535233
108.9219,553,08:07:21.576263990
108.9219,1,08:07:21.578085006
108.9219,8,08:07:21.578170427
108.9219,1,08:07:21.578248404
108.9219,1,08:07:21.578300943
108.9219,1,08:07:21.578331520
108.9219,1,08:07:21.578360976
108.9219,1,08:07:21.578413857
108.9219,1,08:07:21.578440066
108.9219,1,08:07:21.578460162
108.9219,1,08:07:21.578478664
108.9219,1,08:07:21.578506714
108.9219,1,08:07:21.578529370
108.9219,1,08:07:21.578557764
108.9219,1,08:07:21.578574510
108.9219,1,08:07:21.578609832
108.9219,1,08:07:21.578621368
108.9219,1,08:07:21.578658815
108.9219,1,08:07:21.578677933
108.9219,1,08:07:21.578704762
108.9219,5,08:07:21.578773870
108.9219,1,08:07:21.578809055
108.9219,1,08:07:21.578868366
108.9219,1,08:07:21.578914613
108.9219,19,08:07:21.579026976
108.9219,129,08:07:21.579337274
108.9219,1,08:07:21.581434071
108.9219,4,08:07:21.581622594
108.9219,2,08:07:21.583356721
108.9219,55,08:07:21.583967943
108.9219,5,08:07:21.584086221
108.9219,1,08:07:21.584503196
108.9219,5,08:07:21.584704396
108.9219,6,08:07:21.584976130
108.9219,3,08:07:21.585220487
108.9219,93,08:07:21.586399544
108.9219,50,08:07:21.587434032
108.9219,1,08:07:21.587492385
108.9219,1,08:07:21.587909890
108.9219,1,08:07:21.588232736
108.9219,1,08:07:21.588283201
108.9219,3,08:07:21.588706726
108.9219,1,08:07:21.588827478
108.9219,1,08:07:21.589141414
108.9219,1,08:07:21.589556478
108.9219,2,08:07:21.589637859
108.9219,1,08:07:21.589850129
108.9219,1,08:07:21.589873214
108.9219,1,08:07:21.589933894
108.9219,1,08:07:21.590629633
108.9219,2,08:07:21.590989416
108.9219,3,08:07:21.592739214
108.9219,9,08:07:21.670856392
108.9219,4,08:07:25.808980390
108.9219,3,08:07:25.809432524
108.9219,1,08:07:26.677861257
108.9219,14,08:07:26.678074662
108.9219,54,08:07:26.678262071
108.9219,5,08:07:26.678326687
108.9219,1,08:07:26.678565175
108.9219,1,08:07:26.678613832
108.9219,27,08:07:26.678748407
108.9219,1,08:07:26.678898102
108.9219,1,08:07:26.679031722
108.9219,1,08:07:26.679528375
108.9219,38,08:07:26.679595452
108.9219,1,08:07:26.679817632
108.9219,8,08:07:26.681150536
108.9219,9,08:07:36.286414508
108.9219,7,08:07:37.298522080
108.9219,3,08:07:37.298792469
108.9219,1,08:07:41.171297666
108.9219,1,08:07:41.171437150
108.9219,2,08:07:41.171526784
108.9219,2,08:07:41.171561918
108.9219,2,08:07:45.480902820
108.9219,3,08:07:45.481194809
108.9219,1,08:07:45.712465668
108.9219,1,08:07:48.227670453
108.9219,1,08:07:49.400609490
108.9219,1,08:07:58.508272373
108.9219,1,08:08:03.037538006
108.9219,474,08:08:06.642257212
108.9219,4,08:08:06.646090105
108.9219,1,08:08:06.646589664
108.9219,14,08:08:06.646781098
108.9219,2,08:08:06.650065964
108.9219,2,08:08:06.650101338
108.9219,1,08:08:06.650281761
108.9219,82,08:08:06.650344569
108.9219,21,08:08:06.650385764
108.9219,1,08:08:06.651298946
108.9219,1,08:08:06.651324095
108.9219,1,08:08:06.651369616
108.9219,1,08:08:06.652178119
108.9219,1,08:08:06.711163045
108.9219,1,08:08:06.711370969
108.9219,1,08:08:06.726277752
108.9219,1,08:08:06.726450533
108.9219,1,08:08:06.881119312
108.9219,1,08:08:06.881318152
108.9219,1,08:08:07.006381515
108.9219,1,08:08:07.006577158
108.9219,19,08:08:10.674988698
108.9219,1,08:08:10.675285296
108.9219,1,08:08:10.675334337
108.9219,2,08:08:10.675786876
108.9219,1,08:08:11.566863990
108.9219,2,08:08:14.469070222
108.9219,3,08:08:14.469392836
108.9219,6,08:08:14.970921402
108.9219,1,08:08:14.971283681
108.9219,1,08:08:24.362372018
108.9219,1,08:08:24.362656273
108.9219,3,08:08:24.362698518
108.9219,1,08:08:24.755699834
108.9219,6,08:08:32.700042014
108.9219,7,08:08:32.806904539
108.9219,1,08:08:33.263957393
108.9219,1,08:08:36.701053912
108.9219,1,08:08:36.701092153
108.9219,1,08:08:36.824581490
108.9219,1,08:08:36.824617763
108.9219,1,08:08:36.948031392
108.9219,1,08:08:36.948068897
108.9375,6,08:08:40.880755453
108.9219,1,08:08:44.345612206
108.9219,1,08:08:45.192561760
108.9219,1,08:08:45.192602759
108.9219,1,08:08:45.316116417
108.9219,1,08:08:45.316168943
108.9219,1,08:08:45.439639710
108.9219,1,08:08:45.439674284
108.9219,1,08:08:53.355805520
108.9219,2,08:08:53.356100464
108.9219,7,08:08:55.857955324
108.9219,3,08:08:55.858223896
108.9219,17,08:08:58.257132915
108.9219,1,08:08:58.257469831
108.9219,1,08:08:59.862853225
108.9219,1,08:09:00.297056476
108.9219,3,08:09:00.297342721
108.9219,1,08:09:00.297470718
108.9219,1,08:09:00.297500719
108.9219,1,08:09:00.297775950
108.9219,1,08:09:00.297909520
108.9219,1,08:09:01.168438969
108.9219,56,08:09:01.168711352
108.9219,15,08:09:01.168807578
108.9219,1,08:09:01.169059573
108.9219,1,08:09:01.169126819
108.9219,1,08:09:01.169159662
108.9219,1,08:09:01.169179278
108.9219,1,08:09:01.169208219
108.9219,1,08:09:01.169265523
108.9219,1,08:09:01.169285443
108.9219,1,08:09:01.169305502
108.9219,1,08:09:01.169334206
108.9219,1,08:09:01.169360517
108.9219,1,08:09:01.169385983
108.9219,1,08:09:01.169412409
108.9219,1,08:09:01.169452240
108.9219,1,08:09:01.169480782
108.9219,1,08:09:01.169507064
108.9219,1,08:09:01.169538562
108.9219,1,08:09:01.169565648
108.9219,1,08:09:01.169589815
108.9219,1,08:09:01.169616330
108.9219,1,08:09:01.169639399
108.9219,1,08:09:01.169698834
108.9219,1,08:09:01.169731804
108.9219,6,08:09:01.169800148
108.9219,1,08:09:01.169868863
108.9219,93,08:09:01.170915335
108.9219,7,08:09:01.172837317
108.9219,1,08:09:01.173840339
108.9219,19,08:09:01.174278555
108.9219,1,08:09:01.174342272
108.9219,5,08:09:01.174483286
108.9219,1,08:09:01.174522762
108.9219,17,08:09:01.174552723
108.9219,19,08:09:01.174589000
108.9219,1,08:09:01.174623628
108.9219,1,08:09:01.174698490
108.9219,1,08:09:01.174721799
108.9219,1,08:09:01.174752619
108.9219,1,08:09:01.174787090
108.9219,1,08:09:01.174817782
108.9219,1,08:09:01.174852698
108.9219,1,08:09:01.174883947
108.9219,1,08:09:01.174917406
108.9219,1,08:09:01.174953548
108.9219,1,08:09:01.175025748
108.9219,5,08:09:01.175094642
108.9219,1,08:09:01.175129023
108.9219,1,08:09:01.175150967
108.9219,1,08:09:01.175187280
108.9219,4,08:09:01.175253722
108.9219,1,08:09:01.175285355
108.9219,1,08:09:01.175306575
108.9219,3,08:09:01.175338333
108.9219,1,08:09:01.175366996
108.9219,1,08:09:01.175398053
108.9219,1,08:09:01.175433512
108.9219,1,08:09:01.175463721
108.9219,1,08:09:01.175500391
108.9219,1,08:09:01.175527393
108.9219,3,08:09:01.175559237
108.9219,3,08:09:01.175604150
108.9219,1,08:09:01.175671539
108.9219,1,08:09:01.175734738
108.9219,1,08:09:01.175841627
108.9219,2,08:09:01.176053433
108.9219,22,08:09:01.176133998
108.9219,10,08:09:01.176224713
108.9219,1,08:09:01.176268361
108.9219,1,08:09:01.176512725
108.9219,15,08:09:01.176665704
108.9219,1,08:09:01.176753318
108.9219,1,08:09:01.176816066
108.9219,1,08:09:01.177185052
108.9219,19,08:09:01.177269828
108.9219,1,08:09:01.177495765
108.9219,1,08:09:01.177713018
108.9219,1,08:09:01.177737633
108.9219,1,08:09:01.177768200
108.9219,19,08:09:01.177861802
108.9219,1,08:09:01.177962175
108.9219,1,08:09:01.178045079
108.9219,8,08:09:01.178260812
108.9219,51,08:09:01.218314435
108.9219,1,08:09:01.218435100
108.9219,1,08:09:01.218558167
108.9219,1,08:09:01.218641283
108.9219,21,08:09:01.218746104
108.9219,1,08:09:01.218815207
108.9219,1,08:09:01.218930796
108.9219,33,08:09:02.355618373
108.9219,1,08:09:02.355983510
108.9219,3,08:09:05.296035951
108.9219,142,08:09:08.786927346
108.9219,7,08:09:08.789711447
108.9219,202,08:09:08.799536384
108.9219,10,08:09:08.801517307
108.9219,9,08:09:08.801612618
108.9219,1,08:09:08.801875289
108.9063,9,08:09:09.776210513
108.9063,6,08:09:13.145026494
108.9219,750,08:09:18.201359796
108.9219,170,08:09:18.202420064
108.9219,3,08:09:18.206401343
108.9219,15,08:09:18.206483538
108.9219,1,08:09:18.206580503
108.9219,4,08:09:18.206678315
108.9219,1,08:09:18.206783448
108.9219,1,08:09:18.206830393
108.9375,1,08:09:50.924305338
108.9219,6,08:10:23.950258729
108.9219,5,08:10:23.974346481
108.9219,1,08:10:24.865687129
108.9219,5,08:10:25.791978279
108.9219,6,08:10:26.924047383
108.9375,5,08:10:40.863602546
108.9219,5,08:10:40.885216122
108.9219,100,08:10:43.948893862
108.9219,26,08:10:43.949714381
108.9219,2,08:10:43.949791013
108.9219,29,08:10:43.949927400
108.9219,8,08:10:43.950077365
108.9219,3,08:10:43.950077365
108.9219,1,08:10:43.950160569
108.9219,1,08:10:43.950203428
108.9219,49,08:10:43.950306588
108.9219,122,08:10:43.950515789
108.9219,4,08:10:43.950805776
108.9219,150,08:10:43.950814624
108.9219,3,08:10:43.950937321
108.9219,14,08:10:43.951124342
108.9219,20,08:10:43.951199644
108.9219,1,08:10:43.951265075
108.9219,1,08:10:43.951281334
108.9219,3,08:10:43.951393718
108.9219,640,08:10:43.952246855
108.9219,9,08:10:43.952310795
108.9219,4,08:10:43.952359628
108.9219,2,08:10:43.952455713
108.9219,1,08:10:43.952484437
108.9219,1,08:10:43.952559670
108.9219,1,08:10:43.952601659
108.9219,20,08:10:43.952820047
108.9219,5,08:10:43.952856845
108.9219,6,08:10:43.953140527
108.9219,2,08:10:43.953529594
108.9219,22,08:10:43.953678599
108.9219,2,08:10:43.953881294
108.9219,3,08:10:43.954244293
108.9219,44,08:10:43.954448617
108.9219,1,08:10:43.954482154
108.9219,55,08:10:43.954574511
108.9219,1,08:10:43.954683794
108.9219,36,08:10:43.954998715
108.9219,1,08:10:43.955642757
108.9219,10,08:10:43.959748997
108.9219,2,08:10:43.965502885
108.9219,6,08:10:44.154097214
108.9219,1,08:10:44.154376970
108.9219,668,08:10:50.687513566
108.9219,1,08:10:50.691574131
108.9219,1,08:10:50.691699572
108.9219,48,08:10:50.691850904
108.9219,48,08:10:50.692816331
108.9219,61,08:10:50.693708878
108.9219,1,08:10:50.694374792
108.9219,1,08:10:50.694580313
108.9219,1,08:10:50.694863055
108.9219,1,08:10:50.694886210
108.9219,56,08:10:50.694913471
108.9219,1,08:10:50.695066374
108.9219,1,08:10:50.695129210
108.9219,1,08:10:50.695242045
108.9219,1,08:10:50.695357471
108.9219,1,08:10:50.695470219
108.9219,1,08:10:50.695517436
108.9219,1,08:10:50.695535375
108.9219,17,08:10:50.695584746
108.9219,19,08:10:50.695652200
108.9219,49,08:10:50.695676306
108.9219,1,08:10:50.695746541
108.9219,1,08:10:50.695778622
108.9219,1,08:10:50.695855270
108.9219,18,08:10:50.695902618
108.9219,1,08:10:50.695938369
108.9219,1,08:10:50.695961781
108.9219,1,08:10:50.696006831
108.9219,1,08:10:50.696099025
108.9219,1,08:10:50.696126399
108.9219,1,08:10:50.696148329
108.9219,1,08:10:50.696302248
108.9219,1,08:10:50.703990484
108.9219,1,08:10:50.704202488
108.9219,52,08:10:50.707453840
108.9219,1,08:10:50.707678014
108.9219,1,08:10:50.707746224
108.9219,1,08:10:50.707797505
108.9219,13,08:10:51.026045611
108.9219,1,08:10:51.026251436
108.9219,1,08:10:51.026327243
108.9219,3,08:10:51.030644780
108.9219,1,08:10:51.030824591
108.9219,6,08:10:53.567570311
108.9219,2,08:10:54.275814877
108.9219,50,08:11:01.945208236
108.9219,133,08:11:01.946687975
108.9219,110,08:11:01.946719755
108.9219,96,08:11:01.946975808
108.9219,32,08:11:01.947241772
108.9219,1,08:11:01.947779699
108.9219,736,08:11:01.948495481
108.9219,1,08:11:01.949913166
108.9219,2,08:11:01.950560732
108.9219,1,08:11:01.950716757
108.9219,1,08:11:01.950738233
108.9219,1,08:11:01.950774553
108.9219,2,08:11:01.950848001
108.9219,2,08:11:01.950880805
108.9219,5,08:11:01.951008318
108.9219,3,08:11:01.954075126
108.9219,4,08:11:01.954500446
108.9219,39,08:11:01.954878092
108.9219,10,08:11:01.967775431
108.9219,230,08:11:01.986157398
108.9219,1,08:11:01.987528633
108.9219,1,08:11:01.987596839
108.9219,1,08:11:01.987641588
108.9219,9,08:11:01.987758205
108.9219,48,08:11:01.989309254
108.9219,26,08:11:01.989411372
108.9219,3,08:11:01.989525601
108.9219,26,08:11:01.991206189
108.9219,2,08:11:12.440732018
108.9219,42,08:11:12.441488106
108.9219,13,08:11:12.441522056
108.9219,25,08:11:12.441565468
108.9219,3,08:11:12.441728098
108.9219,1,08:11:12.441963111
108.9219,1,08:11:12.442073016
108.9219,14,08:11:12.442130804
108.9219,3,08:11:12.442536284
108.9219,5,08:11:12.442608065
108.9219,1,08:11:12.442677708
108.9219,1,08:11:12.442788942
108.9219,1,08:11:15.305459119
108.9063,666,08:11:18.706985849
108.9063,702,08:11:18.718931647
108.9063,702,08:11:18.720165150
108.9063,15,08:11:18.721144472
108.9063,1,08:11:18.721261425
108.9063,2,08:11:18.724870439
108.9063,1,08:11:18.729128009
108.9063,10,08:11:18.729128009
108.9063,11,08:11:18.729477068
108.9063,6,08:11:18.729570990
108.9063,37,08:11:18.729614487
108.9063,7,08:11:18.729680097
108.9063,13,08:11:18.729808007
108.9063,2,08:11:18.729935088
108.9063,7,08:11:18.729935088
108.9063,65,08:11:18.730083795
108.9063,8,08:11:18.730263175
108.9063,5,08:11:18.730309757
108.9063,1,08:11:18.730323144
108.9063,116,08:11:18.730440090
108.9063,144,08:11:18.730478369
108.9063,5,08:11:18.730674154
108.9063,5,08:11:18.731482457
108.9063,1,08:11:18.731482457
108.9063,1,08:11:18.735076365
108.9063,2,08:11:18.735183910
108.9063,1,08:11:18.735183910
108.9063,50,08:11:18.740414861
108.9063,118,08:11:18.740524630
108.9063,2,08:11:18.740812789
108.9063,1,08:11:18.741078484
108.9063,2,08:11:18.741356541
108.9063,20,08:11:18.741543824
108.9063,137,08:11:18.741775806
108.9063,1,08:11:18.743285354
108.9063,2,08:11:18.745679590
108.9063,16,08:11:18.747280151
108.9063,4,08:11:18.748125963
108.9063,25,08:11:18.748203456
108.9063,5,08:11:18.748282539
108.9063,1,08:11:18.749698632
108.9063,18,08:11:18.751176783
108.9063,50,08:11:18.752413729
108.9063,1,08:11:18.752439762
108.9063,20,08:11:18.752458851
108.9063,5,08:11:18.752480083
108.9063,10,08:11:18.752582498
108.9063,1,08:11:18.752937070
108.9063,1,08:11:18.752968994
108.9063,1,08:11:18.753015091
108.9063,52,08:11:18.753157645
108.9063,1,08:11:18.753248972
108.9063,1,08:11:18.753416089
108.9063,3,08:11:18.753519365
108.9063,7,08:11:18.753540357
108.9063,2,08:11:18.753590464
108.9063,2,08:11:18.753633274
108.9063,1,08:11:18.753662808
108.9063,2,08:11:18.753788564
108.9063,10,08:11:18.757397814
108.9063,2,08:11:18.758465250
108.9063,1,08:11:18.766205288
108.9063,1,08:11:18.769504262
108.9063,2,08:11:18.798739255
108.8906,1,08:11:19.408031551
108.8906,1,08:11:20.839400292
108.9063,407,08:12:03.144665754
108.9063,2,08:12:04.256248063
108.9063,20,08:12:07.039615887
108.9063,52,08:12:12.295098985
108.8906,14,08:12:14.432866231
108.8906,54,08:12:16.088706753
108.9063,94,08:12:23.201671875
108.8906,13,08:12:31.108238747
108.8906,15,08:12:31.119728278
108.8906,1,08:12:31.120088141
108.8906,13,08:12:31.120205176
108.8906,60,08:12:31.120744660
108.8906,1,08:12:31.120912762
108.8906,1,08:12:31.120972002
108.8906,1197,08:12:31.121569489
108.8906,10,08:12:31.127286352
108.8906,5,08:12:32.420525003
108.8906,52,08:12:33.515554197
108.8906,1,08:12:33.515930204
108.8906,15,08:12:33.516092841
108.8906,5,08:12:33.516142679
108.8906,13,08:12:33.516196152
108.8906,2,08:12:33.516272358
108.8906,2,08:12:33.516314570
108.8906,2,08:12:33.516392114
108.8906,1,08:12:33.516431094
108.8906,1,08:12:33.516472919
108.8906,2,08:12:33.516520651
108.8906,1,08:12:33.516580210
108.8906,1,08:12:33.516585123
108.8906,1,08:12:33.516628346
108.8906,1,08:12:33.516692680
108.8906,17,08:12:33.516716721
108.8906,6,08:12:33.516759983
108.8906,1,08:12:33.516825093
108.8906,1,08:12:33.516886649
108.8906,1,08:12:33.516912803
108.8906,1,08:12:33.516998207
108.8906,1,08:12:33.517050828
108.8906,1,08:12:33.517118689
108.8906,1,08:12:33.517184549
108.8906,1,08:12:33.517222950
108.8906,1,08:12:33.517283243
108.8906,1,08:12:33.517318293
108.8906,1,08:12:33.517388166
108.8906,33,08:12:33.517445003
108.8906,1,08:12:33.517531026
108.8906,4,08:12:33.517538918
108.8906,1,08:12:33.517622251
108.8906,63,08:12:33.517787431
108.8906,1,08:12:33.517908682
108.8906,10,08:12:33.517929838
108.8906,4,08:12:33.517958047
108.8906,12,08:12:33.517985778
108.8906,5,08:12:33.518028950
108.8906,1,08:12:33.518070138
108.8906,2,08:12:33.518225220
108.8906,6,08:12:33.518252094
108.8906,1,08:12:33.518579838
108.8906,1,08:12:33.518676089
108.8906,676,08:12:38.674483921
108.8906,1,08:12:38.675057196
108.8906,15,08:12:38.675169870
108.8906,1,08:12:38.675198392
108.8906,1,08:12:38.675276272
108.8906,1,08:12:38.675314392
108.8906,1,08:12:38.675354040
108.8906,1,08:12:38.675399456
108.8906,1,08:12:38.675426461
108.8906,1,08:12:38.675497631
108.8906,1,08:12:38.675564672
108.8906,1,08:12:38.675621575
108.8906,1,08:12:38.675659985
108.8906,1,08:12:38.675708592
108.8906,1,08:12:38.675745501
108.8906,1,08:12:38.675829711
108.8906,1,08:12:38.675858988
108.8906,1,08:12:38.675890221
108.8906,1,08:12:38.675965959
108.8906,1,08:12:38.676061024
108.8906,2,08:12:38.676233076
108.8906,18,08:12:38.676312742
108.8906,1,08:12:38.676348857
108.8906,2,08:12:38.676380928
108.8906,20,08:12:38.676665434
108.8906,1,08:12:38.676741089
108.8906,11,08:12:38.676935944
108.8906,15,08:12:38.676991782
108.8906,2,08:12:38.677208996
108.8906,2,08:12:38.677502964
108.8906,2,08:12:38.677532811
108.8906,6,08:12:38.677568014
108.8906,1,08:12:38.677606924
108.8906,57,08:12:38.677681386
108.8906,2,08:12:38.678570256
108.8906,48,08:12:38.679193436
108.8906,2,08:12:38.679439419
108.8906,1,08:12:38.679526236
108.8906,1,08:12:38.679565447
108.8906,16,08:12:38.679699360
108.8906,1,08:12:38.679826278
108.8906,1,08:12:38.679914257
108.8906,1,08:12:38.679953788
108.8906,4,08:12:38.679990847
108.8906,1,08:12:38.680035085
108.8906,1,08:12:38.680612639
108.8906,1,08:12:38.680887970
108.8906,1,08:12:38.680972800
108.8906,2,08:12:38.682292187
108.8906,1,08:12:38.682374319
108.8906,3,08:12:38.682589502
108.8906,1,08:12:38.682715714
108.8906,200,08:12:39.265934832
108.8906,1,08:12:39.266671621
108.8906,32,08:12:39.267013865
108.8906,15,08:12:39.267255296
108.8906,2,08:12:39.267319998
108.8906,1,08:12:39.267359017
108.8906,1,08:12:39.267431428
108.8906,4,08:12:39.267431428
108.8906,10,08:12:39.267518569
108.8906,6,08:12:39.267560829
108.8906,1,08:12:39.267636504
108.8906,5,08:12:39.267670927
108.8906,9,08:12:39.267716291
108.8906,147,08:12:39.267802347
108.8906,77,08:12:39.267882215
108.8906,24,08:12:39.267914587
108.8906,42,08:12:39.268160661
108.8906,1,08:12:39.268403044
108.8906,1,08:12:39.269129274
108.8906,2,08:12:39.269129274
108.8906,1,08:12:39.269412635
108.875,13,08:12:53.193201266
108.875,4,08:12:53.193219038
108.875,1,08:12:53.193219038
108.875,1,08:12:53.294028327
108.875,1,08:12:53.418556893
108.875,29,08:13:05.017254131
108.8906,1,08:13:09.595869178
108.875,23,08:13:14.509086699
108.8906,1,08:13:16.649771419
108.875,22,08:13:24.019478901
108.875,27,08:13:35.966746649
108.875,27,08:13:48.455386329
108.8906,50,08:13:49.406189020
108.875,25,08:13:49.959000190
108.875,27,08:14:01.431134224
108.875,29,08:14:15.553242496
108.8906,1,08:14:16.859246274
108.875,22,08:14:26.407838130
108.875,60,08:14:31.055911290
108.8906,2,08:14:33.111640307
108.875,14,08:14:33.720565446
108.875,16,08:14:33.878307071
108.875,1,08:14:36.758880587
108.875,5,08:14:37.146837769
108.875,5,08:14:37.243202207
108.875,1,08:14:37.700044832
108.875,16,08:14:42.242309405
108.875,23,08:14:54.540218387
108.875,12,08:15:01.435478260
108.8906,5,08:15:02.281580002
108.875,16,08:15:10.307158189
108.8906,50,08:15:10.512165583
108.8906,1377,08:15:10.657781736
108.8906,1,08:15:10.669140886
108.8906,14,08:15:10.670227541
108.8906,10,08:15:10.671048178
108.8906,6,08:15:10.671098755
108.8906,1,08:15:10.671303396
108.8906,1,08:15:10.673166733
108.8906,5,08:15:10.673322102
108.8906,10,08:15:10.690889688
108.8906,2,08:15:10.703901755
108.8906,2,08:15:10.766436123
108.8906,31,08:15:11.164061922
108.8906,9,08:15:11.306040057
108.8906,10,08:15:11.335025021
108.8906,9,08:15:11.366069881
108.8906,9,08:15:11.396048402
108.8906,10,08:15:11.425074841
108.8906,9,08:15:11.454089271
108.8906,10,08:15:11.483188523
108.8906,7,08:15:11.506608217
108.8906,9,08:15:11.512237290
108.8906,9,08:15:11.545133320
108.8906,10,08:15:11.574194751
108.8906,1,08:15:19.271831699
108.9063,98,08:15:19.277216107
108.9063,402,08:15:19.302829964
108.8906,100,08:15:19.585172774
108.8906,1,08:15:28.752878796
108.8906,650,08:15:32.035660273
108.8906,1,08:15:32.037045552
108.8906,1,08:15:32.037922383
108.8906,160,08:15:32.046033094
108.8906,29,08:15:32.090640821
108.8906,1,08:15:32.271771177
108.8906,26,08:15:32.271830253
108.8906,26,08:15:32.271870104
108.8906,3,08:15:32.272052287
108.8906,1,08:15:32.272129322
108.8906,1,08:15:32.272196532
108.8906,4,08:15:32.272235164
108.8906,1,08:15:32.272436109
108.8906,12,08:15:32.272490423
108.8906,60,08:15:32.272704095
108.8906,8,08:15:32.272795370
108.8906,2,08:15:32.272823185
108.8906,1,08:15:32.273028617
108.8906,1,08:15:32.273077913
108.8906,65,08:15:32.273352517
108.8906,46,08:15:32.274195574
108.8906,1,08:15:32.274331807
108.8906,1,08:15:32.274393156
108.8906,2,08:15:32.274466972
108.8906,5,08:15:32.275419513
108.8906,2,08:15:32.275820849
108.8906,1,08:15:32.275911260
108.8906,1,08:15:32.275962560
108.8906,50,08:15:32.276000245
108.8906,1,08:15:32.276029576
108.8906,1,08:15:32.276064147
108.8906,5,08:15:32.276354879
108.8906,1,08:15:32.276443037
108.8906,48,08:15:32.276463908
108.8906,110,08:15:32.276530524
108.8906,48,08:15:32.276568515
108.8906,29,08:15:32.276594848
108.8906,85,08:15:32.277526937
108.8906,2,08:15:32.278498077
108.8906,1,08:15:32.278521575
108.8906,1,08:15:32.278691902
108.8906,20,08:15:32.278834436
108.8906,1,08:15:32.278979283
108.8906,8,08:15:32.278997501
108.8906,39,08:15:33.167994456
108.8906,1,08:15:37.230409534
108.8906,110,08:15:43.047316333
108.8906,32,08:15:43.047580143
108.8906,48,08:15:43.048756346
108.8906,110,08:15:43.048871634
108.8906,1,08:15:43.049200016
108.8906,21,08:15:43.049415764
108.8906,1,08:15:43.049809455
108.8906,1,08:15:43.050368732
108.8906,14,08:15:43.050386045
108.8906,14,08:15:43.050483308
108.8906,1,08:15:43.050515719
108.8906,1,08:15:43.050540304
108.8906,1,08:15:43.050597084
108.8906,3,08:15:43.050732853
108.8906,18,08:15:43.050756101
108.8906,3,08:15:43.050778617
108.8906,3,08:15:43.050807027
108.8906,48,08:15:43.051173946
108.8906,110,08:15:43.051222907
108.8906,3,08:15:43.051269375
108.8906,3,08:15:43.051322925
108.8906,1,08:15:43.052071936
108.8906,1,08:15:43.052125732
108.8906,1,08:15:43.052144958
108.8906,2,08:15:43.052224051
108.8906,1,08:15:43.052268160
108.8906,13,08:15:43.052347493
108.8906,48,08:15:43.052476836
108.8906,13,08:15:43.052602125
108.8906,110,08:15:43.052798699
108.8906,1,08:15:43.053176380
108.8906,1,08:15:43.053252235
108.8906,1,08:15:43.053384647
108.8906,22,08:15:43.053459883
108.8906,1,08:15:43.053498543
108.8906,1,08:15:43.053525554
108.8906,5,08:15:43.053568019
108.8906,1,08:15:43.053597901
108.8906,1,08:15:43.053617915
108.8906,1,08:15:43.053650723
108.8906,1,08:15:43.053681241
108.8906,1,08:15:43.053715992
108.8906,1,08:15:43.053766357
108.8906,1,08:15:43.053788438
108.8906,1,08:15:43.053822796
108.8906,1,08:15:43.053852644
108.8906,1,08:15:43.053900299
108.8906,17,08:15:43.054143740
108.8906,48,08:15:43.055374114
108.8906,94,08:15:43.055933537
108.8906,40,08:15:43.056094196
108.8906,1,08:15:43.056349436
108.8906,12,08:15:43.058158944
108.8906,1,08:15:43.058919427
108.8906,1,08:15:43.059096593
108.8906,1,08:15:46.776896221
108.9063,6,08:15:51.252185191
108.9063,2,08:15:51.253227177
108.9063,2181,08:15:51.254050771
108.9063,2,08:15:51.257512481
108.9063,1,08:15:51.257569161
108.9063,2,08:15:51.257611450
108.9063,1,08:15:51.257999250
108.9063,1,08:15:51.258167807
108.9063,2,08:15:51.258204157
108.9063,2,08:15:51.258348006
108.9063,1,08:15:51.258678509
108.9063,1,08:15:51.258851594
108.9063,24,08:15:51.259182135
108.9063,4,08:15:51.259646205
108.9063,10,08:15:51.267678982
108.9063,8,08:15:51.268400874
108.9063,156,08:15:51.268496889
108.9063,2,08:15:51.270689199
108.9063,1,08:15:51.270768036
108.9063,8,08:15:51.273466628
108.9063,1,08:15:51.273528641
108.9063,5,08:15:51.273558006
108.9063,32,08:15:51.273754617
108.9063,1,08:15:51.274225833
108.9063,1,08:15:51.274372998
108.9063,1,08:15:51.274551786
108.9063,2,08:15:51.274602919
108.9063,2,08:15:51.274620949
108.9063,2,08:15:51.274727312
108.9063,1,08:15:51.274921796
108.9063,3,08:15:51.275437071
108.9063,3,08:15:51.275501850
108.9063,24,08:15:51.275760917
108.9063,30,08:15:51.276054040
108.9063,20,08:15:51.276085358
108.9063,1,08:15:51.276193483
108.9063,48,08:15:51.276644618
108.9063,10,08:15:51.276702856
108.9063,8,08:15:51.276851163
108.9063,3,08:15:51.276917219
108.9063,4,08:15:51.277592589
108.9063,4,08:15:51.277632654
108.9063,2,08:15:51.277671359
108.9063,1,08:15:51.277864134
108.9063,4,08:15:51.278221629
108.9063,2,08:15:51.278586683
108.9063,1,08:15:51.279602531
108.9063,1,08:15:51.279633914
108.9063,1,08:15:51.280213129
108.9063,38,08:15:51.280402345
108.9063,67,08:15:51.280637786
108.9063,30,08:15:51.280675406
108.9063,4,08:15:51.280717356
108.9063,1,08:15:51.280777402
108.9063,10,08:15:51.281003455
108.9063,1,08:15:51.282402542
108.9063,5,08:15:51.282459676
108.9063,19,08:15:51.282504893
108.9063,1,08:15:51.282642288
108.9063,20,08:15:51.282665577
108.9063,3,08:15:51.282771970
108.9063,96,08:15:51.282916969
108.9063,20,08:15:51.283005098
108.9063,1,08:15:51.283038523
108.9063,1,08:15:51.283078601
108.9063,24,08:15:51.283151734
108.9063,4,08:15:51.283207368
108.9063,2,08:15:51.283325371
108.9063,8,08:15:51.283401404
108.9063,3,08:15:51.283451139
108.9063,13,08:15:51.283575884
108.9063,5,08:15:51.283622906
108.9063,10,08:15:51.284998460
108.9063,2,08:15:51.285757736
108.9063,32,08:15:51.287029966
108.9063,29,08:15:51.287637531
108.9063,52,08:15:51.287703296
108.9063,32,08:15:51.288559181
108.9063,1,08:15:51.288695971
108.9063,1,08:15:51.288943471
108.9063,1,08:15:51.288993085
108.9063,15,08:15:51.289031159
108.9063,26,08:15:51.289057738
108.9063,26,08:15:51.289077455
108.9063,19,08:15:51.289143433
108.9063,1,08:15:51.289991070
108.9063,208,08:15:51.290045787
108.9063,1,08:15:51.290757331
108.9063,1,08:15:51.291363728
108.9063,1,08:15:51.291407076
108.9063,20,08:15:51.291507216
108.9063,4,08:15:51.292391163
108.9063,6,08:15:51.292592581
108.9063,1,08:15:51.293021572
108.9063,93,08:15:51.293820555
108.9063,100,08:15:51.295614834
108.9063,50,08:15:51.295981574
108.9063,126,08:15:51.296179022
108.9063,1,08:15:51.296386613
108.9063,92,08:15:51.296563679
108.9063,1,08:15:51.297142983
108.9063,1,08:15:51.297172747
108.9063,3,08:15:51.297196460
108.9063,1,08:15:51.298191494
108.9063,1,08:15:51.298659500
108.9063,1,08:15:51.298724311
108.9063,2,08:15:51.298908318
108.9063,96,08:15:51.299030506
108.9063,32,08:15:51.299065774
108.9063,1,08:15:51.299199418
108.9063,1,08:15:51.299584319
108.9063,3,08:15:51.299714071
108.9063,1,08:15:51.300694812
108.9063,1,08:15:51.300748106
108.9063,26,08:15:51.300918535
108.9063,121,08:15:51.302720459
108.9063,2,08:15:51.308985782
108.9063,1,08:15:51.311584459
108.9063,1,08:15:51.312415819
108.9063,1,08:15:51.312952381
108.9063,5,08:15:51.331253744
108.9063,5,08:15:51.376889270
108.9063,6,08:15:52.094608816
108.9063,3,08:16:12.146045010
108.9219,25,08:16:21.720339909
108.9219,100,08:16:21.720357339
108.9219,5,08:16:29.200574300
108.9219,1,08:16:36.580754780
108.9063,8,08:16:39.684905877
108.9219,195,08:17:01.117868402
108.9219,1,08:17:01.118749382
108.9219,50,08:17:04.875187043
108.9063,20,08:17:11.967100631
108.9219,1,08:17:12.630970076
108.9219,3,08:17:19.548338468
108.9219,100,08:17:33.580035787
108.9219,150,08:17:50.075431225
108.9063,66,08:17:50.077052278
108.9063,23,08:18:09.532234773
108.9063,10,08:18:28.631714165
108.9063,7,08:18:28.829358659
108.9063,19,08:18:28.863069092
108.9063,1552,08:18:30.601105307
108.9063,4,08:18:30.612654611
108.8906,154,08:18:30.622577156
108.9063,1,08:18:30.625626098
108.9063,10,08:18:30.627860578
108.9063,230,08:18:30.643603720
108.8906,80,08:18:30.805420050
108.8906,6,08:18:30.805606908
108.8906,92,08:18:30.806562089
108.8906,2,08:18:30.806905693
108.8906,1,08:18:30.807199388
108.8906,1,08:18:30.807223235
108.8906,53,08:18:30.807435966
108.8906,1,08:18:30.807537990
108.8906,10,08:18:30.807662118
108.8906,2,08:18:30.807662118
108.8906,107,08:18:30.807870468
108.8906,1,08:18:30.807967282
108.8906,3,08:18:30.808148652
108.8906,10,08:18:30.808431989
108.8906,18,08:18:30.808474944
108.8906,77,08:18:30.808625974
108.8906,5,08:18:30.808658134
108.8906,37,08:18:30.808851018
108.8906,12,08:18:30.809111718
108.8906,2,08:18:30.809170023
108.8906,12,08:18:30.809303865
108.8906,1,08:18:30.809341681
108.8906,34,08:18:30.809591040
108.8906,1,08:18:30.809669794
108.8906,32,08:18:30.809833160
108.8906,1,08:18:30.810008895
108.8906,1,08:18:30.810598596
108.8906,1,08:18:30.810627301
108.8906,1,08:18:30.810720871
108.8906,2,08:18:30.810914468
108.8906,55,08:18:30.811145705
108.8906,1,08:18:30.811213075
108.8906,1,08:18:30.811259186
108.8906,4,08:18:30.811402046
108.8906,1,08:18:30.811470601
108.8906,3,08:18:30.811546391
108.8906,1,08:18:30.811582427
108.8906,6,08:18:30.811704551
108.8906,32,08:18:30.812263666
108.8906,14,08:18:30.812354653
108.8906,46,08:18:30.812779161
108.8906,42,08:18:30.813182204
108.8906,4,08:18:30.813410711
108.8906,7,08:18:30.813519074
108.8906,2,08:18:30.813560205
108.8906,13,08:18:30.814192220
108.8906,6,08:18:30.814266971
108.8906,1,08:18:30.814703818
108.8906,1,08:18:30.814945605
108.8906,3,08:18:30.815150119
108.8906,2,08:18:30.815256764
108.8906,5,08:18:30.815474122
108.8906,2,08:18:30.815614507
108.8906,1,08:18:30.815693412
108.8906,1,08:18:30.815794842
108.8906,17,08:18:30.816386799
108.8906,11,08:18:30.816439565
108.8906,4,08:18:30.816467748
108.8906,21,08:18:30.816956868
108.8906,3,08:18:30.817005343
108.8906,2,08:18:30.817446984
108.8906,1,08:18:30.818396561
108.8906,1,08:18:30.818452863
108.8906,23,08:18:30.818767212
108.8906,1,08:18:30.818918098
108.8906,5,08:18:30.819491726
108.8906,8,08:18:30.819539877
108.8906,1,08:18:30.819715561
108.8906,1,08:18:30.820841430
108.8906,1,08:18:31.965468334
108.8906,52,08:18:32.259082866
108.8906,1,08:18:34.465524078
108.8906,7,08:18:48.834165475
108.9063,149,08:18:55.350780411
108.9063,96,08:18:55.350854357
108.9063,110,08:18:55.350939006
108.9063,32,08:18:55.350981257
108.9063,8,08:18:55.351097989
108.9063,6,08:18:55.351533140
108.9063,14,08:18:55.351690913
108.9063,1,08:18:55.351803216
108.9063,1,08:18:55.351952592
108.9063,3,08:18:55.352041633
108.9063,1,08:18:55.352076364
108.9063,2,08:18:55.352177428
108.9063,24,08:18:55.352260556
108.9063,3,08:18:55.352658385
108.9063,19,08:18:55.352690748
108.9063,3,08:18:55.352799770
108.9063,4,08:18:55.353081389
108.9063,1,08:18:55.353175324
108.9063,7,08:18:55.353262925
108.9063,2,08:18:55.353315361
108.9063,2,08:18:55.353367689
108.9063,1,08:18:55.353418900
108.9063,32,08:18:55.353549878
108.9063,18,08:18:55.353680595
108.9063,78,08:18:55.353894845
108.9063,96,08:18:55.354280719
108.9063,2,08:18:55.354846810
108.9063,110,08:18:55.354890581
108.9063,50,08:18:55.354954105
108.9063,32,08:18:55.354999750
108.9063,1,08:18:55.355129865
108.9063,1,08:18:55.355768410
108.9063,6,08:18:55.356034703
108.9063,1,08:18:55.356115418
108.9063,19,08:18:55.356527026
108.9063,1,08:18:55.356565114
108.9063,1,08:18:55.356673362
108.9063,10,08:18:55.356736854
108.9063,45,08:18:55.356974337
108.9063,1,08:18:55.358948947
108.9063,5,08:18:55.359032688
108.9063,2,08:18:55.360799589
108.9063,2,08:18:55.361300492
108.9063,3,08:18:55.362068088
108.9063,1,08:18:55.362286985
108.9063,44,08:18:55.362651547
108.9063,1,08:18:55.363902711
108.9063,1,08:18:55.420232897
108.9063,8,08:18:55.461482518
108.9063,2,08:18:55.666912273
108.9063,4,08:18:56.370400061
108.9063,219,08:18:58.001682582
108.9063,1,08:18:58.001991990
108.9063,22,08:18:58.002146377
108.9063,1,08:18:58.002176633
108.9063,1,08:18:58.002198830
108.9063,1,08:18:58.002236887
108.9063,1,08:18:58.002266429
108.9063,1,08:18:58.002309843
108.9063,1,08:18:58.002345158
108.9063,1,08:18:58.002373582
108.9063,1,08:18:58.002402242
108.9063,1,08:18:58.002426801
108.9063,1,08:18:58.002449314
108.9063,1,08:18:58.002474845
108.9063,1,08:18:58.002508682
108.9063,1,08:18:58.002529975
108.9063,1,08:18:58.002563960
108.9063,1,08:18:58.002606485
108.9063,1,08:18:58.002626483
108.9063,1,08:18:58.002657491
108.9063,1,08:18:58.002685252
108.9063,1,08:18:58.002731480
108.9063,10,08:18:58.004611134
108.9063,48,08:18:58.004679017
108.9063,4,08:18:58.005072065
108.9063,13,08:18:58.005624281
108.9063,1,08:18:58.007144151
108.9063,1,08:18:58.007243802
108.9063,75,08:18:58.007460183
108.9063,1,08:18:58.007648411
108.9063,1,08:18:58.007663410
108.9063,70,08:18:58.007893494
108.9063,1,08:18:58.008476463
108.9063,2,08:18:58.008656025
108.9063,1,08:18:58.009070097
108.9063,2,08:18:58.009094424
108.9063,1,08:18:58.009155926
108.9063,71,08:18:58.743504203
108.9063,1,08:18:58.743974334
108.9063,1,08:18:58.744283915
108.9063,100,08:19:00.036537118
108.9063,1,08:19:00.036892789
108.9063,1,08:19:00.036972304
108.9063,4,08:19:02.413424015
108.9063,3,08:19:02.413772464
108.9063,1,08:19:08.149427315
108.9063,4,08:19:08.149569693
108.9063,1,08:19:08.149674227
108.9063,1,08:19:08.149731268
108.9063,20,08:19:08.149840332
108.9063,1,08:19:08.149880608
108.9063,68,08:19:08.150200768
108.9063,10,08:19:08.150298863
108.9063,20,08:19:08.150350173
108.9063,56,08:19:08.150707687
108.9063,19,08:19:08.151573938
108.9063,1,08:19:08.151642231
108.9063,1,08:19:08.151662336
108.9063,1,08:19:08.151714468
108.9063,1,08:19:08.151750651
108.9063,1,08:19:08.151801767
108.9063,1,08:19:08.151858645
108.9063,1,08:19:08.151886939
108.9063,1,08:19:08.151951949
108.9063,1,08:19:08.151994689
108.9063,1,08:19:08.152055641
108.9063,1,08:19:08.152079200
108.9063,1,08:19:08.152124394
108.9063,1,08:19:08.152183116
108.9063,1,08:19:08.152218098
108.9063,1,08:19:08.152268979
108.9063,1,08:19:08.152305847
108.9063,1,08:19:08.152341653
108.9063,1,08:19:08.152405065
108.9063,1,08:19:08.152474766
108.9063,1,08:19:08.152574477
108.9063,1,08:19:08.152663701
108.9063,4,08:19:08.153368320
108.9063,16,08:19:08.154658304
108.9063,1,08:19:08.154819556
108.9063,1,08:19:08.154842043
108.9063,1,08:19:08.155020680
108.9063,1,08:19:08.155118684
108.9063,2,08:19:08.155261757
108.9063,52,08:19:08.155375138
108.9063,52,08:19:08.155683941
108.9063,2,08:19:08.155846786
108.9063,4,08:19:08.155985057
108.9063,9,08:19:08.156688621
108.9063,2,08:19:08.156816553
108.9063,1,08:19:08.156834909
108.9063,1,08:19:08.156863703
108.9063,1,08:19:08.157016058
108.9063,5,08:19:08.157136284
108.9063,11,08:19:08.157793014
108.9063,30,08:19:08.158125693
108.9063,1,08:19:08.158221209
108.9063,1,08:19:08.158337633
108.9063,1,08:19:08.158457728
108.9063,1,08:19:08.158570184
108.9063,1,08:19:08.158587052
108.9063,1,08:19:08.161079929
108.9063,1,08:19:08.161283110
108.9063,1,08:19:08.161349265
108.9063,100,08:19:10.230864745
108.9063,1,08:19:10.231105976
108.9063,1,08:19:10.231173151
108.9063,50,08:19:10.231439849
108.9063,1,08:19:10.231577595
108.9063,3,08:19:10.231739851
108.9063,1,08:19:10.232237618
108.9063,2,08:19:10.232513352
108.9063,1,08:19:10.232878044
108.9063,9,08:19:10.233112106
108.9063,5,08:19:11.814474989
108.9063,1,08:19:11.814684569
108.9063,96,08:19:11.814974244
108.9063,1,08:19:11.815226797
108.9063,1,08:19:11.815254129
108.9063,2,08:19:11.815558196
108.9063,1,08:19:11.815593547
108.9063,1,08:19:11.815623311
108.9063,42,08:19:11.815651666
108.9063,7,08:19:11.815693779
108.9063,2,08:19:11.816774332
108.9063,1,08:19:11.818981359
108.9063,85,08:19:11.820962695
108.9063,75,08:19:13.103268929
108.9063,9,08:19:13.121586428
108.9063,1,08:19:13.121860005
108.9063,15,08:19:13.509107246
108.9063,1,08:19:13.509163121
108.9063,1,08:19:13.509297858
108.9063,47,08:19:13.509688319
108.9063,1,08:19:16.617285155
108.9063,20,08:19:16.621284397
108.9063,1,08:19:16.621511240
108.9063,1,08:19:16.621580208
108.9063,1,08:19:18.304301869
108.9063,25,08:19:18.304769081
108.9063,1,08:19:18.304826507
108.9063,1,08:19:18.305226076
108.9063,2,08:19:18.501087781
108.9063,15,08:19:22.860699780
108.9063,13,08:19:22.860845347
108.9063,1,08:19:22.860905301
108.9063,1,08:19:22.861111446
108.9063,34,08:19:22.861287443
108.9063,55,08:19:22.861406527
108.9063,4,08:19:22.861649821
108.9063,3,08:19:22.861748691
108.9063,1,08:19:22.861803022
108.9063,1,08:19:22.861971697
108.9063,1,08:19:22.862096685
108.9063,1,08:19:22.862344956
108.9063,1,08:19:22.862381427
108.9063,19,08:19:22.862491518
108.9063,2,08:19:22.862996399
108.9063,3,08:19:22.863567108
108.9063,14,08:19:22.866449528
108.9063,1,08:19:22.866637497
108.9063,1,08:19:22.871368594
108.9063,2,08:19:22.895292222
108.9063,2,08:19:22.928258241
108.9063,15,08:19:22.928438276
108.9063,1,08:19:22.928490933
108.9063,1,08:19:23.281972620
108.9063,4,08:19:23.499533240
108.9063,1,08:19:23.499723343
108.9063,1,08:19:23.499825915
108.9063,1,08:19:23.499901577
108.9063,1,08:19:23.621349108
108.9063,1,08:19:23.621451063
108.9063,55,08:19:23.621764596
108.9063,50,08:19:24.685960973
108.9063,2,08:19:24.686043903
108.9063,1,08:19:24.686069561
108.9063,7,08:19:24.686111062
108.9063,10,08:19:24.686153799
108.9063,98,08:19:24.687516422
108.9063,1,08:19:24.687752116
108.9063,39,08:19:24.687847001
108.9063,1,08:19:24.688549985
108.9063,1,08:19:24.688634089
108.9063,1,08:19:24.688665059
108.9063,1,08:19:24.688703582
108.9063,1,08:19:24.688759935
108.9063,7,08:19:24.688841168
108.9063,1,08:19:24.689386209
108.9063,1,08:19:24.689437224
108.9063,15,08:19:24.689526552
108.9063,1,08:19:24.689916163
108.9063,5,08:19:24.689965515
108.9063,50,08:19:29.030339851
108.9063,1,08:19:29.030835721
108.9063,1,08:19:29.030982427
108.9063,1,08:19:29.031084330
108.9063,1,08:19:29.031168453
108.9063,50,08:19:29.032097982
108.9063,1,08:19:29.032492855
108.9063,1,08:19:29.032533172
108.9063,1,08:19:29.032573563
108.9063,1,08:19:29.032604104
108.9063,21,08:19:29.032879915
108.9063,35,08:19:29.034560650
108.9063,1,08:19:29.034791898
108.9063,1,08:19:29.034847526
108.9063,1,08:19:29.034912862
108.9063,1,08:19:29.034956341
108.9063,1,08:19:29.034998477
108.9063,55,08:19:29.035347107
108.9063,48,08:19:29.035381296
108.9063,52,08:19:29.036011066
108.9063,3,08:19:29.036060872
108.9063,51,08:19:29.036092841
108.9063,1,08:19:29.036117331
108.9063,1,08:19:29.036185428
108.9063,1,08:19:29.036212782
108.9063,1,08:19:29.036247836
108.9063,1,08:19:29.036287043
108.9063,9,08:19:29.036314288
108.9063,28,08:19:29.036373963
108.9063,1,08:19:29.036430335
108.9063,1,08:19:29.036861042
108.9063,1,08:19:29.036882466
108.9063,1,08:19:29.036906856
108.9063,1,08:19:29.036998881
108.9063,6,08:19:29.062047824
108.9063,2,08:19:31.498754648
108.9063,5,08:19:31.891871970
108.9063,3,08:19:31.892137345
108.9063,1,08:19:32.239596518
108.9219,2,08:19:33.324718280
108.9063,2,08:19:33.552295700
108.9063,15,08:19:33.553024037
108.9063,2,08:19:33.553947241
108.9063,1,08:19:33.554126558
108.9063,7,08:19:33.554181161
108.9063,8,08:19:33.554248974
108.9063,1,08:19:33.554443631
108.9063,5,08:19:33.555135124
108.9063,1,08:19:33.555749747
108.9063,1,08:19:40.210934889
108.9063,1,08:19:41.145611568
108.9063,1,08:19:41.171101067
108.9063,1,08:19:41.171510146
108.9063,5,08:19:44.961854549
108.9063,3,08:19:44.962307485
108.9063,1,08:19:44.962486590
108.9063,55,08:19:44.988621684
108.9063,48,08:19:44.989193574
108.9063,5,08:19:44.989266318
108.9063,7,08:19:44.989393293
108.9063,1,08:19:56.710051021
108.8906,3,08:19:59.096833573
108.8906,20,08:19:59.114831584
108.8906,4,08:19:59.268121768
108.9063,7,08:20:00.038444907
108.8906,5,08:20:00.057514860
108.9063,3,08:20:01.092965926
108.9063,1,08:20:01.117120540
108.8906,1,08:20:01.135623132
108.8906,1,08:20:01.611719719
108.8906,1,08:20:01.898083754
108.8906,1,08:20:03.218045950
108.8906,1,08:20:04.029725977
108.8906,174,08:20:04.172227669
108.8906,1,08:20:04.179803738
108.8906,8,08:20:04.180399154
108.8906,1,08:20:04.184299895
108.8906,9,08:20:04.184597419
108.8906,101,08:20:04.184768750
108.8906,1,08:20:04.185369805
108.8906,5,08:20:04.185481798
108.8906,1,08:20:04.185547297
108.8906,10,08:20:04.185547297
108.8906,1,08:20:04.185616873
108.8906,7,08:20:04.185616873
108.8906,5,08:20:04.185677972
108.8906,1,08:20:04.185755608
108.8906,2,08:20:04.185792018
108.8906,1,08:20:04.185886837
108.8906,2,08:20:04.186571170
108.8906,1,08:20:04.186646352
108.8906,2,08:20:04.186709352
108.8906,1,08:20:04.186975550
108.8906,1,08:20:04.189036199
108.8906,1,08:20:04.189714853
108.8906,1,08:20:04.190257491
108.8906,2,08:20:04.194778449
108.8906,1,08:20:04.194862467
108.8906,2,08:20:04.200733699
108.8906,46,08:20:04.202274476
108.8906,1,08:20:04.202447644
108.8906,2,08:20:04.205685668
108.8906,1,08:20:04.206333908
108.9063,1,08:20:07.861726473
108.8906,2,08:20:08.036454068
108.9063,1,08:20:10.561381599
108.8906,3,08:20:13.642301638
108.9063,7,08:20:13.642883679
108.9063,1,08:20:14.068657633
108.9063,1,08:20:16.004819112
108.9063,18,08:20:16.030818112
108.9063,4,08:20:16.031128049
108.9063,100,08:20:16.031451943
108.9063,2,08:20:16.032050950
108.9063,2,08:20:16.032848755
108.9063,137,08:20:16.033086638
108.9063,1,08:20:16.033698314
108.9063,1,08:20:16.033859585
108.9063,20,08:20:16.033911365
108.9063,2,08:20:16.034198180
108.9063,1,08:20:16.034298464
108.9063,14,08:20:16.034339211
108.9063,1,08:20:16.034957846
108.9063,1,08:20:16.035079318
108.9063,10,08:20:16.035125889
108.9063,1,08:20:16.035241581
108.9063,18,08:20:16.035288912
108.9063,2,08:20:16.035317150
108.9063,3,08:20:16.035356687
108.9063,1,08:20:16.035393302
108.9063,3,08:20:16.035455269
108.9063,1,08:20:16.035683097
108.9063,1,08:20:16.035860019
108.9063,1,08:20:16.036303826
108.9063,50,08:20:16.036681580
108.9063,1,08:20:16.036721636
108.9063,1,08:20:16.038654507
108.9063,7,08:20:16.966645817
108.9063,2,08:20:16.966753650
108.9063,15,08:20:16.967637748
108.9063,17,08:20:16.967996420
108.9063,1,08:20:16.968029102
108.9063,20,08:20:16.968109114
108.9063,1,08:20:16.968109114
108.9063,22,08:20:16.968168942
108.9063,1,08:20:16.968209983
108.9063,22,08:20:16.968273344
108.9063,1,08:20:16.968309095
108.9063,45,08:20:16.968665531
108.9063,1,08:20:16.969225815
108.9063,1,08:20:16.969261451
108.9063,1,08:20:16.969480332
108.9063,5,08:20:16.969515021
108.9063,1,08:20:16.969587377
108.9063,1,08:20:16.969655910
108.9063,1,08:20:16.969953509
108.9063,39,08:20:16.969989783
108.9063,1,08:20:16.970150567
108.9063,1,08:20:16.970711777
108.9063,1,08:20:16.970732363
108.9063,264,08:20:16.974576242
108.9063,639,08:20:16.977539919
108.9063,3,08:20:16.977631364
108.9063,1,08:20:16.978748535
108.9063,1,08:20:16.980293765
108.9063,1,08:20:16.980385793
108.9063,49,08:20:16.980428540
108.9063,40,08:20:16.980556472
108.9063,1,08:20:16.983413502
108.9063,1,08:20:16.983691475
108.9063,6,08:20:16.983721658
108.9063,2,08:20:16.983793900
108.9063,1,08:20:17.012134640
108.9063,168,08:20:17.027851171
108.9063,1,08:20:17.028248095
108.9063,2,08:20:17.028308454
108.9063,1,08:20:17.028350736
108.9063,6,08:20:17.028429781
108.9063,1,08:20:17.028429781
108.9063,4,08:20:17.028518538
108.9063,2,08:20:17.028563003
108.9063,1,08:20:17.028639846
108.9063,1,08:20:17.028791766
108.9063,1,08:20:17.028835034
108.9063,50,08:20:17.029062065
108.9063,42,08:20:17.029335649
108.9063,1,08:20:17.029840328
108.9063,1,08:20:17.030261124
108.9063,11,08:20:17.031144111
108.9063,1,08:20:17.031427000
108.9063,14,08:20:17.031461513
108.9063,5,08:20:17.031609576
108.9063,13,08:20:17.031708500
108.9063,1,08:20:17.031871262
108.9063,1,08:20:17.031909153
108.9063,14,08:20:17.037162395
108.9063,1,08:20:17.037411293
108.9063,1,08:20:17.037695657
108.9063,1,08:20:17.037733652
108.9063,1,08:20:17.037866323
108.9063,264,08:20:17.758686016
108.9063,1,08:20:17.758866557
108.9063,1,08:20:17.759146060
108.9063,9,08:20:17.759262373
108.9063,1,08:20:17.759356634
108.9063,15,08:20:17.759466185
108.9063,19,08:20:17.759542702
108.9063,1,08:20:17.759593832
108.9063,10,08:20:17.759737141
108.9063,13,08:20:17.759820954
108.9063,1,08:20:17.759853031
108.9063,7,08:20:17.760087382
108.9063,2,08:20:17.762112763
108.9063,193,08:20:17.763381240
108.9063,19,08:20:17.763409324
108.9063,1,08:20:17.765074084
108.9063,1,08:20:17.765180383
108.9063,14,08:20:20.532640428
108.9063,2,08:20:20.532973531
108.9063,1,08:20:20.533168339
108.9063,20,08:20:20.533217351
108.9063,1,08:20:20.533362500
108.9063,1,08:20:20.533621967
108.9063,1,08:20:20.533842349
108.9063,56,08:20:20.542440644
108.9063,1,08:20:20.545607335
108.9063,56,08:20:20.758431384
108.9063,1,08:20:20.758653319
108.9063,1,08:20:20.758755090
108.9063,32,08:20:21.167716682
108.9063,1,08:20:21.167958981
108.9063,1,08:20:21.168060606
108.9063,3,08:20:21.168096360
108.9063,1,08:20:21.168272440
108.9063,1,08:20:21.179784074
108.9063,10,08:20:21.192083404
108.9063,1,08:20:21.192308854
108.9063,1,08:20:21.192354823
108.9063,1,08:20:21.192444825
108.9063,1,08:20:24.164173374
108.9063,3,08:20:24.164409486
108.9063,5,08:20:25.314053356
108.9063,32,08:20:29.470947175
108.9063,1,08:20:29.471856233
108.9063,252,08:20:29.472181065
108.9063,1,08:20:29.472933720
108.9063,12,08:20:29.473078693
108.9063,211,08:20:29.473312800
108.9063,7,08:20:29.477634526
108.9063,1,08:20:29.541255448
108.9063,100,08:20:41.209436057
108.9063,3,08:20:42.032237073
108.8906,2,08:20:52.604977243
108.9063,1,08:20:52.645456730
108.8906,31,08:20:52.938029659
108.8906,9,08:20:53.351225096
108.9063,2,08:20:56.177557033
108.9063,4,08:20:57.457346026
108.9063,2,08:20:58.326373368
108.9063,1,08:20:59.660347674
108.8906,50,08:21:01.135845983
108.9063,1,08:21:03.165963149
108.8906,1,08:21:03.689173749
108.9063,1,08:21:03.923795993
108.9063,1177,08:21:05.740542385
108.9063,3,08:21:05.752186959
108.9063,1,08:21:05.784755221
108.9063,1,08:21:05.786628411
108.9063,1,08:21:05.787591691
108.9063,48,08:21:05.789069477
108.9063,48,08:21:05.791787254
108.9063,11,08:21:05.792166049
108.9063,6,08:21:05.792911353
108.9063,55,08:21:05.793132314
108.9063,1,08:21:05.793393978
108.9063,4,08:21:05.795602998
108.9063,1,08:21:05.795626077
108.9063,96,08:21:05.805966122
108.9063,1,08:21:05.815725838
108.9063,2,08:21:05.816274535
108.9063,1,08:21:05.842729769
108.9063,48,08:21:05.869001949
108.9063,1,08:21:05.869449069
108.9063,96,08:21:05.869691092
108.9063,1,08:21:05.869775536
108.9063,1,08:21:05.869931539
108.9063,1,08:21:05.869977265
108.9063,9,08:21:05.870004110
108.9063,1,08:21:05.870033432
108.9063,1,08:21:05.870049794
108.9063,1,08:21:05.870089731
108.9063,1,08:21:05.870138650
108.9063,4,08:21:05.870196011
108.9063,1,08:21:05.870223698
108.9063,1,08:21:05.870263235
108.9063,5,08:21:05.870359385
108.9063,3,08:21:05.870435763
108.9063,17,08:21:05.870642923
108.9063,1,08:21:05.870964961
108.9063,2,08:21:05.871823385
108.9063,101,08:21:05.872111896
108.9063,1,08:21:05.872208109
108.9063,1,08:21:06.055172958
108.9063,1,08:21:06.055369739
108.9063,20,08:21:06.055494916
108.9063,5,08:21:06.055578844
108.9063,3,08:21:06.055626228
108.9063,1,08:21:06.055706363
108.9063,1,08:21:06.055864529
108.9063,1,08:21:06.055940249
108.9063,26,08:21:06.129581426
108.9063,1,08:21:06.129804615
108.9063,1,08:21:06.129842711
108.9063,50,08:21:06.129953514
108.9063,1,08:21:06.129993784
108.9063,1,08:21:06.130166676
108.9063,1,08:21:06.130375071
108.9063,6,08:21:06.442077479
108.9063,1,08:21:06.442432821
108.9063,20,08:21:06.873796105
108.9063,180,08:21:07.473978860
108.9063,6,08:21:11.253032175
108.9219,4,08:21:13.954983354
108.9063,55,08:21:19.297562393
108.9063,55,08:21:19.297824910
108.9063,3,08:21:19.297885036
108.9063,12,08:21:19.297910236
108.9063,12,08:21:19.297961450
108.9063,96,08:21:19.298221212
108.9063,1,08:21:19.298384380
108.9063,1,08:21:19.298442516
108.9063,1,08:21:19.298526706
108.9063,1,08:21:19.298595943
108.9063,1,08:21:19.298705420
108.9063,1,08:21:19.298754522
108.9063,1,08:21:19.298817489
108.9063,1,08:21:19.298850149
108.9063,1,08:21:19.299508751
108.9063,19,08:21:19.299508751
108.9063,1,08:21:19.299926501
108.9063,1,08:21:19.300027821
108.9063,13,08:21:19.300052632
108.9063,1,08:21:19.300098165
108.9063,1,08:21:19.300143529
108.9063,1,08:21:19.300162444
108.9063,1,08:21:19.300203835
108.9063,1,08:21:19.300235550
108.9063,1,08:21:19.300250005
108.9063,1,08:21:19.300303923
108.9063,99,08:21:19.300421788
108.9063,1,08:21:19.300465616
108.9063,14,08:21:19.300601247
108.9063,15,08:21:19.300631753
108.9063,5,08:21:19.300690852
108.9063,1,08:21:19.300719368
108.9063,1,08:21:19.300740738
108.9063,33,08:21:19.300768157
108.9063,135,08:21:19.300972317
108.9063,1,08:21:19.300991601
108.9063,1,08:21:19.301024213
108.9063,27,08:21:19.301083211
108.9063,34,08:21:19.301108790
108.9063,12,08:21:19.301283232
108.9063,1,08:21:19.301352040
108.9063,75,08:21:19.301580682
108.9063,50,08:21:19.302540275
108.9063,7,08:21:19.302778680
108.9063,2,08:21:19.302886570
108.9063,22,08:21:19.303007026
108.9063,30,08:21:19.304510244
108.9063,104,08:21:19.304923236
108.9063,2,08:21:19.305193167
108.9063,1,08:21:19.305226745
108.9063,7,08:21:19.305262528
108.9063,74,08:21:19.305361020
108.9063,3,08:21:19.305743002
108.9063,15,08:21:19.305758762
108.9063,1,08:21:19.305780817
108.9063,1,08:21:19.306168015
108.9063,1,08:21:19.306195882
108.9063,1,08:21:19.306223777
108.9063,1,08:21:19.306300403
108.9063,1,08:21:19.306606760
108.9063,5,08:21:19.306819655
108.9063,3,08:21:19.307623875
108.9063,12,08:21:19.307695666
108.9063,3,08:21:19.307884649
108.9063,1,08:21:19.410045648
108.9063,1,08:21:19.410248010
108.9063,1,08:21:19.622926134
108.9063,8,08:21:19.623221832
108.9063,3,08:21:19.624195583
108.9063,4,08:21:20.372378006
108.9063,1,08:21:20.372614052
108.9063,1,08:21:20.372686546
108.9063,160,08:21:20.422744422
108.9063,1,08:21:20.424816009
108.9063,2,08:21:20.721537403
108.9063,58,08:21:20.723016162
108.9063,58,08:21:20.791626587
108.9063,10,08:21:20.791794133
108.9063,1,08:21:20.791828323
108.9063,1,08:21:20.791864868
108.9063,36,08:21:20.791949801
108.9063,110,08:21:20.792662606
108.9063,26,08:21:20.792691953
108.9063,1,08:21:20.793830139
108.9063,32,08:21:20.793976897
108.9063,10,08:21:20.794025135
108.9063,1,08:21:20.794087904
108.9063,1,08:21:20.794221206
108.9063,39,08:21:20.794304520
108.9063,1,08:21:20.794603470
108.9063,50,08:21:20.794899854
108.9063,2,08:21:20.795113775
108.9063,16,08:21:20.796806030
108.9063,1,08:21:20.797307893
108.9063,1,08:21:20.901996473
108.9063,51,08:21:21.163169430
108.9063,1,08:21:21.163319242
108.9063,1,08:21:21.163392817
108.9063,1,08:21:21.163435932
108.9063,26,08:21:21.163865480
108.9063,1,08:21:21.164464125
108.9063,1,08:21:21.164973851
108.9063,1,08:21:21.165187129
108.9063,1,08:21:21.165524477
108.9063,1,08:21:21.165574480
108.9063,1,08:21:21.165677241
108.9063,3,08:21:21.166376436
108.9063,5,08:21:21.168657800
108.9063,302,08:21:22.762994757
108.9063,33,08:21:22.763123067
108.9063,23,08:21:22.763161428
108.9063,1,08:21:22.763381651
108.9063,1,08:21:22.763668588
108.9063,13,08:21:22.763695574
108.9063,1,08:21:22.763751857
108.9063,37,08:21:22.763801797
108.9063,2,08:21:22.764915429
108.9063,1,08:21:22.765061208
108.9063,28,08:21:22.768258255
108.9063,1,08:21:22.768520561
108.9063,1,08:21:22.768601304
108.9063,1,08:21:22.769050373
108.9063,5,08:21:22.769816500
108.9063,5,08:21:22.771601822
108.9063,1,08:21:22.771925868
108.9063,1,08:21:22.771970889
108.9063,1,08:21:22.772009703
108.9063,10,08:21:22.772039374
108.9063,1,08:21:22.772240620
108.9063,9,08:21:23.184023699
108.9063,2,08:21:29.500694382
108.9063,1,08:21:29.501077871
108.9063,3,08:21:29.501158099
108.9063,315,08:21:29.506009814
108.9063,4,08:21:29.509610417
108.9063,1,08:21:31.384105019
108.9063,1,08:21:31.384289324
108.9063,30,08:21:31.384601977
108.9063,6,08:21:31.384791410
108.9063,6,08:21:31.384868552
108.9063,1,08:21:31.384881175
108.9063,18,08:21:31.384979347
108.9063,1,08:21:31.385136891
108.9063,55,08:21:31.385225902
108.9063,1,08:21:31.385254729
108.9063,1,08:21:31.385289539
108.9063,7,08:21:31.385714582
108.9063,1,08:21:31.388590828
108.9063,8,08:21:31.632636404
108.9063,1,08:21:31.744343811
108.9063,1,08:21:32.575479483
108.9063,24,08:21:34.624635208
108.9063,1,08:21:34.624930679
108.9063,43,08:21:34.964969790
108.9063,48,08:21:35.049585702
108.9063,1,08:21:35.049678985
108.9063,13,08:21:35.049726436
108.9063,1,08:21:35.049765147
108.9063,1,08:21:35.049806738
108.9063,1,08:21:35.049846524
108.9063,1,08:21:35.049864803
108.9063,1,08:21:35.049900167
108.9063,1,08:21:35.049937000
108.9063,1,08:21:35.049960786
108.9063,50,08:21:35.051228869
108.9063,7,08:21:35.052500357
108.9063,1,08:21:35.052544223
108.9063,1,08:21:35.052561635
108.9063,1,08:21:35.052623355
108.9063,80,08:21:35.052644846
108.9063,1,08:21:35.052673755
108.9063,4,08:21:35.052699699
108.9063,1,08:21:35.052771694
108.9063,12,08:21:35.052819148
108.9063,1,08:21:35.053008447
108.9063,1,08:21:35.053157835
108.9063,1,08:21:35.053220675
108.9063,2,08:21:35.053232324
108.9063,1,08:21:35.053256596
108.9063,13,08:21:35.053276302
108.9063,3,08:21:35.053362733
108.9063,1,08:21:35.053391530
108.9063,1,08:21:35.053553079
108.9063,4,08:21:35.053657903
108.9063,20,08:21:35.053695827
108.9063,1,08:21:35.053726708
108.9063,1,08:21:35.053790651
108.9063,2,08:21:35.053864154
108.9063,1,08:21:35.053930808
108.9063,1,08:21:35.054137446
108.9063,2,08:21:35.054221541
108.9063,1,08:21:35.054514718
108.9063,1,08:21:35.054573663
108.9063,2,08:21:35.054678701
108.9063,1,08:21:35.054821617
108.9063,48,08:21:35.054925081
108.9063,3,08:21:35.055400675
108.9063,20,08:21:35.055501427
108.9063,1,08:21:35.055579450
108.9063,1,08:21:35.055776234
108.9063,1,08:21:35.056121105
108.9063,2,08:21:35.056265851
108.9063,1,08:21:35.056516793
108.9063,3,08:21:35.057961564
108.9063,1,08:21:35.058157668
108.9063,1,08:21:35.058202494
108.9063,1,08:21:35.058281907
108.9063,1,08:21:35.058319421
108.9063,1,08:21:35.058346494
108.9063,1,08:21:35.058918089
108.9063,1,08:21:35.058974868
108.9063,1,08:21:35.059049560
108.9063,1,08:21:35.059099994
108.9063,2,08:21:35.059167733
108.9063,9,08:21:35.495542674
108.9063,3,08:21:37.081361075
108.9063,1,08:21:37.081574449
108.9063,1,08:21:37.081766805
108.9063,3,08:21:37.082079742
108.9063,1,08:21:37.082431621
108.9063,10,08:21:37.085828144
108.9063,4,08:21:37.087401273
108.9063,1,08:21:37.087829334
108.9063,17,08:21:37.098606955
108.9063,1,08:21:37.100005825
108.9063,17,08:21:37.791682417
108.9063,1,08:21:37.791800176
108.9063,1,08:21:37.791904435
108.9063,2,08:21:37.791939677
108.9063,1,08:21:37.791976411
108.9063,1,08:21:37.792087763
108.9063,1,08:21:37.811124675
108.9063,1,08:21:40.574410366
108.9063,1,08:21:40.574721943
108.9063,1,08:21:41.165573582
108.9063,1,08:21:41.165779035
108.9063,36,08:21:41.248055044
108.9063,29,08:21:41.248330621
108.9063,1,08:21:41.251159756
108.9063,435,08:21:41.742167820
108.9063,11,08:21:51.715523148
108.9219,1,08:21:55.771028120
108.9219,1,08:21:59.278189015
108.9063,5,08:22:00.059669985
108.9063,8,08:22:00.236100719
108.9063,1,08:22:00.680164322
108.9219,2,08:22:02.810564478
108.9063,7,08:22:03.242793324
108.9219,1,08:22:06.292689218
108.9219,3,08:22:08.529524620
108.9219,1,08:22:09.799665214
108.9063,1,08:22:10.806792378
108.9219,1,08:22:13.306181242
108.9219,1,08:22:16.653342645
108.9219,2,08:22:16.838527458
108.9219,1,08:22:20.305924040
108.9219,1,08:22:20.320529364
108.9219,1,08:22:23.827589220
108.9219,1,08:22:27.334995752
108.9063,1,08:22:27.900398521
108.9063,49,08:22:27.900511451
108.9063,16,08:22:27.900642004
108.9063,11,08:22:27.900663297
108.9063,40,08:22:27.901011029
108.9063,3,08:22:27.901083210
108.9063,6,08:22:27.901123975
108.9063,4,08:22:27.901267818
108.9063,1,08:22:27.901392704
108.9063,1,08:22:27.901435220
108.9063,2,08:22:27.901539603
108.9063,1,08:22:27.901582996
108.9063,1,08:22:27.901696178
108.9063,1,08:22:27.901768782
108.9063,1,08:22:27.901820268
108.9063,1,08:22:27.901887888
108.9063,1,08:22:27.901931832
108.9063,1,08:22:27.901958863
108.9063,44,08:22:27.902167084
108.9063,1,08:22:27.902200410
108.9063,1,08:22:27.902226519
108.9063,1,08:22:27.902246865
108.9063,1,08:22:27.902284604
108.9063,1,08:22:27.902305103
108.9063,1,08:22:27.902373930
108.9063,1,08:22:27.902397700
108.9063,1,08:22:27.902433426
108.9063,1,08:22:27.902469833
108.9063,1,08:22:27.902511693
108.9063,1,08:22:27.902565149
108.9063,1,08:22:27.902683751
108.9063,1,08:22:27.902714587
108.9063,1,08:22:27.902755212
108.9063,1,08:22:27.902779138
108.9063,1,08:22:27.902814051
108.9063,1,08:22:27.903091142
108.9063,31,08:22:27.903427987
108.9063,3,08:22:27.903688558
108.9063,2,08:22:27.903851250
108.9063,1,08:22:27.903905119
108.9063,1,08:22:27.904020780
108.9063,2,08:22:27.904077325
108.9063,7,08:22:27.904210748
108.9063,1,08:22:27.904690995
108.9063,25,08:22:27.904723682
108.9063,1,08:22:27.904765837
108.9063,9,08:22:27.904837234
108.9063,1,08:22:27.904920209
108.9063,2,08:22:27.904920209
108.9063,1,08:22:27.904972978
108.9063,1,08:22:27.905264776
108.9063,1,08:22:27.905294392
108.9063,1,08:22:27.905321148
108.9063,1,08:22:27.905349494
108.9063,1,08:22:27.905380007
108.9063,1,08:22:27.905400464
108.9063,1,08:22:27.905428545
108.9063,1,08:22:27.905448866
108.9063,1,08:22:27.905482159
108.9063,1,08:22:27.905512560
108.9063,1,08:22:27.905554625
108.9063,1,08:22:27.905581197
108.9063,1,08:22:27.905605237
108.9063,1,08:22:27.905640789
108.9063,1,08:22:27.905680285
108.9063,1,08:22:27.905700212
108.9063,1,08:22:27.905722679
108.9063,1,08:22:27.905746548
108.9063,1,08:22:27.905771947
108.9063,1,08:22:27.905791708
108.9063,1,08:22:27.905819982
108.9063,1,08:22:27.905855210
108.9063,1,08:22:27.905886362
108.9063,1,08:22:27.905903662
108.9063,1,08:22:27.905919297
108.9063,1,08:22:27.905948188
108.9063,1,08:22:27.906456066
108.9063,1,08:22:27.954232971
108.9063,5,08:22:28.917908034
108.9063,1,08:22:28.919090416
108.9063,3,08:22:29.583742631
108.9063,1,08:22:29.598438549
108.9063,5,08:22:30.978730463
108.9063,2,08:22:32.870912716
108.9063,2,08:22:32.871411984
108.9063,2,08:22:32.871598128
108.9063,2,08:22:32.871857065
108.9063,2,08:22:32.872117979
108.9063,2,08:22:32.872332796
108.9063,10,08:22:32.873737217
108.9063,1,08:22:32.873918508
108.9063,1,08:22:32.874025505
108.9063,1,08:22:32.874108544
108.9063,1,08:22:32.898351525
108.9063,1,08:22:34.673551186
108.9063,1,08:22:34.673833992
108.9063,1,08:22:34.899918251
108.9063,1,08:22:34.900095080
108.9063,4,08:22:34.900350492
108.9063,2,08:22:34.902043666
108.9063,29,08:22:34.909078700
108.9063,1,08:22:34.909316814
108.9063,1,08:22:34.909380524
108.9063,1,08:22:34.909462775
108.9063,3,08:22:34.909531276
108.9063,3,08:22:34.909601511
108.9063,44,08:22:34.909917632
108.9063,1,08:22:34.910031888
108.9063,1,08:22:34.910153007
108.9063,3,08:22:34.910195436
108.9063,1,08:22:34.911710910
108.9063,11,08:22:34.922511259
108.9063,1,08:22:34.922616804
108.9063,12,08:22:34.922788448
108.9063,7,08:22:34.922838796
108.9063,2,08:22:34.922932560
108.9063,1,08:22:34.922966609
108.9063,1,08:22:34.923011292
108.9063,1,08:22:34.923039555
108.9063,1,08:22:34.923076525
108.9063,1,08:22:34.923113908
108.9063,1,08:22:34.923134522
108.9063,1,08:22:34.923168424
108.9063,1,08:22:34.923201283
108.9063,1,08:22:34.923243905
108.9063,1,08:22:34.923301713
108.9063,1,08:22:34.923337686
108.9063,1,08:22:34.923370573
108.9063,1,08:22:34.923403136
108.9063,1,08:22:34.923438548
108.9063,1,08:22:34.923461268
108.9063,1,08:22:34.923492363
108.9063,1,08:22:34.923527222
108.9063,1,08:22:34.923554288
108.9063,1,08:22:34.923944101
108.9063,1,08:22:34.924682048
108.9063,1,08:22:34.924838471
108.9063,1,08:22:34.939312663
108.9063,1,08:22:34.939542460
108.9063,1,08:22:34.939615613
108.9063,26,08:22:36.191817976
108.9063,150,08:22:38.033322014
108.9063,1,08:22:38.033636113
108.9063,1,08:22:38.033850513
108.9063,1,08:22:38.033956851
108.9063,1,08:22:38.034475742
108.9063,1,08:22:38.035103649
108.9063,1,08:22:38.420009823
108.9063,1,08:22:38.420226694
108.9063,1,08:22:38.420356716
108.9063,12,08:22:38.420393696
108.9063,1,08:22:38.420436129
108.9063,1,08:22:38.420664294
108.9063,1,08:22:38.420705299
108.9063,1,08:22:38.420897092
108.9063,7,08:22:38.422467277
108.9063,7,08:22:38.422513617
108.9063,5,08:22:38.422862975
108.9063,4,08:22:38.422930431
108.9063,1,08:22:38.614533583
108.9063,1,08:22:38.614747244
108.9063,50,08:22:38.614933649
108.9063,1,08:22:38.615115288
108.9063,9,08:22:38.615269003
108.9063,8,08:22:42.112726482
108.9063,3,08:22:42.113007934
108.9063,2,08:22:53.311346709
108.9063,6,08:22:55.000363908
108.9063,1,08:22:55.002360743
108.9063,5,08:22:56.471475560
108.9219,1,08:22:58.302057744
108.9063,5,08:22:58.304087871
108.9063,1,08:23:01.166418771
108.9219,1,08:23:02.404491178
108.9063,1,08:23:02.950049719
108.9219,2,08:23:05.936936630
108.9219,1,08:23:09.273834412
108.9219,1,08:23:09.403549505
108.9219,1,08:23:09.417964339
108.9219,1,08:23:12.924948769
108.9063,10,08:23:15.720447749
108.9219,1,08:23:16.432476148
108.9219,2,08:23:19.964834161
108.9063,1024,08:23:22.678484591
108.9063,1,08:23:22.688024939
108.9063,8,08:23:22.689833744
108.9063,71,08:23:22.690118523
108.9063,1,08:23:22.693801296
108.9063,48,08:23:22.710312582
108.9063,55,08:23:22.710476581
108.9063,48,08:23:22.710736478
108.9063,55,08:23:22.711514403
108.9063,1,08:23:22.711696971
108.9063,55,08:23:22.711764761
108.9063,96,08:23:22.711787779
108.9063,15,08:23:22.712276052
108.9063,20,08:23:22.712312891
108.9063,2,08:23:22.712392041
108.9063,36,08:23:22.712414279
108.9063,31,08:23:22.712536041
108.9063,55,08:23:22.712609827
108.9063,96,08:23:22.713123285
108.9063,55,08:23:22.713143976
108.9063,20,08:23:22.713168419
108.9063,50,08:23:22.713296357
108.9063,5,08:23:22.713392932
108.9063,94,08:23:22.713435825
108.9063,1,08:23:22.714107205
108.9063,15,08:23:22.714452540
108.9063,5,08:23:22.714591497
108.9063,1,08:23:22.715634714
108.9063,1,08:23:22.715920976
108.9063,94,08:23:22.716090029
108.9063,1,08:23:22.716274350
108.9063,1,08:23:22.716669500
108.9063,1,08:23:22.717191546
108.9063,1,08:23:22.717336400
108.9063,2,08:23:22.722512411
108.9063,2,08:23:22.722742688
108.9063,2,08:23:22.722938094
108.9063,2,08:23:22.724821613
108.9063,9,08:23:22.724971232
108.9063,3,08:23:22.725048500
108.9063,1,08:23:22.728563100
108.9063,2,08:23:22.730818697
108.9063,2,08:23:22.731031872
108.9063,2,08:23:22.731230065
108.9063,2,08:23:22.731430357
108.9063,2,08:23:22.741915496
108.9063,2,08:23:22.742150791
108.9063,2,08:23:22.742359928
108.9063,2,08:23:22.742571689
108.9063,10,08:23:22.752758860
108.9063,15,08:23:22.752967440
108.9063,1,08:23:22.753042149
108.9063,6,08:23:22.753140612
108.9063,1,08:23:22.753192290
108.9063,4,08:23:22.753941146
108.9063,8,08:23:22.754026556
108.9063,1,08:23:22.754411703
108.9063,55,08:23:22.760860377
108.9063,1,08:23:22.760992494
108.9063,2,08:23:22.762137823
108.9063,1,08:23:22.762573989
108.9063,55,08:23:22.794120390
108.9063,1,08:23:22.794232482
108.9063,1,08:23:22.794271199
108.9063,2,08:23:22.794361224
108.9063,1,08:23:22.794404987
108.9063,1,08:23:22.794446406
108.9063,1,08:23:22.794490865
108.9063,1,08:23:22.794516587
108.9063,1,08:23:22.794632797
108.9063,1,08:23:22.794694255
108.9063,1,08:23:22.794727666
108.9063,1,08:23:22.794849976
108.9063,1,08:23:22.794870469
108.9063,1,08:23:22.794933501
108.9063,1,08:23:22.794974666
108.9063,2,08:23:22.795005755
108.9063,1,08:23:22.795076954
108.9063,2,08:23:22.795076954
108.9063,1,08:23:22.795097280
108.9063,1,08:23:22.795133313
108.9063,1,08:23:22.795200805
108.9063,1,08:23:22.795233833
108.9063,1,08:23:22.795278736
108.9063,1,08:23:22.795325835
108.9063,1,08:23:22.795381043
108.9063,12,08:23:22.795551017
108.9063,2,08:23:22.795626420
108.9063,25,08:23:22.795692889
108.9063,13,08:23:22.795756641
108.9063,57,08:23:22.821017139
108.9063,13,08:23:22.824440572
108.9063,5,08:23:22.856975361
108.9063,94,08:23:22.897773923
108.9063,5,08:23:23.172367792
108.9063,2,08:23:23.172659365
108.9063,2,08:23:23.172891006
108.9063,2,08:23:23.173113606
108.9063,2,08:23:23.173338286
108.9063,2,08:23:23.506670782
108.9063,2,08:23:23.506947047
108.9063,2,08:23:23.507175250
108.9063,94,08:23:23.813451000
108.9063,1,08:23:23.813618559
108.9063,1,08:23:23.813659225
108.9063,1,08:23:23.813769669
108.9063,1,08:23:23.813844588
108.9063,1,08:23:23.813941822
108.9063,1,08:23:23.814141817
108.9063,24,08:23:23.814381306
108.9063,5,08:23:23.814509053
108.9063,1,08:23:23.815470186
108.9063,15,08:23:23.816340994
108.9063,4,08:23:23.816495401
108.9063,3,08:23:23.839933591
108.9063,188,08:23:24.922172517
108.9063,1,08:23:24.925388864
108.9063,3,08:23:24.926248128
108.9063,96,08:23:25.382183990
108.9063,31,08:23:25.382317695
108.9063,110,08:23:25.382572079
108.9063,2,08:23:25.382669604
108.9063,1,08:23:25.382698616
108.9063,3,08:23:25.382734357
108.9063,9,08:23:25.382777996
108.9063,1,08:23:25.382808588
108.9063,9,08:23:25.382864931
108.9063,5,08:23:25.383438307
108.9063,2,08:23:25.384564138
108.9063,22,08:23:26.359769702
108.9063,1,08:23:26.360036568
108.9063,16,08:23:26.793780749
108.9063,1,08:23:26.793953262
108.9063,4,08:23:26.794163310
108.9063,7,08:23:26.794243840
108.9063,1,08:23:26.794718964
108.9063,20,08:23:26.806143968
108.9063,1,08:23:26.806430550
108.9063,11,08:23:27.017483381
108.9063,1,08:23:27.017683272
108.9063,19,08:23:27.017768301
108.9063,1,08:23:27.017808679
108.9063,1,08:23:27.017844508
108.9063,1,08:23:27.017877884
108.9063,1,08:23:27.017918301
108.9063,1,08:23:27.017988971
108.9063,1,08:23:27.018067648
108.9063,1,08:23:27.018138878
108.9063,1,08:23:27.018171554
108.9063,1,08:23:27.018198784
108.9063,1,08:23:27.018231252
108.9063,1,08:23:27.018267610
108.9063,1,08:23:27.018311359
108.9063,1,08:23:27.018347435
108.9063,1,08:23:27.018387791
108.9063,1,08:23:27.018456539
108.9063,1,08:23:27.018498326
108.9063,1,08:23:27.018535658
108.9063,1,08:23:27.018615560
108.9063,1,08:23:27.018648015
108.9063,1,08:23:27.018719450
108.9063,1,08:23:27.018762497
108.9063,7,08:23:27.091675042
108.9063,10,08:23:27.540252110
108.8906,24,08:23:37.837354952
108.9063,9,08:23:44.575584558
108.9063,2,08:23:51.527752423
108.9063,1,08:23:54.995011243
108.9063,1,08:23:55.009598823
108.9063,1,08:23:58.517389166
108.9063,11,08:23:58.676180008
108.9063,5,08:23:58.676249235
108.9063,8,08:23:58.676266528
108.9063,2,08:23:58.676665601
108.9063,48,08:23:58.676788683
108.9063,65,08:23:58.676918371
108.9063,48,08:23:58.677279012
108.9063,55,08:23:58.677564023
108.9063,2,08:23:58.678658323
108.9063,17,08:23:58.678765556
108.9063,3,08:23:58.678809212
108.9063,2,08:23:58.678858967
108.9063,1,08:23:58.679063157
108.9063,9,08:23:58.679280508
108.9063,1,08:23:58.679322627
108.9063,13,08:23:58.679520053
108.9063,2,08:23:58.679560949
108.9063,2,08:23:58.679604118
108.9063,1,08:23:58.679653978
108.9063,1,08:23:58.679668702
108.9063,1,08:23:58.679704924
108.9063,14,08:23:58.679788582
108.9063,5,08:23:58.679788582
108.9063,20,08:23:58.679810633
108.9063,48,08:23:58.680020651
108.9063,1,08:23:58.680177448
108.9063,10,08:23:58.680265725
108.9063,1,08:23:58.680292337
108.9063,1,08:23:58.680313585
108.9063,1,08:23:58.680345109
108.9063,1,08:23:58.680371513
108.9063,1,08:23:58.680454049
108.9063,1,08:23:58.680483832
108.9063,1,08:23:58.680530678
108.9063,1,08:23:58.680560985
108.9063,1,08:23:58.680583635
108.9063,1,08:23:58.680609665
108.9063,1,08:23:58.680642533
108.9063,1,08:23:58.680668847
108.9063,1,08:23:58.680700716
108.9063,1,08:23:58.680726608
108.9063,1,08:23:58.680763127
108.9063,1,08:23:58.680806799
108.9063,1,08:23:58.680825986
108.9063,1,08:23:58.680858447
108.9063,1,08:23:58.680903846
108.9063,51,08:23:58.680986014
108.9063,21,08:23:58.681012665
108.9063,2,08:23:58.681053478
108.9063,1,08:23:58.681090695
108.9063,1,08:23:58.681199213
108.9063,1,08:23:58.681267185
108.9063,1,08:23:58.681320287
108.9063,1,08:23:58.681389476
108.9063,1,08:23:58.681431931
108.9063,1,08:23:58.681500342
108.9063,1,08:23:58.681542375
108.9063,1,08:23:58.681621669
108.9063,1,08:23:58.681894241
108.9063,1,08:23:58.682095764
108.9063,1,08:23:58.682310851
108.9063,1,08:23:58.682439749
108.9063,4,08:23:58.682563676
108.9063,20,08:23:58.686619479
108.9063,5,08:23:58.687253376
108.9063,1,08:23:58.687589757
108.9063,6,08:23:58.687626555
108.9063,1,08:23:58.687648242
108.9063,1,08:23:58.687669500
108.9063,1,08:23:58.687701104
108.9063,1,08:23:58.687723075
108.9063,1,08:23:58.687781076
108.9063,1,08:23:58.687804924
108.9063,1,08:23:58.687832095
108.9063,1,08:23:58.687887555
108.9063,1,08:23:58.687914397
108.9063,1,08:23:58.687942177
108.9063,1,08:23:58.687967865
108.9063,1,08:23:58.687992792
108.9063,1,08:23:58.688026528
108.9063,1,08:23:58.688045802
108.9063,1,08:23:58.688070093
108.9063,1,08:23:58.688138879
108.9063,1,08:23:58.688161714
108.9063,9,08:23:58.689862315
108.9063,10,08:23:58.690067366
108.9063,1,08:23:58.690265712
108.9063,57,08:23:58.697557421
108.9063,1,08:23:58.697779211
108.9063,25,08:23:58.697818757
108.9063,1,08:23:58.697860646
108.9063,5,08:23:58.697909226
108.9063,1,08:23:58.697991938
108.9063,44,08:23:58.698266830
108.9063,3,08:23:58.699638108
108.9063,188,08:23:58.703087298
108.9063,1,08:23:58.704224626
108.9063,35,08:23:58.704416941
108.9063,2,08:23:58.704881322
108.9063,10,08:23:58.717315526
108.9063,9,08:23:58.717437475
108.8906,2,08:23:58.794183702
108.9063,48,08:23:59.065832665
108.9063,32,08:23:59.065991140
108.9063,9,08:23:59.068304444
108.9063,2,08:23:59.068613928
108.9063,4,08:23:59.068654796
108.9063,1,08:23:59.069041252
108.9063,15,08:23:59.069069883
108.9063,5,08:23:59.069198526
108.9063,1,08:23:59.069234203
108.9063,2,08:23:59.069262252
108.9063,1,08:23:59.069281097
108.9063,32,08:23:59.069517930
108.9063,66,08:23:59.070518955
108.9063,1,08:23:59.071061859
108.9063,19,08:23:59.085525481
108.9063,1,08:23:59.085736897
108.9063,50,08:24:01.773788955
108.9063,1,08:24:01.774057853
108.9063,2,08:24:09.256868366
108.9063,161,08:24:09.257344161
108.9063,3,08:24:09.260261288
108.9063,1,08:24:09.260384760
108.9063,34,08:24:09.260832733
108.9063,66,08:24:09.262065369
108.9063,1,08:24:09.262187935
108.9063,1,08:24:09.262310994
108.9063,1,08:24:09.262368048
108.9063,48,08:24:09.262416228
108.9063,1,08:24:09.262462453
108.9063,1,08:24:09.262502530
108.9063,49,08:24:09.262548461
108.9063,31,08:24:09.262602020
108.9063,4,08:24:09.262692016
108.9063,1,08:24:09.262733274
108.9063,11,08:24:09.262826003
108.9063,1,08:24:09.263004988
108.9063,2,08:24:09.263071624
108.9063,18,08:24:09.280130444
108.9063,1,08:24:09.280351181
108.9063,1,08:24:12.673618299
108.9063,1,08:24:12.673716771
108.9063,1,08:24:12.673972868
108.9063,1,08:24:12.674024735
108.9063,1,08:24:12.674086459
108.9063,2,08:24:12.674142774
108.9063,4,08:24:15.662653659
108.9063,1,08:24:16.325412113
108.9063,1,08:24:16.325456632
108.9063,53,08:24:16.325522774
108.9063,1,08:24:16.325772712
108.9063,1,08:24:16.325826333
108.9063,1,08:24:16.325883444
108.9063,48,08:24:16.326197607
108.9063,55,08:24:16.326457347
108.9063,1,08:24:16.326513563
108.9063,1,08:24:16.326593244
108.9063,1,08:24:16.326615632
108.9063,1,08:24:16.326677227
108.9063,1,08:24:16.326706475
108.9063,1,08:24:16.326737250
108.9063,1,08:24:16.326756185
108.9063,1,08:24:16.326812100
108.9063,1,08:24:16.326839044
108.9063,3,08:24:16.328056058
108.9063,20,08:24:16.328686470
108.9063,1,08:24:16.329173523
108.9063,1,08:24:16.329206986
108.9063,1,08:24:16.329356653
108.9063,2,08:24:16.329518593
108.9063,1,08:24:16.329751644
108.9063,12,08:24:16.329792582
108.9063,1,08:24:16.329888661
108.9063,1,08:24:16.330149428
108.9063,39,08:24:16.439263582
108.9063,1,08:24:16.441128697
108.9063,8,08:24:16.622310536
108.9063,1,08:24:16.622551158
108.9063,44,08:24:16.622709747
108.9063,2,08:24:17.967176513
108.9063,1,08:24:17.967366529
108.9063,19,08:24:18.528193685
108.9063,1,08:24:19.996156337
108.9063,5,08:24:19.996194619
108.9063,23,08:24:19.996313032
108.9063,1,08:24:19.996353112
108.9063,1,08:24:19.996470458
108.9063,1,08:24:19.996591747
108.9063,1,08:24:19.996594656
108.9063,25,08:24:19.996701589
108.9063,2,08:24:19.998340535
108.9063,1,08:24:19.998838942
108.9063,8,08:24:20.944204791
108.9063,1,08:24:20.944350184
108.9063,21,08:24:20.944475970
108.9063,8,08:24:20.944545165
108.9063,1,08:24:20.944545165
108.9063,1,08:24:20.944626969
108.9063,1,08:24:20.944755847
108.9063,1,08:24:20.944806882
108.9063,1,08:24:20.944829030
108.9063,1,08:24:20.944920315
108.9063,1,08:24:20.944993974
108.9219,1,08:24:40.585508466
108.9219,1,08:24:40.599890279
108.9219,1,08:24:44.107007451
108.9063,5,08:24:44.414407847
108.9063,1,08:24:45.665468245
108.9219,1,08:24:47.614225802
108.9219,1,08:24:51.121565455
108.9063,1,08:24:51.252709201
108.9219,1,08:24:54.628886098
108.9219,1,08:24:58.021943159
108.9219,2,08:24:58.160282622
108.9219,150,08:24:59.454457735
108.9219,6,08:24:59.470287277
108.9219,1,08:24:59.478076167
108.9219,2,08:25:00.445075735
108.9063,2,08:25:00.454812780
108.9063,2,08:25:00.454906112
108.9063,2,08:25:00.455242868
108.9063,2,08:25:00.455427109
108.9219,14,08:25:01.107812459
108.9063,12,08:25:01.152405476
108.9219,1,08:25:01.642179067
108.9219,1,08:25:05.134725859
108.9219,1,08:25:05.149310884
108.9219,50,08:25:06.691577554
108.9219,1,08:25:08.656794903
108.9219,5,08:25:11.866080465
108.9219,2,08:25:12.188112309
108.9063,4,08:25:14.564155731
108.9063,1,08:25:14.564172794
108.9219,1,08:25:15.670474149
108.9219,1,08:25:19.177459057
108.9063,11,08:25:21.400769902
108.9219,1,08:25:22.684812776
108.9219,10,08:25:23.948298259
108.9219,123,08:25:25.635121568
108.9219,1,08:25:25.638557967
108.9219,1,08:25:25.639368214
108.9219,1111,08:25:25.639667583
108.9219,3,08:25:25.650415360
108.9219,1,08:25:25.650714548
108.9219,5,08:25:25.650732187
108.9219,1,08:25:25.650853268
108.9219,6,08:25:25.651016650
108.9219,1,08:25:25.651466710
108.9219,1,08:25:25.651491280
108.9219,3,08:25:25.652460522
108.9219,48,08:25:25.652747385
108.9219,55,08:25:25.652775623
108.9219,48,08:25:25.652804120
108.9219,55,08:25:25.652868646
108.9219,48,08:25:25.653373343
108.9219,5,08:25:25.654273032
108.9219,1,08:25:25.654519466
108.9219,12,08:25:25.654593067
108.9219,31,08:25:25.654666233
108.9219,1,08:25:25.654814922
108.9219,1,08:25:25.654870398
108.9219,138,08:25:25.654922703
108.9219,1,08:25:25.655038555
108.9219,8,08:25:25.655068341
108.9219,1,08:25:25.656319522
108.9219,1,08:25:25.656395234
108.9219,2,08:25:25.657841827
108.9219,10,08:25:25.657896299
108.9219,76,08:25:25.658113775
108.9219,1,08:25:25.658172356
108.9219,25,08:25:25.658228587
108.9219,1,08:25:25.658425237
108.9219,113,08:25:25.658940313
108.9219,1,08:25:25.663165567
108.9219,1,08:25:25.663390069
108.9219,1,08:25:25.663499960
108.9219,1,08:25:26.085116198
108.9219,1,08:25:26.190949039
108.9219,1,08:25:26.845198032
108.9219,1,08:25:29.683889759
108.9219,2,08:25:29.723387227
108.9219,44,08:25:32.776793263
108.9219,1,08:25:33.205655226
108.9219,48,08:25:35.146379248
108.9219,55,08:25:35.146673561
108.9219,1,08:25:35.146870000
108.9219,24,08:25:35.147023222
108.9219,1,08:25:35.147079825
108.9219,1,08:25:35.147100868
108.9219,1,08:25:35.147128603
108.9219,1,08:25:35.147165615
108.9219,1,08:25:35.147203747
108.9219,1,08:25:35.147234957
108.9219,1,08:25:35.147257070
108.9219,1,08:25:35.147286351
108.9219,1,08:25:35.147337786
108.9219,1,08:25:35.147357414
108.9219,1,08:25:35.147372474
108.9219,1,08:25:35.147431393
108.9219,1,08:25:35.147453487
108.9219,1,08:25:35.147477974
108.9219,1,08:25:35.147504553
108.9219,1,08:25:35.147531578
108.9219,1,08:25:35.147562039
108.9219,6,08:25:35.147607068
