bidVolume,bidPrice,askVolume,askPrice,timestamp
19,5206.0,85,5206.25,13:00:00.005545203
19,5206.0,85,5206.25,13:00:00.006023443
19,5206.0,85,5206.25,13:00:00.006163541
19,5206.0,85,5206.25,13:00:00.006168812
19,5206.0,85,5206.25,13:00:00.006182076
19,5206.0,85,5206.25,13:00:00.006187462
19,5206.0,85,5206.25,13:00:00.006193667
19,5206.0,85,5206.25,13:00:00.006219543
19,5206.0,85,5206.25,13:00:00.006228448
19,5206.0,85,5206.25,13:00:00.006242932
19,5206.0,85,5206.25,13:00:00.006249418
19,5206.0,85,5206.25,13:00:00.006263547
19,5206.0,85,5206.25,13:00:00.006270507
19,5206.0,85,5206.25,13:00:00.006286984
19,5206.0,85,5206.25,13:00:00.006292475
19,5206.0,85,5206.25,13:00:00.006309637
19,5206.0,85,5206.25,13:00:00.006314434
19,5206.0,85,5206.25,13:00:00.006321148
19,5206.0,85,5206.25,13:00:00.006327180
19,5206.0,85,5206.25,13:00:00.006332854
19,5206.0,80,5206.25,13:00:00.006525335
20,5206.0,80,5206.25,13:00:00.006525335
23,5206.0,80,5206.25,13:00:00.006566285
26,5206.0,80,5206.25,13:00:00.006573956
29,5206.0,80,5206.25,13:00:00.006585784
30,5206.0,80,5206.25,13:00:00.006595470
31,5206.0,80,5206.25,13:00:00.006631144
32,5206.0,80,5206.25,13:00:00.006637064
35,5206.0,80,5206.25,13:00:00.006659190
35,5206.0,81,5206.25,13:00:00.006669126
35,5206.0,82,5206.25,13:00:00.006677081
35,5206.0,82,5206.25,13:00:00.006687427
35,5206.0,79,5206.25,13:00:00.006787625
36,5206.0,79,5206.25,13:00:00.006787625
37,5206.0,79,5206.25,13:00:00.006787625
37,5206.0,80,5206.25,13:00:00.006878772
37,5206.0,82,5206.25,13:00:00.006884849
36,5206.0,82,5206.25,13:00:00.007013287
35,5206.0,82,5206.25,13:00:00.007019178
32,5206.0,82,5206.25,13:00:00.007134514
29,5206.0,82,5206.25,13:00:00.007246056
32,5206.0,82,5206.25,13:00:00.007840237
33,5206.0,82,5206.25,13:00:00.007848241
34,5206.0,82,5206.25,13:00:00.007934889
34,5206.0,82,5206.25,13:00:00.007953648
36,5206.0,82,5206.25,13:00:00.008024235
35,5206.0,82,5206.25,13:00:00.009815647
35,5206.0,82,5206.25,13:00:00.009928001
35,5206.0,81,5206.25,13:00:00.010841159
37,5206.0,81,5206.25,13:00:00.010914907
37,5206.0,81,5206.25,13:00:00.010937279
37,5206.0,82,5206.25,13:00:00.010956342
35,5206.0,82,5206.25,13:00:00.011082130
33,5206.0,82,5206.25,13:00:00.011156125
32,5206.0,82,5206.25,13:00:00.011245084
31,5206.0,82,5206.25,13:00:00.012198053
28,5206.0,82,5206.25,13:00:00.012269293
25,5206.0,82,5206.25,13:00:00.012284007
23,5206.0,82,5206.25,13:00:00.012292269
23,5206.0,82,5206.25,13:00:00.012303863
20,5206.0,82,5206.25,13:00:00.012352722
19,5206.0,82,5206.25,13:00:00.012451994
20,5206.0,82,5206.25,13:00:00.014514525
24,5206.0,82,5206.25,13:00:00.014520922
26,5206.0,82,5206.25,13:00:00.014539639
27,5206.0,82,5206.25,13:00:00.014547377
29,5206.0,82,5206.25,13:00:00.014604319
29,5206.0,82,5206.25,13:00:00.014617023
30,5206.0,82,5206.25,13:00:00.014647222
31,5206.0,82,5206.25,13:00:00.014693761
31,5206.0,82,5206.25,13:00:00.017105848
29,5206.0,82,5206.25,13:00:00.020503199
29,5206.0,82,5206.25,13:00:00.023144424
28,5206.0,82,5206.25,13:00:00.024823341
28,5206.0,82,5206.25,13:00:00.024928594
28,5206.0,82,5206.25,13:00:00.027082016
31,5206.0,82,5206.25,13:00:00.028222254
31,5206.0,82,5206.25,13:00:00.028334189
31,5206.0,82,5206.25,13:00:00.037097613
31,5206.0,82,5206.25,13:00:00.037207385
31,5206.0,82,5206.25,13:00:00.047132420
31,5206.0,82,5206.25,13:00:00.047491595
31,5206.0,82,5206.25,13:00:00.057092121
31,5206.0,82,5206.25,13:00:00.067148944
32,5206.0,82,5206.25,13:00:00.069990306
32,5206.0,82,5206.25,13:00:00.070094539
32,5206.0,82,5206.25,13:00:00.077081163
31,5206.0,82,5206.25,13:00:00.081694279
30,5206.0,82,5206.25,13:00:00.081758710
29,5206.0,82,5206.25,13:00:00.081782073
29,5206.0,82,5206.25,13:00:00.081889957
30,5206.0,82,5206.25,13:00:00.085074645
31,5206.0,82,5206.25,13:00:00.085162733
30,5206.0,82,5206.25,13:00:00.097172322
29,5206.0,82,5206.25,13:00:00.097269389
29,5206.0,81,5206.25,13:00:00.107893840
29,5206.0,81,5206.25,13:00:00.107964830
29,5206.0,81,5206.25,13:00:00.107973813
29,5206.0,81,5206.25,13:00:00.107985531
29,5206.0,81,5206.25,13:00:00.107991653
29,5206.0,81,5206.25,13:00:00.108009109
29,5206.0,81,5206.25,13:00:00.108017228
29,5206.0,81,5206.25,13:00:00.108028623
29,5206.0,81,5206.25,13:00:00.108033663
32,5206.0,81,5206.25,13:00:00.108040144
35,5206.0,81,5206.25,13:00:00.108047177
36,5206.0,81,5206.25,13:00:00.108090772
36,5206.0,81,5206.25,13:00:00.108124737
51,5206.0,81,5206.25,13:00:00.108166546
52,5206.0,81,5206.25,13:00:00.108275828
52,5206.0,81,5206.25,13:00:00.108282837
53,5206.0,81,5206.25,13:00:00.108292536
54,5206.0,81,5206.25,13:00:00.108299545
55,5206.0,81,5206.25,13:00:00.108299545
55,5206.0,81,5206.25,13:00:00.108488902
55,5206.0,81,5206.25,13:00:00.108526144
55,5206.0,80,5206.25,13:00:00.108649183
55,5206.0,79,5206.25,13:00:00.115048681
58,5206.0,79,5206.25,13:00:00.115144072
59,5206.0,79,5206.25,13:00:00.115149781
59,5206.0,64,5206.25,13:00:00.115164114
59,5206.0,61,5206.25,13:00:00.115304690
60,5206.0,61,5206.25,13:00:00.115304690
61,5206.0,61,5206.25,13:00:00.115355587
61,5206.0,58,5206.25,13:00:00.115386148
61,5206.0,55,5206.25,13:00:00.115549734
61,5206.0,52,5206.25,13:00:00.115549734
61,5206.0,49,5206.25,13:00:00.115549734
61,5206.0,48,5206.25,13:00:00.115584407
61,5206.0,47,5206.25,13:00:00.115590958
61,5206.0,46,5206.25,13:00:00.115610491
61,5206.0,44,5206.25,13:00:00.115616504
61,5206.0,43,5206.25,13:00:00.115624987
61,5206.0,43,5206.25,13:00:00.115629903
61,5206.0,42,5206.25,13:00:00.115646713
64,5206.0,42,5206.25,13:00:00.115653692
64,5206.0,41,5206.25,13:00:00.115669983
64,5206.0,39,5206.25,13:00:00.115679059
64,5206.0,38,5206.25,13:00:00.115684637
64,5206.0,35,5206.25,13:00:00.115697200
64,5206.0,35,5206.25,13:00:00.115740724
64,5206.0,35,5206.25,13:00:00.115740724
64,5206.0,35,5206.25,13:00:00.115793074
64,5206.0,35,5206.25,13:00:00.116089291
64,5206.0,35,5206.25,13:00:00.116143273
64,5206.0,35,5206.25,13:00:00.117730472
64,5206.0,35,5206.25,13:00:00.129088922
64,5206.0,35,5206.25,13:00:00.129100791
64,5206.0,35,5206.25,13:00:00.129460574
64,5206.0,35,5206.25,13:00:00.129487506
64,5206.0,34,5206.25,13:00:00.142125744
65,5206.0,34,5206.25,13:00:00.142196309
65,5206.0,33,5206.25,13:00:00.142206191
65,5206.0,32,5206.25,13:00:00.142222943
65,5206.0,31,5206.25,13:00:00.142240697
66,5206.0,31,5206.25,13:00:00.154080698
66,5206.0,31,5206.25,13:00:00.154109755
66,5206.0,31,5206.25,13:00:00.154398449
66,5206.0,31,5206.25,13:00:00.154408219
66,5206.0,31,5206.25,13:00:00.154415351
66,5206.0,31,5206.25,13:00:00.155309744
66,5206.0,28,5206.25,13:00:00.164876669
66,5206.0,23,5206.25,13:00:00.165171069
66,5206.0,20,5206.25,13:00:00.165171069
66,5206.0,17,5206.25,13:00:00.165171069
66,5206.0,16,5206.25,13:00:00.165234901
66,5206.0,15,5206.25,13:00:00.165234901
65,5206.0,15,5206.25,13:00:00.165234901
65,5206.0,14,5206.25,13:00:00.165310243
65,5206.0,13,5206.25,13:00:00.165310243
66,5206.0,13,5206.25,13:00:00.165310243
66,5206.0,11,5206.25,13:00:00.165455501
66,5206.0,10,5206.25,13:00:00.165455501
66,5206.0,8,5206.25,13:00:00.165476531
68,5206.0,8,5206.25,13:00:00.165476531
68,5206.0,101,5206.5,13:00:00.165476531
68,5206.0,101,5206.5,13:00:00.165476531
3,5206.25,101,5206.5,13:00:00.165476531
5,5206.25,101,5206.5,13:00:00.165476531
7,5206.25,101,5206.5,13:00:00.165476531
8,5206.25,101,5206.5,13:00:00.165476531
10,5206.25,101,5206.5,13:00:00.165476531
11,5206.25,101,5206.5,13:00:00.165476531
11,5206.25,101,5206.5,13:00:00.165476531
12,5206.25,101,5206.5,13:00:00.165479776
12,5206.25,101,5206.5,13:00:00.165479776
13,5206.25,101,5206.5,13:00:00.165487290
14,5206.25,101,5206.5,13:00:00.165487290
15,5206.25,101,5206.5,13:00:00.165491757
16,5206.25,101,5206.5,13:00:00.165574146
16,5206.25,100,5206.5,13:00:00.165603413
17,5206.25,100,5206.5,13:00:00.165627660
17,5206.25,99,5206.5,13:00:00.165633747
17,5206.25,99,5206.5,13:00:00.165639846
18,5206.25,99,5206.5,13:00:00.165646099
20,5206.25,99,5206.5,13:00:00.165671098
20,5206.25,99,5206.5,13:00:00.165671098
20,5206.25,99,5206.5,13:00:00.165697012
20,5206.25,109,5206.5,13:00:00.165706465
21,5206.25,109,5206.5,13:00:00.165749124
21,5206.25,109,5206.5,13:00:00.165770523
18,5206.25,109,5206.5,13:00:00.165898114
16,5206.25,109,5206.5,13:00:00.165904699
14,5206.25,109,5206.5,13:00:00.165911992
13,5206.25,109,5206.5,13:00:00.165922008
12,5206.25,109,5206.5,13:00:00.166020961
10,5206.25,109,5206.5,13:00:00.166044488
9,5206.25,109,5206.5,13:00:00.166050459
8,5206.25,109,5206.5,13:00:00.166057410
7,5206.25,109,5206.5,13:00:00.166070776
6,5206.25,109,5206.5,13:00:00.166075359
5,5206.25,109,5206.5,13:00:00.166085090
5,5206.25,109,5206.5,13:00:00.166146826
5,5206.25,109,5206.5,13:00:00.166146826
5,5206.25,109,5206.5,13:00:00.166209506
5,5206.25,109,5206.5,13:00:00.166257577
5,5206.25,109,5206.5,13:00:00.166262275
5,5206.25,109,5206.5,13:00:00.166330186
5,5206.25,109,5206.5,13:00:00.166337262
5,5206.25,109,5206.5,13:00:00.166381928
5,5206.25,109,5206.5,13:00:00.166389208
5,5206.25,109,5206.5,13:00:00.166399093
5,5206.25,109,5206.5,13:00:00.166404277
5,5206.25,99,5206.5,13:00:00.171553923
7,5206.25,99,5206.5,13:00:00.171661353
10,5206.25,99,5206.5,13:00:00.171665679
12,5206.25,99,5206.5,13:00:00.171677142
12,5206.25,98,5206.5,13:00:00.172869271
11,5206.25,98,5206.5,13:00:00.176857528
8,5206.25,98,5206.5,13:00:00.177113110
8,5206.25,98,5206.5,13:00:00.177113110
8,5206.25,98,5206.5,13:00:00.177113110
6,5206.25,98,5206.5,13:00:00.177219320
3,5206.25,98,5206.5,13:00:00.177221893
2,5206.25,98,5206.5,13:00:00.177331620
72,5206.0,98,5206.5,13:00:00.177331620
72,5206.0,98,5206.5,13:00:00.177331620
72,5206.0,98,5206.5,13:00:00.177420032
72,5206.0,98,5206.5,13:00:00.177426365
72,5206.0,98,5206.5,13:00:00.177434781
72,5206.0,98,5206.5,13:00:00.177447379
72,5206.0,98,5206.5,13:00:00.177454439
72,5206.0,1,5206.25,13:00:00.177482894
73,5206.0,1,5206.25,13:00:00.177490814
73,5206.0,2,5206.25,13:00:00.177579859
73,5206.0,1,5206.25,13:00:00.177783477
73,5206.0,98,5206.5,13:00:00.177783477
73,5206.0,98,5206.5,13:00:00.177783477
2,5206.25,98,5206.5,13:00:00.177812833
73,5206.0,98,5206.5,13:00:00.178031426
73,5206.0,98,5206.5,13:00:00.178031426
73,5206.0,1,5206.25,13:00:00.178115809
73,5206.0,2,5206.25,13:00:00.178133940
73,5206.0,5,5206.25,13:00:00.178139934
73,5206.0,8,5206.25,13:00:00.178227123
73,5206.0,11,5206.25,13:00:00.178244080
73,5206.0,12,5206.25,13:00:00.178250644
73,5206.0,13,5206.25,13:00:00.178257069
73,5206.0,14,5206.25,13:00:00.178346620
73,5206.0,14,5206.25,13:00:00.178366380
73,5206.0,15,5206.25,13:00:00.178440135
73,5206.0,15,5206.25,13:00:00.179391182
73,5206.0,15,5206.25,13:00:00.179606073
73,5206.0,15,5206.25,13:00:00.179606073
73,5206.0,15,5206.25,13:00:00.180134656
73,5206.0,15,5206.25,13:00:00.180134656
73,5206.0,15,5206.25,13:00:00.180246095
73,5206.0,15,5206.25,13:00:00.180382638
73,5206.0,19,5206.25,13:00:00.180622755
73,5206.0,21,5206.25,13:00:00.180628720
73,5206.0,22,5206.25,13:00:00.180719692
73,5206.0,22,5206.25,13:00:00.180727308
73,5206.0,22,5206.25,13:00:00.180739190
73,5206.0,23,5206.25,13:00:00.180827819
73,5206.0,24,5206.25,13:00:00.180843957
73,5206.0,27,5206.25,13:00:00.182045373
73,5206.0,28,5206.25,13:00:00.182146066
73,5206.0,29,5206.25,13:00:00.182246644
71,5206.0,29,5206.25,13:00:00.182257822
71,5206.0,29,5206.25,13:00:00.182272638
71,5206.0,29,5206.25,13:00:00.182278142
70,5206.0,29,5206.25,13:00:00.189814668
70,5206.0,30,5206.25,13:00:00.189877114
70,5206.0,33,5206.25,13:00:00.189894036
71,5206.0,33,5206.25,13:00:00.189922677
71,5206.0,33,5206.25,13:00:00.189922677
71,5206.0,35,5206.25,13:00:00.190453183
71,5206.0,38,5206.25,13:00:00.190461712
71,5206.0,38,5206.25,13:00:00.191812494
71,5206.0,35,5206.25,13:00:00.200901067
71,5206.0,34,5206.25,13:00:00.201006618
71,5206.0,32,5206.25,13:00:00.201013658
71,5206.0,29,5206.25,13:00:00.201036327
71,5206.0,29,5206.25,13:00:00.201093468
71,5206.0,28,5206.25,13:00:00.201124054
71,5206.0,27,5206.25,13:00:00.201226418
71,5206.0,27,5206.25,13:00:00.209089750
71,5206.0,27,5206.25,13:00:00.209200203
71,5206.0,27,5206.25,13:00:00.209492824
71,5206.0,24,5206.25,13:00:00.219539045
68,5206.0,24,5206.25,13:00:00.219539045
68,5206.0,22,5206.25,13:00:00.219599501
68,5206.0,21,5206.25,13:00:00.219626285
68,5206.0,18,5206.25,13:00:00.219636599
68,5206.0,17,5206.25,13:00:00.219702482
68,5206.0,17,5206.25,13:00:00.219743862
68,5206.0,19,5206.25,13:00:00.219749533
68,5206.0,18,5206.25,13:00:00.219803729
68,5206.0,18,5206.25,13:00:00.221965999
68,5206.0,18,5206.25,13:00:00.224446478
68,5206.0,19,5206.25,13:00:00.249749656
69,5206.0,19,5206.25,13:00:00.265938816
69,5206.0,19,5206.25,13:00:00.276687615
69,5206.0,20,5206.25,13:00:00.280072154
69,5206.0,21,5206.25,13:00:00.280456494
69,5206.0,24,5206.25,13:00:00.280552035
69,5206.0,39,5206.25,13:00:00.280693590
69,5206.0,41,5206.25,13:00:00.280787687
69,5206.0,42,5206.25,13:00:00.280792397
69,5206.0,42,5206.25,13:00:00.280802254
69,5206.0,43,5206.25,13:00:00.280809934
69,5206.0,44,5206.25,13:00:00.280825252
69,5206.0,44,5206.25,13:00:00.280843474
69,5206.0,44,5206.25,13:00:00.280852219
69,5206.0,44,5206.25,13:00:00.280861717
69,5206.0,45,5206.25,13:00:00.280867557
69,5206.0,46,5206.25,13:00:00.280984265
66,5206.0,46,5206.25,13:00:00.281033066
66,5206.0,49,5206.25,13:00:00.282004653
66,5206.0,50,5206.25,13:00:00.282100873
66,5206.0,50,5206.25,13:00:00.290845857
66,5206.0,50,5206.25,13:00:00.380840586
66,5206.0,50,5206.25,13:00:00.407033043
66,5206.0,50,5206.25,13:00:00.407033043
66,5206.0,50,5206.25,13:00:00.407041712
66,5206.0,50,5206.25,13:00:00.407041712
63,5206.0,50,5206.25,13:00:00.423521249
63,5206.0,51,5206.25,13:00:00.423616400
62,5206.0,51,5206.25,13:00:00.423624592
59,5206.0,51,5206.25,13:00:00.423652244
58,5206.0,51,5206.25,13:00:00.423750697
57,5206.0,51,5206.25,13:00:00.423763168
56,5206.0,51,5206.25,13:00:00.423773187
41,5206.0,51,5206.25,13:00:00.423856584
40,5206.0,51,5206.25,13:00:00.423873109
40,5206.0,51,5206.25,13:00:00.423885576
40,5206.0,52,5206.25,13:00:00.423945575
39,5206.0,52,5206.25,13:00:00.423957117
36,5206.0,52,5206.25,13:00:00.423965770
35,5206.0,52,5206.25,13:00:00.423976103
35,5206.0,64,5206.25,13:00:00.423993838
35,5206.0,64,5206.25,13:00:00.423993838
35,5206.0,64,5206.25,13:00:00.424020312
35,5206.0,64,5206.25,13:00:00.424025423
35,5206.0,64,5206.25,13:00:00.424032875
35,5206.0,64,5206.25,13:00:00.424045522
35,5206.0,65,5206.25,13:00:00.424063011
34,5206.0,65,5206.25,13:00:00.424085545
33,5206.0,65,5206.25,13:00:00.424096429
32,5206.0,65,5206.25,13:00:00.424107645
31,5206.0,65,5206.25,13:00:00.424434087
31,5206.0,65,5206.25,13:00:00.424510095
32,5206.0,65,5206.25,13:00:00.424520744
28,5206.0,65,5206.25,13:00:00.424537000
26,5206.0,65,5206.25,13:00:00.424542350
25,5206.0,65,5206.25,13:00:00.424665093
25,5206.0,64,5206.25,13:00:00.434174635
25,5206.0,64,5206.25,13:00:00.435552724
25,5206.0,64,5206.25,13:00:00.435552724
25,5206.0,64,5206.25,13:00:00.436315283
25,5206.0,64,5206.25,13:00:00.456275723
25,5206.0,64,5206.25,13:00:00.456275723
25,5206.0,64,5206.25,13:00:00.456374223
25,5206.0,64,5206.25,13:00:00.456479189
26,5206.0,64,5206.25,13:00:00.457369882
28,5206.0,64,5206.25,13:00:00.457375997
28,5206.0,64,5206.25,13:00:00.457390148
29,5206.0,64,5206.25,13:00:00.458336122
33,5206.0,64,5206.25,13:00:00.458429862
35,5206.0,64,5206.25,13:00:00.458439171
36,5206.0,64,5206.25,13:00:00.458545787
32,5206.0,64,5206.25,13:00:00.458635117
30,5206.0,64,5206.25,13:00:00.458645808
28,5206.0,64,5206.25,13:00:00.464611861
27,5206.0,64,5206.25,13:00:00.468659507
27,5206.0,62,5206.25,13:00:00.469140899
31,5206.0,62,5206.25,13:00:00.469226168
33,5206.0,62,5206.25,13:00:00.469246207
36,5206.0,62,5206.25,13:00:00.469251356
32,5206.0,62,5206.25,13:00:00.469340923
30,5206.0,62,5206.25,13:00:00.469346769
30,5206.0,62,5206.25,13:00:00.505186191
30,5206.0,62,5206.25,13:00:00.505191733
30,5206.0,62,5206.25,13:00:00.505202495
30,5206.0,62,5206.25,13:00:00.505215167
30,5206.0,62,5206.25,13:00:00.505220534
30,5206.0,62,5206.25,13:00:00.505227766
30,5206.0,62,5206.25,13:00:00.505244243
30,5206.0,62,5206.25,13:00:00.505249840
30,5206.0,62,5206.25,13:00:00.505268215
30,5206.0,62,5206.25,13:00:00.505280724
30,5206.0,62,5206.25,13:00:00.505287748
30,5206.0,62,5206.25,13:00:00.505292839
30,5206.0,62,5206.25,13:00:00.505306580
30,5206.0,62,5206.25,13:00:00.505311272
30,5206.0,62,5206.25,13:00:00.505317451
30,5206.0,62,5206.25,13:00:00.505326610
30,5206.0,62,5206.25,13:00:00.505365557
33,5206.0,62,5206.25,13:00:00.514813743
36,5206.0,62,5206.25,13:00:00.514820080
36,5206.0,62,5206.25,13:00:00.571052146
36,5206.0,62,5206.25,13:00:00.600850601
37,5206.0,62,5206.25,13:00:00.615635689
38,5206.0,62,5206.25,13:00:00.615644578
39,5206.0,62,5206.25,13:00:00.615724903
40,5206.0,62,5206.25,13:00:00.615822582
39,5206.0,62,5206.25,13:00:00.625949131
54,5206.0,62,5206.25,13:00:00.741087666
55,5206.0,62,5206.25,13:00:00.741181268
56,5206.0,62,5206.25,13:00:00.741189537
57,5206.0,62,5206.25,13:00:00.741196977
58,5206.0,62,5206.25,13:00:00.741205566
59,5206.0,62,5206.25,13:00:00.741215592
60,5206.0,62,5206.25,13:00:00.741286093
61,5206.0,62,5206.25,13:00:00.741297546
61,5206.0,61,5206.25,13:00:00.741325495
61,5206.0,61,5206.25,13:00:00.872687130
61,5206.0,61,5206.25,13:00:00.872713985
61,5206.0,61,5206.25,13:00:00.872798959
61,5206.0,61,5206.25,13:00:00.905244499
61,5206.0,54,5206.25,13:00:00.909613826
61,5206.0,53,5206.25,13:00:00.909732711
61,5206.0,52,5206.25,13:00:00.909741966
57,5206.0,52,5206.25,13:00:00.910630844
57,5206.0,58,5206.25,13:00:00.910694215
57,5206.0,58,5206.25,13:00:00.910718030
56,5206.0,58,5206.25,13:00:00.910723512
57,5206.0,58,5206.25,13:00:00.910746453
54,5206.0,58,5206.25,13:00:00.910751609
51,5206.0,58,5206.25,13:00:00.910764236
51,5206.0,60,5206.25,13:00:00.910769583
50,5206.0,60,5206.25,13:00:00.910776550
52,5206.0,60,5206.25,13:00:00.910782803
53,5206.0,60,5206.25,13:00:00.910791420
52,5206.0,60,5206.25,13:00:00.910850455
37,5206.0,60,5206.25,13:00:00.910873067
34,5206.0,60,5206.25,13:00:00.910968089
69,5205.75,60,5206.25,13:00:00.911567257
69,5205.75,60,5206.25,13:00:00.911567257
69,5205.75,11,5206.0,13:00:00.911570876
69,5205.75,15,5206.0,13:00:00.911589718
69,5205.75,19,5206.0,13:00:00.911609037
69,5205.75,23,5206.0,13:00:00.911633233
69,5205.75,25,5206.0,13:00:00.911661387
69,5205.75,26,5206.0,13:00:00.911681717
69,5205.75,26,5206.0,13:00:00.911698312
69,5205.75,29,5206.0,13:00:00.911709116
69,5205.75,32,5206.0,13:00:00.911714402
69,5205.75,33,5206.0,13:00:00.911733750
69,5205.75,33,5206.0,13:00:00.911797601
69,5205.75,33,5206.0,13:00:00.911802570
69,5205.75,33,5206.0,13:00:00.911815223
69,5205.75,33,5206.0,13:00:00.911837294
69,5205.75,34,5206.0,13:00:00.911848709
69,5205.75,35,5206.0,13:00:00.911856204
69,5205.75,37,5206.0,13:00:00.911862309
69,5205.75,33,5206.0,13:00:00.911869170
69,5205.75,29,5206.0,13:00:00.911877913
69,5205.75,30,5206.0,13:00:00.911883916
69,5205.75,31,5206.0,13:00:00.911890979
69,5205.75,32,5206.0,13:00:00.911899980
69,5205.75,33,5206.0,13:00:00.911905152
69,5205.75,33,5206.0,13:00:00.911911699
69,5205.75,33,5206.0,13:00:00.911919779
69,5205.75,33,5206.0,13:00:00.911924909
69,5205.75,33,5206.0,13:00:00.911938589
69,5205.75,34,5206.0,13:00:00.911947847
69,5205.75,35,5206.0,13:00:00.911954420
69,5205.75,35,5206.0,13:00:00.911959630
69,5205.75,35,5206.0,13:00:00.911973905
69,5205.75,35,5206.0,13:00:00.911978846
69,5205.75,35,5206.0,13:00:00.911987617
69,5205.75,35,5206.0,13:00:00.912001554
69,5205.75,35,5206.0,13:00:00.912013224
69,5205.75,36,5206.0,13:00:00.912027566
68,5205.75,36,5206.0,13:00:00.912039740
67,5205.75,36,5206.0,13:00:00.912046447
67,5205.75,36,5206.0,13:00:00.912057056
67,5205.75,36,5206.0,13:00:00.912068864
67,5205.75,36,5206.0,13:00:00.912082288
67,5205.75,36,5206.0,13:00:00.912094061
67,5205.75,36,5206.0,13:00:00.912099172
67,5205.75,36,5206.0,13:00:00.912103604
67,5205.75,36,5206.0,13:00:00.912109716
67,5205.75,39,5206.0,13:00:00.912130891
67,5205.75,42,5206.0,13:00:00.912149541
67,5205.75,45,5206.0,13:00:00.912157534
66,5205.75,45,5206.0,13:00:00.912175900
66,5205.75,46,5206.0,13:00:00.912206598
66,5205.75,47,5206.0,13:00:00.912238438
63,5205.75,47,5206.0,13:00:00.912282081
63,5205.75,48,5206.0,13:00:00.912305000
60,5205.75,48,5206.0,13:00:00.912365359
57,5205.75,48,5206.0,13:00:00.912378675
57,5205.75,48,5206.0,13:00:00.912387485
57,5205.75,48,5206.0,13:00:00.912387485
57,5205.75,51,5206.0,13:00:00.912425508
57,5205.75,54,5206.0,13:00:00.912457761
57,5205.75,53,5206.0,13:00:00.912468856
58,5205.75,53,5206.0,13:00:00.912788446
58,5205.75,53,5206.0,13:00:00.912894257
58,5205.75,53,5206.0,13:00:00.912894257
60,5205.75,53,5206.0,13:00:00.912917415
60,5205.75,53,5206.0,13:00:00.913014633
60,5205.75,56,5206.0,13:00:00.913251819
59,5205.75,56,5206.0,13:00:00.913483785
58,5205.75,56,5206.0,13:00:00.913522067
58,5205.75,57,5206.0,13:00:00.913572059
56,5205.75,57,5206.0,13:00:00.913596795
55,5205.75,57,5206.0,13:00:00.913721089
55,5205.75,72,5206.0,13:00:00.914883116
55,5205.75,73,5206.0,13:00:00.914918048
52,5205.75,73,5206.0,13:00:00.914930009
52,5205.75,74,5206.0,13:00:00.914979838
51,5205.75,74,5206.0,13:00:00.915027499
51,5205.75,75,5206.0,13:00:00.915072739
51,5205.75,75,5206.0,13:00:00.915385702
51,5205.75,75,5206.0,13:00:00.915385702
51,5205.75,75,5206.0,13:00:00.915798190
51,5205.75,75,5206.0,13:00:00.918990335
51,5205.75,75,5206.0,13:00:00.918990335
51,5205.75,75,5206.0,13:00:00.918999983
51,5205.75,75,5206.0,13:00:00.918999983
51,5205.75,75,5206.0,13:00:00.919867859
34,5205.75,75,5206.0,13:00:00.920549236
34,5205.75,75,5206.0,13:00:00.920557368
34,5205.75,75,5206.0,13:00:00.920557368
33,5205.75,75,5206.0,13:00:00.920645014
32,5205.75,75,5206.0,13:00:00.920652432
31,5205.75,75,5206.0,13:00:00.920661514
30,5205.75,75,5206.0,13:00:00.920670736
30,5205.75,80,5206.0,13:00:00.920675962
30,5205.75,80,5206.0,13:00:00.920675962
29,5205.75,80,5206.0,13:00:00.920851342
26,5205.75,80,5206.0,13:00:00.920851342
25,5205.75,80,5206.0,13:00:00.920851342
25,5205.75,81,5206.0,13:00:00.920858005
24,5205.75,81,5206.0,13:00:00.920858005
24,5205.75,81,5206.0,13:00:00.920883281
24,5205.75,81,5206.0,13:00:00.920891886
24,5205.75,81,5206.0,13:00:00.920901858
23,5205.75,81,5206.0,13:00:00.921025415
19,5205.75,81,5206.0,13:00:00.921035454
9,5205.75,81,5206.0,13:00:00.921181764
9,5205.75,81,5206.0,13:00:00.921197128
9,5205.75,81,5206.0,13:00:00.921197128
9,5205.75,82,5206.0,13:00:00.921197128
8,5205.75,82,5206.0,13:00:00.921197128
8,5205.75,82,5206.0,13:00:00.921204670
8,5205.75,82,5206.0,13:00:00.921211794
5,5205.75,82,5206.0,13:00:00.921371249
69,5205.5,82,5206.0,13:00:00.921387531
69,5205.5,82,5206.0,13:00:00.921387531
69,5205.5,3,5205.75,13:00:00.921387531
69,5205.5,5,5205.75,13:00:00.921387531
69,5205.5,7,5205.75,13:00:00.921387531
69,5205.5,8,5205.75,13:00:00.921387531
69,5205.5,8,5205.75,13:00:00.921387531
69,5205.5,8,5205.75,13:00:00.921389249
69,5205.5,8,5205.75,13:00:00.921395934
69,5205.5,8,5205.75,13:00:00.921404428
69,5205.5,8,5205.75,13:00:00.921425708
69,5205.5,13,5205.75,13:00:00.921441894
69,5205.5,14,5205.75,13:00:00.921484350
70,5205.5,14,5205.75,13:00:00.921493735
71,5205.5,14,5205.75,13:00:00.921509377
71,5205.5,14,5205.75,13:00:00.921517150
71,5205.5,15,5205.75,13:00:00.921528673
71,5205.5,15,5205.75,13:00:00.921589504
71,5205.5,15,5205.75,13:00:00.921616730
71,5205.5,15,5205.75,13:00:00.921616730
71,5205.5,15,5205.75,13:00:00.921662519
71,5205.5,16,5205.75,13:00:00.921805745
73,5205.5,16,5205.75,13:00:00.921926317
73,5205.5,16,5205.75,13:00:00.921926317
73,5205.5,16,5205.75,13:00:00.923251505
73,5205.5,16,5205.75,13:00:00.923260705
73,5205.5,16,5205.75,13:00:00.923279202
73,5205.5,16,5205.75,13:00:00.926171103
73,5205.5,16,5205.75,13:00:00.926417319
73,5205.5,16,5205.75,13:00:00.926530435
73,5205.5,16,5205.75,13:00:00.926669302
73,5205.5,15,5205.75,13:00:00.929531840
74,5205.5,15,5205.75,13:00:00.929637150
73,5205.5,15,5205.75,13:00:00.929643999
73,5205.5,15,5205.75,13:00:00.929788430
73,5205.5,16,5205.75,13:00:00.930085883
73,5205.5,15,5205.75,13:00:00.931351223
73,5205.5,15,5205.75,13:00:00.932775140
73,5205.5,15,5205.75,13:00:00.934637860
73,5205.5,15,5205.75,13:00:00.934637860
74,5205.5,15,5205.75,13:00:00.945664756
74,5205.5,88,5206.0,13:00:00.945972356
74,5205.5,88,5206.0,13:00:00.945972356
6,5205.75,88,5206.0,13:00:00.946014539
7,5205.75,88,5206.0,13:00:00.946048233
9,5205.75,88,5206.0,13:00:00.946054150
13,5205.75,88,5206.0,13:00:00.946083642
17,5205.75,88,5206.0,13:00:00.946098663
20,5205.75,88,5206.0,13:00:00.946108913
22,5205.75,88,5206.0,13:00:00.946118910
24,5205.75,88,5206.0,13:00:00.946136302
26,5205.75,88,5206.0,13:00:00.946148533
28,5205.75,88,5206.0,13:00:00.946157122
29,5205.75,88,5206.0,13:00:00.946200406
34,5205.75,88,5206.0,13:00:00.946205353
35,5205.75,88,5206.0,13:00:00.946213222
36,5205.75,88,5206.0,13:00:00.946230678
38,5205.75,88,5206.0,13:00:00.946236064
38,5205.75,88,5206.0,13:00:00.946277175
39,5205.75,88,5206.0,13:00:00.946305972
41,5205.75,88,5206.0,13:00:00.946315192
41,5205.75,88,5206.0,13:00:00.946321080
41,5205.75,88,5206.0,13:00:00.946327119
41,5205.75,88,5206.0,13:00:00.946333115
41,5205.75,88,5206.0,13:00:00.946341628
42,5205.75,88,5206.0,13:00:00.946353042
38,5205.75,88,5206.0,13:00:00.946366825
34,5205.75,88,5206.0,13:00:00.946379091
34,5205.75,87,5206.0,13:00:00.946384237
35,5205.75,87,5206.0,13:00:00.946390317
36,5205.75,87,5206.0,13:00:00.946403971
36,5205.75,87,5206.0,13:00:00.946409767
36,5205.75,87,5206.0,13:00:00.946418583
36,5205.75,86,5206.0,13:00:00.946490063
31,5205.75,86,5206.0,13:00:00.946503250
31,5205.75,86,5206.0,13:00:00.946508403
31,5205.75,86,5206.0,13:00:00.946508403
31,5205.75,86,5206.0,13:00:00.946536432
31,5205.75,86,5206.0,13:00:00.946536432
29,5205.75,86,5206.0,13:00:00.946545673
27,5205.75,86,5206.0,13:00:00.946550531
30,5205.75,86,5206.0,13:00:00.946595946
33,5205.75,86,5206.0,13:00:00.946601697
31,5205.75,86,5206.0,13:00:00.946707645
32,5205.75,86,5206.0,13:00:00.946841650
35,5205.75,86,5206.0,13:00:00.947212884
35,5205.75,86,5206.0,13:00:00.947558561
35,5205.75,86,5206.0,13:00:00.947558561
35,5205.75,84,5206.0,13:00:00.947728142
36,5205.75,84,5206.0,13:00:00.947815360
36,5205.75,84,5206.0,13:00:00.957356480
36,5205.75,84,5206.0,13:00:00.958494762
36,5205.75,84,5206.0,13:00:00.958600924
36,5205.75,84,5206.0,13:00:00.963393690
38,5205.75,84,5206.0,13:00:01.012076222
40,5205.75,84,5206.0,13:00:01.012180320
41,5205.75,84,5206.0,13:00:01.012229348
42,5205.75,84,5206.0,13:00:01.012279877
41,5205.75,84,5206.0,13:00:01.022398977
41,5205.75,84,5206.0,13:00:01.032604170
41,5205.75,84,5206.0,13:00:01.052039225
41,5205.75,88,5206.0,13:00:01.079168261
38,5205.75,88,5206.0,13:00:01.089099668
35,5205.75,88,5206.0,13:00:01.089134865
33,5205.75,88,5206.0,13:00:01.089204540
32,5205.75,88,5206.0,13:00:01.089269070
29,5205.75,88,5206.0,13:00:01.089279188
28,5205.75,88,5206.0,13:00:01.089316341
27,5205.75,88,5206.0,13:00:01.089372211
27,5205.75,88,5206.0,13:00:01.089530169
25,5205.75,88,5206.0,13:00:01.101309642
23,5205.75,88,5206.0,13:00:01.101397755
21,5205.75,88,5206.0,13:00:01.101423670
21,5205.75,90,5206.0,13:00:01.101532539
21,5205.75,88,5206.0,13:00:01.109968802
21,5205.75,84,5206.0,13:00:01.109975349
21,5205.75,84,5206.0,13:00:01.110281467
21,5205.75,81,5206.0,13:00:01.110374589
22,5205.75,81,5206.0,13:00:01.112114163
25,5205.75,81,5206.0,13:00:01.112209451
28,5205.75,81,5206.0,13:00:01.112217208
28,5205.75,81,5206.0,13:00:01.112321166
25,5205.75,81,5206.0,13:00:01.112754103
22,5205.75,81,5206.0,13:00:01.112761172
22,5205.75,81,5206.0,13:00:01.112852258
22,5205.75,81,5206.0,13:00:01.132224684
22,5205.75,81,5206.0,13:00:01.132247231
22,5205.75,81,5206.0,13:00:01.132328087
22,5205.75,81,5206.0,13:00:01.132346449
22,5205.75,81,5206.0,13:00:01.167850294
22,5205.75,81,5206.0,13:00:01.167888928
21,5205.75,81,5206.0,13:00:01.167993631
21,5205.75,81,5206.0,13:00:01.168032813
21,5205.75,81,5206.0,13:00:01.168102110
21,5205.75,81,5206.0,13:00:01.173180113
21,5205.75,81,5206.0,13:00:01.173298692
21,5205.75,81,5206.0,13:00:01.180303297
21,5205.75,81,5206.0,13:00:01.180303297
21,5205.75,81,5206.0,13:00:01.180418931
21,5205.75,81,5206.0,13:00:01.180425542
21,5205.75,81,5206.0,13:00:01.180433440
21,5205.75,81,5206.0,13:00:01.180443460
21,5205.75,81,5206.0,13:00:01.180453540
21,5205.75,81,5206.0,13:00:01.180552892
21,5205.75,81,5206.0,13:00:01.180988786
21,5205.75,81,5206.0,13:00:01.183420585
21,5205.75,81,5206.0,13:00:01.183442602
21,5205.75,81,5206.0,13:00:01.235972581
21,5205.75,81,5206.0,13:00:01.236071438
21,5205.75,81,5206.0,13:00:01.280108942
21,5205.75,77,5206.0,13:00:01.280211175
21,5205.75,79,5206.0,13:00:01.280220199
21,5205.75,79,5206.0,13:00:01.280227738
23,5205.75,79,5206.0,13:00:01.280305769
23,5205.75,79,5206.0,13:00:01.280320028
26,5205.75,79,5206.0,13:00:01.280398612
27,5205.75,79,5206.0,13:00:01.280438757
31,5205.75,79,5206.0,13:00:01.280491212
33,5205.75,79,5206.0,13:00:01.280498531
35,5205.75,79,5206.0,13:00:01.280581384
36,5205.75,79,5206.0,13:00:01.280605864
37,5205.75,79,5206.0,13:00:01.280681197
37,5205.75,77,5206.0,13:00:01.280705534
38,5205.75,77,5206.0,13:00:01.280820588
39,5205.75,77,5206.0,13:00:01.280913365
35,5205.75,77,5206.0,13:00:01.281042187
33,5205.75,77,5206.0,13:00:01.281047998
32,5205.75,77,5206.0,13:00:01.281056334
36,5205.75,77,5206.0,13:00:01.281287488
38,5205.75,77,5206.0,13:00:01.281298928
38,5205.75,77,5206.0,13:00:01.290850496
38,5205.75,77,5206.0,13:00:01.299717037
38,5205.75,77,5206.0,13:00:01.299827208
38,5205.75,77,5206.0,13:00:01.300420715
38,5205.75,77,5206.0,13:00:01.382432351
38,5205.75,77,5206.0,13:00:01.382432351
38,5205.75,77,5206.0,13:00:01.448290734
38,5205.75,77,5206.0,13:00:01.448290734
38,5205.75,77,5206.0,13:00:01.448296718
38,5205.75,77,5206.0,13:00:01.448296718
53,5205.75,77,5206.0,13:00:01.549497928
54,5205.75,77,5206.0,13:00:01.549507646
54,5205.75,77,5206.0,13:00:01.549512901
55,5205.75,77,5206.0,13:00:01.549591814
55,5205.75,77,5206.0,13:00:01.549602111
56,5205.75,77,5206.0,13:00:01.549610524
56,5205.75,62,5206.0,13:00:01.549618918
56,5205.75,61,5206.0,13:00:01.549636814
56,5205.75,58,5206.0,13:00:01.549724416
57,5205.75,58,5206.0,13:00:01.549733165
57,5205.75,57,5206.0,13:00:01.549785130
57,5205.75,54,5206.0,13:00:01.549793003
58,5205.75,54,5206.0,13:00:01.549894870
58,5205.75,53,5206.0,13:00:01.549903072
58,5205.75,50,5206.0,13:00:01.549910630
59,5205.75,50,5206.0,13:00:01.549983208
59,5205.75,50,5206.0,13:00:01.562703208
59,5205.75,50,5206.0,13:00:01.562739667
59,5205.75,50,5206.0,13:00:01.726471952
59,5205.75,50,5206.0,13:00:01.726578258
59,5205.75,50,5206.0,13:00:01.818417545
59,5205.75,50,5206.0,13:00:01.818423577
59,5205.75,50,5206.0,13:00:01.818568262
59,5205.75,50,5206.0,13:00:01.911855867
59,5205.75,50,5206.0,13:00:01.948438655
59,5205.75,50,5206.0,13:00:01.948438655
59,5205.75,50,5206.0,13:00:01.949507688
59,5205.75,50,5206.0,13:00:01.949544409
59,5205.75,49,5206.0,13:00:01.949619661
59,5205.75,48,5206.0,13:00:01.949626247
59,5205.75,48,5206.0,13:00:02.062480016
59,5205.75,49,5206.0,13:00:02.062639654
59,5205.75,49,5206.0,13:00:02.063136259
59,5205.75,49,5206.0,13:00:02.169177631
59,5205.75,49,5206.0,13:00:02.169198275
59,5205.75,49,5206.0,13:00:02.169303701
59,5205.75,49,5206.0,13:00:02.169313890
59,5205.75,49,5206.0,13:00:02.169429002
59,5205.75,49,5206.0,13:00:02.169556788
59,5205.75,64,5206.0,13:00:02.317997949
59,5205.75,67,5206.0,13:00:02.318004103
59,5205.75,68,5206.0,13:00:02.318120694
44,5205.75,68,5206.0,13:00:02.318125695
43,5205.75,68,5206.0,13:00:02.318135235
42,5205.75,68,5206.0,13:00:02.318153014
41,5205.75,68,5206.0,13:00:02.318158723
40,5205.75,68,5206.0,13:00:02.318168189
39,5205.75,68,5206.0,13:00:02.318219601
38,5205.75,68,5206.0,13:00:02.318253548
39,5205.75,68,5206.0,13:00:02.318347418
40,5205.75,68,5206.0,13:00:02.318442678
40,5205.75,65,5206.0,13:00:02.318565871
41,5205.75,65,5206.0,13:00:02.319624753
41,5205.75,64,5206.0,13:00:02.328246043
41,5205.75,49,5206.0,13:00:02.328252284
42,5205.75,49,5206.0,13:00:02.328334416
42,5205.75,49,5206.0,13:00:02.331059140
42,5205.75,49,5206.0,13:00:02.331164832
42,5205.75,49,5206.0,13:00:02.332092850
57,5205.75,49,5206.0,13:00:02.347174428
59,5205.75,49,5206.0,13:00:02.347271620
59,5205.75,48,5206.0,13:00:02.347279684
60,5205.75,48,5206.0,13:00:02.347291598
60,5205.75,45,5206.0,13:00:02.347301013
60,5205.75,45,5206.0,13:00:02.347648841
59,5205.75,45,5206.0,13:00:02.357413229
59,5205.75,43,5206.0,13:00:02.572548769
59,5205.75,41,5206.0,13:00:02.572635821
60,5205.75,41,5206.0,13:00:02.572756105
60,5205.75,41,5206.0,13:00:02.659634244
60,5205.75,41,5206.0,13:00:02.659737571
60,5205.75,42,5206.0,13:00:02.680835993
60,5205.75,45,5206.0,13:00:02.680934094
59,5205.75,45,5206.0,13:00:02.696111788
59,5205.75,48,5206.0,13:00:02.696214395
57,5205.75,48,5206.0,13:00:02.696321895
57,5205.75,48,5206.0,13:00:02.699045928
57,5205.75,48,5206.0,13:00:02.699146534
57,5205.75,48,5206.0,13:00:02.719928114
57,5205.75,47,5206.0,13:00:02.777859754
58,5205.75,47,5206.0,13:00:02.777945401
58,5205.75,44,5206.0,13:00:02.778056232
58,5205.75,41,5206.0,13:00:02.778166503
58,5205.75,40,5206.0,13:00:02.780271986
58,5205.75,40,5206.0,13:00:02.795375915
60,5205.75,40,5206.0,13:00:03.051346803
40,5205.75,40,5206.0,13:00:03.131565098
40,5205.75,41,5206.0,13:00:03.131565098
40,5205.75,42,5206.0,13:00:03.131565098
40,5205.75,43,5206.0,13:00:03.131567663
40,5205.75,44,5206.0,13:00:03.131571145
42,5205.75,44,5206.0,13:00:03.131580864
44,5205.75,44,5206.0,13:00:03.131597405
45,5205.75,44,5206.0,13:00:03.131601770
45,5205.75,47,5206.0,13:00:03.131615383
44,5205.75,47,5206.0,13:00:03.131624919
44,5205.75,48,5206.0,13:00:03.131629997
45,5205.75,48,5206.0,13:00:03.131636161
46,5205.75,48,5206.0,13:00:03.131650398
46,5205.75,48,5206.0,13:00:03.131690440
46,5205.75,48,5206.0,13:00:03.131703205
46,5205.75,48,5206.0,13:00:03.131709631
46,5205.75,48,5206.0,13:00:03.131721059
46,5205.75,49,5206.0,13:00:03.131726515
46,5205.75,50,5206.0,13:00:03.131739670
45,5205.75,50,5206.0,13:00:03.131751360
45,5205.75,65,5206.0,13:00:03.131758266
45,5205.75,64,5206.0,13:00:03.131763939
45,5205.75,63,5206.0,13:00:03.131772218
45,5205.75,64,5206.0,13:00:03.131782676
46,5205.75,64,5206.0,13:00:03.131791095
46,5205.75,65,5206.0,13:00:03.131864671
47,5205.75,65,5206.0,13:00:03.131873361
47,5205.75,64,5206.0,13:00:03.131884248
47,5205.75,67,5206.0,13:00:03.131890725
47,5205.75,66,5206.0,13:00:03.131987659
47,5205.75,67,5206.0,13:00:03.132001250
47,5205.75,67,5206.0,13:00:03.132024668
47,5205.75,67,5206.0,13:00:03.132067978
47,5205.75,64,5206.0,13:00:03.132137144
47,5205.75,64,5206.0,13:00:03.152286673
47,5205.75,64,5206.0,13:00:03.152391068
47,5205.75,64,5206.0,13:00:03.173232608
47,5205.75,64,5206.0,13:00:03.319970567
47,5205.75,64,5206.0,13:00:03.400632607
47,5205.75,64,5206.0,13:00:03.400653392
47,5205.75,63,5206.0,13:00:03.400753484
47,5205.75,62,5206.0,13:00:03.400863012
47,5205.75,47,5206.0,13:00:03.400966256
48,5205.75,47,5206.0,13:00:03.401060130
48,5205.75,46,5206.0,13:00:03.401066037
48,5205.75,45,5206.0,13:00:03.401073148
48,5205.75,44,5206.0,13:00:03.401083234
48,5205.75,41,5206.0,13:00:03.401100431
48,5205.75,41,5206.0,13:00:03.401498446
48,5205.75,41,5206.0,13:00:03.401552389
48,5205.75,41,5206.0,13:00:03.401613018
48,5205.75,38,5206.0,13:00:03.430607969
49,5205.75,38,5206.0,13:00:03.430702740
50,5205.75,38,5206.0,13:00:03.430710954
53,5205.75,38,5206.0,13:00:03.430717485
53,5205.75,35,5206.0,13:00:03.430727386
53,5205.75,35,5206.0,13:00:03.430736766
53,5205.75,33,5206.0,13:00:03.430840982
54,5205.75,33,5206.0,13:00:03.430861715
55,5205.75,33,5206.0,13:00:03.430929198
55,5205.75,32,5206.0,13:00:03.430950722
56,5205.75,32,5206.0,13:00:03.430968399
56,5205.75,32,5206.0,13:00:03.431277759
56,5205.75,32,5206.0,13:00:03.431286857
56,5205.75,32,5206.0,13:00:03.435839953
56,5205.75,32,5206.0,13:00:03.435866549
56,5205.75,32,5206.0,13:00:03.435969326
56,5205.75,32,5206.0,13:00:03.436034978
56,5205.75,32,5206.0,13:00:03.437981968
56,5205.75,32,5206.0,13:00:03.437981968
56,5205.75,32,5206.0,13:00:03.437990752
56,5205.75,32,5206.0,13:00:03.437990752
56,5205.75,32,5206.0,13:00:03.438136307
55,5205.75,32,5206.0,13:00:03.441082069
55,5205.75,36,5206.0,13:00:03.441297519
55,5205.75,38,5206.0,13:00:03.441303699
55,5205.75,41,5206.0,13:00:03.441391700
54,5205.75,41,5206.0,13:00:03.441479987
54,5205.75,41,5206.0,13:00:03.476132487
54,5205.75,41,5206.0,13:00:03.476242230
54,5205.75,41,5206.0,13:00:03.593407618
54,5205.75,41,5206.0,13:00:03.593407618
54,5205.75,41,5206.0,13:00:03.593910677
54,5205.75,41,5206.0,13:00:03.593917528
54,5205.75,41,5206.0,13:00:03.593926844
54,5205.75,41,5206.0,13:00:03.593933263
53,5205.75,41,5206.0,13:00:03.594009527
53,5205.75,44,5206.0,13:00:03.594105779
53,5205.75,44,5206.0,13:00:03.594556098
53,5205.75,44,5206.0,13:00:03.594598573
53,5205.75,45,5206.0,13:00:03.594608009
53,5205.75,46,5206.0,13:00:03.594707227
53,5205.75,46,5206.0,13:00:03.602435809
53,5205.75,61,5206.0,13:00:03.602538915
53,5205.75,62,5206.0,13:00:03.602642270
53,5205.75,63,5206.0,13:00:03.602647964
53,5205.75,64,5206.0,13:00:03.602755386
50,5205.75,64,5206.0,13:00:03.602857442
50,5205.75,64,5206.0,13:00:03.603248740
50,5205.75,63,5206.0,13:00:03.612766702
50,5205.75,63,5206.0,13:00:03.673248938
50,5205.75,63,5206.0,13:00:03.673254823
50,5205.75,63,5206.0,13:00:03.673262282
50,5205.75,63,5206.0,13:00:03.673270685
35,5205.75,63,5206.0,13:00:03.836188758
34,5205.75,63,5206.0,13:00:03.836198175
33,5205.75,63,5206.0,13:00:03.836203033
32,5205.75,63,5206.0,13:00:03.836208416
32,5205.75,63,5206.0,13:00:03.837114065
32,5205.75,63,5206.0,13:00:03.837175826
32,5205.75,62,5206.0,13:00:03.852208271
33,5205.75,62,5206.0,13:00:03.852303101
33,5205.75,63,5206.0,13:00:03.852420310
32,5205.75,63,5206.0,13:00:03.852441840
32,5205.75,63,5206.0,13:00:03.923162865
32,5205.75,63,5206.0,13:00:03.939575141
32,5205.75,63,5206.0,13:00:03.939575141
32,5205.75,63,5206.0,13:00:03.939581257
32,5205.75,63,5206.0,13:00:03.939581257
32,5205.75,63,5206.0,13:00:04.156392337
32,5205.75,63,5206.0,13:00:04.156392337
32,5205.75,63,5206.0,13:00:04.160804507
32,5205.75,62,5206.0,13:00:04.160903353
32,5205.75,62,5206.0,13:00:04.177128887
32,5205.75,62,5206.0,13:00:04.177230930
33,5205.75,62,5206.0,13:00:04.357738400
31,5205.75,62,5206.0,13:00:04.357817788
29,5205.75,62,5206.0,13:00:04.357833593
28,5205.75,62,5206.0,13:00:04.357842387
27,5205.75,62,5206.0,13:00:04.357845887
26,5205.75,62,5206.0,13:00:04.357858787
26,5205.75,62,5206.0,13:00:04.357870083
26,5205.75,62,5206.0,13:00:04.357881719
26,5205.75,62,5206.0,13:00:04.357892432
26,5205.75,62,5206.0,13:00:04.357903805
26,5205.75,62,5206.0,13:00:04.357916075
26,5205.75,62,5206.0,13:00:04.357923921
26,5205.75,62,5206.0,13:00:04.357931527
26,5205.75,62,5206.0,13:00:04.357941057
26,5205.75,62,5206.0,13:00:04.357958072
26,5205.75,62,5206.0,13:00:04.357966111
26,5205.75,62,5206.0,13:00:04.357978037
26,5205.75,62,5206.0,13:00:04.357982735
26,5205.75,62,5206.0,13:00:04.357993097
26,5205.75,62,5206.0,13:00:04.358008540
26,5205.75,62,5206.0,13:00:04.358011187
26,5205.75,62,5206.0,13:00:04.358019373
26,5205.75,62,5206.0,13:00:04.358031901
26,5205.75,62,5206.0,13:00:04.358038460
26,5205.75,62,5206.0,13:00:04.358046614
26,5205.75,62,5206.0,13:00:04.358058639
26,5205.75,62,5206.0,13:00:04.358064294
26,5205.75,62,5206.0,13:00:04.358072963
26,5205.75,62,5206.0,13:00:04.358077027
26,5205.75,62,5206.0,13:00:04.358084835
26,5205.75,62,5206.0,13:00:04.358096567
26,5205.75,62,5206.0,13:00:04.358110660
26,5205.75,62,5206.0,13:00:04.358117444
26,5205.75,62,5206.0,13:00:04.358132782
25,5205.75,62,5206.0,13:00:04.358278859
25,5205.75,62,5206.0,13:00:04.358302591
25,5205.75,62,5206.0,13:00:04.358307110
25,5205.75,62,5206.0,13:00:04.358307110
25,5205.75,62,5206.0,13:00:04.358312930
23,5205.75,62,5206.0,13:00:04.358340422
23,5205.75,62,5206.0,13:00:04.358356317
22,5205.75,62,5206.0,13:00:04.358463487
21,5205.75,62,5206.0,13:00:04.358471647
20,5205.75,62,5206.0,13:00:04.358559015
16,5205.75,62,5206.0,13:00:04.359221681
14,5205.75,62,5206.0,13:00:04.359227409
13,5205.75,62,5206.0,13:00:04.359319962
13,5205.75,62,5206.0,13:00:04.359328026
11,5205.75,62,5206.0,13:00:04.359342692
11,5205.75,62,5206.0,13:00:04.359359905
10,5205.75,62,5206.0,13:00:04.359366027
7,5205.75,62,5206.0,13:00:04.359376837
7,5205.75,62,5206.0,13:00:04.359400706
5,5205.75,62,5206.0,13:00:04.359434832
4,5205.75,62,5206.0,13:00:04.359475024
4,5205.75,64,5206.0,13:00:04.359483504
4,5205.75,74,5206.0,13:00:04.362466518
4,5205.75,74,5206.0,13:00:04.362566261
2,5205.75,74,5206.0,13:00:04.362735770
1,5205.75,74,5206.0,13:00:04.362927046
66,5205.5,74,5206.0,13:00:04.362934832
66,5205.5,74,5206.0,13:00:04.362934832
66,5205.5,74,5206.0,13:00:04.362972717
66,5205.5,1,5205.75,13:00:04.362991710
66,5205.5,1,5205.75,13:00:04.363000798
66,5205.5,1,5205.75,13:00:04.363031841
66,5205.5,1,5205.75,13:00:04.363046802
66,5205.5,1,5205.75,13:00:04.363052328
66,5205.5,2,5205.75,13:00:04.363057624
66,5205.5,2,5205.75,13:00:04.363070389
65,5205.5,2,5205.75,13:00:04.363105936
64,5205.5,2,5205.75,13:00:04.363129565
66,5205.5,2,5205.75,13:00:04.363135876
65,5205.5,2,5205.75,13:00:04.363149460
65,5205.5,2,5205.75,13:00:04.363178670
65,5205.5,1,5205.75,13:00:04.363269181
65,5205.5,1,5205.75,13:00:04.363315258
65,5205.5,1,5205.75,13:00:04.363361208
66,5205.5,1,5205.75,13:00:04.363369362
66,5205.5,80,5206.0,13:00:04.363377683
66,5205.5,80,5206.0,13:00:04.363377683
64,5205.5,80,5206.0,13:00:04.363494584
63,5205.5,80,5206.0,13:00:04.363600755
63,5205.5,80,5206.0,13:00:04.370352623
63,5205.5,80,5206.0,13:00:04.381574129
63,5205.5,80,5206.0,13:00:04.403851810
63,5205.5,80,5206.0,13:00:04.403866555
63,5205.5,80,5206.0,13:00:04.423220331
63,5205.5,80,5206.0,13:00:04.428479656
63,5205.5,80,5206.0,13:00:04.428511900
63,5205.5,80,5206.0,13:00:04.457955620
63,5205.5,80,5206.0,13:00:04.470278412
64,5205.5,80,5206.0,13:00:04.470378328
64,5205.5,80,5206.0,13:00:04.470502042
61,5205.5,80,5206.0,13:00:04.517435957
58,5205.5,80,5206.0,13:00:04.517442057
58,5205.5,80,5206.0,13:00:04.517453705
58,5205.5,80,5206.0,13:00:04.517470105
58,5205.5,80,5206.0,13:00:04.517475142
58,5205.5,80,5206.0,13:00:04.517481430
58,5205.5,80,5206.0,13:00:04.517495235
58,5205.5,80,5206.0,13:00:04.517502039
58,5205.5,80,5206.0,13:00:04.517510980
58,5205.5,80,5206.0,13:00:04.517516506
58,5205.5,80,5206.0,13:00:04.517531092
58,5205.5,80,5206.0,13:00:04.517537748
58,5205.5,80,5206.0,13:00:04.517542948
58,5205.5,80,5206.0,13:00:04.517550078
58,5205.5,80,5206.0,13:00:04.517562456
58,5205.5,80,5206.0,13:00:04.517574594
58,5205.5,80,5206.0,13:00:04.517588207
58,5205.5,80,5206.0,13:00:04.517595257
58,5205.5,80,5206.0,13:00:04.517605647
58,5205.5,80,5206.0,13:00:04.517622553
58,5205.5,80,5206.0,13:00:04.517680110
58,5205.5,7,5205.75,13:00:04.517744047
58,5205.5,8,5205.75,13:00:04.517853076
57,5205.5,8,5205.75,13:00:04.517861585
57,5205.5,7,5205.75,13:00:04.518005682
57,5205.5,8,5205.75,13:00:04.518005682
57,5205.5,8,5205.75,13:00:04.518005682
57,5205.5,8,5205.75,13:00:04.518005682
57,5205.5,8,5205.75,13:00:04.518005682
57,5205.5,8,5205.75,13:00:04.518005682
57,5205.5,9,5205.75,13:00:04.518005682
59,5205.5,9,5205.75,13:00:04.518005682
59,5205.5,9,5205.75,13:00:04.518005682
59,5205.5,9,5205.75,13:00:04.518021105
59,5205.5,3,5205.75,13:00:04.518055839
59,5205.5,80,5206.0,13:00:04.518224489
59,5205.5,80,5206.0,13:00:04.518224489
1,5205.75,80,5206.0,13:00:04.518224489
1,5205.75,80,5206.0,13:00:04.518224489
1,5205.75,80,5206.0,13:00:04.518224489
1,5205.75,80,5206.0,13:00:04.518296896
1,5205.75,80,5206.0,13:00:04.518306497
1,5205.75,80,5206.0,13:00:04.518312414
1,5205.75,80,5206.0,13:00:04.518317866
1,5205.75,80,5206.0,13:00:04.518346059
1,5205.75,80,5206.0,13:00:04.518351189
1,5205.75,80,5206.0,13:00:04.518359864
61,5205.5,80,5206.0,13:00:04.518485611
61,5205.5,80,5206.0,13:00:04.518485611
1,5205.75,80,5206.0,13:00:04.518485611
1,5205.75,80,5206.0,13:00:04.518485611
1,5205.75,80,5206.0,13:00:04.518507374
61,5205.5,80,5206.0,13:00:04.518646555
61,5205.5,80,5206.0,13:00:04.518646555
61,5205.5,3,5205.75,13:00:04.518661346
61,5205.5,4,5205.75,13:00:04.518661346
61,5205.5,7,5205.75,13:00:04.518668709
61,5205.5,8,5205.75,13:00:04.518680303
61,5205.5,8,5205.75,13:00:04.518703113
61,5205.5,8,5205.75,13:00:04.518703113
61,5205.5,9,5205.75,13:00:04.518712799
61,5205.5,8,5205.75,13:00:04.518739917
61,5205.5,8,5205.75,13:00:04.518766211
61,5205.5,9,5205.75,13:00:04.518784074
61,5205.5,10,5205.75,13:00:04.518797262
61,5205.5,13,5205.75,13:00:04.518808599
61,5205.5,15,5205.75,13:00:04.518823281
60,5205.5,15,5205.75,13:00:04.518829714
60,5205.5,16,5205.75,13:00:04.518839800
60,5205.5,17,5205.75,13:00:04.518845771
60,5205.5,21,5205.75,13:00:04.518861327
60,5205.5,22,5205.75,13:00:04.518875017
60,5205.5,23,5205.75,13:00:04.518885843
60,5205.5,23,5205.75,13:00:04.518926167
60,5205.5,23,5205.75,13:00:04.518969544
60,5205.5,23,5205.75,13:00:04.518975438
60,5205.5,26,5205.75,13:00:04.518980766
60,5205.5,26,5205.75,13:00:04.519016678
60,5205.5,26,5205.75,13:00:04.519016678
60,5205.5,26,5205.75,13:00:04.519070938
60,5205.5,28,5205.75,13:00:04.519079255
60,5205.5,29,5205.75,13:00:04.519095745
60,5205.5,31,5205.75,13:00:04.519172783
60,5205.5,32,5205.75,13:00:04.519214137
60,5205.5,32,5205.75,13:00:04.520410699
60,5205.5,32,5205.75,13:00:04.520410699
60,5205.5,33,5205.75,13:00:04.520474454
60,5205.5,34,5205.75,13:00:04.520575947
60,5205.5,35,5205.75,13:00:04.521991716
60,5205.5,37,5205.75,13:00:04.529162783
61,5205.5,37,5205.75,13:00:04.529281892
61,5205.5,37,5205.75,13:00:04.532247440
61,5205.5,37,5205.75,13:00:04.673246188
61,5205.5,37,5205.75,13:00:04.673351746
61,5205.5,38,5205.75,13:00:04.673360828
61,5205.5,39,5205.75,13:00:04.673472203
60,5205.5,39,5205.75,13:00:04.673480507
62,5205.5,39,5205.75,13:00:04.673491467
62,5205.5,35,5205.75,13:00:04.745151540
62,5205.5,34,5205.75,13:00:04.745157809
62,5205.5,33,5205.75,13:00:04.745263128
62,5205.5,31,5205.75,13:00:04.745268549
62,5205.5,28,5205.75,13:00:04.745278258
63,5205.5,28,5205.75,13:00:04.745506576
63,5205.5,28,5205.75,13:00:04.751270446
63,5205.5,27,5205.75,13:00:04.761868755
63,5205.5,26,5205.75,13:00:04.825986905
63,5205.5,25,5205.75,13:00:04.826047530
63,5205.5,22,5205.75,13:00:04.826056173
63,5205.5,20,5205.75,13:00:04.826068862
64,5205.5,20,5205.75,13:00:04.826140687
64,5205.5,19,5205.75,13:00:04.826147906
64,5205.5,20,5205.75,13:00:04.836049456
64,5205.5,23,5205.75,13:00:04.836057249
64,5205.5,25,5205.75,13:00:04.836066292
64,5205.5,23,5205.75,13:00:04.836081435
64,5205.5,23,5205.75,13:00:04.836081435
63,5205.5,23,5205.75,13:00:04.836155097
63,5205.5,23,5205.75,13:00:04.836170275
63,5205.5,23,5205.75,13:00:04.851907433
63,5205.5,23,5205.75,13:00:04.852020130
64,5205.5,23,5205.75,13:00:04.856639545
64,5205.5,23,5205.75,13:00:04.856639545
65,5205.5,23,5205.75,13:00:04.869565687
65,5205.5,23,5205.75,13:00:04.869565687
66,5205.5,23,5205.75,13:00:04.870649431
66,5205.5,23,5205.75,13:00:04.870649431
66,5205.5,23,5205.75,13:00:04.941814567
66,5205.5,23,5205.75,13:00:04.941814567
66,5205.5,23,5205.75,13:00:05.020576698
66,5205.5,23,5205.75,13:00:05.020576698
66,5205.5,23,5205.75,13:00:05.050777428
66,5205.5,23,5205.75,13:00:05.087131610
66,5205.5,23,5205.75,13:00:05.087144551
68,5205.5,23,5205.75,13:00:05.087254214
69,5205.5,23,5205.75,13:00:05.087350344
70,5205.5,23,5205.75,13:00:05.087358133
70,5205.5,23,5205.75,13:00:05.273313250
70,5205.5,23,5205.75,13:00:05.273313250
70,5205.5,23,5205.75,13:00:05.295710101
70,5205.5,23,5205.75,13:00:05.354365725
70,5205.5,23,5205.75,13:00:05.354388212
70,5205.5,23,5205.75,13:00:05.362632730
71,5205.5,23,5205.75,13:00:05.362660394
71,5205.5,23,5205.75,13:00:05.409620963
70,5205.5,23,5205.75,13:00:05.537998072
70,5205.5,23,5205.75,13:00:05.538019656
70,5205.5,25,5205.75,13:00:05.538113600
69,5205.5,25,5205.75,13:00:05.538121530
69,5205.5,31,5205.75,13:00:05.630559090
69,5205.5,31,5205.75,13:00:05.630843338
69,5205.5,31,5205.75,13:00:05.630855755
69,5205.5,31,5205.75,13:00:05.656122808
69,5205.5,31,5205.75,13:00:05.663328997
69,5205.5,31,5205.75,13:00:05.663373376
69,5205.5,31,5205.75,13:00:05.663478316
68,5205.5,31,5205.75,13:00:05.891312963
68,5205.5,34,5205.75,13:00:05.891386129
68,5205.5,35,5205.75,13:00:05.891398056
68,5205.5,33,5205.75,13:00:05.950171340
68,5205.5,30,5205.75,13:00:05.950260641
68,5205.5,24,5205.75,13:00:05.950380109
69,5205.5,24,5205.75,13:00:05.950482975
69,5205.5,25,5205.75,13:00:06.124409041
69,5205.5,31,5205.75,13:00:06.124503632
69,5205.5,32,5205.75,13:00:06.124510253
68,5205.5,32,5205.75,13:00:06.124521907
65,5205.5,32,5205.75,13:00:06.124593653
65,5205.5,31,5205.75,13:00:06.124633779
65,5205.5,34,5205.75,13:00:06.124683059
65,5205.5,35,5205.75,13:00:06.124773941
65,5205.5,37,5205.75,13:00:06.124859937
65,5205.5,52,5205.75,13:00:06.124960931
65,5205.5,52,5205.75,13:00:06.125018926
65,5205.5,52,5205.75,13:00:06.125059546
65,5205.5,52,5205.75,13:00:06.125068932
63,5205.5,52,5205.75,13:00:06.125074113
63,5205.5,53,5205.75,13:00:06.125086455
62,5205.5,53,5205.75,13:00:06.125096334
62,5205.5,53,5205.75,13:00:06.125202677
62,5205.5,53,5205.75,13:00:06.125202677
60,5205.5,53,5205.75,13:00:06.125231592
60,5205.5,54,5205.75,13:00:06.125327911
59,5205.5,54,5205.75,13:00:06.125334224
59,5205.5,55,5205.75,13:00:06.125429615
59,5205.5,55,5205.75,13:00:06.133609342
59,5205.5,55,5205.75,13:00:06.133609342
59,5205.5,55,5205.75,13:00:06.133714733
60,5205.25,55,5205.75,13:00:06.155886691
60,5205.25,436,5205.5,13:00:06.155886691
60,5205.25,436,5205.5,13:00:06.155886691
60,5205.25,436,5205.5,13:00:06.155895244
60,5205.25,436,5205.5,13:00:06.155899849
60,5205.25,436,5205.5,13:00:06.155905894
60,5205.25,436,5205.5,13:00:06.155910473
60,5205.25,436,5205.5,13:00:06.155924848
60,5205.25,436,5205.5,13:00:06.155930365
60,5205.25,436,5205.5,13:00:06.155936406
60,5205.25,442,5205.5,13:00:06.155991716
60,5205.25,443,5205.5,13:00:06.155996574
60,5205.25,444,5205.5,13:00:06.156003003
60,5205.25,445,5205.5,13:00:06.156009214
60,5205.25,446,5205.5,13:00:06.156014286
60,5205.25,446,5205.5,13:00:06.156019954
60,5205.25,446,5205.5,13:00:06.156026424
60,5205.25,448,5205.5,13:00:06.156032303
60,5205.25,448,5205.5,13:00:06.156053189
58,5205.25,448,5205.5,13:00:06.156060610
58,5205.25,448,5205.5,13:00:06.156066812
58,5205.25,455,5205.5,13:00:06.156076806
58,5205.25,455,5205.5,13:00:06.156092845
58,5205.25,456,5205.5,13:00:06.156097481
45,5205.25,456,5205.5,13:00:06.156583472
37,5205.25,456,5205.5,13:00:06.156583472
23,5205.25,456,5205.5,13:00:06.156800636
20,5205.25,456,5205.5,13:00:06.156800636
19,5205.25,456,5205.5,13:00:06.156800636
18,5205.25,456,5205.5,13:00:06.157019871
1,5205.25,456,5205.5,13:00:06.157019871
1,5205.25,456,5205.5,13:00:06.157019871
1,5205.25,456,5205.5,13:00:06.157019871
1,5205.25,456,5205.5,13:00:06.157019871
1,5205.25,457,5205.5,13:00:06.157114760
1,5205.25,457,5205.5,13:00:06.157114760
67,5205.0,457,5205.5,13:00:06.157114760
67,5205.0,457,5205.5,13:00:06.157114760
67,5205.0,3,5205.25,13:00:06.157122888
67,5205.0,7,5205.25,13:00:06.157122888
67,5205.0,7,5205.25,13:00:06.157130392
67,5205.0,15,5205.25,13:00:06.157145695
67,5205.0,15,5205.25,13:00:06.157158546
67,5205.0,15,5205.25,13:00:06.157321142
67,5205.0,14,5205.25,13:00:06.157321142
66,5205.0,14,5205.25,13:00:06.157332246
66,5205.0,14,5205.25,13:00:06.157332246
66,5205.0,14,5205.25,13:00:06.157353408
66,5205.0,14,5205.25,13:00:06.157353408
66,5205.0,14,5205.25,13:00:06.157353408
66,5205.0,14,5205.25,13:00:06.157362179
66,5205.0,14,5205.25,13:00:06.157370992
66,5205.0,20,5205.25,13:00:06.157380505
66,5205.0,21,5205.25,13:00:06.157380505
66,5205.0,21,5205.25,13:00:06.157392825
66,5205.0,21,5205.25,13:00:06.157392825
66,5205.0,21,5205.25,13:00:06.157392825
66,5205.0,21,5205.25,13:00:06.157402611
66,5205.0,21,5205.25,13:00:06.157413504
66,5205.0,21,5205.25,13:00:06.157413504
66,5205.0,21,5205.25,13:00:06.157442052
66,5205.0,21,5205.25,13:00:06.157454421
66,5205.0,23,5205.25,13:00:06.157460859
66,5205.0,24,5205.25,13:00:06.157469750
66,5205.0,25,5205.25,13:00:06.157469750
66,5205.0,25,5205.25,13:00:06.157483683
66,5205.0,25,5205.25,13:00:06.157483683
66,5205.0,25,5205.25,13:00:06.157483683
66,5205.0,25,5205.25,13:00:06.157483683
66,5205.0,28,5205.25,13:00:06.157495206
66,5205.0,29,5205.25,13:00:06.157495206
66,5205.0,30,5205.25,13:00:06.157495206
66,5205.0,31,5205.25,13:00:06.157503750
66,5205.0,33,5205.25,13:00:06.157503750
66,5205.0,35,5205.25,13:00:06.157503750
66,5205.0,35,5205.25,13:00:06.157515904
66,5205.0,35,5205.25,13:00:06.157515904
66,5205.0,41,5205.25,13:00:06.157524180
66,5205.0,41,5205.25,13:00:06.157524180
66,5205.0,42,5205.25,13:00:06.157538468
66,5205.0,43,5205.25,13:00:06.157538468
66,5205.0,43,5205.25,13:00:06.157538468
66,5205.0,43,5205.25,13:00:06.157538468
66,5205.0,43,5205.25,13:00:06.157548080
66,5205.0,43,5205.25,13:00:06.157548080
66,5205.0,43,5205.25,13:00:06.157548080
66,5205.0,31,5205.25,13:00:06.158247730
66,5205.0,32,5205.25,13:00:06.158247730
65,5205.0,32,5205.25,13:00:06.158270466
65,5205.0,32,5205.25,13:00:06.158270466
65,5205.0,32,5205.25,13:00:06.158270466
64,5205.0,32,5205.25,13:00:06.158270466
64,5205.0,32,5205.25,13:00:06.158270466
64,5205.0,32,5205.25,13:00:06.158270466
63,5205.0,32,5205.25,13:00:06.158270466
63,5205.0,32,5205.25,13:00:06.158270466
61,5205.0,32,5205.25,13:00:06.158270466
62,5205.0,32,5205.25,13:00:06.158270466
63,5205.0,32,5205.25,13:00:06.158270466
62,5205.0,32,5205.25,13:00:06.158270466
61,5205.0,32,5205.25,13:00:06.158270466
63,5205.0,32,5205.25,13:00:06.158270466
60,5205.0,32,5205.25,13:00:06.158270466
60,5205.0,32,5205.25,13:00:06.158270466
60,5205.0,32,5205.25,13:00:06.158289939
60,5205.0,32,5205.25,13:00:06.158289939
60,5205.0,32,5205.25,13:00:06.158289939
60,5205.0,32,5205.25,13:00:06.158289939
60,5205.0,32,5205.25,13:00:06.158289939
60,5205.0,33,5205.25,13:00:06.158289939
60,5205.0,36,5205.25,13:00:06.158289939
60,5205.0,36,5205.25,13:00:06.158289939
60,5205.0,36,5205.25,13:00:06.158289939
61,5205.0,36,5205.25,13:00:06.158289939
61,5205.0,36,5205.25,13:00:06.158289939
61,5205.0,36,5205.25,13:00:06.158289939
61,5205.0,36,5205.25,13:00:06.158289939
61,5205.0,37,5205.25,13:00:06.158289939
61,5205.0,38,5205.25,13:00:06.158289939
60,5205.0,38,5205.25,13:00:06.158289939
59,5205.0,38,5205.25,13:00:06.158578738
59,5205.0,38,5205.25,13:00:06.158578738
59,5205.0,39,5205.25,13:00:06.158578738
59,5205.0,38,5205.25,13:00:06.158578738
59,5205.0,38,5205.25,13:00:06.158578738
59,5205.0,38,5205.25,13:00:06.158578738
59,5205.0,38,5205.25,13:00:06.158578738
59,5205.0,38,5205.25,13:00:06.158578738
59,5205.0,38,5205.25,13:00:06.158578738
59,5205.0,38,5205.25,13:00:06.158578738
59,5205.0,38,5205.25,13:00:06.158578738
59,5205.0,38,5205.25,13:00:06.158578738
59,5205.0,38,5205.25,13:00:06.158584931
59,5205.0,38,5205.25,13:00:06.158584931
59,5205.0,38,5205.25,13:00:06.158584931
59,5205.0,39,5205.25,13:00:06.158787734
59,5205.0,40,5205.25,13:00:06.158787734
59,5205.0,41,5205.25,13:00:06.158787734
59,5205.0,33,5205.25,13:00:06.158787734
59,5205.0,35,5205.25,13:00:06.158787734
59,5205.0,3,5205.25,13:00:06.159104403
59,5205.0,487,5205.5,13:00:06.159159966
59,5205.0,487,5205.5,13:00:06.159159966
7,5205.25,487,5205.5,13:00:06.159159966
5,5205.25,487,5205.5,13:00:06.159159966
3,5205.25,487,5205.5,13:00:06.159321758
2,5205.25,487,5205.5,13:00:06.159321758
2,5205.25,486,5205.5,13:00:06.159321758
1,5205.25,486,5205.5,13:00:06.159321758
1,5205.25,488,5205.5,13:00:06.159321758
1,5205.25,489,5205.5,13:00:06.159321758
59,5205.0,489,5205.5,13:00:06.159321758
59,5205.0,2,5205.25,13:00:06.159321758
59,5205.0,2,5205.25,13:00:06.159321758
59,5205.0,3,5205.25,13:00:06.159321758
59,5205.0,4,5205.25,13:00:06.159323368
59,5205.0,4,5205.25,13:00:06.159323368
59,5205.0,4,5205.25,13:00:06.159342661
59,5205.0,4,5205.25,13:00:06.159342661
59,5205.0,4,5205.25,13:00:06.159342661
60,5205.0,4,5205.25,13:00:06.159507410
60,5205.0,4,5205.25,13:00:06.159507410
60,5205.0,4,5205.25,13:00:06.159507410
60,5205.0,5,5205.25,13:00:06.159507410
60,5205.0,6,5205.25,13:00:06.159507410
60,5205.0,5,5205.25,13:00:06.159507410
60,5205.0,4,5205.25,13:00:06.159507410
60,5205.0,4,5205.25,13:00:06.159507410
60,5205.0,4,5205.25,13:00:06.159507410
60,5205.0,4,5205.25,13:00:06.159507410
60,5205.0,4,5205.25,13:00:06.159513615
60,5205.0,4,5205.25,13:00:06.159513615
60,5205.0,4,5205.25,13:00:06.159513615
60,5205.0,4,5205.25,13:00:06.159513615
60,5205.0,4,5205.25,13:00:06.159513615
60,5205.0,6,5205.25,13:00:06.159738762
60,5205.0,6,5205.25,13:00:06.159738762
60,5205.0,6,5205.25,13:00:06.159738762
60,5205.0,6,5205.25,13:00:06.159738762
60,5205.0,6,5205.25,13:00:06.159738762
60,5205.0,6,5205.25,13:00:06.159738762
60,5205.0,6,5205.25,13:00:06.159738762
60,5205.0,6,5205.25,13:00:06.159738762
60,5205.0,6,5205.25,13:00:06.159738762
60,5205.0,6,5205.25,13:00:06.159738762
60,5205.0,6,5205.25,13:00:06.159738762
60,5205.0,6,5205.25,13:00:06.159738762
60,5205.0,6,5205.25,13:00:06.159738762
60,5205.0,4,5205.25,13:00:06.159774203
60,5205.0,3,5205.25,13:00:06.159774203
63,5205.0,3,5205.25,13:00:06.159774203
63,5205.0,2,5205.25,13:00:06.159794708
63,5205.0,482,5205.5,13:00:06.159794708
63,5205.0,482,5205.5,13:00:06.159794708
63,5205.0,482,5205.5,13:00:06.159794708
63,5205.0,482,5205.5,13:00:06.159794708
63,5205.0,482,5205.5,13:00:06.159794708
63,5205.0,482,5205.5,13:00:06.159794708
63,5205.0,482,5205.5,13:00:06.159794708
63,5205.0,482,5205.5,13:00:06.159794708
63,5205.0,482,5205.5,13:00:06.159794708
64,5205.0,482,5205.5,13:00:06.159819060
2,5205.25,482,5205.5,13:00:06.159819060
2,5205.25,480,5205.5,13:00:06.159819060
3,5205.25,480,5205.5,13:00:06.159819060
3,5205.25,481,5205.5,13:00:06.159852815
3,5205.25,481,5205.5,13:00:06.159852815
3,5205.25,481,5205.5,13:00:06.159852815
3,5205.25,481,5205.5,13:00:06.159981102
2,5205.25,481,5205.5,13:00:06.160661522
2,5205.25,481,5205.5,13:00:06.160661522
2,5205.25,481,5205.5,13:00:06.160661522
2,5205.25,481,5205.5,13:00:06.160661522
1,5205.25,481,5205.5,13:00:06.160664521
1,5205.25,481,5205.5,13:00:06.160664521
1,5205.25,481,5205.5,13:00:06.160664521
1,5205.25,481,5205.5,13:00:06.160664521
1,5205.25,480,5205.5,13:00:06.160829571
4,5205.25,480,5205.5,13:00:06.160829571
5,5205.25,480,5205.5,13:00:06.160829571
5,5205.25,480,5205.5,13:00:06.160829571
5,5205.25,481,5205.5,13:00:06.160829571
5,5205.25,480,5205.5,13:00:06.160829571
2,5205.25,480,5205.5,13:00:06.160829571
64,5205.0,480,5205.5,13:00:06.160829571
64,5205.0,480,5205.5,13:00:06.160829571
64,5205.0,480,5205.5,13:00:06.160841206
1,5205.25,480,5205.5,13:00:06.160939128
1,5205.25,474,5205.5,13:00:06.160968712
2,5205.25,474,5205.5,13:00:06.161033242
1,5205.25,474,5205.5,13:00:06.161130037
64,5205.0,474,5205.5,13:00:06.161308755
64,5205.0,474,5205.5,13:00:06.161308755
64,5205.0,476,5205.5,13:00:06.161498618
64,5205.0,7,5205.25,13:00:06.161602965
64,5205.0,8,5205.25,13:00:06.161710180
64,5205.0,9,5205.25,13:00:06.161716920
64,5205.0,9,5205.25,13:00:06.161845148
65,5205.0,9,5205.25,13:00:06.163534793
65,5205.0,2,5205.25,13:00:06.163642331
65,5205.0,2,5205.25,13:00:06.163666712
65,5205.0,1,5205.25,13:00:06.163749505
65,5205.0,476,5205.5,13:00:06.163866487
65,5205.0,476,5205.5,13:00:06.163866487
1,5205.25,476,5205.5,13:00:06.163906116
1,5205.25,476,5205.5,13:00:06.163970559
2,5205.25,476,5205.5,13:00:06.163999282
1,5205.25,476,5205.5,13:00:06.164122225
4,5205.25,476,5205.5,13:00:06.164122225
1,5205.25,476,5205.5,13:00:06.164222103
2,5205.25,476,5205.5,13:00:06.164231005
5,5205.25,476,5205.5,13:00:06.164522691
5,5205.25,469,5205.5,13:00:06.164682189
5,5205.25,469,5205.5,13:00:06.164759896
5,5205.25,469,5205.5,13:00:06.164767010
5,5205.25,469,5205.5,13:00:06.164767010
5,5205.25,469,5205.5,13:00:06.164858010
5,5205.25,469,5205.5,13:00:06.165425948
5,5205.25,469,5205.5,13:00:06.165874233
5,5205.25,469,5205.5,13:00:06.165874233
5,5205.25,471,5205.5,13:00:06.165885426
5,5205.25,471,5205.5,13:00:06.165885426
5,5205.25,471,5205.5,13:00:06.166566729
5,5205.25,471,5205.5,13:00:06.166703922
5,5205.25,471,5205.5,13:00:06.167118408
8,5205.25,471,5205.5,13:00:06.167649874
8,5205.25,471,5205.5,13:00:06.167734234
9,5205.25,471,5205.5,13:00:06.167746078
9,5205.25,471,5205.5,13:00:06.167766523
9,5205.25,481,5205.5,13:00:06.167779211
9,5205.25,481,5205.5,13:00:06.167784290
9,5205.25,481,5205.5,13:00:06.167992346
9,5205.25,481,5205.5,13:00:06.167992346
12,5205.25,481,5205.5,13:00:06.168715595
12,5205.25,481,5205.5,13:00:06.168789312
12,5205.25,481,5205.5,13:00:06.168789312
12,5205.25,480,5205.5,13:00:06.168907708
12,5205.25,480,5205.5,13:00:06.170665970
12,5205.25,480,5205.5,13:00:06.170691395
12,5205.25,480,5205.5,13:00:06.171129954
12,5205.25,480,5205.5,13:00:06.171129954
12,5205.25,480,5205.5,13:00:06.171135490
12,5205.25,480,5205.5,13:00:06.171145363
12,5205.25,480,5205.5,13:00:06.171145363
12,5205.25,481,5205.5,13:00:06.171261189
12,5205.25,481,5205.5,13:00:06.171275131
14,5205.25,481,5205.5,13:00:06.171332544
11,5205.25,481,5205.5,13:00:06.171383358
8,5205.25,481,5205.5,13:00:06.171581307
8,5205.25,481,5205.5,13:00:06.171581307
8,5205.25,481,5205.5,13:00:06.171581307
6,5205.25,481,5205.5,13:00:06.171652771
2,5205.25,481,5205.5,13:00:06.171834791
66,5205.0,481,5205.5,13:00:06.171834791
66,5205.0,481,5205.5,13:00:06.171834791
66,5205.0,5,5205.25,13:00:06.171844279
66,5205.0,6,5205.25,13:00:06.171855617
66,5205.0,5,5205.25,13:00:06.171942482
66,5205.0,5,5205.25,13:00:06.171942482
65,5205.0,5,5205.25,13:00:06.171947443
64,5205.0,5,5205.25,13:00:06.171987773
64,5205.0,5,5205.25,13:00:06.171995453
64,5205.0,5,5205.25,13:00:06.172009409
64,5205.0,6,5205.25,13:00:06.172017639
64,5205.0,483,5205.5,13:00:06.172173889
64,5205.0,483,5205.5,13:00:06.172173889
64,5205.0,1,5205.25,13:00:06.172221548
64,5205.0,483,5205.5,13:00:06.172221548
64,5205.0,483,5205.5,13:00:06.172221548
65,5205.0,483,5205.5,13:00:06.172229314
65,5205.0,483,5205.5,13:00:06.172238165
1,5205.25,483,5205.5,13:00:06.172247685
3,5205.25,483,5205.5,13:00:06.172294243
5,5205.25,483,5205.5,13:00:06.172340206
6,5205.25,483,5205.5,13:00:06.172345025
11,5205.25,483,5205.5,13:00:06.172351179
11,5205.25,481,5205.5,13:00:06.172378091
17,5205.25,481,5205.5,13:00:06.172384642
17,5205.25,481,5205.5,13:00:06.172390559
20,5205.25,481,5205.5,13:00:06.172397548
21,5205.25,481,5205.5,13:00:06.172408172
20,5205.25,481,5205.5,13:00:06.172514161
21,5205.25,481,5205.5,13:00:06.172514161
23,5205.25,481,5205.5,13:00:06.172514161
24,5205.25,481,5205.5,13:00:06.172514161
25,5205.25,481,5205.5,13:00:06.172514161
26,5205.25,481,5205.5,13:00:06.172514161
26,5205.25,481,5205.5,13:00:06.173190104
26,5205.25,481,5205.5,13:00:06.173203212
26,5205.25,481,5205.5,13:00:06.173210694
26,5205.25,481,5205.5,13:00:06.173227247
26,5205.25,481,5205.5,13:00:06.173241405
26,5205.25,481,5205.5,13:00:06.173250576
25,5205.25,481,5205.5,13:00:06.173321976
25,5205.25,471,5205.5,13:00:06.174518323
28,5205.25,471,5205.5,13:00:06.174606725
28,5205.25,471,5205.5,13:00:06.175518177
28,5205.25,471,5205.5,13:00:06.175547742
28,5205.25,471,5205.5,13:00:06.175581004
28,5205.25,471,5205.5,13:00:06.175581004
29,5205.25,471,5205.5,13:00:06.180414554
29,5205.25,471,5205.5,13:00:06.180533689
29,5205.25,471,5205.5,13:00:06.180544909
27,5205.25,471,5205.5,13:00:06.180874416
24,5205.25,471,5205.5,13:00:06.180885104
23,5205.25,471,5205.5,13:00:06.180889716
23,5205.25,471,5205.5,13:00:06.181170467
23,5205.25,471,5205.5,13:00:06.181170467
26,5205.25,471,5205.5,13:00:06.182209649
26,5205.25,471,5205.5,13:00:06.185195630
34,5205.25,471,5205.5,13:00:06.185298463
34,5205.25,471,5205.5,13:00:06.185298463
42,5205.25,471,5205.5,13:00:06.185309135
42,5205.25,471,5205.5,13:00:06.185309135
42,5205.25,471,5205.5,13:00:06.185936771
42,5205.25,471,5205.5,13:00:06.201388385
42,5205.25,471,5205.5,13:00:06.201388385
42,5205.25,470,5205.5,13:00:06.201504950
42,5205.25,470,5205.5,13:00:06.201512941
45,5205.25,470,5205.5,13:00:06.201594408
45,5205.25,470,5205.5,13:00:06.201613077
46,5205.25,470,5205.5,13:00:06.201690762
47,5205.25,470,5205.5,13:00:06.201786863
48,5205.25,470,5205.5,13:00:06.201876427
48,5205.25,470,5205.5,13:00:06.256204069
49,5205.25,470,5205.5,13:00:06.261319282
51,5205.25,470,5205.5,13:00:06.261428011
51,5205.25,470,5205.5,13:00:06.267842987
52,5205.25,470,5205.5,13:00:06.289362852
53,5205.25,470,5205.5,13:00:06.289469699
52,5205.25,470,5205.5,13:00:06.299587926
51,5205.25,470,5205.5,13:00:06.299689870
48,5205.25,470,5205.5,13:00:06.299700069
51,5205.25,470,5205.5,13:00:06.329056212
51,5205.25,470,5205.5,13:00:06.359217933
51,5205.25,470,5205.5,13:00:06.359338855
51,5205.25,470,5205.5,13:00:06.359350142
51,5205.25,470,5205.5,13:00:06.359451350
51,5205.25,470,5205.5,13:00:06.423159505
51,5205.25,470,5205.5,13:00:06.423168305
51,5205.25,470,5205.5,13:00:06.483770959
51,5205.25,470,5205.5,13:00:06.484010996
51,5205.25,470,5205.5,13:00:06.484122678
51,5205.25,470,5205.5,13:00:06.485015468
52,5205.25,470,5205.5,13:00:06.585587059
52,5205.25,470,5205.5,13:00:06.673233882
52,5205.25,470,5205.5,13:00:06.673242158
52,5205.25,470,5205.5,13:00:06.673254503
52,5205.25,470,5205.5,13:00:06.673260840
52,5205.25,470,5205.5,13:00:06.673269374
52,5205.25,470,5205.5,13:00:06.673338112
52,5205.25,470,5205.5,13:00:06.695791639
52,5205.25,470,5205.5,13:00:06.695791639
51,5205.25,470,5205.5,13:00:06.783902932
48,5205.25,470,5205.5,13:00:06.783963199
47,5205.25,470,5205.5,13:00:06.783969426
47,5205.25,470,5205.5,13:00:06.848072444
47,5205.25,470,5205.5,13:00:06.848174718
47,5205.25,470,5205.5,13:00:06.853057418
47,5205.25,470,5205.5,13:00:06.911902983
47,5205.25,470,5205.5,13:00:06.912001852
47,5205.25,470,5205.5,13:00:06.912548071
49,5205.25,470,5205.5,13:00:07.098329182
52,5205.25,470,5205.5,13:00:07.098427626
52,5205.25,470,5205.5,13:00:07.150135502
52,5205.25,470,5205.5,13:00:07.159349217
52,5205.25,470,5205.5,13:00:07.161042157
52,5205.25,470,5205.5,13:00:07.161052848
52,5205.25,470,5205.5,13:00:07.161151970
52,5205.25,470,5205.5,13:00:07.171143461
52,5205.25,470,5205.5,13:00:07.171152731
52,5205.25,470,5205.5,13:00:07.171274932
52,5205.25,470,5205.5,13:00:07.171384371
52,5205.25,470,5205.5,13:00:07.171393184
52,5205.25,470,5205.5,13:00:07.171522099
52,5205.25,470,5205.5,13:00:07.171522099
52,5205.25,470,5205.5,13:00:07.175975280
52,5205.25,470,5205.5,13:00:07.175997040
52,5205.25,470,5205.5,13:00:07.218224821
52,5205.25,470,5205.5,13:00:07.218224821
52,5205.25,470,5205.5,13:00:07.243171918
52,5205.25,470,5205.5,13:00:07.243271938
51,5205.25,470,5205.5,13:00:07.268795431
51,5205.25,469,5205.5,13:00:07.282567335
52,5205.25,469,5205.5,13:00:07.282653577
52,5205.25,469,5205.5,13:00:07.282749476
52,5205.25,469,5205.5,13:00:07.382156450
52,5205.25,469,5205.5,13:00:07.382176306
52,5205.25,469,5205.5,13:00:07.382358614
52,5205.25,469,5205.5,13:00:07.382358614
51,5205.25,469,5205.5,13:00:07.510301919
48,5205.25,469,5205.5,13:00:07.510371700
45,5205.25,469,5205.5,13:00:07.510380430
44,5205.25,469,5205.5,13:00:07.510395438
43,5205.25,469,5205.5,13:00:07.510469593
42,5205.25,469,5205.5,13:00:07.510495878
41,5205.25,469,5205.5,13:00:07.510713220
13,5205.25,469,5205.5,13:00:07.511062363
11,5205.25,469,5205.5,13:00:07.511062363
11,5205.25,470,5205.5,13:00:07.511062363
11,5205.25,470,5205.5,13:00:07.511093567
11,5205.25,470,5205.5,13:00:07.511105916
11,5205.25,470,5205.5,13:00:07.511112294
10,5205.25,470,5205.5,13:00:07.511262461
9,5205.25,470,5205.5,13:00:07.511262461
7,5205.25,470,5205.5,13:00:07.511341348
7,5205.25,470,5205.5,13:00:07.511341348
7,5205.25,471,5205.5,13:00:07.511341348
5,5205.25,471,5205.5,13:00:07.511346068
62,5205.0,471,5205.5,13:00:07.511572595
62,5205.0,471,5205.5,13:00:07.511572595
62,5205.0,1,5205.25,13:00:07.511644039
61,5205.0,1,5205.25,13:00:07.511684397
61,5205.0,1,5205.25,13:00:07.511692170
61,5205.0,1,5205.25,13:00:07.511700685
61,5205.0,1,5205.25,13:00:07.511748620
61,5205.0,1,5205.25,13:00:07.511759347
61,5205.0,2,5205.25,13:00:07.511770726
61,5205.0,1,5205.25,13:00:07.511885151
61,5205.0,1,5205.25,13:00:07.511972650
61,5205.0,1,5205.25,13:00:07.511978734
61,5205.0,1,5205.25,13:00:07.511984587
61,5205.0,1,5205.25,13:00:07.511990359
61,5205.0,1,5205.25,13:00:07.511996785
61,5205.0,473,5205.5,13:00:07.512136152
61,5205.0,473,5205.5,13:00:07.512136152
61,5205.0,473,5205.5,13:00:07.512136152
61,5205.0,473,5205.5,13:00:07.512136152
61,5205.0,473,5205.5,13:00:07.512136152
61,5205.0,473,5205.5,13:00:07.512136152
61,5205.0,473,5205.5,13:00:07.512141867
6,5205.25,473,5205.5,13:00:07.512249117
6,5205.25,473,5205.5,13:00:07.512353513
6,5205.25,473,5205.5,13:00:07.512353513
7,5205.25,473,5205.5,13:00:07.512359746
7,5205.25,473,5205.5,13:00:07.512373552
7,5205.25,473,5205.5,13:00:07.512373552
8,5205.25,473,5205.5,13:00:07.512382153
9,5205.25,473,5205.5,13:00:07.512405888
10,5205.25,473,5205.5,13:00:07.512411296
11,5205.25,473,5205.5,13:00:07.512521916
11,5205.25,471,5205.5,13:00:07.512530649
12,5205.25,471,5205.5,13:00:07.512617761
15,5205.25,471,5205.5,13:00:07.512625889
15,5205.25,471,5205.5,13:00:07.513794313
15,5205.25,471,5205.5,13:00:07.513794313
15,5205.25,471,5205.5,13:00:07.520415332
15,5205.25,470,5205.5,13:00:07.521439970
15,5205.25,470,5205.5,13:00:07.523876420
15,5205.25,470,5205.5,13:00:07.523876420
15,5205.25,470,5205.5,13:00:07.524381937
15,5205.25,470,5205.5,13:00:07.524420114
15,5205.25,470,5205.5,13:00:07.529160664
15,5205.25,470,5205.5,13:00:07.534772790
15,5205.25,470,5205.5,13:00:07.534772790
15,5205.25,470,5205.5,13:00:07.537076724
15,5205.25,470,5205.5,13:00:07.537186291
14,5205.25,470,5205.5,13:00:07.537299029
11,5205.25,470,5205.5,13:00:07.537414823
10,5205.25,470,5205.5,13:00:07.537510995
10,5205.25,470,5205.5,13:00:07.537781320
10,5205.25,470,5205.5,13:00:07.606183353
10,5205.25,470,5205.5,13:00:07.673215730
10,5205.25,470,5205.5,13:00:07.673322596
9,5205.25,470,5205.5,13:00:07.833400456
8,5205.25,470,5205.5,13:00:07.845007220
3,5205.25,470,5205.5,13:00:07.845068066
2,5205.25,470,5205.5,13:00:07.845214320
1,5205.25,470,5205.5,13:00:07.845214320
62,5205.0,470,5205.5,13:00:07.845370367
62,5205.0,470,5205.5,13:00:07.845370367
62,5205.0,472,5205.5,13:00:07.845370367
61,5205.0,472,5205.5,13:00:07.845484450
61,5205.0,472,5205.5,13:00:07.845484450
61,5205.0,472,5205.5,13:00:07.845490075
61,5205.0,1,5205.25,13:00:07.845495314
60,5205.0,1,5205.25,13:00:07.845599143
60,5205.0,1,5205.25,13:00:07.845599143
60,5205.0,2,5205.25,13:00:07.845635003
60,5205.0,2,5205.25,13:00:07.862065161
60,5205.0,4,5205.25,13:00:07.862166344
60,5205.0,4,5205.25,13:00:07.862166344
61,5205.0,4,5205.25,13:00:07.862174962
61,5205.0,5,5205.25,13:00:07.862272970
62,5205.0,5,5205.25,13:00:07.862279991
62,5205.0,8,5205.25,13:00:07.862592617
62,5205.0,11,5205.25,13:00:07.862598931
62,5205.0,12,5205.25,13:00:07.862684646
62,5205.0,12,5205.25,13:00:07.862701136
62,5205.0,12,5205.25,13:00:07.862709398
62,5205.0,12,5205.25,13:00:07.862718390
62,5205.0,13,5205.25,13:00:07.862826236
62,5205.0,13,5205.25,13:00:07.863076401
62,5205.0,16,5205.25,13:00:07.865432650
62,5205.0,19,5205.25,13:00:07.865533618
62,5205.0,20,5205.25,13:00:07.865540153
62,5205.0,20,5205.25,13:00:07.865801306
62,5205.0,21,5205.25,13:00:07.867875144
61,5205.0,21,5205.25,13:00:07.873321772
61,5205.0,22,5205.25,13:00:07.873415889
61,5205.0,22,5205.25,13:00:07.873523388
61,5205.0,23,5205.25,13:00:07.873539193
61,5205.0,23,5205.25,13:00:07.873544124
61,5205.0,23,5205.25,13:00:07.873587073
61,5205.0,23,5205.25,13:00:07.873595592
61,5205.0,23,5205.25,13:00:07.873606098
61,5205.0,24,5205.25,13:00:07.873645657
61,5205.0,25,5205.25,13:00:07.873651615
61,5205.0,25,5205.25,13:00:07.873699264
61,5205.0,24,5205.25,13:00:07.874297183
61,5205.0,24,5205.25,13:00:07.874370052
61,5205.0,23,5205.25,13:00:07.874394315
61,5205.0,22,5205.25,13:00:07.874400091
61,5205.0,21,5205.25,13:00:07.874497056
61,5205.0,21,5205.25,13:00:07.875583916
61,5205.0,21,5205.25,13:00:07.911922437
61,5205.0,18,5205.25,13:00:07.914060627
61,5205.0,15,5205.25,13:00:07.914169919
61,5205.0,12,5205.25,13:00:07.914260196
61,5205.0,11,5205.25,13:00:07.914273927
61,5205.0,11,5205.25,13:00:07.923268966
61,5205.0,11,5205.25,13:00:07.923377983
61,5205.0,11,5205.25,13:00:07.924803919
61,5205.0,14,5205.25,13:00:07.925145759
61,5205.0,17,5205.25,13:00:07.925152943
61,5205.0,17,5205.25,13:00:08.013897153
61,5205.0,17,5205.25,13:00:08.013897153
62,5205.0,17,5205.25,13:00:08.071608417
62,5205.0,14,5205.25,13:00:08.071614891
62,5205.0,11,5205.25,13:00:08.071622065
62,5205.0,14,5205.25,13:00:08.071827000
62,5205.0,15,5205.25,13:00:08.072248298
62,5205.0,18,5205.25,13:00:08.072311231
62,5205.0,21,5205.25,13:00:08.072316681
62,5205.0,36,5205.25,13:00:08.072330265
62,5205.0,37,5205.25,13:00:08.072400465
62,5205.0,38,5205.25,13:00:08.072425022
62,5205.0,39,5205.25,13:00:08.072436216
62,5205.0,40,5205.25,13:00:08.072446798
62,5205.0,40,5205.25,13:00:08.072458641
62,5205.0,41,5205.25,13:00:08.072469207
62,5205.0,41,5205.25,13:00:08.072548247
62,5205.0,42,5205.25,13:00:08.072553521
62,5205.0,44,5205.25,13:00:08.072578852
62,5205.0,44,5205.25,13:00:08.072777849
62,5205.0,44,5205.25,13:00:08.072777849
62,5205.0,46,5205.25,13:00:08.073121196
63,5205.0,46,5205.25,13:00:08.073280303
63,5205.0,44,5205.25,13:00:08.073287468
63,5205.0,43,5205.25,13:00:08.073392770
63,5205.0,45,5205.25,13:00:08.073443836
63,5205.0,45,5205.25,13:00:08.073702728
63,5205.0,45,5205.25,13:00:08.160645147
63,5205.0,45,5205.25,13:00:08.160742624
63,5205.0,43,5205.25,13:00:08.335535282
63,5205.0,42,5205.25,13:00:08.335541596
63,5205.0,39,5205.25,13:00:08.335611572
63,5205.0,36,5205.25,13:00:08.335621063
63,5205.0,33,5205.25,13:00:08.335629214
64,5205.0,33,5205.25,13:00:08.335636075
64,5205.0,18,5205.25,13:00:08.335646049
64,5205.0,467,5205.5,13:00:08.335991308
64,5205.0,467,5205.5,13:00:08.335991308
2,5205.25,467,5205.5,13:00:08.336002684
3,5205.25,467,5205.5,13:00:08.336015583
3,5205.25,467,5205.5,13:00:08.336029619
3,5205.25,467,5205.5,13:00:08.336029619
3,5205.25,467,5205.5,13:00:08.336029619
3,5205.25,467,5205.5,13:00:08.336029619
3,5205.25,467,5205.5,13:00:08.336040435
4,5205.25,467,5205.5,13:00:08.336040435
6,5205.25,467,5205.5,13:00:08.336040435
7,5205.25,467,5205.5,13:00:08.336040435
9,5205.25,467,5205.5,13:00:08.336040435
10,5205.25,467,5205.5,13:00:08.336052698
11,5205.25,467,5205.5,13:00:08.336057584
16,5205.25,467,5205.5,13:00:08.336074362
17,5205.25,467,5205.5,13:00:08.336083825
20,5205.25,467,5205.5,13:00:08.336089380
21,5205.25,467,5205.5,13:00:08.336094106
22,5205.25,467,5205.5,13:00:08.336099761
25,5205.25,467,5205.5,13:00:08.336105265
30,5205.25,467,5205.5,13:00:08.336130830
33,5205.25,467,5205.5,13:00:08.336140322
33,5205.25,467,5205.5,13:00:08.336167593
33,5205.25,467,5205.5,13:00:08.336179350
33,5205.25,465,5205.5,13:00:08.336186438
33,5205.25,465,5205.5,13:00:08.336195913
34,5205.25,465,5205.5,13:00:08.336205504
35,5205.25,465,5205.5,13:00:08.336226231
35,5205.25,465,5205.5,13:00:08.336242068
36,5205.25,465,5205.5,13:00:08.336246884
38,5205.25,465,5205.5,13:00:08.336252551
39,5205.25,465,5205.5,13:00:08.336280733
39,5205.25,465,5205.5,13:00:08.336290874
39,5205.25,465,5205.5,13:00:08.336296494
39,5205.25,465,5205.5,13:00:08.336302164
39,5205.25,465,5205.5,13:00:08.336317662
42,5205.25,465,5205.5,13:00:08.336323377
12,5205.25,465,5205.5,13:00:08.336719073
8,5205.25,465,5205.5,13:00:08.336719073
9,5205.25,465,5205.5,13:00:08.336719073
9,5205.25,465,5205.5,13:00:08.336719073
9,5205.25,465,5205.5,13:00:08.336719073
9,5205.25,465,5205.5,13:00:08.336722711
6,5205.25,465,5205.5,13:00:08.336730564
5,5205.25,465,5205.5,13:00:08.336901719
3,5205.25,465,5205.5,13:00:08.336901719
2,5205.25,465,5205.5,13:00:08.336941183
2,5205.25,466,5205.5,13:00:08.336941183
3,5205.25,466,5205.5,13:00:08.336941183
3,5205.25,466,5205.5,13:00:08.336945199
2,5205.25,466,5205.5,13:00:08.336966793
67,5205.0,466,5205.5,13:00:08.337102367
67,5205.0,466,5205.5,13:00:08.337102367
67,5205.0,470,5205.5,13:00:08.337112476
67,5205.0,471,5205.5,13:00:08.337117958
67,5205.0,472,5205.5,13:00:08.337127414
67,5205.0,1,5205.25,13:00:08.337206580
67,5205.0,1,5205.25,13:00:08.337216968
66,5205.0,1,5205.25,13:00:08.337227025
66,5205.0,7,5205.25,13:00:08.337236008
65,5205.0,7,5205.25,13:00:08.337314125
65,5205.0,8,5205.25,13:00:08.337320019
65,5205.0,9,5205.25,13:00:08.337357310
65,5205.0,9,5205.25,13:00:08.337484405
65,5205.0,9,5205.25,13:00:08.337506956
65,5205.0,9,5205.25,13:00:08.337649818
65,5205.0,3,5205.25,13:00:08.338241554
66,5205.0,3,5205.25,13:00:08.338357547
66,5205.0,472,5205.5,13:00:08.338503333
66,5205.0,472,5205.5,13:00:08.338503333
1,5205.25,472,5205.5,13:00:08.338593081
2,5205.25,472,5205.5,13:00:08.338599593
7,5205.25,472,5205.5,13:00:08.338604870
8,5205.25,472,5205.5,13:00:08.338612697
9,5205.25,472,5205.5,13:00:08.338625244
10,5205.25,472,5205.5,13:00:08.338635296
11,5205.25,472,5205.5,13:00:08.338686015
12,5205.25,472,5205.5,13:00:08.338738396
10,5205.25,472,5205.5,13:00:08.338866185
11,5205.25,472,5205.5,13:00:08.338866185
11,5205.25,472,5205.5,13:00:08.340090181
11,5205.25,472,5205.5,13:00:08.340090181
6,5205.25,472,5205.5,13:00:08.340295984
5,5205.25,472,5205.5,13:00:08.340295984
4,5205.25,472,5205.5,13:00:08.340377975
3,5205.25,472,5205.5,13:00:08.340550181
66,5205.0,472,5205.5,13:00:08.340550181
66,5205.0,472,5205.5,13:00:08.340550181
1,5205.25,472,5205.5,13:00:08.340614713
1,5205.25,472,5205.5,13:00:08.340664090
65,5205.0,472,5205.5,13:00:08.340878962
65,5205.0,472,5205.5,13:00:08.340878962
65,5205.0,1,5205.25,13:00:08.340963772
65,5205.0,2,5205.25,13:00:08.341080754
65,5205.0,1,5205.25,13:00:08.341202757
65,5205.0,472,5205.5,13:00:08.341202757
65,5205.0,472,5205.5,13:00:08.341202757
64,5205.0,472,5205.5,13:00:08.341288969
1,5205.25,472,5205.5,13:00:08.342665464
7,5205.25,472,5205.5,13:00:08.342671596
7,5205.25,468,5205.5,13:00:08.342753530
7,5205.25,467,5205.5,13:00:08.342762711
7,5205.25,466,5205.5,13:00:08.342768503
8,5205.25,466,5205.5,13:00:08.342798997
8,5205.25,466,5205.5,13:00:08.342810389
9,5205.25,466,5205.5,13:00:08.342820127
9,5205.25,466,5205.5,13:00:08.343084083
9,5205.25,466,5205.5,13:00:08.343084083
9,5205.25,466,5205.5,13:00:08.344212909
9,5205.25,465,5205.5,13:00:08.347037309
10,5205.25,465,5205.5,13:00:08.347131679
11,5205.25,465,5205.5,13:00:08.347224657
11,5205.25,475,5205.5,13:00:08.347898642
65,5205.0,475,5205.5,13:00:08.348723024
65,5205.0,475,5205.5,13:00:08.348723024
65,5205.0,476,5205.5,13:00:08.348810794
64,5205.0,476,5205.5,13:00:08.348835240
64,5205.0,477,5205.5,13:00:08.349466920
63,5205.0,477,5205.5,13:00:08.349572083
64,5205.0,477,5205.5,13:00:08.352226473
64,5205.0,477,5205.5,13:00:08.355809588
64,5205.0,477,5205.5,13:00:08.356744759
64,5205.0,477,5205.5,13:00:08.357494748
64,5205.0,476,5205.5,13:00:08.358923225
64,5205.0,2,5205.25,13:00:08.359029643
64,5205.0,4,5205.25,13:00:08.359123524
64,5205.0,4,5205.25,13:00:08.359131204
64,5205.0,5,5205.25,13:00:08.359140574
64,5205.0,6,5205.25,13:00:08.359238073
63,5205.0,6,5205.25,13:00:08.360477932
64,5205.0,6,5205.25,13:00:08.360581214
64,5205.0,4,5205.25,13:00:08.360695066
64,5205.0,4,5205.25,13:00:08.361045812
64,5205.0,4,5205.25,13:00:08.361848139
64,5205.0,4,5205.25,13:00:08.366826620
64,5205.0,4,5205.25,13:00:08.366935988
64,5205.0,4,5205.25,13:00:08.370000197
64,5205.0,4,5205.25,13:00:08.370223523
64,5205.0,4,5205.25,13:00:08.423216304
64,5205.0,4,5205.25,13:00:08.423319165
30,5205.0,4,5205.25,13:00:08.425825293
30,5205.0,6,5205.25,13:00:08.425825293
30,5205.0,7,5205.25,13:00:08.425825293
30,5205.0,13,5205.25,13:00:08.425825293
30,5205.0,14,5205.25,13:00:08.425825293
30,5205.0,17,5205.25,13:00:08.425825293
30,5205.0,19,5205.25,13:00:08.425825293
30,5205.0,22,5205.25,13:00:08.425826502
30,5205.0,22,5205.25,13:00:08.425837574
30,5205.0,22,5205.25,13:00:08.425849814
30,5205.0,22,5205.25,13:00:08.425856362
30,5205.0,22,5205.25,13:00:08.425861210
30,5205.0,23,5205.25,13:00:08.425890145
30,5205.0,26,5205.25,13:00:08.425902977
31,5205.0,26,5205.25,13:00:08.425910913
31,5205.0,27,5205.25,13:00:08.425917531
31,5205.0,42,5205.25,13:00:08.425939608
30,5205.0,42,5205.25,13:00:08.425946619
29,5205.0,42,5205.25,13:00:08.425957135
27,5205.0,42,5205.25,13:00:08.425969122
26,5205.0,42,5205.25,13:00:08.425979398
26,5205.0,43,5205.25,13:00:08.425993644
26,5205.0,44,5205.25,13:00:08.426014986
27,5205.0,44,5205.25,13:00:08.426027965
27,5205.0,47,5205.25,13:00:08.426087166
27,5205.0,48,5205.25,13:00:08.426100859
27,5205.0,49,5205.25,13:00:08.426105653
28,5205.0,49,5205.25,13:00:08.426116671
28,5205.0,49,5205.25,13:00:08.426180099
27,5205.0,49,5205.25,13:00:08.426184637
27,5205.0,50,5205.25,13:00:08.426199664
30,5205.0,50,5205.25,13:00:08.426208394
30,5205.0,52,5205.25,13:00:08.426273173
29,5205.0,52,5205.25,13:00:08.426370989
29,5205.0,52,5205.25,13:00:08.426997969
29,5205.0,62,5205.25,13:00:08.427862524
29,5205.0,63,5205.25,13:00:08.427950016
29,5205.0,63,5205.25,13:00:08.436005302
29,5205.0,63,5205.25,13:00:08.437032337
29,5205.0,63,5205.25,13:00:08.437290755
29,5205.0,63,5205.25,13:00:08.439018185
29,5205.0,63,5205.25,13:00:08.450516382
29,5205.0,63,5205.25,13:00:08.450516382
29,5205.0,63,5205.25,13:00:08.503585821
29,5205.0,63,5205.25,13:00:08.503585821
29,5205.0,63,5205.25,13:00:08.503691336
29,5205.0,63,5205.25,13:00:08.503713510
29,5205.0,63,5205.25,13:00:08.515304370
29,5205.0,63,5205.25,13:00:08.515310885
29,5205.0,63,5205.25,13:00:08.515405428
29,5205.0,63,5205.25,13:00:08.515427470
29,5205.0,64,5205.25,13:00:08.594787989
29,5205.0,66,5205.25,13:00:08.611803103
29,5205.0,67,5205.25,13:00:08.611905226
26,5205.0,67,5205.25,13:00:08.612013011
26,5205.0,68,5205.25,13:00:08.613829928
26,5205.0,69,5205.25,13:00:08.613917811
24,5205.0,69,5205.25,13:00:08.614188974
24,5205.0,69,5205.25,13:00:08.614298334
24,5205.0,69,5205.25,13:00:08.670174051
24,5205.0,69,5205.25,13:00:08.673255450
24,5205.0,69,5205.25,13:00:08.673263086
24,5205.0,69,5205.25,13:00:08.673362025
27,5205.0,69,5205.25,13:00:08.808786866
27,5205.0,68,5205.25,13:00:08.808793439
28,5205.0,68,5205.25,13:00:08.808798195
43,5205.0,68,5205.25,13:00:08.809071864
46,5205.0,68,5205.25,13:00:08.809167988
47,5205.0,68,5205.25,13:00:08.809175978
48,5205.0,68,5205.25,13:00:08.809189562
49,5205.0,68,5205.25,13:00:08.809198622
49,5205.0,67,5205.25,13:00:08.809302390
49,5205.0,67,5205.25,13:00:08.809507319
49,5205.0,67,5205.25,13:00:08.809543316
48,5205.0,67,5205.25,13:00:08.810254342
49,5205.0,67,5205.25,13:00:08.817387947
50,5205.0,67,5205.25,13:00:08.817475413
50,5205.0,65,5205.25,13:00:08.817517391
50,5205.0,62,5205.25,13:00:08.817579984
50,5205.0,61,5205.25,13:00:08.817620904
51,5205.0,61,5205.25,13:00:08.817668783
51,5205.0,61,5205.25,13:00:08.842262593
51,5205.0,61,5205.25,13:00:08.842262593
51,5205.0,61,5205.25,13:00:08.844826280
51,5205.0,61,5205.25,13:00:08.844826280
46,5205.0,61,5205.25,13:00:08.889906471
46,5205.0,62,5205.25,13:00:08.890012002
46,5205.0,62,5205.25,13:00:08.923208287
46,5205.0,62,5205.25,13:00:08.923309338
46,5205.0,62,5205.25,13:00:08.923408101
45,5205.0,62,5205.25,13:00:08.959934351
45,5205.0,62,5205.25,13:00:08.959934351
30,5205.0,62,5205.25,13:00:08.961875478
29,5205.0,62,5205.25,13:00:08.961964184
28,5205.0,62,5205.25,13:00:08.961992216
27,5205.0,62,5205.25,13:00:08.962086573
27,5205.0,62,5205.25,13:00:09.047556934
27,5205.0,63,5205.25,13:00:09.157348117
27,5205.0,64,5205.25,13:00:09.157354882
27,5205.0,65,5205.25,13:00:09.157361112
27,5205.0,66,5205.25,13:00:09.157381513
27,5205.0,67,5205.25,13:00:09.157399500
27,5205.0,68,5205.25,13:00:09.157496757
27,5205.0,68,5205.25,13:00:09.162152028
27,5205.0,68,5205.25,13:00:09.162197907
27,5205.0,68,5205.25,13:00:09.162304092
27,5205.0,68,5205.25,13:00:09.162625391
27,5205.0,67,5205.25,13:00:09.167640823
24,5205.0,67,5205.25,13:00:09.313826512
24,5205.0,68,5205.25,13:00:09.313945404
24,5205.0,68,5205.25,13:00:09.329511237
24,5205.0,68,5205.25,13:00:09.329534959
24,5205.0,68,5205.25,13:00:09.331751139
24,5205.0,68,5205.25,13:00:09.331751139
24,5205.0,68,5205.25,13:00:09.331883634
24,5205.0,68,5205.25,13:00:09.338822394
24,5205.0,68,5205.25,13:00:09.338846215
24,5205.0,68,5205.25,13:00:09.338922175
24,5205.0,68,5205.25,13:00:09.344190631
24,5205.0,68,5205.25,13:00:09.344190631
24,5205.0,68,5205.25,13:00:09.346505583
24,5205.0,68,5205.25,13:00:09.346505583
24,5205.0,67,5205.25,13:00:09.346620887
24,5205.0,68,5205.25,13:00:09.374497058
24,5205.0,70,5205.25,13:00:09.376734690
24,5205.0,72,5205.25,13:00:09.376774877
24,5205.0,72,5205.25,13:00:09.423491072
24,5205.0,72,5205.25,13:00:09.423507031
24,5205.0,72,5205.25,13:00:09.423569003
24,5205.0,72,5205.25,13:00:09.423674637
24,5205.0,72,5205.25,13:00:09.424260361
24,5205.0,72,5205.25,13:00:09.424554060
24,5205.0,72,5205.25,13:00:09.431662683
24,5205.0,72,5205.25,13:00:09.431662683
24,5205.0,72,5205.25,13:00:09.449016438
24,5205.0,72,5205.25,13:00:09.449016438
23,5205.0,72,5205.25,13:00:09.458249779
23,5205.0,72,5205.25,13:00:09.458353589
23,5205.0,72,5205.25,13:00:09.504565643
23,5205.0,72,5205.25,13:00:09.504565643
23,5205.0,73,5205.25,13:00:09.546560569
23,5205.0,74,5205.25,13:00:09.546645710
23,5205.0,75,5205.25,13:00:09.546657729
23,5205.0,76,5205.25,13:00:09.546741590
23,5205.0,77,5205.25,13:00:09.546747920
23,5205.0,79,5205.25,13:00:09.546828824
23,5205.0,79,5205.25,13:00:09.546847945
23,5205.0,79,5205.25,13:00:09.603198766
23,5205.0,80,5205.25,13:00:09.603311482
23,5205.0,81,5205.25,13:00:09.603411487
23,5205.0,80,5205.25,13:00:09.613536683
23,5205.0,80,5205.25,13:00:09.673218670
23,5205.0,80,5205.25,13:00:09.673224916
23,5205.0,80,5205.25,13:00:09.673230772
23,5205.0,80,5205.25,13:00:09.673251627
23,5205.0,80,5205.25,13:00:09.729964767
23,5205.0,80,5205.25,13:00:09.812874693
23,5205.0,80,5205.25,13:00:09.812899055
23,5205.0,81,5205.25,13:00:09.829150781
22,5205.0,81,5205.25,13:00:09.829282873
19,5205.0,81,5205.25,13:00:09.829288940
16,5205.0,81,5205.25,13:00:09.829293753
15,5205.0,81,5205.25,13:00:09.829409679
14,5205.0,81,5205.25,13:00:09.829516295
14,5205.0,82,5205.25,13:00:09.834525187
11,5205.0,82,5205.25,13:00:09.834543878
11,5205.0,82,5205.25,13:00:09.834549328
10,5205.0,82,5205.25,13:00:09.834561107
9,5205.0,82,5205.25,13:00:09.834568208
9,5205.0,83,5205.25,13:00:09.846328109
9,5205.0,83,5205.25,13:00:09.847649823
9,5205.0,83,5205.25,13:00:09.847649823
9,5205.0,83,5205.25,13:00:09.863088360
9,5205.0,84,5205.25,13:00:10.013816610
9,5205.0,84,5205.25,13:00:10.121215285
9,5205.0,84,5205.25,13:00:10.163905963
9,5205.0,84,5205.25,13:00:10.163953140
9,5205.0,84,5205.25,13:00:10.315505350
9,5205.0,84,5205.25,13:00:10.338651081
9,5205.0,84,5205.25,13:00:10.338651081
10,5205.0,84,5205.25,13:00:10.488497431
10,5205.0,84,5205.25,13:00:10.578537594
10,5205.0,84,5205.25,13:00:10.578653445
10,5205.0,84,5205.25,13:00:10.603752793
10,5205.0,84,5205.25,13:00:10.603752793
10,5205.0,85,5205.25,13:00:10.631061835
10,5205.0,86,5205.25,13:00:10.795895564
10,5205.0,87,5205.25,13:00:10.795990119
10,5205.0,87,5205.25,13:00:10.812882831
10,5205.0,87,5205.25,13:00:10.842939356
10,5205.0,87,5205.25,13:00:10.843042110
10,5205.0,87,5205.25,13:00:10.965015906
10,5205.0,87,5205.25,13:00:11.034847219
9,5205.0,87,5205.25,13:00:11.056308595
9,5205.0,88,5205.25,13:00:11.070433432
8,5205.0,88,5205.25,13:00:11.081887363
8,5205.0,88,5205.25,13:00:11.092541531
8,5205.0,88,5205.25,13:00:11.165301003
8,5205.0,88,5205.25,13:00:11.165340630
9,5205.0,88,5205.25,13:00:11.236388300
9,5205.0,88,5205.25,13:00:11.236388300
9,5205.0,91,5205.25,13:00:11.245181475
9,5205.0,91,5205.25,13:00:11.268679920
9,5205.0,91,5205.25,13:00:11.268679920
7,5205.0,91,5205.25,13:00:11.388496981
7,5205.0,92,5205.25,13:00:11.388556791
7,5205.0,92,5205.25,13:00:11.656833263
7,5205.0,92,5205.25,13:00:11.656839493
7,5205.0,93,5205.25,13:00:11.658279621
7,5205.0,93,5205.25,13:00:11.814584956
8,5205.0,93,5205.25,13:00:12.033594607
9,5205.0,93,5205.25,13:00:12.033704858
8,5205.0,93,5205.25,13:00:12.166092381
7,5205.0,93,5205.25,13:00:12.166092381
6,5205.0,93,5205.25,13:00:12.166148999
5,5205.0,93,5205.25,13:00:12.166148999
4,5205.0,93,5205.25,13:00:12.166168574
5,5205.0,93,5205.25,13:00:12.167160552
5,5205.0,93,5205.25,13:00:12.167174255
5,5205.0,93,5205.25,13:00:12.167186421
6,5205.0,93,5205.25,13:00:12.167267873
6,5205.0,93,5205.25,13:00:12.167344636
6,5205.0,93,5205.25,13:00:12.167578093
6,5205.0,93,5205.25,13:00:12.167621387
6,5205.0,93,5205.25,13:00:12.167628891
6,5205.0,93,5205.25,13:00:12.167635957
5,5205.0,93,5205.25,13:00:12.258960273
3,5205.0,93,5205.25,13:00:12.262200672
1,5205.0,93,5205.25,13:00:12.262224691
75,5204.75,93,5205.25,13:00:12.262224691
75,5204.75,93,5205.25,13:00:12.262224691
75,5204.75,94,5205.25,13:00:12.262318927
1,5205.0,94,5205.25,13:00:12.262348290
1,5205.0,94,5205.25,13:00:12.262354601
1,5205.0,94,5205.25,13:00:12.262361606
72,5204.75,94,5205.25,13:00:12.262479499
72,5204.75,94,5205.25,13:00:12.262479499
72,5204.75,1,5205.0,13:00:12.262479499
72,5204.75,1,5205.0,13:00:12.262994099
72,5204.75,2,5205.0,13:00:12.263000412
72,5204.75,1,5205.0,13:00:12.263169792
72,5204.75,94,5205.25,13:00:12.263169792
72,5204.75,94,5205.25,13:00:12.263169792
72,5204.75,1,5205.0,13:00:12.263169792
72,5204.75,94,5205.25,13:00:12.263224644
72,5204.75,94,5205.25,13:00:12.263224644
72,5204.75,94,5205.25,13:00:12.263242947
72,5204.75,94,5205.25,13:00:12.263242947
72,5204.75,94,5205.25,13:00:12.263242947
72,5204.75,94,5205.25,13:00:12.263242947
72,5204.75,94,5205.25,13:00:12.263242947
72,5204.75,94,5205.25,13:00:12.263242947
72,5204.75,94,5205.25,13:00:12.263242947
72,5204.75,94,5205.25,13:00:12.263242947
72,5204.75,94,5205.25,13:00:12.263242947
72,5204.75,94,5205.25,13:00:12.263242947
72,5204.75,94,5205.25,13:00:12.263246519
72,5204.75,94,5205.25,13:00:12.263246519
72,5204.75,94,5205.25,13:00:12.263257473
72,5204.75,94,5205.25,13:00:12.263257473
72,5204.75,94,5205.25,13:00:12.263264014
72,5204.75,94,5205.25,13:00:12.263264014
72,5204.75,94,5205.25,13:00:12.263283467
72,5204.75,94,5205.25,13:00:12.263283467
72,5204.75,94,5205.25,13:00:12.263422043
72,5204.75,94,5205.25,13:00:12.263457426
72,5204.75,94,5205.25,13:00:12.270860577
72,5204.75,1,5205.0,13:00:12.270869256
74,5204.75,1,5205.0,13:00:12.270967933
74,5204.75,2,5205.0,13:00:12.270988797
74,5204.75,1,5205.0,13:00:12.271105976
74,5204.75,2,5205.0,13:00:12.271105976
74,5204.75,4,5205.0,13:00:12.271105976
74,5204.75,5,5205.0,13:00:12.271210360
74,5204.75,3,5205.0,13:00:12.272118890
74,5204.75,94,5205.25,13:00:12.272340479
74,5204.75,94,5205.25,13:00:12.272340479
74,5204.75,94,5205.25,13:00:12.272416580
74,5204.75,94,5205.25,13:00:12.272432628
74,5204.75,94,5205.25,13:00:12.272438401
1,5205.0,94,5205.25,13:00:12.272457198
2,5205.0,94,5205.25,13:00:12.272465659
7,5205.0,94,5205.25,13:00:12.272479496
8,5205.0,94,5205.25,13:00:12.272565914
9,5205.0,94,5205.25,13:00:12.272607095
10,5205.0,94,5205.25,13:00:12.272614692
11,5205.0,94,5205.25,13:00:12.272707645
12,5205.0,94,5205.25,13:00:12.272795803
12,5205.0,93,5205.25,13:00:12.273086728
13,5205.0,93,5205.25,13:00:12.273175376
13,5205.0,93,5205.25,13:00:12.273301787
13,5205.0,93,5205.25,13:00:12.273328271
13,5205.0,93,5205.25,13:00:12.275717533
13,5205.0,93,5205.25,13:00:12.275724083
13,5205.0,93,5205.25,13:00:12.276334960
13,5205.0,93,5205.25,13:00:12.276334960
13,5205.0,93,5205.25,13:00:12.284519354
13,5205.0,93,5205.25,13:00:12.284767987
13,5205.0,93,5205.25,13:00:12.288106982
13,5205.0,93,5205.25,13:00:12.290217744
16,5205.0,93,5205.25,13:00:12.290312799
17,5205.0,93,5205.25,13:00:12.290324969
17,5205.0,93,5205.25,13:00:12.290334307
18,5205.0,93,5205.25,13:00:12.290410641
18,5205.0,93,5205.25,13:00:12.290882801
17,5205.0,93,5205.25,13:00:12.300532765
18,5205.0,93,5205.25,13:00:12.312658375
17,5205.0,93,5205.25,13:00:12.344013355
17,5205.0,92,5205.25,13:00:12.378909669
20,5205.0,92,5205.25,13:00:12.379004925
20,5205.0,92,5205.25,13:00:12.621888921
20,5205.0,92,5205.25,13:00:12.622017611
20,5205.0,91,5205.25,13:00:12.622025707
20,5205.0,92,5205.25,13:00:12.631581474
20,5205.0,92,5205.25,13:00:12.764859489
20,5205.0,92,5205.25,13:00:12.764859489
20,5205.0,92,5205.25,13:00:12.764865495
20,5205.0,92,5205.25,13:00:12.764865495
17,5205.0,92,5205.25,13:00:12.835361966
16,5205.0,92,5205.25,13:00:12.835368084
16,5205.0,92,5205.25,13:00:12.839715196
16,5205.0,92,5205.25,13:00:12.852266306
16,5205.0,92,5205.25,13:00:12.852376606
16,5205.0,92,5205.25,13:00:12.907691263
16,5205.0,92,5205.25,13:00:12.911955999
17,5205.0,92,5205.25,13:00:13.260425752
17,5205.0,92,5205.25,13:00:13.260935362
17,5205.0,92,5205.25,13:00:13.261798666
17,5205.0,92,5205.25,13:00:13.261798666
17,5205.0,92,5205.25,13:00:13.264736223
17,5205.0,92,5205.25,13:00:13.264771776
17,5205.0,92,5205.25,13:00:13.266109895
17,5205.0,92,5205.25,13:00:13.266140264
17,5205.0,92,5205.25,13:00:13.277641305
17,5205.0,92,5205.25,13:00:13.279029932
17,5205.0,92,5205.25,13:00:13.279035637
17,5205.0,92,5205.25,13:00:13.348418460
18,5205.0,92,5205.25,13:00:13.546735052
21,5205.0,92,5205.25,13:00:13.546839150
21,5205.0,92,5205.25,13:00:13.547227993
21,5205.0,92,5205.25,13:00:13.547227993
21,5205.0,92,5205.25,13:00:13.547237175
21,5205.0,92,5205.25,13:00:13.547237175
21,5205.0,92,5205.25,13:00:13.547371698
21,5205.0,92,5205.25,13:00:13.604603385
21,5205.0,92,5205.25,13:00:13.655927582
21,5205.0,92,5205.25,13:00:13.779002933
23,5205.0,92,5205.25,13:00:13.836117143
27,5205.0,92,5205.25,13:00:13.836123188
28,5205.0,92,5205.25,13:00:13.836237664
43,5205.0,92,5205.25,13:00:13.836245658
44,5205.0,92,5205.25,13:00:13.836261735
45,5205.0,92,5205.25,13:00:13.836358326
46,5205.0,92,5205.25,13:00:13.836364604
46,5205.0,92,5205.25,13:00:13.836380627
46,5205.0,92,5205.25,13:00:13.836397443
47,5205.0,92,5205.25,13:00:13.836497855
47,5205.0,91,5205.25,13:00:13.836610353
47,5205.0,91,5205.25,13:00:13.836773480
47,5205.0,91,5205.25,13:00:13.836773480
47,5205.0,91,5205.25,13:00:13.837334214
47,5205.0,91,5205.25,13:00:13.837385310
47,5205.0,91,5205.25,13:00:13.847462441
47,5205.0,91,5205.25,13:00:13.847462441
47,5205.0,90,5205.25,13:00:13.979206559
48,5205.0,90,5205.25,13:00:13.979297821
48,5205.0,89,5205.25,13:00:13.979303901
48,5205.0,88,5205.25,13:00:13.979317985
48,5205.0,88,5205.25,13:00:13.979324606
48,5205.0,88,5205.25,13:00:13.979399158
48,5205.0,88,5205.25,13:00:13.979478334
48,5205.0,88,5205.25,13:00:13.979492519
48,5205.0,88,5205.25,13:00:13.979498811
48,5205.0,88,5205.25,13:00:14.065345696
48,5205.0,88,5205.25,13:00:14.065450674
48,5205.0,88,5205.25,13:00:14.266297996
48,5205.0,88,5205.25,13:00:14.266322659
48,5205.0,88,5205.25,13:00:14.266630918
48,5205.0,88,5205.25,13:00:14.334957105
48,5205.0,87,5205.25,13:00:14.352585316
47,5205.0,87,5205.25,13:00:14.352585316
47,5205.0,87,5205.25,13:00:14.403981126
47,5205.0,87,5205.25,13:00:14.422602433
47,5205.0,87,5205.25,13:00:14.474373310
47,5205.0,88,5205.25,13:00:14.495766573
32,5205.0,88,5205.25,13:00:14.526320952
31,5205.0,88,5205.25,13:00:14.526429431
31,5205.0,88,5205.25,13:00:14.540444584
31,5205.0,88,5205.25,13:00:14.540482111
31,5205.0,88,5205.25,13:00:14.540587924
31,5205.0,88,5205.25,13:00:14.540869079
31,5205.0,88,5205.25,13:00:14.574228836
31,5205.0,88,5205.25,13:00:14.657620113
31,5205.0,88,5205.25,13:00:14.657620113
31,5205.0,88,5205.25,13:00:14.657750592
31,5205.0,88,5205.25,13:00:14.657765927
31,5205.0,88,5205.25,13:00:14.657772263
31,5205.0,88,5205.25,13:00:14.657790852
30,5205.0,88,5205.25,13:00:15.013776598
32,5205.0,88,5205.25,13:00:15.032758289
32,5205.0,88,5205.25,13:00:15.301558359
31,5205.0,88,5205.25,13:00:15.301654114
31,5205.0,88,5205.25,13:00:15.301662886
31,5205.0,88,5205.25,13:00:15.380111996
31,5205.0,88,5205.25,13:00:15.384576794
31,5205.0,88,5205.25,13:00:15.384576794
31,5205.0,88,5205.25,13:00:15.498784760
31,5205.0,88,5205.25,13:00:15.508797976
31,5205.0,88,5205.25,13:00:15.508911757
31,5205.0,88,5205.25,13:00:15.587872514
31,5205.0,88,5205.25,13:00:15.636577561
31,5205.0,88,5205.25,13:00:15.636577561
31,5205.0,88,5205.25,13:00:15.636685009
31,5205.0,88,5205.25,13:00:15.636791427
31,5205.0,89,5205.25,13:00:15.688549853
31,5205.0,86,5205.25,13:00:15.688657794
31,5205.0,86,5205.25,13:00:15.696594566
30,5205.0,86,5205.25,13:00:15.696647277
30,5205.0,87,5205.25,13:00:15.696747065
26,5205.0,87,5205.25,13:00:15.696759295
24,5205.0,87,5205.25,13:00:15.696772732
21,5205.0,87,5205.25,13:00:15.696784230
21,5205.0,87,5205.25,13:00:15.696870216
18,5205.0,87,5205.25,13:00:15.696880666
17,5205.0,87,5205.25,13:00:15.696987438
16,5205.0,87,5205.25,13:00:15.696994634
15,5205.0,87,5205.25,13:00:15.697097731
14,5205.0,87,5205.25,13:00:15.697109552
14,5205.0,87,5205.25,13:00:15.698086911
14,5205.0,87,5205.25,13:00:15.698111774
14,5205.0,87,5205.25,13:00:15.698695965
14,5205.0,87,5205.25,13:00:15.698695965
14,5205.0,87,5205.25,13:00:15.698701879
14,5205.0,87,5205.25,13:00:15.698701879
14,5205.0,87,5205.25,13:00:15.698804403
14,5205.0,87,5205.25,13:00:15.698804403
14,5205.0,87,5205.25,13:00:15.706398699
14,5205.0,87,5205.25,13:00:15.706423487
14,5205.0,87,5205.25,13:00:15.706437587
14,5205.0,87,5205.25,13:00:15.706444444
14,5205.0,87,5205.25,13:00:15.706690642
14,5205.0,87,5205.25,13:00:15.706690642
14,5205.0,87,5205.25,13:00:15.710752727
14,5205.0,87,5205.25,13:00:15.710752727
14,5205.0,87,5205.25,13:00:15.724979276
14,5205.0,87,5205.25,13:00:15.725098996
14,5205.0,87,5205.25,13:00:15.901574859
13,5205.0,87,5205.25,13:00:15.935999937
13,5205.0,88,5205.25,13:00:15.936105926
8,5205.0,88,5205.25,13:00:15.936119939
8,5205.0,88,5205.25,13:00:15.936355836
8,5205.0,88,5205.25,13:00:15.936355836
8,5205.0,88,5205.25,13:00:16.057720836
9,5205.0,88,5205.25,13:00:16.057726936
11,5205.0,88,5205.25,13:00:16.057733412
14,5205.0,88,5205.25,13:00:16.057829446
15,5205.0,88,5205.25,13:00:16.057841235
16,5205.0,88,5205.25,13:00:16.057847479
16,5205.0,87,5205.25,13:00:16.057858212
17,5205.0,87,5205.25,13:00:16.057953553
18,5205.0,87,5205.25,13:00:16.057960107
18,5205.0,87,5205.25,13:00:16.058176605
19,5205.0,87,5205.25,13:00:16.058316746
