bidVolume,bidPrice,askVolume,askPrice,timestamp
76,5204.75,48,5205.0,10:00:00.006530391
76,5204.75,49,5205.0,10:00:00.006588027
76,5204.75,48,5205.0,10:00:00.006625811
76,5204.75,48,5205.0,10:00:00.006710948
75,5204.75,48,5205.0,10:00:00.006741314
75,5204.75,49,5205.0,10:00:00.007056229
75,5204.75,50,5205.0,10:00:00.007150170
75,5204.75,52,5205.0,10:00:00.007190884
75,5204.75,51,5205.0,10:00:00.007269190
75,5204.75,50,5205.0,10:00:00.007326295
75,5204.75,51,5205.0,10:00:00.007483351
75,5204.75,50,5205.0,10:00:00.007500177
75,5204.75,48,5205.0,10:00:00.008139418
75,5204.75,49,5205.0,10:00:00.009337724
75,5204.75,46,5205.0,10:00:00.009436046
75,5204.75,58,5205.0,10:00:00.009707898
75,5204.75,59,5205.0,10:00:00.009801170
74,5204.75,59,5205.0,10:00:00.010849559
74,5204.75,63,5205.0,10:00:00.010918777
74,5204.75,64,5205.0,10:00:00.010937526
74,5204.75,64,5205.0,10:00:00.010949555
75,5204.75,64,5205.0,10:00:00.010957728
75,5204.75,64,5205.0,10:00:00.011012513
72,5204.75,64,5205.0,10:00:00.011127015
71,5204.75,64,5205.0,10:00:00.011270422
70,5204.75,64,5205.0,10:00:00.011289092
70,5204.75,65,5205.0,10:00:00.011369909
70,5204.75,66,5205.0,10:00:00.011379228
70,5204.75,67,5205.0,10:00:00.011503253
70,5204.75,66,5205.0,10:00:00.011614673
72,5204.75,66,5205.0,10:00:00.011834603
72,5204.75,65,5205.0,10:00:00.011931319
72,5204.75,64,5205.0,10:00:00.012497033
72,5204.75,63,5205.0,10:00:00.014619619
72,5204.75,62,5205.0,10:00:00.017926255
72,5204.75,63,5205.0,10:00:00.018035134
73,5204.75,63,5205.0,10:00:00.018639927
73,5204.75,63,5205.0,10:00:00.018743133
73,5204.75,63,5205.0,10:00:00.018743133
73,5204.75,59,5205.0,10:00:00.021202820
73,5204.75,58,5205.0,10:00:00.021302077
73,5204.75,57,5205.0,10:00:00.021523745
73,5204.75,56,5205.0,10:00:00.023491116
73,5204.75,57,5205.0,10:00:00.023591383
73,5204.75,51,5205.0,10:00:00.024429986
73,5204.75,51,5205.0,10:00:00.029724057
73,5204.75,51,5205.0,10:00:00.029729846
72,5204.75,51,5205.0,10:00:00.035357095
72,5204.75,50,5205.0,10:00:00.036619332
72,5204.75,49,5205.0,10:00:00.036619332
73,5204.75,49,5205.0,10:00:00.036632324
73,5204.75,50,5205.0,10:00:00.036696334
73,5204.75,51,5205.0,10:00:00.036710129
73,5204.75,51,5205.0,10:00:00.036999694
75,5204.75,51,5205.0,10:00:00.037802437
80,5204.75,51,5205.0,10:00:00.041686521
80,5204.75,44,5205.0,10:00:00.041793141
80,5204.75,41,5205.0,10:00:00.041800402
80,5204.75,37,5205.0,10:00:00.041821062
80,5204.75,36,5205.0,10:00:00.041831391
80,5204.75,35,5205.0,10:00:00.041838700
80,5204.75,34,5205.0,10:00:00.041852221
80,5204.75,33,5205.0,10:00:00.041858265
81,5204.75,33,5205.0,10:00:00.041864749
81,5204.75,33,5205.0,10:00:00.041905966
81,5204.75,32,5205.0,10:00:00.041912356
81,5204.75,27,5205.0,10:00:00.041917127
81,5204.75,26,5205.0,10:00:00.041956706
80,5204.75,26,5205.0,10:00:00.042048039
81,5204.75,26,5205.0,10:00:00.042116530
81,5204.75,24,5205.0,10:00:00.042572097
81,5204.75,21,5205.0,10:00:00.042647299
81,5204.75,19,5205.0,10:00:00.042822752
82,5204.75,19,5205.0,10:00:00.042822752
82,5204.75,18,5205.0,10:00:00.042822752
82,5204.75,17,5205.0,10:00:00.042825363
82,5204.75,11,5205.0,10:00:00.044780590
82,5204.75,10,5205.0,10:00:00.044812902
85,5204.75,10,5205.0,10:00:00.044812902
85,5204.75,9,5205.0,10:00:00.044888695
85,5204.75,8,5205.0,10:00:00.044937303
85,5204.75,6,5205.0,10:00:00.044937303
85,5204.75,80,5205.25,10:00:00.045022294
85,5204.75,80,5205.25,10:00:00.045022294
1,5205.0,80,5205.25,10:00:00.045114469
8,5205.0,80,5205.25,10:00:00.045140027
11,5205.0,80,5205.25,10:00:00.045150671
20,5205.0,80,5205.25,10:00:00.045157241
21,5205.0,80,5205.25,10:00:00.045211920
21,5205.0,80,5205.25,10:00:00.045224314
16,5205.0,80,5205.25,10:00:00.045364851
17,5205.0,80,5205.25,10:00:00.045364851
18,5205.0,80,5205.25,10:00:00.045364851
18,5205.0,80,5205.25,10:00:00.045364851
19,5205.0,80,5205.25,10:00:00.045364851
20,5205.0,80,5205.25,10:00:00.045364851
20,5205.0,80,5205.25,10:00:00.045394685
17,5205.0,80,5205.25,10:00:00.045422808
8,5205.0,80,5205.25,10:00:00.045430872
4,5205.0,80,5205.25,10:00:00.045573109
3,5205.0,80,5205.25,10:00:00.045573109
89,5204.75,80,5205.25,10:00:00.045621003
89,5204.75,80,5205.25,10:00:00.045621003
89,5204.75,5,5205.0,10:00:00.045658438
89,5204.75,4,5205.0,10:00:00.045658438
88,5204.75,4,5205.0,10:00:00.045658438
87,5204.75,4,5205.0,10:00:00.045658438
87,5204.75,4,5205.0,10:00:00.045664582
87,5204.75,80,5205.25,10:00:00.045664582
87,5204.75,80,5205.25,10:00:00.045664582
87,5204.75,1,5205.0,10:00:00.045696138
87,5204.75,1,5205.0,10:00:00.045758424
87,5204.75,2,5205.0,10:00:00.045763314
88,5204.75,2,5205.0,10:00:00.045773432
88,5204.75,80,5205.25,10:00:00.045904433
5,5205.0,80,5205.25,10:00:00.045904433
5,5205.0,80,5205.25,10:00:00.045904433
7,5205.0,80,5205.25,10:00:00.045904433
10,5205.0,80,5205.25,10:00:00.045904433
14,5205.0,80,5205.25,10:00:00.045904433
15,5205.0,80,5205.25,10:00:00.045910770
15,5205.0,80,5205.25,10:00:00.045910770
16,5205.0,80,5205.25,10:00:00.045915019
17,5205.0,80,5205.25,10:00:00.045926053
16,5205.0,80,5205.25,10:00:00.046032388
17,5205.0,80,5205.25,10:00:00.046044286
17,5205.0,80,5205.25,10:00:00.046044286
18,5205.0,80,5205.25,10:00:00.046044286
20,5205.0,80,5205.25,10:00:00.046044286
25,5205.0,80,5205.25,10:00:00.046056430
27,5205.0,80,5205.25,10:00:00.046063771
27,5205.0,80,5205.25,10:00:00.046071742
28,5205.0,80,5205.25,10:00:00.046091022
29,5205.0,80,5205.25,10:00:00.046098379
30,5205.0,80,5205.25,10:00:00.046103116
31,5205.0,80,5205.25,10:00:00.046124156
26,5205.0,80,5205.25,10:00:00.046169104
27,5205.0,80,5205.25,10:00:00.046174682
26,5205.0,80,5205.25,10:00:00.046183156
27,5205.0,80,5205.25,10:00:00.046248862
31,5205.0,80,5205.25,10:00:00.046342771
32,5205.0,80,5205.25,10:00:00.046351556
33,5205.0,80,5205.25,10:00:00.046450412
34,5205.0,80,5205.25,10:00:00.046459369
35,5205.0,80,5205.25,10:00:00.046488512
36,5205.0,80,5205.25,10:00:00.046556245
37,5205.0,80,5205.25,10:00:00.046646429
43,5205.0,80,5205.25,10:00:00.046771692
44,5205.0,80,5205.25,10:00:00.046921702
59,5205.0,80,5205.25,10:00:00.053185021
60,5205.0,80,5205.25,10:00:00.053274460
60,5205.0,77,5205.25,10:00:00.053279964
60,5205.0,76,5205.25,10:00:00.053290028
61,5205.0,76,5205.25,10:00:00.053302886
62,5205.0,76,5205.25,10:00:00.053411873
62,5205.0,75,5205.25,10:00:00.053417269
62,5205.0,75,5205.25,10:00:00.053438137
62,5205.0,75,5205.25,10:00:00.053465353
62,5205.0,60,5205.25,10:00:00.053704871
62,5205.0,57,5205.25,10:00:00.053741397
62,5205.0,56,5205.25,10:00:00.053832119
62,5205.0,53,5205.25,10:00:00.053838678
62,5205.0,54,5205.25,10:00:00.053852297
62,5205.0,51,5205.25,10:00:00.053970163
62,5205.0,50,5205.25,10:00:00.053975792
62,5205.0,49,5205.25,10:00:00.054056872
62,5205.0,46,5205.25,10:00:00.054069109
62,5205.0,45,5205.25,10:00:00.054085926
62,5205.0,44,5205.25,10:00:00.054154692
62,5205.0,44,5205.25,10:00:00.058358750
62,5205.0,44,5205.25,10:00:00.061228082
62,5205.0,43,5205.25,10:00:00.062026795
61,5205.0,43,5205.25,10:00:00.063427358
61,5205.0,43,5205.25,10:00:00.063545651
61,5205.0,42,5205.25,10:00:00.065100915
61,5205.0,42,5205.25,10:00:00.065100915
61,5205.0,42,5205.25,10:00:00.068887439
61,5205.0,41,5205.25,10:00:00.072048661
61,5205.0,41,5205.25,10:00:00.073811983
61,5205.0,41,5205.25,10:00:00.073811983
61,5205.0,41,5205.25,10:00:00.078153567
62,5205.0,41,5205.25,10:00:00.079253273
62,5205.0,40,5205.25,10:00:00.079343390
62,5205.0,39,5205.25,10:00:00.079504286
67,5205.0,39,5205.25,10:00:00.082889132
67,5205.0,39,5205.25,10:00:00.082889132
68,5205.0,39,5205.25,10:00:00.084266122
69,5205.0,39,5205.25,10:00:00.084377615
69,5205.0,38,5205.25,10:00:00.085850189
69,5205.0,37,5205.25,10:00:00.085907716
69,5205.0,35,5205.25,10:00:00.085926682
69,5205.0,34,5205.25,10:00:00.085961046
69,5205.0,30,5205.25,10:00:00.085977238
70,5205.0,30,5205.25,10:00:00.086020042
71,5205.0,30,5205.25,10:00:00.086028785
72,5205.0,30,5205.25,10:00:00.086128271
72,5205.0,29,5205.25,10:00:00.087927150
71,5205.0,29,5205.25,10:00:00.087927150
71,5205.0,34,5205.25,10:00:00.087991864
71,5205.0,36,5205.25,10:00:00.088000056
71,5205.0,36,5205.25,10:00:00.088009125
71,5205.0,37,5205.25,10:00:00.088117211
71,5205.0,38,5205.25,10:00:00.088349394
71,5205.0,39,5205.25,10:00:00.088466917
71,5205.0,40,5205.25,10:00:00.088569904
71,5205.0,41,5205.25,10:00:00.088755815
72,5205.0,41,5205.25,10:00:00.088792287
72,5205.0,39,5205.25,10:00:00.088906442
72,5205.0,34,5205.25,10:00:00.088917492
72,5205.0,35,5205.25,10:00:00.089658522
72,5205.0,38,5205.25,10:00:00.089666701
72,5205.0,42,5205.25,10:00:00.089679341
72,5205.0,39,5205.25,10:00:00.089791900
72,5205.0,35,5205.25,10:00:00.089801171
72,5205.0,38,5205.25,10:00:00.090581718
72,5205.0,42,5205.25,10:00:00.090588351
71,5205.0,42,5205.25,10:00:00.090847883
71,5205.0,43,5205.25,10:00:00.090854117
71,5205.0,42,5205.25,10:00:00.091377273
71,5205.0,42,5205.25,10:00:00.091854022
71,5205.0,38,5205.25,10:00:00.092662438
71,5205.0,35,5205.25,10:00:00.092682646
71,5205.0,34,5205.25,10:00:00.092718247
71,5205.0,33,5205.25,10:00:00.092754176
71,5205.0,32,5205.25,10:00:00.093672177
71,5205.0,33,5205.25,10:00:00.093766585
71,5205.0,32,5205.25,10:00:00.095117236
71,5205.0,26,5205.25,10:00:00.095464674
72,5205.0,26,5205.25,10:00:00.095464674
72,5205.0,25,5205.25,10:00:00.095482943
72,5205.0,23,5205.25,10:00:00.095643666
72,5205.0,22,5205.25,10:00:00.095643666
72,5205.0,20,5205.25,10:00:00.095709319
72,5205.0,19,5205.25,10:00:00.095779112
72,5205.0,13,5205.25,10:00:00.095779112
72,5205.0,11,5205.25,10:00:00.095787019
73,5205.0,11,5205.25,10:00:00.095796578
73,5205.0,5,5205.25,10:00:00.095796578
73,5205.0,4,5205.25,10:00:00.095796578
74,5205.0,4,5205.25,10:00:00.095894711
77,5205.0,4,5205.25,10:00:00.095902340
77,5205.0,3,5205.25,10:00:00.095915105
77,5205.0,2,5205.25,10:00:00.096039386
77,5205.0,8,5205.25,10:00:00.096039386
77,5205.0,7,5205.25,10:00:00.096039386
76,5205.0,7,5205.25,10:00:00.096039386
77,5205.0,7,5205.25,10:00:00.096043655
77,5205.0,14,5205.25,10:00:00.096043655
77,5205.0,7,5205.25,10:00:00.096085294
77,5205.0,5,5205.25,10:00:00.096221504
77,5205.0,6,5205.25,10:00:00.096221504
77,5205.0,13,5205.25,10:00:00.096221504
77,5205.0,12,5205.25,10:00:00.096384737
77,5205.0,13,5205.25,10:00:00.096384737
77,5205.0,13,5205.25,10:00:00.096425345
77,5205.0,13,5205.25,10:00:00.096624450
77,5205.0,10,5205.25,10:00:00.099237325
77,5205.0,11,5205.25,10:00:00.099268830
77,5205.0,11,5205.25,10:00:00.101797012
77,5205.0,11,5205.25,10:00:00.102007922
77,5205.0,9,5205.25,10:00:00.107593474
77,5205.0,15,5205.25,10:00:00.107801897
77,5205.0,16,5205.25,10:00:00.107918011
77,5205.0,17,5205.25,10:00:00.107923007
76,5205.0,17,5205.25,10:00:00.107938764
76,5205.0,17,5205.25,10:00:00.112370968
76,5205.0,17,5205.25,10:00:00.113597473
76,5205.0,19,5205.25,10:00:00.116968648
76,5205.0,23,5205.25,10:00:00.116976088
76,5205.0,26,5205.25,10:00:00.116983902
73,5205.0,26,5205.25,10:00:00.117078474
73,5205.0,27,5205.25,10:00:00.117083789
73,5205.0,28,5205.25,10:00:00.117090385
73,5205.0,29,5205.25,10:00:00.117199094
73,5205.0,30,5205.25,10:00:00.117204940
73,5205.0,31,5205.25,10:00:00.117643122
72,5205.0,31,5205.25,10:00:00.117680179
71,5205.0,31,5205.25,10:00:00.117780638
71,5205.0,34,5205.25,10:00:00.121586552
71,5205.0,38,5205.25,10:00:00.121592485
71,5205.0,39,5205.25,10:00:00.121691763
71,5205.0,40,5205.25,10:00:00.121705053
71,5205.0,41,5205.25,10:00:00.121709860
71,5205.0,42,5205.25,10:00:00.121815372
71,5205.0,43,5205.25,10:00:00.122061153
71,5205.0,58,5205.25,10:00:00.122073230
71,5205.0,59,5205.25,10:00:00.122175860
71,5205.0,58,5205.25,10:00:00.122838580
71,5205.0,59,5205.25,10:00:00.127338222
71,5205.0,56,5205.25,10:00:00.131238621
71,5205.0,52,5205.25,10:00:00.131248624
71,5205.0,51,5205.25,10:00:00.131253728
71,5205.0,36,5205.25,10:00:00.131348354
71,5205.0,35,5205.25,10:00:00.131444849
71,5205.0,34,5205.25,10:00:00.131457915
71,5205.0,33,5205.25,10:00:00.131915258
71,5205.0,32,5205.25,10:00:00.132008892
71,5205.0,31,5205.25,10:00:00.132112379
71,5205.0,35,5205.25,10:00:00.132924504
71,5205.0,37,5205.25,10:00:00.132932543
71,5205.0,38,5205.25,10:00:00.133151517
71,5205.0,39,5205.25,10:00:00.133273593
71,5205.0,38,5205.25,10:00:00.133283676
71,5205.0,33,5205.25,10:00:00.136260750
66,5205.0,33,5205.25,10:00:00.136260750
66,5205.0,29,5205.25,10:00:00.136321155
66,5205.0,27,5205.25,10:00:00.136332173
66,5205.0,32,5205.25,10:00:00.136354496
66,5205.0,31,5205.25,10:00:00.136360663
69,5205.0,31,5205.25,10:00:00.138442327
70,5205.0,31,5205.25,10:00:00.146005138
70,5205.0,31,5205.25,10:00:00.146160233
70,5205.0,31,5205.25,10:00:00.146160233
70,5205.0,31,5205.25,10:00:00.146266724
69,5205.0,31,5205.25,10:00:00.146772603
69,5205.0,32,5205.25,10:00:00.146864803
69,5205.0,33,5205.25,10:00:00.146869507
70,5205.0,33,5205.25,10:00:00.146880205
70,5205.0,37,5205.25,10:00:00.146892071
70,5205.0,39,5205.25,10:00:00.146913691
70,5205.0,38,5205.25,10:00:00.146919662
70,5205.0,34,5205.25,10:00:00.147007049
70,5205.0,32,5205.25,10:00:00.147012515
70,5205.0,33,5205.25,10:00:00.147020269
70,5205.0,32,5205.25,10:00:00.150543924
70,5205.0,36,5205.25,10:00:00.158345104
70,5205.0,38,5205.25,10:00:00.158351261
70,5205.0,34,5205.25,10:00:00.158453439
70,5205.0,35,5205.25,10:00:00.158561377
70,5205.0,38,5205.25,10:00:00.158580274
70,5205.0,39,5205.25,10:00:00.158586866
70,5205.0,36,5205.25,10:00:00.158945804
70,5205.0,35,5205.25,10:00:00.158954838
70,5205.0,33,5205.25,10:00:00.158962630
70,5205.0,32,5205.25,10:00:00.159054642
70,5205.0,35,5205.25,10:00:00.160455985
70,5205.0,38,5205.25,10:00:00.160464334
70,5205.0,39,5205.25,10:00:00.160643157
70,5205.0,44,5205.25,10:00:00.160664009
70,5205.0,44,5205.25,10:00:00.160848745
70,5205.0,44,5205.25,10:00:00.161007241
70,5205.0,45,5205.25,10:00:00.161066311
70,5205.0,46,5205.25,10:00:00.161072868
70,5205.0,47,5205.25,10:00:00.161082759
70,5205.0,47,5205.25,10:00:00.161094264
70,5205.0,48,5205.25,10:00:00.161107230
70,5205.0,63,5205.25,10:00:00.161115701
70,5205.0,64,5205.25,10:00:00.161165334
70,5205.0,65,5205.25,10:00:00.161173868
69,5205.0,65,5205.25,10:00:00.161763666
69,5205.0,65,5205.25,10:00:00.164352623
68,5205.0,65,5205.25,10:00:00.166906121
68,5205.0,65,5205.25,10:00:00.168473887
68,5205.0,66,5205.25,10:00:00.168948568
68,5205.0,68,5205.25,10:00:00.169050644
68,5205.0,69,5205.25,10:00:00.169159245
68,5205.0,69,5205.25,10:00:00.179829962
53,5205.0,69,5205.25,10:00:00.181856034
52,5205.0,69,5205.25,10:00:00.181949294
51,5205.0,69,5205.25,10:00:00.181966846
50,5205.0,69,5205.25,10:00:00.182216960
49,5205.0,69,5205.25,10:00:00.182317663
48,5205.0,69,5205.25,10:00:00.182326127
47,5205.0,69,5205.25,10:00:00.182419204
41,5205.0,69,5205.25,10:00:00.182426836
47,5205.0,69,5205.25,10:00:00.187339623
48,5205.0,69,5205.25,10:00:00.192453485
47,5205.0,69,5205.25,10:00:00.197877908
41,5205.0,69,5205.25,10:00:00.197902280
47,5205.0,69,5205.25,10:00:00.199713823
48,5205.0,69,5205.25,10:00:00.200313322
48,5205.0,68,5205.25,10:00:00.228598090
49,5205.0,68,5205.25,10:00:00.228669022
49,5205.0,69,5205.25,10:00:00.228687420
48,5205.0,69,5205.25,10:00:00.228897138
49,5205.0,69,5205.25,10:00:00.229024114
50,5205.0,69,5205.25,10:00:00.229274603
50,5205.0,68,5205.25,10:00:00.229438974
51,5205.0,68,5205.25,10:00:00.229438974
50,5205.0,68,5205.25,10:00:00.229445748
44,5205.0,68,5205.25,10:00:00.229468773
44,5205.0,69,5205.25,10:00:00.229518969
44,5205.0,70,5205.25,10:00:00.230214625
40,5205.0,70,5205.25,10:00:00.230477817
39,5205.0,70,5205.25,10:00:00.230483235
39,5205.0,71,5205.25,10:00:00.230487968
38,5205.0,71,5205.25,10:00:00.230604284
37,5205.0,71,5205.25,10:00:00.230609052
36,5205.0,71,5205.25,10:00:00.230620774
38,5205.0,71,5205.25,10:00:00.230749663
39,5205.0,71,5205.25,10:00:00.231461021
39,5205.0,71,5205.25,10:00:00.235603223
39,5205.0,71,5205.25,10:00:00.241532928
39,5205.0,71,5205.25,10:00:00.248506902
40,5205.0,71,5205.25,10:00:00.249330474
42,5205.0,71,5205.25,10:00:00.249432748
45,5205.0,71,5205.25,10:00:00.249437548
46,5205.0,71,5205.25,10:00:00.249550209
44,5205.0,71,5205.25,10:00:00.249667358
41,5205.0,71,5205.25,10:00:00.249673153
39,5205.0,71,5205.25,10:00:00.250700968
41,5205.0,71,5205.25,10:00:00.256836846
39,5205.0,71,5205.25,10:00:00.259288809
38,5205.0,71,5205.25,10:00:00.259651849
38,5205.0,69,5205.25,10:00:00.290014590
40,5205.0,69,5205.25,10:00:00.290084714
41,5205.0,69,5205.25,10:00:00.290099495
41,5205.0,69,5205.25,10:00:00.302592949
40,5205.0,69,5205.25,10:00:00.302691316
39,5205.0,69,5205.25,10:00:00.316801229
39,5205.0,68,5205.25,10:00:00.316801229
39,5205.0,68,5205.25,10:00:00.316856919
40,5205.0,68,5205.25,10:00:00.316872151
38,5205.0,68,5205.25,10:00:00.320608011
37,5205.0,68,5205.25,10:00:00.320613896
36,5205.0,68,5205.25,10:00:00.320732609
35,5205.0,68,5205.25,10:00:00.320925877
34,5205.0,68,5205.25,10:00:00.321029645
32,5205.0,68,5205.25,10:00:00.331329900
31,5205.0,68,5205.25,10:00:00.331525650
30,5205.0,68,5205.25,10:00:00.331536419
29,5205.0,68,5205.25,10:00:00.331639039
29,5205.0,67,5205.25,10:00:00.332971617
30,5205.0,67,5205.25,10:00:00.333198959
35,5205.0,67,5205.25,10:00:00.333303038
36,5205.0,67,5205.25,10:00:00.333637096
32,5205.0,67,5205.25,10:00:00.343871067
31,5205.0,67,5205.25,10:00:00.343956080
30,5205.0,67,5205.25,10:00:00.343964865
25,5205.0,67,5205.25,10:00:00.343972858
25,5205.0,67,5205.25,10:00:00.348297342
25,5205.0,67,5205.25,10:00:00.348297342
26,5205.0,67,5205.25,10:00:00.349091515
28,5205.0,67,5205.25,10:00:00.349096884
29,5205.0,67,5205.25,10:00:00.349109707
34,5205.0,67,5205.25,10:00:00.349115626
33,5205.0,67,5205.25,10:00:00.349322268
34,5205.0,67,5205.25,10:00:00.349411041
32,5205.0,67,5205.25,10:00:00.351516959
33,5205.0,67,5205.25,10:00:00.351593786
34,5205.0,67,5205.25,10:00:00.351608557
35,5205.0,67,5205.25,10:00:00.351617412
50,5205.0,67,5205.25,10:00:00.351639268
51,5205.0,67,5205.25,10:00:00.351723753
52,5205.0,67,5205.25,10:00:00.351737801
53,5205.0,67,5205.25,10:00:00.351745510
54,5205.0,67,5205.25,10:00:00.351821595
53,5205.0,67,5205.25,10:00:00.361083650
52,5205.0,67,5205.25,10:00:00.361162343
51,5205.0,67,5205.25,10:00:00.361855544
52,5205.0,67,5205.25,10:00:00.365057925
52,5205.0,47,5205.25,10:00:00.393953849
52,5205.0,51,5205.25,10:00:00.394001038
52,5205.0,55,5205.25,10:00:00.394013371
52,5205.0,56,5205.25,10:00:00.394033185
52,5205.0,55,5205.25,10:00:00.394044408
55,5205.0,55,5205.25,10:00:00.394057816
56,5205.0,55,5205.25,10:00:00.394063506
59,5205.0,55,5205.25,10:00:00.394069010
60,5205.0,55,5205.25,10:00:00.394082201
61,5205.0,55,5205.25,10:00:00.394093436
61,5205.0,54,5205.25,10:00:00.394119334
62,5205.0,54,5205.25,10:00:00.394133146
62,5205.0,53,5205.25,10:00:00.394145712
67,5205.0,53,5205.25,10:00:00.394151489
68,5205.0,53,5205.25,10:00:00.394156833
69,5205.0,53,5205.25,10:00:00.394167729
70,5205.0,53,5205.25,10:00:00.394172276
70,5205.0,54,5205.25,10:00:00.394182408
69,5205.0,54,5205.25,10:00:00.394192238
70,5205.0,54,5205.25,10:00:00.394200574
70,5205.0,60,5205.25,10:00:00.394208815
71,5205.0,60,5205.25,10:00:00.394226850
70,5205.0,60,5205.25,10:00:00.394236297
70,5205.0,58,5205.25,10:00:00.394267968
69,5205.0,58,5205.25,10:00:00.394273702
68,5205.0,58,5205.25,10:00:00.394371499
69,5205.0,58,5205.25,10:00:00.395349170
69,5205.0,43,5205.25,10:00:00.395357298
68,5205.0,43,5205.25,10:00:00.397640260
67,5205.0,43,5205.25,10:00:00.397640260
68,5205.0,43,5205.25,10:00:00.397714507
68,5205.0,42,5205.25,10:00:00.402079712
68,5205.0,43,5205.25,10:00:00.402191970
68,5205.0,44,5205.25,10:00:00.402298388
68,5205.0,45,5205.25,10:00:00.402483915
68,5205.0,44,5205.25,10:00:00.403549405
68,5205.0,44,5205.25,10:00:00.406553750
68,5205.0,45,5205.25,10:00:00.417211926
68,5205.0,49,5205.25,10:00:00.417327468
68,5205.0,48,5205.25,10:00:00.419063142
68,5205.0,47,5205.25,10:00:00.419063142
68,5205.0,48,5205.25,10:00:00.419142355
68,5205.0,47,5205.25,10:00:00.430862242
68,5205.0,48,5205.25,10:00:00.430950084
67,5205.0,48,5205.25,10:00:00.436697825
67,5205.0,49,5205.25,10:00:00.437593811
67,5205.0,50,5205.25,10:00:00.437713484
67,5205.0,49,5205.25,10:00:00.437719167
67,5205.0,64,5205.25,10:00:00.437816721
66,5205.0,64,5205.25,10:00:00.437902713
66,5205.0,65,5205.25,10:00:00.437926045
61,5205.0,65,5205.25,10:00:00.437930557
60,5205.0,65,5205.25,10:00:00.437941392
60,5205.0,67,5205.25,10:00:00.438053007
59,5205.0,67,5205.25,10:00:00.438058991
58,5205.0,67,5205.25,10:00:00.438157569
58,5205.0,68,5205.25,10:00:00.452594013
59,5205.0,68,5205.25,10:00:00.470140135
59,5205.0,68,5205.25,10:00:00.470140135
58,5205.0,68,5205.25,10:00:00.487905429
55,5205.0,68,5205.25,10:00:00.487989562
52,5205.0,68,5205.25,10:00:00.488005524
37,5205.0,68,5205.25,10:00:00.488102489
37,5205.0,69,5205.25,10:00:00.488204392
36,5205.0,69,5205.25,10:00:00.488210149
31,5205.0,69,5205.25,10:00:00.488462845
36,5205.0,69,5205.25,10:00:00.492726685
37,5205.0,69,5205.25,10:00:00.496113616
37,5205.0,69,5205.25,10:00:00.499252978
41,5205.0,69,5205.25,10:00:00.505926815
43,5205.0,69,5205.25,10:00:00.505933164
44,5205.0,69,5205.25,10:00:00.505952211
45,5205.0,69,5205.25,10:00:00.506055144
46,5205.0,69,5205.25,10:00:00.506513435
52,5205.0,69,5205.25,10:00:00.507465856
52,5205.0,54,5205.25,10:00:00.507566746
52,5205.0,53,5205.25,10:00:00.507655714
53,5205.0,53,5205.25,10:00:00.507718259
52,5205.0,53,5205.25,10:00:00.507971474
67,5205.0,53,5205.25,10:00:00.513996149
68,5205.0,53,5205.25,10:00:00.514094320
69,5205.0,53,5205.25,10:00:00.514106266
70,5205.0,53,5205.25,10:00:00.514109719
70,5205.0,53,5205.25,10:00:00.517500388
70,5205.0,52,5205.25,10:00:00.522311576
70,5205.0,53,5205.25,10:00:00.522426955
69,5205.0,53,5205.25,10:00:00.522514125
68,5205.0,53,5205.25,10:00:00.522617467
68,5205.0,52,5205.25,10:00:00.525450932
69,5205.0,52,5205.25,10:00:00.525516511
69,5205.0,53,5205.25,10:00:00.525545993
70,5205.0,53,5205.25,10:00:00.525551200
70,5205.0,52,5205.25,10:00:00.533585729
70,5205.0,51,5205.25,10:00:00.535981668
70,5205.0,52,5205.25,10:00:00.536063120
70,5205.0,53,5205.25,10:00:00.537435826
69,5205.0,53,5205.25,10:00:00.543373945
69,5205.0,52,5205.25,10:00:00.544107624
70,5205.0,52,5205.25,10:00:00.544203734
70,5205.0,52,5205.25,10:00:00.548348243
70,5205.0,52,5205.25,10:00:00.551181843
70,5205.0,51,5205.25,10:00:00.552335331
70,5205.0,52,5205.25,10:00:00.552415093
70,5205.0,53,5205.25,10:00:00.552439714
70,5205.0,52,5205.25,10:00:00.560467536
70,5205.0,53,5205.25,10:00:00.567448297
64,5205.0,53,5205.25,10:00:00.580037011
63,5205.0,53,5205.25,10:00:00.580123426
63,5205.0,68,5205.25,10:00:00.580240118
63,5205.0,69,5205.25,10:00:00.580350192
48,5205.0,69,5205.25,10:00:00.580356579
47,5205.0,69,5205.25,10:00:00.580452664
46,5205.0,69,5205.25,10:00:00.580542448
44,5205.0,69,5205.25,10:00:00.581761766
40,5205.0,69,5205.25,10:00:00.581854849
40,5205.0,69,5205.25,10:00:00.581860977
39,5205.0,69,5205.25,10:00:00.581869701
38,5205.0,69,5205.25,10:00:00.581966935
33,5205.0,69,5205.25,10:00:00.584913642
32,5205.0,69,5205.25,10:00:00.584922586
31,5205.0,69,5205.25,10:00:00.585008893
31,5205.0,68,5205.25,10:00:00.590461809
31,5205.0,66,5205.25,10:00:00.607476106
36,5205.0,66,5205.25,10:00:00.607531352
37,5205.0,66,5205.25,10:00:00.607549049
37,5205.0,67,5205.25,10:00:00.607560991
37,5205.0,68,5205.25,10:00:00.607568726
36,5205.0,68,5205.25,10:00:00.607674417
36,5205.0,67,5205.25,10:00:00.608396821
37,5205.0,67,5205.25,10:00:00.608467304
37,5205.0,68,5205.25,10:00:00.608477921
36,5205.0,68,5205.25,10:00:00.608490632
36,5205.0,68,5205.25,10:00:00.608697702
36,5205.0,67,5205.25,10:00:00.645210080
37,5205.0,67,5205.25,10:00:00.645282702
37,5205.0,68,5205.25,10:00:00.645305864
36,5205.0,68,5205.25,10:00:00.645317714
31,5205.0,68,5205.25,10:00:00.646319846
31,5205.0,68,5205.25,10:00:00.648014280
31,5205.0,68,5205.25,10:00:00.648116036
31,5205.0,68,5205.25,10:00:00.648487017
31,5205.0,68,5205.25,10:00:00.648487017
36,5205.0,68,5205.25,10:00:00.656359210
36,5205.0,68,5205.25,10:00:00.656367460
36,5205.0,68,5205.25,10:00:00.656367460
31,5205.0,68,5205.25,10:00:00.663279147
31,5205.0,71,5205.25,10:00:00.663894190
29,5205.0,71,5205.25,10:00:00.663958143
28,5205.0,71,5205.25,10:00:00.663983385
27,5205.0,71,5205.25,10:00:00.663989827
27,5205.0,72,5205.25,10:00:00.664001965
25,5205.0,72,5205.25,10:00:00.664008973
24,5205.0,72,5205.25,10:00:00.664017617
23,5205.0,72,5205.25,10:00:00.664031028
22,5205.0,72,5205.25,10:00:00.664036196
21,5205.0,72,5205.25,10:00:00.664042276
20,5205.0,72,5205.25,10:00:00.664055614
15,5205.0,72,5205.25,10:00:00.664299460
14,5205.0,72,5205.25,10:00:00.664299460
13,5205.0,72,5205.25,10:00:00.664299460
12,5205.0,72,5205.25,10:00:00.664369064
12,5205.0,72,5205.25,10:00:00.664369064
11,5205.0,72,5205.25,10:00:00.664369064
91,5204.75,72,5205.25,10:00:00.664475252
91,5204.75,72,5205.25,10:00:00.664475252
91,5204.75,2,5205.0,10:00:00.664488945
91,5204.75,3,5205.0,10:00:00.664488945
91,5204.75,6,5205.0,10:00:00.664488945
91,5204.75,6,5205.0,10:00:00.664523956
91,5204.75,11,5205.0,10:00:00.664533761
91,5204.75,8,5205.0,10:00:00.664594537
91,5204.75,10,5205.0,10:00:00.664600201
91,5204.75,11,5205.0,10:00:00.664605337
91,5204.75,14,5205.0,10:00:00.664608816
91,5204.75,19,5205.0,10:00:00.664617141
91,5204.75,19,5205.0,10:00:00.664631541
91,5204.75,19,5205.0,10:00:00.664636770
91,5204.75,20,5205.0,10:00:00.664642847
91,5204.75,17,5205.0,10:00:00.664659248
91,5204.75,12,5205.0,10:00:00.664665686
91,5204.75,13,5205.0,10:00:00.664674131
91,5204.75,14,5205.0,10:00:00.664678976
91,5204.75,21,5205.0,10:00:00.664741097
91,5204.75,20,5205.0,10:00:00.664870277
91,5204.75,20,5205.0,10:00:00.664870277
91,5204.75,21,5205.0,10:00:00.664870277
91,5204.75,22,5205.0,10:00:00.664870277
91,5204.75,26,5205.0,10:00:00.664870277
91,5204.75,28,5205.0,10:00:00.664870277
91,5204.75,31,5205.0,10:00:00.664870277
91,5204.75,31,5205.0,10:00:00.664870277
91,5204.75,30,5205.0,10:00:00.664943341
91,5204.75,23,5205.0,10:00:00.664960948
91,5204.75,19,5205.0,10:00:00.664965604
91,5204.75,17,5205.0,10:00:00.664975325
91,5204.75,14,5205.0,10:00:00.664992321
91,5204.75,13,5205.0,10:00:00.665007432
91,5204.75,12,5205.0,10:00:00.665027134
91,5204.75,12,5205.0,10:00:00.666196339
91,5204.75,14,5205.0,10:00:00.666688477
91,5204.75,18,5205.0,10:00:00.667076286
91,5204.75,20,5205.0,10:00:00.667083057
91,5204.75,23,5205.0,10:00:00.667090510
91,5204.75,24,5205.0,10:00:00.667176362
91,5204.75,25,5205.0,10:00:00.667261115
91,5204.75,26,5205.0,10:00:00.667276575
91,5204.75,27,5205.0,10:00:00.667379063
91,5204.75,24,5205.0,10:00:00.698902728
91,5204.75,20,5205.0,10:00:00.698909358
91,5204.75,18,5205.0,10:00:00.698920117
91,5204.75,17,5205.0,10:00:00.698965081
91,5204.75,16,5205.0,10:00:00.698988086
91,5204.75,15,5205.0,10:00:00.699021217
91,5204.75,13,5205.0,10:00:00.699060235
91,5204.75,11,5205.0,10:00:00.699158819
91,5204.75,10,5205.0,10:00:00.699261330
91,5204.75,9,5205.0,10:00:00.699964602
91,5204.75,8,5205.0,10:00:00.700025989
91,5204.75,7,5205.0,10:00:00.700045477
90,5204.75,7,5205.0,10:00:00.703405384
90,5204.75,14,5205.0,10:00:00.703561618
90,5204.75,14,5205.0,10:00:00.703578179
90,5204.75,15,5205.0,10:00:00.703675323
90,5204.75,15,5205.0,10:00:00.703685474
90,5204.75,15,5205.0,10:00:00.703702344
90,5204.75,15,5205.0,10:00:00.703708876
90,5204.75,15,5205.0,10:00:00.703714159
90,5204.75,21,5205.0,10:00:00.704112199
90,5204.75,25,5205.0,10:00:00.704271290
90,5204.75,27,5205.0,10:00:00.704282810
90,5204.75,30,5205.0,10:00:00.704291294
89,5204.75,30,5205.0,10:00:00.704382355
89,5204.75,34,5205.0,10:00:00.704387840
89,5204.75,35,5205.0,10:00:00.704394765
89,5204.75,38,5205.0,10:00:00.704401802
89,5204.75,41,5205.0,10:00:00.704414119
89,5204.75,42,5205.0,10:00:00.704418925
89,5204.75,43,5205.0,10:00:00.704425744
89,5204.75,44,5205.0,10:00:00.704430961
89,5204.75,41,5205.0,10:00:00.704439617
89,5204.75,38,5205.0,10:00:00.704451083
89,5204.75,38,5205.0,10:00:00.704546370
89,5204.75,39,5205.0,10:00:00.704551314
89,5204.75,38,5205.0,10:00:00.704561545
89,5204.75,41,5205.0,10:00:00.704606643
89,5204.75,44,5205.0,10:00:00.704615214
89,5204.75,41,5205.0,10:00:00.704817458
89,5204.75,38,5205.0,10:00:00.704824316
89,5204.75,42,5205.0,10:00:00.705640076
89,5204.75,44,5205.0,10:00:00.705650713
89,5204.75,45,5205.0,10:00:00.705657520
89,5204.75,44,5205.0,10:00:00.705685270
88,5204.75,44,5205.0,10:00:00.705763364
88,5204.75,44,5205.0,10:00:00.706142550
88,5204.75,45,5205.0,10:00:00.706148822
88,5204.75,44,5205.0,10:00:00.706301088
88,5204.75,40,5205.0,10:00:00.706723788
88,5204.75,38,5205.0,10:00:00.706729413
88,5204.75,42,5205.0,10:00:00.706868305
88,5204.75,44,5205.0,10:00:00.706874407
88,5204.75,40,5205.0,10:00:00.706979668
88,5204.75,38,5205.0,10:00:00.706985470
88,5204.75,42,5205.0,10:00:00.709354196
88,5204.75,44,5205.0,10:00:00.709360804
88,5204.75,40,5205.0,10:00:00.711510674
88,5204.75,38,5205.0,10:00:00.711606570
88,5204.75,41,5205.0,10:00:00.711655516
88,5204.75,42,5205.0,10:00:00.711663359
88,5204.75,43,5205.0,10:00:00.711750461
88,5204.75,44,5205.0,10:00:00.711756577
88,5204.75,45,5205.0,10:00:00.711920919
88,5204.75,42,5205.0,10:00:00.711940961
88,5204.75,41,5205.0,10:00:00.711945617
88,5204.75,40,5205.0,10:00:00.711955918
88,5204.75,39,5205.0,10:00:00.711963525
88,5204.75,40,5205.0,10:00:00.712015206
88,5204.75,41,5205.0,10:00:00.712020697
88,5204.75,40,5205.0,10:00:00.712031017
88,5204.75,43,5205.0,10:00:00.712124002
88,5204.75,46,5205.0,10:00:00.712133285
88,5204.75,43,5205.0,10:00:00.712234535
88,5204.75,40,5205.0,10:00:00.712240270
88,5204.75,43,5205.0,10:00:00.712417976
88,5204.75,46,5205.0,10:00:00.712428331
88,5204.75,43,5205.0,10:00:00.713448012
88,5204.75,40,5205.0,10:00:00.713455318
88,5204.75,43,5205.0,10:00:00.713604864
88,5204.75,46,5205.0,10:00:00.713613862
88,5204.75,47,5205.0,10:00:00.713698027
88,5204.75,44,5205.0,10:00:00.714724044
88,5204.75,41,5205.0,10:00:00.714730054
88,5204.75,40,5205.0,10:00:00.714828338
88,5204.75,44,5205.0,10:00:00.717761149
88,5204.75,46,5205.0,10:00:00.717771770
88,5204.75,47,5205.0,10:00:00.717858044
88,5204.75,47,5205.0,10:00:00.717981982
88,5204.75,47,5205.0,10:00:00.717988209
88,5204.75,46,5205.0,10:00:00.720174970
88,5204.75,42,5205.0,10:00:00.720398776
88,5204.75,40,5205.0,10:00:00.720409436
88,5204.75,36,5205.0,10:00:00.720501284
88,5204.75,40,5205.0,10:00:00.720964297
88,5204.75,42,5205.0,10:00:00.720970393
88,5204.75,43,5205.0,10:00:00.721064562
88,5204.75,39,5205.0,10:00:00.721102163
88,5204.75,37,5205.0,10:00:00.721110621
88,5204.75,36,5205.0,10:00:00.721199871
88,5204.75,36,5205.0,10:00:00.721575219
88,5204.75,37,5205.0,10:00:00.722462808
88,5204.75,36,5205.0,10:00:00.722551165
88,5204.75,35,5205.0,10:00:00.722642008
88,5204.75,39,5205.0,10:00:00.723573381
88,5204.75,41,5205.0,10:00:00.723582853
88,5204.75,42,5205.0,10:00:00.723660858
88,5204.75,38,5205.0,10:00:00.723689089
88,5204.75,37,5205.0,10:00:00.723772563
88,5204.75,40,5205.0,10:00:00.723861406
88,5204.75,41,5205.0,10:00:00.723870062
88,5204.75,38,5205.0,10:00:00.724048098
88,5204.75,37,5205.0,10:00:00.724054850
88,5204.75,35,5205.0,10:00:00.724259180
88,5204.75,38,5205.0,10:00:00.726414020
88,5204.75,41,5205.0,10:00:00.726420430
88,5204.75,38,5205.0,10:00:00.727148621
88,5204.75,35,5205.0,10:00:00.727155165
88,5204.75,38,5205.0,10:00:00.727398891
88,5204.75,41,5205.0,10:00:00.727404348
88,5204.75,42,5205.0,10:00:00.727488279
88,5204.75,39,5205.0,10:00:00.728456615
88,5204.75,36,5205.0,10:00:00.728464151
88,5204.75,35,5205.0,10:00:00.728545666
88,5204.75,38,5205.0,10:00:00.729089245
88,5204.75,41,5205.0,10:00:00.729094701
88,5204.75,38,5205.0,10:00:00.729214316
88,5204.75,35,5205.0,10:00:00.729219913
88,5204.75,39,5205.0,10:00:00.729410302
88,5204.75,41,5205.0,10:00:00.729417495
88,5204.75,37,5205.0,10:00:00.729516944
88,5204.75,35,5205.0,10:00:00.729525350
88,5204.75,39,5205.0,10:00:00.730497226
88,5204.75,41,5205.0,10:00:00.730503386
88,5204.75,42,5205.0,10:00:00.730591404
88,5204.75,38,5205.0,10:00:00.730702398
88,5204.75,38,5205.0,10:00:00.730740651
88,5204.75,38,5205.0,10:00:00.730749224
88,5204.75,37,5205.0,10:00:00.730797299
88,5204.75,40,5205.0,10:00:00.730885074
88,5204.75,41,5205.0,10:00:00.730895976
88,5204.75,38,5205.0,10:00:00.731067797
88,5204.75,40,5205.0,10:00:00.731266723
88,5204.75,41,5205.0,10:00:00.731273203
88,5204.75,39,5205.0,10:00:00.734086687
88,5204.75,38,5205.0,10:00:00.734099250
88,5204.75,36,5205.0,10:00:00.734106268
88,5204.75,35,5205.0,10:00:00.734113225
88,5204.75,38,5205.0,10:00:00.734830510
88,5204.75,41,5205.0,10:00:00.734836171
88,5204.75,38,5205.0,10:00:00.734942266
88,5204.75,35,5205.0,10:00:00.734947578
88,5204.75,34,5205.0,10:00:00.742899552
88,5204.75,37,5205.0,10:00:00.743051757
88,5204.75,40,5205.0,10:00:00.743058413
88,5204.75,37,5205.0,10:00:00.743164655
88,5204.75,34,5205.0,10:00:00.743171567
88,5204.75,35,5205.0,10:00:00.743179340
88,5204.75,36,5205.0,10:00:00.746750925
88,5204.75,39,5205.0,10:00:00.746901024
88,5204.75,42,5205.0,10:00:00.746909754
88,5204.75,43,5205.0,10:00:00.746985855
88,5204.75,44,5205.0,10:00:00.747080711
88,5204.75,41,5205.0,10:00:00.747442027
88,5204.75,38,5205.0,10:00:00.747457458
88,5204.75,37,5205.0,10:00:00.747516858
88,5204.75,36,5205.0,10:00:00.747529831
88,5204.75,39,5205.0,10:00:00.747605471
88,5204.75,42,5205.0,10:00:00.747615711
88,5204.75,39,5205.0,10:00:00.747863053
88,5204.75,36,5205.0,10:00:00.747870791
88,5204.75,40,5205.0,10:00:00.751860539
88,5204.75,42,5205.0,10:00:00.751867944
88,5204.75,43,5205.0,10:00:00.751959053
88,5204.75,39,5205.0,10:00:00.751965917
88,5204.75,37,5205.0,10:00:00.751976423
88,5204.75,36,5205.0,10:00:00.752053922
88,5204.75,37,5205.0,10:00:00.753721507
88,5204.75,36,5205.0,10:00:00.759523288
88,5204.75,35,5205.0,10:00:00.759609271
88,5204.75,36,5205.0,10:00:00.760060083
88,5204.75,35,5205.0,10:00:00.760267834
88,5204.75,36,5205.0,10:00:00.764594948
88,5204.75,40,5205.0,10:00:00.764685254
88,5204.75,42,5205.0,10:00:00.764696742
88,5204.75,43,5205.0,10:00:00.764701415
88,5204.75,39,5205.0,10:00:00.764878017
88,5204.75,37,5205.0,10:00:00.764896663
88,5204.75,36,5205.0,10:00:00.764986774
88,5204.75,39,5205.0,10:00:00.765003859
88,5204.75,40,5205.0,10:00:00.765011149
88,5204.75,42,5205.0,10:00:00.765040218
88,5204.75,40,5205.0,10:00:00.765130847
88,5204.75,37,5205.0,10:00:00.765216887
88,5204.75,36,5205.0,10:00:00.765228996
88,5204.75,37,5205.0,10:00:00.765308876
88,5204.75,38,5205.0,10:00:00.765317302
88,5204.75,38,5205.0,10:00:00.769305658
88,5204.75,40,5205.0,10:00:00.769898105
88,5204.75,42,5205.0,10:00:00.769904354
88,5204.75,43,5205.0,10:00:00.770002222
88,5204.75,44,5205.0,10:00:00.770097945
88,5204.75,42,5205.0,10:00:00.773046286
88,5204.75,41,5205.0,10:00:00.773128960
88,5204.75,42,5205.0,10:00:00.773227967
88,5204.75,43,5205.0,10:00:00.773233522
88,5204.75,44,5205.0,10:00:00.773322871
88,5204.75,43,5205.0,10:00:00.773332692
88,5204.75,42,5205.0,10:00:00.773341886
88,5204.75,41,5205.0,10:00:00.773426396
88,5204.75,42,5205.0,10:00:00.773523320
88,5204.75,43,5205.0,10:00:00.773532971
88,5204.75,42,5205.0,10:00:00.775441890
88,5204.75,41,5205.0,10:00:00.775447816
88,5204.75,40,5205.0,10:00:00.775543341
88,5204.75,38,5205.0,10:00:00.775549508
88,5204.75,38,5205.0,10:00:00.777333864
88,5204.75,37,5205.0,10:00:00.780204462
88,5204.75,41,5205.0,10:00:00.780300992
88,5204.75,42,5205.0,10:00:00.780308877
88,5204.75,43,5205.0,10:00:00.780388617
88,5204.75,39,5205.0,10:00:00.780472788
88,5204.75,38,5205.0,10:00:00.780557903
88,5204.75,37,5205.0,10:00:00.780568147
88,5204.75,40,5205.0,10:00:00.780648177
88,5204.75,41,5205.0,10:00:00.780658097
88,5204.75,42,5205.0,10:00:00.780737385
88,5204.75,39,5205.0,10:00:00.780837800
88,5204.75,38,5205.0,10:00:00.780843957
88,5204.75,37,5205.0,10:00:00.780854111
88,5204.75,36,5205.0,10:00:00.780930880
88,5204.75,37,5205.0,10:00:00.791962974
88,5204.75,38,5205.0,10:00:00.792073005
88,5204.75,37,5205.0,10:00:00.792092878
88,5204.75,40,5205.0,10:00:00.792270519
88,5204.75,43,5205.0,10:00:00.792278587
88,5204.75,46,5205.0,10:00:00.792288859
88,5204.75,43,5205.0,10:00:00.792385648
88,5204.75,40,5205.0,10:00:00.792393568
88,5204.75,41,5205.0,10:00:00.793167478
88,5204.75,44,5205.0,10:00:00.797498151
88,5204.75,47,5205.0,10:00:00.797506375
88,5204.75,48,5205.0,10:00:00.797567756
88,5204.75,45,5205.0,10:00:00.798000158
88,5204.75,42,5205.0,10:00:00.798006773
89,5204.75,42,5205.0,10:00:00.798406073
89,5204.75,41,5205.0,10:00:00.798466459
89,5204.75,40,5205.0,10:00:00.798490005
89,5204.75,41,5205.0,10:00:00.799582599
89,5204.75,41,5205.0,10:00:00.800167402
89,5204.75,41,5205.0,10:00:00.800408322
89,5204.75,41,5205.0,10:00:00.800568975
89,5204.75,42,5205.0,10:00:00.802696099
89,5204.75,39,5205.0,10:00:00.802701769
89,5204.75,38,5205.0,10:00:00.802923905
89,5204.75,37,5205.0,10:00:00.802931771
89,5204.75,37,5205.0,10:00:00.802942293
89,5204.75,38,5205.0,10:00:00.822487908
89,5204.75,37,5205.0,10:00:00.847780564
89,5204.75,36,5205.0,10:00:00.860370843
89,5204.75,35,5205.0,10:00:00.860467229
89,5204.75,29,5205.0,10:00:00.860473159
89,5204.75,29,5205.0,10:00:00.860561864
89,5204.75,29,5205.0,10:00:00.860582067
89,5204.75,28,5205.0,10:00:00.860676814
89,5204.75,29,5205.0,10:00:00.869096081
89,5204.75,30,5205.0,10:00:00.869130786
89,5204.75,29,5205.0,10:00:00.869549732
89,5204.75,29,5205.0,10:00:00.873134124
89,5204.75,30,5205.0,10:00:00.877589647
89,5204.75,29,5205.0,10:00:00.877609577
89,5204.75,28,5205.0,10:00:00.877707796
89,5204.75,26,5205.0,10:00:00.877954502
89,5204.75,25,5205.0,10:00:00.878052834
90,5204.75,25,5205.0,10:00:00.878163988
90,5204.75,27,5205.0,10:00:00.896619645
90,5204.75,28,5205.0,10:00:00.896630833
90,5204.75,27,5205.0,10:00:00.911311820
90,5204.75,28,5205.0,10:00:00.911411217
90,5204.75,26,5205.0,10:00:00.911417905
82,5204.75,26,5205.0,10:00:00.913443511
82,5204.75,29,5205.0,10:00:00.913518226
82,5204.75,32,5205.0,10:00:00.913524488
82,5204.75,37,5205.0,10:00:00.913539100
82,5204.75,38,5205.0,10:00:00.913547657
82,5204.75,40,5205.0,10:00:00.913559673
82,5204.75,41,5205.0,10:00:00.913570780
88,5204.75,41,5205.0,10:00:00.913583024
88,5204.75,42,5205.0,10:00:00.913595843
88,5204.75,43,5205.0,10:00:00.913603738
87,5204.75,43,5205.0,10:00:00.913647777
87,5204.75,43,5205.0,10:00:00.913656654
87,5204.75,44,5205.0,10:00:00.913665982
87,5204.75,43,5205.0,10:00:00.913691557
87,5204.75,42,5205.0,10:00:00.913703397
87,5204.75,40,5205.0,10:00:00.913709209
87,5204.75,37,5205.0,10:00:00.913716438
87,5204.75,34,5205.0,10:00:00.913726374
87,5204.75,33,5205.0,10:00:00.914191026
87,5204.75,36,5205.0,10:00:00.919485117
87,5204.75,39,5205.0,10:00:00.919498724
87,5204.75,43,5205.0,10:00:00.919509057
87,5204.75,44,5205.0,10:00:00.919515674
87,5204.75,45,5205.0,10:00:00.919523684
87,5204.75,46,5205.0,10:00:00.919544885
87,5204.75,47,5205.0,10:00:00.919549627
87,5204.75,48,5205.0,10:00:00.919559003
87,5204.75,48,5205.0,10:00:00.919598566
87,5204.75,63,5205.0,10:00:00.919604611
87,5204.75,60,5205.0,10:00:00.919609545
87,5204.75,57,5205.0,10:00:00.919617561
87,5204.75,58,5205.0,10:00:00.919626841
87,5204.75,57,5205.0,10:00:00.919659693
87,5204.75,56,5205.0,10:00:00.919667658
87,5204.75,55,5205.0,10:00:00.919685505
87,5204.75,59,5205.0,10:00:00.919738351
87,5204.75,59,5205.0,10:00:00.924824591
88,5204.75,59,5205.0,10:00:00.945810703
88,5204.75,58,5205.0,10:00:00.946212924
88,5204.75,43,5205.0,10:00:00.946298844
88,5204.75,42,5205.0,10:00:00.946307413
88,5204.75,41,5205.0,10:00:00.946395722
88,5204.75,40,5205.0,10:00:00.946419368
88,5204.75,41,5205.0,10:00:00.946540391
88,5204.75,42,5205.0,10:00:00.946635750
88,5204.75,46,5205.0,10:00:00.960030576
88,5204.75,48,5205.0,10:00:00.960036691
88,5204.75,44,5205.0,10:00:00.960147868
88,5204.75,42,5205.0,10:00:00.960153874
88,5204.75,41,5205.0,10:00:00.960242116
88,5204.75,41,5205.0,10:00:00.960421054
88,5204.75,41,5205.0,10:00:00.960429525
88,5204.75,45,5205.0,10:00:00.960752558
88,5204.75,47,5205.0,10:00:00.960764379
88,5204.75,47,5205.0,10:00:00.960798415
88,5204.75,48,5205.0,10:00:00.960840509
88,5204.75,48,5205.0,10:00:00.961010010
88,5204.75,44,5205.0,10:00:00.961015968
88,5204.75,44,5205.0,10:00:00.961146461
88,5204.75,47,5205.0,10:00:00.961159418
88,5204.75,48,5205.0,10:00:00.961169568
88,5204.75,49,5205.0,10:00:00.961273570
88,5204.75,50,5205.0,10:00:00.961279555
88,5204.75,50,5205.0,10:00:00.963016863
88,5204.75,50,5205.0,10:00:00.963304146
88,5204.75,50,5205.0,10:00:00.963758411
88,5204.75,50,5205.0,10:00:00.964012339
88,5204.75,50,5205.0,10:00:00.964197133
88,5204.75,52,5205.0,10:00:00.965830401
88,5204.75,53,5205.0,10:00:00.965932541
88,5204.75,53,5205.0,10:00:00.969311182
88,5204.75,68,5205.0,10:00:00.973743761
88,5204.75,69,5205.0,10:00:00.973850070
88,5204.75,70,5205.0,10:00:00.973857894
88,5204.75,71,5205.0,10:00:00.973984009
86,5204.75,71,5205.0,10:00:00.974022764
85,5204.75,71,5205.0,10:00:00.974115918
82,5204.75,71,5205.0,10:00:00.974174524
76,5204.75,71,5205.0,10:00:00.974228740
70,5204.75,71,5205.0,10:00:00.974244705
63,5204.75,71,5205.0,10:00:00.974555123
61,5204.75,71,5205.0,10:00:00.974569182
58,5204.75,71,5205.0,10:00:00.974591960
57,5204.75,71,5205.0,10:00:00.974599205
57,5204.75,71,5205.0,10:00:00.974623983
56,5204.75,71,5205.0,10:00:00.974637215
55,5204.75,71,5205.0,10:00:00.974648505
55,5204.75,72,5205.0,10:00:00.974665437
40,5204.75,72,5205.0,10:00:00.974688727
38,5204.75,72,5205.0,10:00:00.974791708
37,5204.75,72,5205.0,10:00:00.974895739
38,5204.75,72,5205.0,10:00:00.975003066
39,5204.75,72,5205.0,10:00:00.975105068
38,5204.75,72,5205.0,10:00:00.975142419
39,5204.75,72,5205.0,10:00:00.976812427
40,5204.75,72,5205.0,10:00:00.976917763
40,5204.75,71,5205.0,10:00:00.977180076
41,5204.75,71,5205.0,10:00:00.977276862
41,5204.75,70,5205.0,10:00:00.977284254
41,5204.75,70,5205.0,10:00:00.979956253
40,5204.75,70,5205.0,10:00:00.982805180
39,5204.75,70,5205.0,10:00:00.982813984
38,5204.75,70,5205.0,10:00:00.983263482
33,5204.75,70,5205.0,10:00:00.994364173
33,5204.75,73,5205.0,10:00:00.994364173
32,5204.75,73,5205.0,10:00:00.994364173
31,5204.75,73,5205.0,10:00:00.994364173
30,5204.75,73,5205.0,10:00:00.994364173
29,5204.75,73,5205.0,10:00:00.994364173
27,5204.75,73,5205.0,10:00:00.994364173
26,5204.75,73,5205.0,10:00:00.994366706
25,5204.75,73,5205.0,10:00:00.994443217
19,5204.75,73,5205.0,10:00:00.994564371
17,5204.75,73,5205.0,10:00:00.994564371
10,5204.75,73,5205.0,10:00:00.994643557
10,5204.75,73,5205.0,10:00:00.994643557
8,5204.75,73,5205.0,10:00:00.994643557
4,5204.75,73,5205.0,10:00:00.994670418
2,5204.75,73,5205.0,10:00:00.994770037
83,5204.5,73,5205.0,10:00:00.994770037
83,5204.5,73,5205.0,10:00:00.994770037
83,5204.5,1,5204.75,10:00:00.994770037
83,5204.5,5,5204.75,10:00:00.994778616
83,5204.5,7,5204.75,10:00:00.994778616
83,5204.5,8,5204.75,10:00:00.994793102
83,5204.5,14,5204.75,10:00:00.994818309
83,5204.5,15,5204.75,10:00:00.994859510
80,5204.5,15,5204.75,10:00:00.994867977
80,5204.5,15,5204.75,10:00:00.994945118
79,5204.5,15,5204.75,10:00:00.994952907
78,5204.5,15,5204.75,10:00:00.994958594
78,5204.5,15,5204.75,10:00:00.994958594
78,5204.5,14,5204.75,10:00:00.995076491
78,5204.5,14,5204.75,10:00:00.995076491
78,5204.5,15,5204.75,10:00:00.995076491
78,5204.5,16,5204.75,10:00:00.995076491
78,5204.5,16,5204.75,10:00:00.995076491
79,5204.5,16,5204.75,10:00:00.995076491
79,5204.5,17,5204.75,10:00:00.995076491
79,5204.5,18,5204.75,10:00:00.995076491
79,5204.5,18,5204.75,10:00:00.995076491
79,5204.5,17,5204.75,10:00:00.995076491
79,5204.5,17,5204.75,10:00:00.995139494
79,5204.5,17,5204.75,10:00:00.995139494
79,5204.5,16,5204.75,10:00:00.995160201
79,5204.5,15,5204.75,10:00:00.995170278
79,5204.5,15,5204.75,10:00:00.995177459
78,5204.5,15,5204.75,10:00:00.995290293
78,5204.5,15,5204.75,10:00:00.996003428
78,5204.5,16,5204.75,10:00:00.996066120
78,5204.5,20,5204.75,10:00:00.996191274
78,5204.5,24,5204.75,10:00:00.996198241
78,5204.5,25,5204.75,10:00:00.996206760
78,5204.5,31,5204.75,10:00:00.996305834
78,5204.5,32,5204.75,10:00:00.996406991
78,5204.5,32,5204.75,10:00:00.998886180
78,5204.5,26,5204.75,10:00:01.001579447
78,5204.5,25,5204.75,10:00:01.001686888
78,5204.5,25,5204.75,10:00:01.002430901
78,5204.5,24,5204.75,10:00:01.006523047
78,5204.5,25,5204.75,10:00:01.011315182
78,5204.5,24,5204.75,10:00:01.014955684
78,5204.5,24,5204.75,10:00:01.021373576
78,5204.5,20,5204.75,10:00:01.027083650
78,5204.5,16,5204.75,10:00:01.027089227
78,5204.5,15,5204.75,10:00:01.028831821
78,5204.5,14,5204.75,10:00:01.028924503
78,5204.5,15,5204.75,10:00:01.034444082
78,5204.5,16,5204.75,10:00:01.034450140
78,5204.5,16,5204.75,10:00:01.043469061
78,5204.5,16,5204.75,10:00:01.043474824
78,5204.5,16,5204.75,10:00:01.044319670
78,5204.5,16,5204.75,10:00:01.049184491
78,5204.5,16,5204.75,10:00:01.049432966
78,5204.5,16,5204.75,10:00:01.049544508
80,5204.5,16,5204.75,10:00:01.050260538
80,5204.5,16,5204.75,10:00:01.053934401
81,5204.5,16,5204.75,10:00:01.064720365
82,5204.5,16,5204.75,10:00:01.064726362
82,5204.5,15,5204.75,10:00:01.067366486
82,5204.5,16,5204.75,10:00:01.067366486
82,5204.5,15,5204.75,10:00:01.077519803
82,5204.5,18,5204.75,10:00:01.080109696
82,5204.5,21,5204.75,10:00:01.080116697
82,5204.5,25,5204.75,10:00:01.080129978
82,5204.5,29,5204.75,10:00:01.080137738
79,5204.5,29,5204.75,10:00:01.080146183
79,5204.5,35,5204.75,10:00:01.080153165
79,5204.5,36,5204.75,10:00:01.080192107
79,5204.5,37,5204.75,10:00:01.080227256
79,5204.5,38,5204.75,10:00:01.080233557
79,5204.5,39,5204.75,10:00:01.080256559
79,5204.5,40,5204.75,10:00:01.080272000
78,5204.5,40,5204.75,10:00:01.080293014
78,5204.5,41,5204.75,10:00:01.080569583
78,5204.5,56,5204.75,10:00:01.080614938
78,5204.5,57,5204.75,10:00:01.080717375
63,5204.5,57,5204.75,10:00:01.080725532
63,5204.5,58,5204.75,10:00:01.080733436
63,5204.5,59,5204.75,10:00:01.080823219
62,5204.5,59,5204.75,10:00:01.080838208
62,5204.5,60,5204.75,10:00:01.080848353
61,5204.5,60,5204.75,10:00:01.080859778
61,5204.5,60,5204.75,10:00:01.080869321
61,5204.5,60,5204.75,10:00:01.080869321
58,5204.5,60,5204.75,10:00:01.081020117
58,5204.5,61,5204.75,10:00:01.081058924
57,5204.5,61,5204.75,10:00:01.081615233
57,5204.5,62,5204.75,10:00:01.081726458
57,5204.5,62,5204.75,10:00:01.081734087
58,5204.5,62,5204.75,10:00:01.081841893
57,5204.5,62,5204.75,10:00:01.089107232
56,5204.5,62,5204.75,10:00:01.089511949
56,5204.5,59,5204.75,10:00:01.090653120
57,5204.5,59,5204.75,10:00:01.090721307
57,5204.5,59,5204.75,10:00:01.091110122
57,5204.5,58,5204.75,10:00:01.091220898
57,5204.5,57,5204.75,10:00:01.091332388
56,5204.5,57,5204.75,10:00:01.091968763
56,5204.5,57,5204.75,10:00:01.092161365
57,5204.5,57,5204.75,10:00:01.095620225
56,5204.5,57,5204.75,10:00:01.100129596
50,5204.5,57,5204.75,10:00:01.100979216
50,5204.5,57,5204.75,10:00:01.101073967
50,5204.5,58,5204.75,10:00:01.109023163
50,5204.5,58,5204.75,10:00:01.126130046
50,5204.5,58,5204.75,10:00:01.126130046
50,5204.5,58,5204.75,10:00:01.136443530
48,5204.5,58,5204.75,10:00:01.142180908
48,5204.5,58,5204.75,10:00:01.144093082
48,5204.5,58,5204.75,10:00:01.146481149
48,5204.5,58,5204.75,10:00:01.146592278
48,5204.5,59,5204.75,10:00:01.146701195
48,5204.5,62,5204.75,10:00:01.146909742
40,5204.5,62,5204.75,10:00:01.147167195
39,5204.5,62,5204.75,10:00:01.147173368
45,5204.5,62,5204.75,10:00:01.147786817
45,5204.5,62,5204.75,10:00:01.151473230
45,5204.5,62,5204.75,10:00:01.156485360
46,5204.5,62,5204.75,10:00:01.160325389
48,5204.5,62,5204.75,10:00:01.160668868
48,5204.5,62,5204.75,10:00:01.161788363
49,5204.5,62,5204.75,10:00:01.162530675
49,5204.5,62,5204.75,10:00:01.162788690
55,5204.5,62,5204.75,10:00:01.166317571
56,5204.5,62,5204.75,10:00:01.166426366
50,5204.5,62,5204.75,10:00:01.168557545
50,5204.5,62,5204.75,10:00:01.170768002
49,5204.5,62,5204.75,10:00:01.176547079
47,5204.5,62,5204.75,10:00:01.196848466
48,5204.5,62,5204.75,10:00:01.197221143
49,5204.5,62,5204.75,10:00:01.197910811
49,5204.5,62,5204.75,10:00:01.202893046
48,5204.5,62,5204.75,10:00:01.204487042
47,5204.5,62,5204.75,10:00:01.204505456
41,5204.5,62,5204.75,10:00:01.204526346
9,5204.5,62,5204.75,10:00:01.208808678
9,5204.5,63,5204.75,10:00:01.208812660
8,5204.5,63,5204.75,10:00:01.208919064
7,5204.5,63,5204.75,10:00:01.208919064
7,5204.5,63,5204.75,10:00:01.208919064
7,5204.5,63,5204.75,10:00:01.208919064
7,5204.5,63,5204.75,10:00:01.208971380
6,5204.5,63,5204.75,10:00:01.208971380
3,5204.5,63,5204.75,10:00:01.209033944
94,5204.25,63,5204.75,10:00:01.209087376
94,5204.25,2,5204.5,10:00:01.209087376
94,5204.25,2,5204.5,10:00:01.209087376
94,5204.25,3,5204.5,10:00:01.209087376
94,5204.25,7,5204.5,10:00:01.209087376
94,5204.25,11,5204.5,10:00:01.209087376
94,5204.25,9,5204.5,10:00:01.209100396
94,5204.25,9,5204.5,10:00:01.209100396
94,5204.25,9,5204.5,10:00:01.209100396
94,5204.25,9,5204.5,10:00:01.209100396
94,5204.25,10,5204.5,10:00:01.209100396
94,5204.25,11,5204.5,10:00:01.209104650
94,5204.25,7,5204.5,10:00:01.209104650
94,5204.25,3,5204.5,10:00:01.209114409
94,5204.25,3,5204.5,10:00:01.209122592
94,5204.25,3,5204.5,10:00:01.209122592
94,5204.25,3,5204.5,10:00:01.209122592
94,5204.25,3,5204.5,10:00:01.209122592
94,5204.25,4,5204.5,10:00:01.209281756
94,5204.25,5,5204.5,10:00:01.209287977
93,5204.25,5,5204.5,10:00:01.209293984
93,5204.25,66,5204.75,10:00:01.209430931
93,5204.25,66,5204.75,10:00:01.209430931
92,5204.25,66,5204.75,10:00:01.209430931
92,5204.25,66,5204.75,10:00:01.209430931
92,5204.25,66,5204.75,10:00:01.209437161
92,5204.25,1,5204.5,10:00:01.209437161
92,5204.25,1,5204.5,10:00:01.209437161
92,5204.25,1,5204.5,10:00:01.209445075
93,5204.25,1,5204.5,10:00:01.209445075
93,5204.25,1,5204.5,10:00:01.209449650
93,5204.25,1,5204.5,10:00:01.209458057
93,5204.25,68,5204.75,10:00:01.209591965
1,5204.5,68,5204.75,10:00:01.209591965
1,5204.5,68,5204.75,10:00:01.209591965
4,5204.5,68,5204.75,10:00:01.209606388
6,5204.5,68,5204.75,10:00:01.209606388
8,5204.5,68,5204.75,10:00:01.209610941
10,5204.5,68,5204.75,10:00:01.209706863
14,5204.5,68,5204.75,10:00:01.209710780
20,5204.5,68,5204.75,10:00:01.209732729
22,5204.5,68,5204.75,10:00:01.209751084
22,5204.5,68,5204.75,10:00:01.209756416
23,5204.5,68,5204.75,10:00:01.209761565
23,5204.5,68,5204.75,10:00:01.209766368
24,5204.5,68,5204.75,10:00:01.209777386
25,5204.5,68,5204.75,10:00:01.209805085
26,5204.5,68,5204.75,10:00:01.209858894
27,5204.5,68,5204.75,10:00:01.209864283
28,5204.5,68,5204.75,10:00:01.209871583
29,5204.5,68,5204.75,10:00:01.209875967
30,5204.5,68,5204.75,10:00:01.209983284
31,5204.5,68,5204.75,10:00:01.209991352
32,5204.5,68,5204.75,10:00:01.210087322
32,5204.5,67,5204.75,10:00:01.210094186
32,5204.5,67,5204.75,10:00:01.210415722
31,5204.5,67,5204.75,10:00:01.211834207
30,5204.5,67,5204.75,10:00:01.211929743
30,5204.5,66,5204.75,10:00:01.212125282
31,5204.5,66,5204.75,10:00:01.212134460
32,5204.5,66,5204.75,10:00:01.212392321
33,5204.5,66,5204.75,10:00:01.212485952
34,5204.5,66,5204.75,10:00:01.212576306
33,5204.5,66,5204.75,10:00:01.212663329
32,5204.5,66,5204.75,10:00:01.212747993
33,5204.5,66,5204.75,10:00:01.213298269
38,5204.5,66,5204.75,10:00:01.213303437
38,5204.5,66,5204.75,10:00:01.213321038
53,5204.5,66,5204.75,10:00:01.213420400
54,5204.5,66,5204.75,10:00:01.213501896
55,5204.5,66,5204.75,10:00:01.213513016
54,5204.5,66,5204.75,10:00:01.213588483
55,5204.5,66,5204.75,10:00:01.216227282
55,5204.5,66,5204.75,10:00:01.216491882
55,5204.5,63,5204.75,10:00:01.216607813
54,5204.5,63,5204.75,10:00:01.217056582
55,5204.5,63,5204.75,10:00:01.219810295
54,5204.5,63,5204.75,10:00:01.223847246
53,5204.5,63,5204.75,10:00:01.223946640
54,5204.5,63,5204.75,10:00:01.229384721
54,5204.5,63,5204.75,10:00:01.235962482
39,5204.5,63,5204.75,10:00:01.255704111
38,5204.5,63,5204.75,10:00:01.256472504
37,5204.5,63,5204.75,10:00:01.258194206
39,5204.5,63,5204.75,10:00:01.284765301
39,5204.5,63,5204.75,10:00:01.298406887
40,5204.5,63,5204.75,10:00:01.300166385
55,5204.5,63,5204.75,10:00:01.300270409
56,5204.5,63,5204.75,10:00:01.300376920
56,5204.5,63,5204.75,10:00:01.305074887
56,5204.5,63,5204.75,10:00:01.308995378
55,5204.5,63,5204.75,10:00:01.310495524
54,5204.5,63,5204.75,10:00:01.312550532
39,5204.5,63,5204.75,10:00:01.312651974
37,5204.5,63,5204.75,10:00:01.312737783
32,5204.5,63,5204.75,10:00:01.318240486
31,5204.5,63,5204.75,10:00:01.318249965
30,5204.5,63,5204.75,10:00:01.318328296
29,5204.5,63,5204.75,10:00:01.318442794
28,5204.5,63,5204.75,10:00:01.323815667
27,5204.5,63,5204.75,10:00:01.329886420
24,5204.5,63,5204.75,10:00:01.329895597
22,5204.5,63,5204.75,10:00:01.329907150
21,5204.5,63,5204.75,10:00:01.330198698
21,5204.5,66,5204.75,10:00:01.330198698
19,5204.5,66,5204.75,10:00:01.330198698
17,5204.5,66,5204.75,10:00:01.330202839
13,5204.5,66,5204.75,10:00:01.330208272
7,5204.5,66,5204.75,10:00:01.330215655
93,5204.25,66,5204.75,10:00:01.330462144
93,5204.25,66,5204.75,10:00:01.330462144
93,5204.25,1,5204.5,10:00:01.330462144
93,5204.25,2,5204.5,10:00:01.330481638
93,5204.25,6,5204.5,10:00:01.330492227
93,5204.25,8,5204.5,10:00:01.330497033
93,5204.25,10,5204.5,10:00:01.330513402
93,5204.25,12,5204.5,10:00:01.330522144
93,5204.25,18,5204.5,10:00:01.330544679
93,5204.25,19,5204.5,10:00:01.330551191
93,5204.25,20,5204.5,10:00:01.330562968
92,5204.25,20,5204.5,10:00:01.330587784
92,5204.25,14,5204.5,10:00:01.330620009
92,5204.25,13,5204.5,10:00:01.330627071
92,5204.25,14,5204.5,10:00:01.330632678
92,5204.25,15,5204.5,10:00:01.330640543
92,5204.25,16,5204.5,10:00:01.330646796
92,5204.25,16,5204.5,10:00:01.330721383
92,5204.25,14,5204.5,10:00:01.330974681
92,5204.25,14,5204.5,10:00:01.331014500
92,5204.25,13,5204.5,10:00:01.331240431
92,5204.25,11,5204.5,10:00:01.331501870
92,5204.25,10,5204.5,10:00:01.331501870
92,5204.25,16,5204.5,10:00:01.331501870
92,5204.25,13,5204.5,10:00:01.331561276
92,5204.25,11,5204.5,10:00:01.331572857
92,5204.25,9,5204.5,10:00:01.331577740
93,5204.25,9,5204.5,10:00:01.331627972
92,5204.25,9,5204.5,10:00:01.331748934
92,5204.25,3,5204.5,10:00:01.332016789
92,5204.25,66,5204.75,10:00:01.332786443
92,5204.25,66,5204.75,10:00:01.332786443
1,5204.5,66,5204.75,10:00:01.332876192
1,5204.5,66,5204.75,10:00:01.332896791
2,5204.5,66,5204.75,10:00:01.332985979
2,5204.5,66,5204.75,10:00:01.333075969
3,5204.5,66,5204.75,10:00:01.333102295
2,5204.5,66,5204.75,10:00:01.333171468
2,5204.5,66,5204.75,10:00:01.333953493
1,5204.5,66,5204.75,10:00:01.334054308
2,5204.5,66,5204.75,10:00:01.340887284
4,5204.5,66,5204.75,10:00:01.340893818
8,5204.5,66,5204.75,10:00:01.340899949
10,5204.5,66,5204.75,10:00:01.340909597
16,5204.5,66,5204.75,10:00:01.340922910
17,5204.5,66,5204.75,10:00:01.341013962
18,5204.5,66,5204.75,10:00:01.341025319
19,5204.5,66,5204.75,10:00:01.341031556
20,5204.5,66,5204.75,10:00:01.341301744
14,5204.5,66,5204.75,10:00:01.341451094
13,5204.5,66,5204.75,10:00:01.342132343
12,5204.5,66,5204.75,10:00:01.342518779
8,5204.5,66,5204.75,10:00:01.343322450
6,5204.5,66,5204.75,10:00:01.343330175
4,5204.5,66,5204.75,10:00:01.343443207
3,5204.5,66,5204.75,10:00:01.344997101
2,5204.5,66,5204.75,10:00:01.345077784
1,5204.5,66,5204.75,10:00:01.345091718
92,5204.25,66,5204.75,10:00:01.345173175
92,5204.25,66,5204.75,10:00:01.345173175
93,5204.25,66,5204.75,10:00:01.345291363
90,5204.25,66,5204.75,10:00:01.345694878
1,5204.5,66,5204.75,10:00:01.347445381
2,5204.5,66,5204.75,10:00:01.347561687
3,5204.5,66,5204.75,10:00:01.347568282
3,5204.5,66,5204.75,10:00:01.348935401
2,5204.5,66,5204.75,10:00:01.349034997
2,5204.5,66,5204.75,10:00:01.352912572
3,5204.5,66,5204.75,10:00:01.398096601
5,5204.5,66,5204.75,10:00:01.398201397
11,5204.5,66,5204.75,10:00:01.398208719
15,5204.5,66,5204.75,10:00:01.398221666
17,5204.5,66,5204.75,10:00:01.398230473
18,5204.5,66,5204.75,10:00:01.398237356
18,5204.5,66,5204.75,10:00:01.398244617
19,5204.5,66,5204.75,10:00:01.398309306
20,5204.5,66,5204.75,10:00:01.398320907
21,5204.5,66,5204.75,10:00:01.398325550
22,5204.5,66,5204.75,10:00:01.398346635
21,5204.5,66,5204.75,10:00:01.398374232
23,5204.5,66,5204.75,10:00:01.402242432
24,5204.5,66,5204.75,10:00:01.405398518
24,5204.5,65,5204.75,10:00:01.406695161
27,5204.5,65,5204.75,10:00:01.406769992
28,5204.5,65,5204.75,10:00:01.406784127
29,5204.5,65,5204.75,10:00:01.406802927
32,5204.5,65,5204.75,10:00:01.406812636
35,5204.5,65,5204.75,10:00:01.406823923
36,5204.5,65,5204.75,10:00:01.406841165
35,5204.5,65,5204.75,10:00:01.406845933
50,5204.5,65,5204.75,10:00:01.406879869
47,5204.5,65,5204.75,10:00:01.406899860
48,5204.5,65,5204.75,10:00:01.406919592
49,5204.5,65,5204.75,10:00:01.406926305
46,5204.5,65,5204.75,10:00:01.406938235
43,5204.5,65,5204.75,10:00:01.406945762
42,5204.5,65,5204.75,10:00:01.406982284
44,5204.5,65,5204.75,10:00:01.407077438
45,5204.5,65,5204.75,10:00:01.407082251
47,5204.5,65,5204.75,10:00:01.407097896
48,5204.5,65,5204.75,10:00:01.407105167
48,5204.5,65,5204.75,10:00:01.407198231
49,5204.5,65,5204.75,10:00:01.407433804
49,5204.5,65,5204.75,10:00:01.407722510
49,5204.5,62,5204.75,10:00:01.410502995
55,5204.5,62,5204.75,10:00:01.410610060
55,5204.5,62,5204.75,10:00:01.410890606
55,5204.5,61,5204.75,10:00:01.412136855
55,5204.5,58,5204.75,10:00:01.412205915
55,5204.5,57,5204.75,10:00:01.412300228
55,5204.5,42,5204.75,10:00:01.412310986
56,5204.5,42,5204.75,10:00:01.412413299
57,5204.5,42,5204.75,10:00:01.412424752
57,5204.5,41,5204.75,10:00:01.412440000
57,5204.5,40,5204.75,10:00:01.412444829
57,5204.5,39,5204.75,10:00:01.412514523
58,5204.5,39,5204.75,10:00:01.412544351
58,5204.5,40,5204.75,10:00:01.412613457
58,5204.5,41,5204.75,10:00:01.414647347
58,5204.5,42,5204.75,10:00:01.414657939
58,5204.5,43,5204.75,10:00:01.414666749
57,5204.5,43,5204.75,10:00:01.414741167
57,5204.5,43,5204.75,10:00:01.414973616
57,5204.5,43,5204.75,10:00:01.419340706
57,5204.5,43,5204.75,10:00:01.433875452
51,5204.5,43,5204.75,10:00:01.436195755
51,5204.5,50,5204.75,10:00:01.436202523
49,5204.5,50,5204.75,10:00:01.436279763
48,5204.5,50,5204.75,10:00:01.436290317
46,5204.5,50,5204.75,10:00:01.436296864
45,5204.5,50,5204.75,10:00:01.436308663
45,5204.5,54,5204.75,10:00:01.436316481
45,5204.5,55,5204.75,10:00:01.436341720
39,5204.5,55,5204.75,10:00:01.436346670
39,5204.5,58,5204.75,10:00:01.436355889
24,5204.5,58,5204.75,10:00:01.436405186
23,5204.5,58,5204.75,10:00:01.436443866
22,5204.5,58,5204.75,10:00:01.436499147
21,5204.5,58,5204.75,10:00:01.436509429
20,5204.5,58,5204.75,10:00:01.436518673
19,5204.5,58,5204.75,10:00:01.436544021
18,5204.5,58,5204.75,10:00:01.436628964
18,5204.5,58,5204.75,10:00:01.436741445
17,5204.5,58,5204.75,10:00:01.436747858
15,5204.5,58,5204.75,10:00:01.436756344
11,5204.5,58,5204.75,10:00:01.436761260
9,5204.5,58,5204.75,10:00:01.436766901
9,5204.5,58,5204.75,10:00:01.436854251
9,5204.5,58,5204.75,10:00:01.437282154
9,5204.5,73,5204.75,10:00:01.437303227
8,5204.5,73,5204.75,10:00:01.437399098
8,5204.5,74,5204.75,10:00:01.437404858
10,5204.5,74,5204.75,10:00:01.438220938
14,5204.5,74,5204.75,10:00:01.438226157
16,5204.5,74,5204.75,10:00:01.438240503
14,5204.5,74,5204.75,10:00:01.441283137
10,5204.5,74,5204.75,10:00:01.441289137
8,5204.5,74,5204.75,10:00:01.441295730
8,5204.5,73,5204.75,10:00:01.447538153
9,5204.5,73,5204.75,10:00:01.466280888
9,5204.5,72,5204.75,10:00:01.471716189
8,5204.5,72,5204.75,10:00:01.471716189
8,5204.5,70,5204.75,10:00:01.500189957
10,5204.5,70,5204.75,10:00:01.500399514
14,5204.5,70,5204.75,10:00:01.500498232
18,5204.5,70,5204.75,10:00:01.500503647
14,5204.5,70,5204.75,10:00:01.508044441
10,5204.5,70,5204.75,10:00:01.508128594
8,5204.5,70,5204.75,10:00:01.508146268
8,5204.5,70,5204.75,10:00:01.521740689
6,5204.5,70,5204.75,10:00:01.523613923
90,5204.25,70,5204.75,10:00:01.523839294
90,5204.25,70,5204.75,10:00:01.523839294
90,5204.25,1,5204.5,10:00:01.523943395
89,5204.25,1,5204.5,10:00:01.523950538
89,5204.25,2,5204.5,10:00:01.524044575
89,5204.25,1,5204.5,10:00:01.524056230
89,5204.25,1,5204.5,10:00:01.524104471
89,5204.25,70,5204.75,10:00:01.524265213
89,5204.25,70,5204.75,10:00:01.524265213
89,5204.25,73,5204.75,10:00:01.524265213
90,5204.25,73,5204.75,10:00:01.524385602
90,5204.25,73,5204.75,10:00:01.526600316
6,5204.5,73,5204.75,10:00:01.531323083
14,5204.5,73,5204.75,10:00:01.531329618
15,5204.5,73,5204.75,10:00:01.531431094
16,5204.5,73,5204.75,10:00:01.531444358
17,5204.5,73,5204.75,10:00:01.531459417
18,5204.5,73,5204.75,10:00:01.531571642
19,5204.5,73,5204.75,10:00:01.531869750
20,5204.5,73,5204.75,10:00:01.533669773
21,5204.5,73,5204.75,10:00:01.534699836
22,5204.5,73,5204.75,10:00:01.534707513
23,5204.5,73,5204.75,10:00:01.534807656
22,5204.5,73,5204.75,10:00:01.535721972
21,5204.5,73,5204.75,10:00:01.535783336
20,5204.5,73,5204.75,10:00:01.535826370
19,5204.5,73,5204.75,10:00:01.535890420
11,5204.5,73,5204.75,10:00:01.536952790
5,5204.5,73,5204.75,10:00:01.536958633
4,5204.5,73,5204.75,10:00:01.537046731
3,5204.5,73,5204.75,10:00:01.537052875
3,5204.5,73,5204.75,10:00:01.537398175
4,5204.5,73,5204.75,10:00:01.539236205
10,5204.5,73,5204.75,10:00:01.539337545
14,5204.5,73,5204.75,10:00:01.539353833
16,5204.5,73,5204.75,10:00:01.539366080
18,5204.5,73,5204.75,10:00:01.539375306
19,5204.5,73,5204.75,10:00:01.539473013
20,5204.5,73,5204.75,10:00:01.546331651
21,5204.5,73,5204.75,10:00:01.546449464
22,5204.5,73,5204.75,10:00:01.548067407
23,5204.5,73,5204.75,10:00:01.548084361
24,5204.5,73,5204.75,10:00:01.548101824
25,5204.5,73,5204.75,10:00:01.548114282
30,5204.5,73,5204.75,10:00:01.548127578
45,5204.5,73,5204.75,10:00:01.548146353
46,5204.5,73,5204.75,10:00:01.548190018
47,5204.5,73,5204.75,10:00:01.548195938
46,5204.5,73,5204.75,10:00:01.548212463
46,5204.5,58,5204.75,10:00:01.548219612
47,5204.5,58,5204.75,10:00:01.548264525
47,5204.5,58,5204.75,10:00:01.548324343
47,5204.5,58,5204.75,10:00:01.552301022
46,5204.5,58,5204.75,10:00:01.558325798
46,5204.5,58,5204.75,10:00:01.559247334
46,5204.5,58,5204.75,10:00:01.572282656
46,5204.5,73,5204.75,10:00:01.573323470
46,5204.5,74,5204.75,10:00:01.573426237
31,5204.5,74,5204.75,10:00:01.573642200
26,5204.5,74,5204.75,10:00:01.573651029
25,5204.5,74,5204.75,10:00:01.573762999
24,5204.5,74,5204.75,10:00:01.573776263
24,5204.5,74,5204.75,10:00:01.573891251
25,5204.5,74,5204.75,10:00:01.573936260
26,5204.5,74,5204.75,10:00:01.574487407
26,5204.5,73,5204.75,10:00:01.583544534
25,5204.5,73,5204.75,10:00:01.588300098
26,5204.5,73,5204.75,10:00:01.609157631
31,5204.5,73,5204.75,10:00:01.609467292
35,5204.5,73,5204.75,10:00:01.609475852
37,5204.5,73,5204.75,10:00:01.609488646
38,5204.5,73,5204.75,10:00:01.609500476
53,5204.5,73,5204.75,10:00:01.609510173
54,5204.5,73,5204.75,10:00:01.609526762
55,5204.5,73,5204.75,10:00:01.609538077
55,5204.5,58,5204.75,10:00:01.609583396
55,5204.5,58,5204.75,10:00:01.609599333
56,5204.5,58,5204.75,10:00:01.609610978
55,5204.5,58,5204.75,10:00:01.609616274
54,5204.5,58,5204.75,10:00:01.609640079
54,5204.5,58,5204.75,10:00:01.613360765
54,5204.5,58,5204.75,10:00:01.618261315
54,5204.5,58,5204.75,10:00:01.618363695
53,5204.5,58,5204.75,10:00:01.619734621
53,5204.5,58,5204.75,10:00:01.634563928
53,5204.5,58,5204.75,10:00:01.635443842
53,5204.5,58,5204.75,10:00:01.652534078
53,5204.5,57,5204.75,10:00:01.658784920
54,5204.5,57,5204.75,10:00:01.659446009
54,5204.5,54,5204.75,10:00:01.659643002
55,5204.5,54,5204.75,10:00:01.659909804
56,5204.5,54,5204.75,10:00:01.659919743
56,5204.5,47,5204.75,10:00:01.660026503
55,5204.5,47,5204.75,10:00:01.660031994
55,5204.5,46,5204.75,10:00:01.660127645
56,5204.5,46,5204.75,10:00:01.660224738
56,5204.5,46,5204.75,10:00:01.660567913
57,5204.5,46,5204.75,10:00:01.660887005
57,5204.5,46,5204.75,10:00:01.663579542
57,5204.5,43,5204.75,10:00:01.665423371
57,5204.5,42,5204.75,10:00:01.665519437
58,5204.5,42,5204.75,10:00:01.665533674
58,5204.5,42,5204.75,10:00:01.665609391
59,5204.5,42,5204.75,10:00:01.667937025
59,5204.5,41,5204.75,10:00:01.668138404
59,5204.5,42,5204.75,10:00:01.668552263
59,5204.5,41,5204.75,10:00:01.670672894
59,5204.5,40,5204.75,10:00:01.670701695
59,5204.5,39,5204.75,10:00:01.670801537
59,5204.5,38,5204.75,10:00:01.670809690
59,5204.5,37,5204.75,10:00:01.670836245
59,5204.5,36,5204.75,10:00:01.670885651
59,5204.5,35,5204.75,10:00:01.670942301
59,5204.5,34,5204.75,10:00:01.670986497
60,5204.5,34,5204.75,10:00:01.671390365
60,5204.5,33,5204.75,10:00:01.671492687
61,5204.5,33,5204.75,10:00:01.671500373
61,5204.5,30,5204.75,10:00:01.671796005
61,5204.5,27,5204.75,10:00:01.671802002
61,5204.5,26,5204.75,10:00:01.671902605
61,5204.5,25,5204.75,10:00:01.671949976
60,5204.5,25,5204.75,10:00:01.672211668
61,5204.5,25,5204.75,10:00:01.678925934
60,5204.5,25,5204.75,10:00:01.689116481
60,5204.5,26,5204.75,10:00:01.692970859
60,5204.5,26,5204.75,10:00:01.697128681
60,5204.5,20,5204.75,10:00:01.697136675
61,5204.5,20,5204.75,10:00:01.697363395
61,5204.5,20,5204.75,10:00:01.697466211
61,5204.5,20,5204.75,10:00:01.697502272
61,5204.5,20,5204.75,10:00:01.702522076
61,5204.5,19,5204.75,10:00:01.717429489
61,5204.5,19,5204.75,10:00:01.743823825
59,5204.5,19,5204.75,10:00:01.753330528
59,5204.5,19,5204.75,10:00:01.753397182
59,5204.5,21,5204.75,10:00:01.753414354
60,5204.5,21,5204.75,10:00:01.753435231
60,5204.5,19,5204.75,10:00:01.753680174
60,5204.5,15,5204.75,10:00:01.753931155
60,5204.5,14,5204.75,10:00:01.754033467
60,5204.5,10,5204.75,10:00:01.754044117
60,5204.5,9,5204.75,10:00:01.754135920
60,5204.5,12,5204.75,10:00:01.759290753
60,5204.5,14,5204.75,10:00:01.759301358
60,5204.5,16,5204.75,10:00:01.759312428
60,5204.5,17,5204.75,10:00:01.759322268
60,5204.5,23,5204.75,10:00:01.759329685
60,5204.5,24,5204.75,10:00:01.759337065
60,5204.5,25,5204.75,10:00:01.759424100
60,5204.5,26,5204.75,10:00:01.759436056
60,5204.5,25,5204.75,10:00:01.759457525
60,5204.5,24,5204.75,10:00:01.763208797
60,5204.5,25,5204.75,10:00:01.768818094
60,5204.5,24,5204.75,10:00:01.769023349
60,5204.5,23,5204.75,10:00:01.769539363
60,5204.5,17,5204.75,10:00:01.770658166
60,5204.5,17,5204.75,10:00:01.778926486
60,5204.5,17,5204.75,10:00:01.779032719
60,5204.5,18,5204.75,10:00:01.780836537
60,5204.5,19,5204.75,10:00:01.780929470
60,5204.5,18,5204.75,10:00:01.795686807
60,5204.5,18,5204.75,10:00:01.798958588
60,5204.5,20,5204.75,10:00:01.801016428
60,5204.5,21,5204.75,10:00:01.801026006
60,5204.5,27,5204.75,10:00:01.801113694
60,5204.5,21,5204.75,10:00:01.803169892
60,5204.5,19,5204.75,10:00:01.803250863
60,5204.5,18,5204.75,10:00:01.803281210
60,5204.5,17,5204.75,10:00:01.803337524
60,5204.5,19,5204.75,10:00:01.809720002
60,5204.5,20,5204.75,10:00:01.810202008
60,5204.5,26,5204.75,10:00:01.810210382
60,5204.5,25,5204.75,10:00:01.810308349
60,5204.5,26,5204.75,10:00:01.810316497
60,5204.5,27,5204.75,10:00:01.810448480
60,5204.5,26,5204.75,10:00:01.810551285
60,5204.5,27,5204.75,10:00:01.813440960
60,5204.5,26,5204.75,10:00:01.814962443
60,5204.5,24,5204.75,10:00:01.815046829
60,5204.5,23,5204.75,10:00:01.815070381
60,5204.5,23,5204.75,10:00:01.822124577
60,5204.5,17,5204.75,10:00:01.834273010
59,5204.5,17,5204.75,10:00:01.838978071
59,5204.5,19,5204.75,10:00:01.839068137
60,5204.5,19,5204.75,10:00:01.850234954
60,5204.5,17,5204.75,10:00:01.853201996
60,5204.5,15,5204.75,10:00:01.854347993
60,5204.5,13,5204.75,10:00:01.854357357
60,5204.5,10,5204.75,10:00:01.854363693
60,5204.5,9,5204.75,10:00:01.854448661
60,5204.5,9,5204.75,10:00:01.854830934
60,5204.5,9,5204.75,10:00:01.858376065
61,5204.5,9,5204.75,10:00:01.872405765
61,5204.5,10,5204.75,10:00:01.879560120
61,5204.5,13,5204.75,10:00:01.879649667
61,5204.5,15,5204.75,10:00:01.879667037
61,5204.5,17,5204.75,10:00:01.879672922
61,5204.5,23,5204.75,10:00:01.879689556
61,5204.5,24,5204.75,10:00:01.879786451
61,5204.5,25,5204.75,10:00:01.879794272
61,5204.5,26,5204.75,10:00:01.879995271
60,5204.5,26,5204.75,10:00:01.880079865
60,5204.5,25,5204.75,10:00:01.880297347
60,5204.5,24,5204.75,10:00:01.889905566
60,5204.5,18,5204.75,10:00:01.890810871
59,5204.5,18,5204.75,10:00:01.906755863
60,5204.5,18,5204.75,10:00:01.906875476
60,5204.5,24,5204.75,10:00:01.907386872
60,5204.5,28,5204.75,10:00:01.907397515
60,5204.5,29,5204.75,10:00:01.907407902
60,5204.5,29,5204.75,10:00:01.907486819
60,5204.5,25,5204.75,10:00:01.907507895
60,5204.5,24,5204.75,10:00:01.907522273
58,5204.5,24,5204.75,10:00:01.909554048
58,5204.5,25,5204.75,10:00:01.909611982
58,5204.5,26,5204.75,10:00:01.909641576
59,5204.5,26,5204.75,10:00:01.909647570
59,5204.5,25,5204.75,10:00:01.909652252
59,5204.5,24,5204.75,10:00:01.914514186
58,5204.5,24,5204.75,10:00:01.915616311
59,5204.5,24,5204.75,10:00:01.925177799
59,5204.5,25,5204.75,10:00:01.926757268
59,5204.5,26,5204.75,10:00:01.928739010
59,5204.5,25,5204.75,10:00:01.930401405
59,5204.5,24,5204.75,10:00:01.930518313
59,5204.5,25,5204.75,10:00:01.930894330
58,5204.5,25,5204.75,10:00:01.935146467
57,5204.5,25,5204.75,10:00:01.936194213
57,5204.5,29,5204.75,10:00:01.936265059
57,5204.5,30,5204.75,10:00:01.936279930
56,5204.5,30,5204.75,10:00:01.936297447
55,5204.5,30,5204.75,10:00:01.936309466
55,5204.5,31,5204.75,10:00:01.936315265
55,5204.5,32,5204.75,10:00:01.936321140
55,5204.5,33,5204.75,10:00:01.936326737
55,5204.5,29,5204.75,10:00:01.936363125
55,5204.5,28,5204.75,10:00:01.936378786
55,5204.5,27,5204.75,10:00:01.936384962
55,5204.5,26,5204.75,10:00:01.936390684
55,5204.5,27,5204.75,10:00:01.936443072
55,5204.5,28,5204.75,10:00:01.936452602
55,5204.5,27,5204.75,10:00:01.936583987
55,5204.5,28,5204.75,10:00:01.944352425
55,5204.5,27,5204.75,10:00:01.944471701
55,5204.5,29,5204.75,10:00:01.944547763
55,5204.5,32,5204.75,10:00:01.944556822
55,5204.5,32,5204.75,10:00:01.955009385
55,5204.5,32,5204.75,10:00:01.955113652
54,5204.5,32,5204.75,10:00:01.975140522
54,5204.5,33,5204.75,10:00:01.975210041
54,5204.5,34,5204.75,10:00:01.975216326
54,5204.5,34,5204.75,10:00:01.975229427
54,5204.5,31,5204.75,10:00:01.975238192
55,5204.5,31,5204.75,10:00:01.975252144
55,5204.5,32,5204.75,10:00:01.975365250
55,5204.5,31,5204.75,10:00:01.975371170
55,5204.5,33,5204.75,10:00:01.975455684
55,5204.5,34,5204.75,10:00:01.975468222
55,5204.5,35,5204.75,10:00:01.978614490
62,5204.5,35,5204.75,10:00:01.981285677
62,5204.5,35,5204.75,10:00:01.981285677
62,5204.5,34,5204.75,10:00:01.981393858
62,5204.5,32,5204.75,10:00:01.981483252
62,5204.5,31,5204.75,10:00:01.981495191
62,5204.5,30,5204.75,10:00:01.981635737
62,5204.5,32,5204.75,10:00:01.981887519
62,5204.5,33,5204.75,10:00:01.981894793
62,5204.5,31,5204.75,10:00:01.981945824
62,5204.5,30,5204.75,10:00:01.981957012
62,5204.5,32,5204.75,10:00:01.983015318
62,5204.5,33,5204.75,10:00:01.983021427
62,5204.5,31,5204.75,10:00:01.983806770
62,5204.5,29,5204.75,10:00:01.983820159
62,5204.5,28,5204.75,10:00:01.983826889
62,5204.5,1,5204.75,10:00:01.984232923
62,5204.5,81,5205.0,10:00:01.984284937
10,5204.75,81,5205.0,10:00:01.984284937
10,5204.75,81,5205.0,10:00:01.984284937
11,5204.75,81,5205.0,10:00:01.984284937
12,5204.75,81,5205.0,10:00:01.984294217
12,5204.75,81,5205.0,10:00:01.984313827
17,5204.75,81,5205.0,10:00:01.984328643
22,5204.75,81,5205.0,10:00:01.984338666
24,5204.75,81,5205.0,10:00:01.984346045
24,5204.75,81,5205.0,10:00:01.984355124
25,5204.75,81,5205.0,10:00:01.984363690
26,5204.75,81,5205.0,10:00:01.984387342
28,5204.75,81,5205.0,10:00:01.984397221
32,5204.75,81,5205.0,10:00:01.984410975
33,5204.75,81,5205.0,10:00:01.984423122
33,5204.75,81,5205.0,10:00:01.984428623
34,5204.75,81,5205.0,10:00:01.984477049
34,5204.75,81,5205.0,10:00:01.984489258
34,5204.75,81,5205.0,10:00:01.984519620
36,5204.75,81,5205.0,10:00:01.984526593
36,5204.75,81,5205.0,10:00:01.984543956
36,5204.75,79,5205.0,10:00:01.984549428
38,5204.75,79,5205.0,10:00:01.984554760
38,5204.75,80,5205.0,10:00:01.984561551
38,5204.75,80,5205.0,10:00:01.984561551
39,5204.75,80,5205.0,10:00:01.984570053
40,5204.75,80,5205.0,10:00:01.984585068
39,5204.75,80,5205.0,10:00:01.984617763
40,5204.75,80,5205.0,10:00:01.984623180
40,5204.75,80,5205.0,10:00:01.984629581
39,5204.75,80,5205.0,10:00:01.984635760
38,5204.75,80,5205.0,10:00:01.984643443
38,5204.75,80,5205.0,10:00:01.984665005
39,5204.75,80,5205.0,10:00:01.984682718
39,5204.75,80,5205.0,10:00:01.984691479
39,5204.75,80,5205.0,10:00:01.984773286
37,5204.75,80,5205.0,10:00:01.984954541
38,5204.75,80,5205.0,10:00:01.985054168
39,5204.75,80,5205.0,10:00:01.985091804
40,5204.75,80,5205.0,10:00:01.985150496
40,5204.75,80,5205.0,10:00:01.985167905
41,5204.75,80,5205.0,10:00:01.985192734
41,5204.75,80,5205.0,10:00:01.985262512
42,5204.75,80,5205.0,10:00:01.985633021
43,5204.75,80,5205.0,10:00:01.985728441
43,5204.75,80,5205.0,10:00:01.986898599
49,5204.75,80,5205.0,10:00:01.986960255
49,5204.75,79,5205.0,10:00:01.987276063
49,5204.75,79,5205.0,10:00:01.987276063
49,5204.75,79,5205.0,10:00:01.987392660
49,5204.75,79,5205.0,10:00:01.995937901
29,5204.75,79,5205.0,10:00:02.005755993
27,5204.75,79,5205.0,10:00:02.005811024
25,5204.75,79,5205.0,10:00:02.005817655
23,5204.75,79,5205.0,10:00:02.005847963
19,5204.75,79,5205.0,10:00:02.005856046
18,5204.75,79,5205.0,10:00:02.005866321
17,5204.75,79,5205.0,10:00:02.005881387
16,5204.75,79,5205.0,10:00:02.005886338
16,5204.75,80,5205.0,10:00:02.005891695
10,5204.75,80,5205.0,10:00:02.005898491
9,5204.75,80,5205.0,10:00:02.005968039
8,5204.75,80,5205.0,10:00:02.005991767
7,5204.75,80,5205.0,10:00:02.006114854
7,5204.75,81,5205.0,10:00:02.006318737
7,5204.75,81,5205.0,10:00:02.006318737
13,5204.75,81,5205.0,10:00:02.006538156
18,5204.75,81,5205.0,10:00:02.006630721
20,5204.75,81,5205.0,10:00:02.006739769
24,5204.75,81,5205.0,10:00:02.006749709
25,5204.75,81,5205.0,10:00:02.006765869
26,5204.75,81,5205.0,10:00:02.006771127
30,5204.75,81,5205.0,10:00:02.006784295
31,5204.75,81,5205.0,10:00:02.006795252
32,5204.75,81,5205.0,10:00:02.006867266
33,5204.75,81,5205.0,10:00:02.006888883
34,5204.75,81,5205.0,10:00:02.007091687
34,5204.75,80,5205.0,10:00:02.007265550
34,5204.75,80,5205.0,10:00:02.007265550
35,5204.75,80,5205.0,10:00:02.007324679
36,5204.75,80,5205.0,10:00:02.007997487
36,5204.75,77,5205.0,10:00:02.010083635
37,5204.75,77,5205.0,10:00:02.010180542
52,5204.75,77,5205.0,10:00:02.010187160
53,5204.75,77,5205.0,10:00:02.010287268
53,5204.75,77,5205.0,10:00:02.010466689
52,5204.75,77,5205.0,10:00:02.020983105
51,5204.75,77,5205.0,10:00:02.021078531
36,5204.75,77,5205.0,10:00:02.022649955
32,5204.75,77,5205.0,10:00:02.022735035
31,5204.75,77,5205.0,10:00:02.022750002
30,5204.75,77,5205.0,10:00:02.022758508
29,5204.75,77,5205.0,10:00:02.022766117
28,5204.75,77,5205.0,10:00:02.023007745
27,5204.75,77,5205.0,10:00:02.023097055
28,5204.75,77,5205.0,10:00:02.023324154
28,5204.75,78,5205.0,10:00:02.027615620
28,5204.75,78,5205.0,10:00:02.032117041
28,5204.75,78,5205.0,10:00:02.041040734
29,5204.75,78,5205.0,10:00:02.046543223
28,5204.75,78,5205.0,10:00:02.050306959
29,5204.75,78,5205.0,10:00:02.050644856
28,5204.75,78,5205.0,10:00:02.059223087
28,5204.75,79,5205.0,10:00:02.059374259
28,5204.75,79,5205.0,10:00:02.059374259
29,5204.75,79,5205.0,10:00:02.059492798
30,5204.75,79,5205.0,10:00:02.059501272
30,5204.75,78,5205.0,10:00:02.059669228
30,5204.75,78,5205.0,10:00:02.059669228
34,5204.75,78,5205.0,10:00:02.059814494
35,5204.75,78,5205.0,10:00:02.059820367
50,5204.75,78,5205.0,10:00:02.059913764
51,5204.75,78,5205.0,10:00:02.060003233
52,5204.75,78,5205.0,10:00:02.060017139
53,5204.75,78,5205.0,10:00:02.060367552
53,5204.75,77,5205.0,10:00:02.060679046
53,5204.75,76,5205.0,10:00:02.060773231
54,5204.75,76,5205.0,10:00:02.061179660
54,5204.75,82,5205.0,10:00:02.063103335
53,5204.75,82,5205.0,10:00:02.063389875
52,5204.75,82,5205.0,10:00:02.063396784
51,5204.75,82,5205.0,10:00:02.063408676
47,5204.75,82,5205.0,10:00:02.063449975
49,5204.75,82,5205.0,10:00:02.064061473
52,5204.75,82,5205.0,10:00:02.064070667
53,5204.75,82,5205.0,10:00:02.064278492
53,5204.75,83,5205.0,10:00:02.068936150
50,5204.75,83,5205.0,10:00:02.071516474
48,5204.75,83,5205.0,10:00:02.071523543
48,5204.75,82,5205.0,10:00:02.073690636
48,5204.75,82,5205.0,10:00:02.073769076
50,5204.75,82,5205.0,10:00:02.073781041
53,5204.75,82,5205.0,10:00:02.073787048
53,5204.75,82,5205.0,10:00:02.084396784
53,5204.75,82,5205.0,10:00:02.089366519
54,5204.75,82,5205.0,10:00:02.091661404
54,5204.75,81,5205.0,10:00:02.094117194
54,5204.75,81,5205.0,10:00:02.101556973
54,5204.75,81,5205.0,10:00:02.101665103
54,5204.75,82,5205.0,10:00:02.101776590
55,5204.75,82,5205.0,10:00:02.102616258
54,5204.75,82,5205.0,10:00:02.103325133
55,5204.75,82,5205.0,10:00:02.105914091
55,5204.75,82,5205.0,10:00:02.128275616
55,5204.75,82,5205.0,10:00:02.173065134
53,5204.75,82,5205.0,10:00:02.173245390
50,5204.75,82,5205.0,10:00:02.173251343
49,5204.75,82,5205.0,10:00:02.175048595
34,5204.75,82,5205.0,10:00:02.175150696
33,5204.75,82,5205.0,10:00:02.175239597
31,5204.75,82,5205.0,10:00:02.177721388
30,5204.75,82,5205.0,10:00:02.177824430
29,5204.75,82,5205.0,10:00:02.179601016
30,5204.75,82,5205.0,10:00:02.185410592
30,5204.75,82,5205.0,10:00:02.187345367
30,5204.75,82,5205.0,10:00:02.187352506
30,5204.75,82,5205.0,10:00:02.187460651
29,5204.75,82,5205.0,10:00:02.188217445
23,5204.75,82,5205.0,10:00:02.188566392
23,5204.75,82,5205.0,10:00:02.188672647
18,5204.75,82,5205.0,10:00:02.189924760
18,5204.75,83,5205.0,10:00:02.190061550
18,5204.75,83,5205.0,10:00:02.190061550
14,5204.75,83,5205.0,10:00:02.190179459
13,5204.75,83,5205.0,10:00:02.190187926
14,5204.75,83,5205.0,10:00:02.190648077
17,5204.75,83,5205.0,10:00:02.190654826
18,5204.75,83,5205.0,10:00:02.190659901
24,5204.75,83,5205.0,10:00:02.190713345
25,5204.75,83,5205.0,10:00:02.190722392
26,5204.75,83,5205.0,10:00:02.190825735
25,5204.75,83,5205.0,10:00:02.190837812
25,5204.75,83,5205.0,10:00:02.191726889
24,5204.75,83,5205.0,10:00:02.200944693
18,5204.75,83,5205.0,10:00:02.224986262
24,5204.75,83,5205.0,10:00:02.225182381
26,5204.75,83,5205.0,10:00:02.225271490
29,5204.75,83,5205.0,10:00:02.225284863
27,5204.75,83,5205.0,10:00:02.225306726
24,5204.75,83,5205.0,10:00:02.225319424
25,5204.75,83,5205.0,10:00:02.225346919
25,5204.75,82,5205.0,10:00:02.225386299
25,5204.75,82,5205.0,10:00:02.225386299
24,5204.75,82,5205.0,10:00:02.227033180
18,5204.75,82,5205.0,10:00:02.227470046
18,5204.75,83,5205.0,10:00:02.227531385
18,5204.75,83,5205.0,10:00:02.227531385
18,5204.75,82,5205.0,10:00:02.233298865
18,5204.75,82,5205.0,10:00:02.233298865
19,5204.75,82,5205.0,10:00:02.233674177
20,5204.75,82,5205.0,10:00:02.240339825
25,5204.75,82,5205.0,10:00:02.247190244
29,5204.75,82,5205.0,10:00:02.247279872
30,5204.75,82,5205.0,10:00:02.247291875
31,5204.75,82,5205.0,10:00:02.247392524
27,5204.75,82,5205.0,10:00:02.247399144
26,5204.75,82,5205.0,10:00:02.247404860
41,5204.75,82,5205.0,10:00:02.247429337
42,5204.75,82,5205.0,10:00:02.247508305
44,5204.75,82,5205.0,10:00:02.247521630
42,5204.75,82,5205.0,10:00:02.251639479
27,5204.75,82,5205.0,10:00:02.257633510
26,5204.75,82,5205.0,10:00:02.257722911
25,5204.75,82,5205.0,10:00:02.257733653
20,5204.75,82,5205.0,10:00:02.257767423
19,5204.75,82,5205.0,10:00:02.257865665
20,5204.75,82,5205.0,10:00:02.258433040
25,5204.75,82,5205.0,10:00:02.268998904
26,5204.75,82,5205.0,10:00:02.269210406
25,5204.75,82,5205.0,10:00:02.272685404
20,5204.75,82,5205.0,10:00:02.303205557
19,5204.75,82,5205.0,10:00:02.303258259
24,5204.75,82,5205.0,10:00:02.317146957
28,5204.75,82,5205.0,10:00:02.317173265
29,5204.75,82,5205.0,10:00:02.317184990
25,5204.75,82,5205.0,10:00:02.317252697
26,5204.75,82,5205.0,10:00:02.317261897
25,5204.75,82,5205.0,10:00:02.317272403
24,5204.75,82,5205.0,10:00:02.330919160
25,5204.75,82,5205.0,10:00:02.332906999
26,5204.75,82,5205.0,10:00:02.334798480
41,5204.75,82,5205.0,10:00:02.335563107
47,5204.75,82,5205.0,10:00:02.335569427
48,5204.75,82,5205.0,10:00:02.335673557
49,5204.75,82,5205.0,10:00:02.335682863
53,5204.75,82,5205.0,10:00:02.335709571
54,5204.75,82,5205.0,10:00:02.335720307
55,5204.75,82,5205.0,10:00:02.335812664
51,5204.75,82,5205.0,10:00:02.337907051
50,5204.75,82,5205.0,10:00:02.337914648
44,5204.75,82,5205.0,10:00:02.338011034
43,5204.75,82,5205.0,10:00:02.340429624
42,5204.75,82,5205.0,10:00:02.340537444
27,5204.75,82,5205.0,10:00:02.340629897
26,5204.75,82,5205.0,10:00:02.340718094
25,5204.75,82,5205.0,10:00:02.340729787
25,5204.75,82,5205.0,10:00:02.342718902
25,5204.75,82,5205.0,10:00:02.342827224
25,5204.75,82,5205.0,10:00:02.342827224
24,5204.75,82,5205.0,10:00:02.345798141
25,5204.75,82,5205.0,10:00:02.352915129
24,5204.75,82,5205.0,10:00:02.352921117
25,5204.75,82,5205.0,10:00:02.373957389
24,5204.75,82,5205.0,10:00:02.374283978
24,5204.75,82,5205.0,10:00:02.379410510
24,5204.75,82,5205.0,10:00:02.416624014
24,5204.75,82,5205.0,10:00:02.416725242
24,5204.75,82,5205.0,10:00:02.437122935
26,5204.75,82,5205.0,10:00:02.442330291
29,5204.75,82,5205.0,10:00:02.442339034
31,5204.75,82,5205.0,10:00:02.442351930
32,5204.75,82,5205.0,10:00:02.442360570
37,5204.75,82,5205.0,10:00:02.442382315
38,5204.75,82,5205.0,10:00:02.442393659
39,5204.75,82,5205.0,10:00:02.442400427
40,5204.75,82,5205.0,10:00:02.442450172
55,5204.75,82,5205.0,10:00:02.442455702
56,5204.75,82,5205.0,10:00:02.442480886
57,5204.75,82,5205.0,10:00:02.442512480
58,5204.75,82,5205.0,10:00:02.442554340
58,5204.75,81,5205.0,10:00:02.447929168
58,5204.75,81,5205.0,10:00:02.448008754
56,5204.75,81,5205.0,10:00:02.450271702
57,5204.75,81,5205.0,10:00:02.450376440
57,5204.75,81,5205.0,10:00:02.451311493
56,5204.75,81,5205.0,10:00:02.452735371
54,5204.75,81,5205.0,10:00:02.454273922
49,5204.75,81,5205.0,10:00:02.454385545
49,5204.75,77,5205.0,10:00:02.487999616
49,5204.75,80,5205.0,10:00:02.488078133
49,5204.75,80,5205.0,10:00:02.543981699
48,5204.75,80,5205.0,10:00:02.546193868
48,5204.75,81,5205.0,10:00:02.546304709
48,5204.75,81,5205.0,10:00:02.560788210
47,5204.75,81,5205.0,10:00:02.563247488
32,5204.75,81,5205.0,10:00:02.563254662
30,5204.75,81,5205.0,10:00:02.563343611
27,5204.75,81,5205.0,10:00:02.563349544
26,5204.75,81,5205.0,10:00:02.563357516
21,5204.75,81,5205.0,10:00:02.563392822
20,5204.75,81,5205.0,10:00:02.563449937
19,5204.75,81,5205.0,10:00:02.563455098
19,5204.75,81,5205.0,10:00:02.563465057
18,5204.75,81,5205.0,10:00:02.563556152
18,5204.75,82,5205.0,10:00:02.563618270
18,5204.75,82,5205.0,10:00:02.563618270
18,5204.75,82,5205.0,10:00:02.579977920
18,5204.75,82,5205.0,10:00:02.580080428
18,5204.75,83,5205.0,10:00:02.582018976
23,5204.75,83,5205.0,10:00:02.585386572
24,5204.75,83,5205.0,10:00:02.585596478
23,5204.75,83,5205.0,10:00:02.585812294
23,5204.75,82,5205.0,10:00:02.585848659
23,5204.75,82,5205.0,10:00:02.585848659
23,5204.75,83,5205.0,10:00:02.585980800
23,5204.75,83,5205.0,10:00:02.585980800
21,5204.75,83,5205.0,10:00:02.589637980
21,5204.75,83,5205.0,10:00:02.589715360
21,5204.75,83,5205.0,10:00:02.589722560
16,5204.75,83,5205.0,10:00:02.589731827
15,5204.75,83,5205.0,10:00:02.589745437
12,5204.75,83,5205.0,10:00:02.589767895
11,5204.75,83,5205.0,10:00:02.589772686
10,5204.75,83,5205.0,10:00:02.589850196
13,5204.75,83,5205.0,10:00:02.589967161
15,5204.75,83,5205.0,10:00:02.589972150
16,5204.75,83,5205.0,10:00:02.590206868
17,5204.75,83,5205.0,10:00:02.590214248
18,5204.75,83,5205.0,10:00:02.590323684
19,5204.75,83,5205.0,10:00:02.590420057
24,5204.75,83,5205.0,10:00:02.590504157
25,5204.75,83,5205.0,10:00:02.595709686
25,5204.75,82,5205.0,10:00:02.595715968
25,5204.75,82,5205.0,10:00:02.595715968
26,5204.75,82,5205.0,10:00:02.595824255
26,5204.75,83,5205.0,10:00:02.603266415
26,5204.75,83,5205.0,10:00:02.603266415
25,5204.75,83,5205.0,10:00:02.603356247
25,5204.75,83,5205.0,10:00:02.623069104
27,5204.75,83,5205.0,10:00:02.632394145
28,5204.75,83,5205.0,10:00:02.632399588
43,5204.75,83,5205.0,10:00:02.632423938
41,5204.75,83,5205.0,10:00:02.632534500
42,5204.75,83,5205.0,10:00:02.632542312
43,5204.75,83,5205.0,10:00:02.632552981
43,5204.75,82,5205.0,10:00:02.632559625
43,5204.75,82,5205.0,10:00:02.632559625
43,5204.75,83,5205.0,10:00:02.632800311
43,5204.75,83,5205.0,10:00:02.632800311
43,5204.75,82,5205.0,10:00:02.632931274
43,5204.75,82,5205.0,10:00:02.632931274
44,5204.75,82,5205.0,10:00:02.638846752
44,5204.75,82,5205.0,10:00:02.640070332
44,5204.75,82,5205.0,10:00:02.642413166
43,5204.75,82,5205.0,10:00:02.642652288
43,5204.75,82,5205.0,10:00:02.644843311
45,5204.75,82,5205.0,10:00:02.646795638
48,5204.75,82,5205.0,10:00:02.646809536
48,5204.75,82,5205.0,10:00:02.647085635
48,5204.75,82,5205.0,10:00:02.647189912
53,5204.75,82,5205.0,10:00:02.648392295
53,5204.75,82,5205.0,10:00:02.649548145
48,5204.75,82,5205.0,10:00:02.649654106
50,5204.75,82,5205.0,10:00:02.649772595
50,5204.75,82,5205.0,10:00:02.649772595
56,5204.75,82,5205.0,10:00:02.671205470
56,5204.75,82,5205.0,10:00:02.671212494
56,5204.75,67,5205.0,10:00:02.671310743
57,5204.75,67,5205.0,10:00:02.671412674
57,5204.75,64,5205.0,10:00:02.671499646
57,5204.75,64,5205.0,10:00:02.685583116
57,5204.75,64,5205.0,10:00:02.685711592
57,5204.75,64,5205.0,10:00:02.685788263
57,5204.75,64,5205.0,10:00:02.685827947
57,5204.75,64,5205.0,10:00:02.689726796
57,5204.75,64,5205.0,10:00:02.743071172
57,5204.75,74,5205.0,10:00:02.743229332
57,5204.75,74,5205.0,10:00:02.756233673
57,5204.75,73,5205.0,10:00:02.774589770
58,5204.75,73,5205.0,10:00:02.774666636
59,5204.75,73,5205.0,10:00:02.774672326
59,5204.75,73,5205.0,10:00:02.774693161
60,5204.75,73,5205.0,10:00:02.774711357
60,5204.75,73,5205.0,10:00:02.774791195
59,5204.75,73,5205.0,10:00:02.775042560
59,5204.75,75,5205.0,10:00:02.775114178
58,5204.75,75,5205.0,10:00:02.775281493
52,5204.75,75,5205.0,10:00:02.780726915
50,5204.75,75,5205.0,10:00:02.780836322
50,5204.75,75,5205.0,10:00:02.780903040
50,5204.75,75,5205.0,10:00:02.780911264
47,5204.75,75,5205.0,10:00:02.781201138
45,5204.75,75,5205.0,10:00:02.781216188
45,5204.75,90,5205.0,10:00:02.781302625
30,5204.75,90,5205.0,10:00:02.781309301
30,5204.75,91,5205.0,10:00:02.781396992
30,5204.75,92,5205.0,10:00:02.781408784
29,5204.75,92,5205.0,10:00:02.781417466
28,5204.75,92,5205.0,10:00:02.781424308
27,5204.75,92,5205.0,10:00:02.781434225
27,5204.75,92,5205.0,10:00:02.781526143
28,5204.75,92,5205.0,10:00:02.781615915
29,5204.75,92,5205.0,10:00:02.781706003
35,5204.75,92,5205.0,10:00:02.781716733
37,5204.75,92,5205.0,10:00:02.781815320
40,5204.75,92,5205.0,10:00:02.781820249
41,5204.75,92,5205.0,10:00:02.781828741
42,5204.75,92,5205.0,10:00:02.781929025
40,5204.75,92,5205.0,10:00:02.781935640
37,5204.75,92,5205.0,10:00:02.781951160
38,5204.75,92,5205.0,10:00:02.781956190
37,5204.75,92,5205.0,10:00:02.782043555
41,5204.75,92,5205.0,10:00:02.782476694
42,5204.75,92,5205.0,10:00:02.782484937
43,5204.75,92,5205.0,10:00:02.782552551
43,5204.75,92,5205.0,10:00:02.784487557
42,5204.75,92,5205.0,10:00:02.785828908
38,5204.75,92,5205.0,10:00:02.785915198
32,5204.75,92,5205.0,10:00:02.785931982
31,5204.75,92,5205.0,10:00:02.786016714
30,5204.75,92,5205.0,10:00:02.786029264
31,5204.75,92,5205.0,10:00:02.786036189
30,5204.75,92,5205.0,10:00:02.786220148
31,5204.75,92,5205.0,10:00:02.790677384
35,5204.75,92,5205.0,10:00:02.790781245
36,5204.75,92,5205.0,10:00:02.790787270
32,5204.75,92,5205.0,10:00:02.791516645
31,5204.75,92,5205.0,10:00:02.791522789
30,5204.75,92,5205.0,10:00:02.791607274
31,5204.75,92,5205.0,10:00:02.793716469
35,5204.75,92,5205.0,10:00:02.793812640
36,5204.75,92,5205.0,10:00:02.793818733
32,5204.75,92,5205.0,10:00:02.795530793
31,5204.75,92,5205.0,10:00:02.795539168
30,5204.75,92,5205.0,10:00:02.795624414
29,5204.75,92,5205.0,10:00:02.795706227
28,5204.75,92,5205.0,10:00:02.795728400
27,5204.75,92,5205.0,10:00:02.810043776
26,5204.75,92,5205.0,10:00:02.810291343
21,5204.75,92,5205.0,10:00:02.810353117
20,5204.75,92,5205.0,10:00:02.810455676
19,5204.75,92,5205.0,10:00:02.810550046
18,5204.75,92,5205.0,10:00:02.810568513
17,5204.75,92,5205.0,10:00:02.810669565
23,5204.75,92,5205.0,10:00:02.818644717
24,5204.75,92,5205.0,10:00:02.818679009
25,5204.75,92,5205.0,10:00:02.818689227
26,5204.75,92,5205.0,10:00:02.818725304
27,5204.75,92,5205.0,10:00:02.818745881
28,5204.75,92,5205.0,10:00:02.818753906
27,5204.75,92,5205.0,10:00:02.818804173
26,5204.75,92,5205.0,10:00:02.818838990
27,5204.75,92,5205.0,10:00:02.818847889
26,5204.75,92,5205.0,10:00:02.820220672
25,5204.75,92,5205.0,10:00:02.821167904
24,5204.75,92,5205.0,10:00:02.821381259
18,5204.75,92,5205.0,10:00:02.824669353
16,5204.75,92,5205.0,10:00:02.852218490
13,5204.75,92,5205.0,10:00:02.852375223
10,5204.75,92,5205.0,10:00:02.852375223
10,5204.75,92,5205.0,10:00:02.852375223
4,5204.75,92,5205.0,10:00:02.852580674
1,5204.75,92,5205.0,10:00:02.852580674
74,5204.5,92,5205.0,10:00:02.852580674
74,5204.5,3,5204.75,10:00:02.852580674
74,5204.5,3,5204.75,10:00:02.852580674
74,5204.5,3,5204.75,10:00:02.852582133
74,5204.5,4,5204.75,10:00:02.852598203
74,5204.5,8,5204.75,10:00:02.852612069
74,5204.5,11,5204.75,10:00:02.852616044
74,5204.5,12,5204.75,10:00:02.852623148
74,5204.5,13,5204.75,10:00:02.852648377
74,5204.5,13,5204.75,10:00:02.852689808
74,5204.5,13,5204.75,10:00:02.852702836
74,5204.5,10,5204.75,10:00:02.852709895
74,5204.5,11,5204.75,10:00:02.852721162
74,5204.5,12,5204.75,10:00:02.852731060
74,5204.5,8,5204.75,10:00:02.852761912
74,5204.5,5,5204.75,10:00:02.852768840
75,5204.5,5,5204.75,10:00:02.852799103
74,5204.5,5,5204.75,10:00:02.852806860
74,5204.5,6,5204.75,10:00:02.852812944
74,5204.5,7,5204.75,10:00:02.852819724
74,5204.5,8,5204.75,10:00:02.852827584
74,5204.5,8,5204.75,10:00:02.852833754
74,5204.5,8,5204.75,10:00:02.852844442
74,5204.5,7,5204.75,10:00:02.853000263
74,5204.5,7,5204.75,10:00:02.853000263
74,5204.5,8,5204.75,10:00:02.853000263
74,5204.5,9,5204.75,10:00:02.853000263
74,5204.5,10,5204.75,10:00:02.853000263
74,5204.5,11,5204.75,10:00:02.853000263
73,5204.5,11,5204.75,10:00:02.853000263
73,5204.5,11,5204.75,10:00:02.853000263
73,5204.5,17,5204.75,10:00:02.853000263
73,5204.5,17,5204.75,10:00:02.853000263
73,5204.5,17,5204.75,10:00:02.853000263
73,5204.5,17,5204.75,10:00:02.853000263
73,5204.5,17,5204.75,10:00:02.853000263
73,5204.5,17,5204.75,10:00:02.853001911
73,5204.5,16,5204.75,10:00:02.853001911
73,5204.5,14,5204.75,10:00:02.853180564
72,5204.5,14,5204.75,10:00:02.853180564
72,5204.5,14,5204.75,10:00:02.853286947
72,5204.5,16,5204.75,10:00:02.855141857
72,5204.5,16,5204.75,10:00:02.861912752
72,5204.5,17,5204.75,10:00:02.863059198
69,5204.5,17,5204.75,10:00:02.863086283
69,5204.5,21,5204.75,10:00:02.863098667
69,5204.5,24,5204.75,10:00:02.863107410
69,5204.5,26,5204.75,10:00:02.863116552
69,5204.5,29,5204.75,10:00:02.863128309
69,5204.5,30,5204.75,10:00:02.863183514
69,5204.5,30,5204.75,10:00:02.863211812
69,5204.5,31,5204.75,10:00:02.863221655
69,5204.5,29,5204.75,10:00:02.863230590
69,5204.5,26,5204.75,10:00:02.863245758
69,5204.5,27,5204.75,10:00:02.863257672
69,5204.5,28,5204.75,10:00:02.863264574
69,5204.5,29,5204.75,10:00:02.863299039
66,5204.5,29,5204.75,10:00:02.863327907
66,5204.5,30,5204.75,10:00:02.863335901
66,5204.5,31,5204.75,10:00:02.863364081
66,5204.5,32,5204.75,10:00:02.863372353
66,5204.5,34,5204.75,10:00:02.863387835
66,5204.5,35,5204.75,10:00:02.863406104
65,5204.5,35,5204.75,10:00:02.863427637
65,5204.5,36,5204.75,10:00:02.863525140
65,5204.5,36,5204.75,10:00:02.863914495
65,5204.5,42,5204.75,10:00:02.871461898
65,5204.5,43,5204.75,10:00:02.871561849
65,5204.5,58,5204.75,10:00:02.871567282
65,5204.5,59,5204.75,10:00:02.871679441
63,5204.5,59,5204.75,10:00:02.871685253
63,5204.5,60,5204.75,10:00:02.871691918
63,5204.5,59,5204.75,10:00:02.871987425
63,5204.5,58,5204.75,10:00:02.878010938
62,5204.5,58,5204.75,10:00:02.882572019
62,5204.5,59,5204.75,10:00:02.882670677
61,5204.5,59,5204.75,10:00:02.882678056
62,5204.5,59,5204.75,10:00:02.903435136
62,5204.5,58,5204.75,10:00:02.903550473
62,5204.5,57,5204.75,10:00:02.903553855
62,5204.5,56,5204.75,10:00:02.908966070
62,5204.5,41,5204.75,10:00:02.909018656
62,5204.5,40,5204.75,10:00:02.909116124
62,5204.5,41,5204.75,10:00:02.909218760
62,5204.5,40,5204.75,10:00:02.917030193
62,5204.5,41,5204.75,10:00:02.917541426
62,5204.5,40,5204.75,10:00:02.917829707
62,5204.5,41,5204.75,10:00:02.918208720
62,5204.5,40,5204.75,10:00:02.920381301
62,5204.5,38,5204.75,10:00:02.923978979
62,5204.5,37,5204.75,10:00:02.923989472
62,5204.5,36,5204.75,10:00:02.923998502
62,5204.5,30,5204.75,10:00:02.924006259
62,5204.5,29,5204.75,10:00:02.924097724
62,5204.5,28,5204.75,10:00:02.924197752
63,5204.5,28,5204.75,10:00:02.952697737
63,5204.5,27,5204.75,10:00:02.954372381
63,5204.5,26,5204.75,10:00:02.954475039
63,5204.5,25,5204.75,10:00:02.954570808
63,5204.5,21,5204.75,10:00:02.954741282
63,5204.5,18,5204.75,10:00:02.954746808
63,5204.5,17,5204.75,10:00:02.954859463
63,5204.5,15,5204.75,10:00:02.954873435
63,5204.5,14,5204.75,10:00:02.954880254
63,5204.5,14,5204.75,10:00:02.954884996
63,5204.5,13,5204.75,10:00:02.954975168
63,5204.5,12,5204.75,10:00:02.972715912
63,5204.5,12,5204.75,10:00:02.973221138
64,5204.5,12,5204.75,10:00:02.974679391
64,5204.5,12,5204.75,10:00:02.975198275
64,5204.5,11,5204.75,10:00:03.007281775
65,5204.5,11,5204.75,10:00:03.007390808
65,5204.5,15,5204.75,10:00:03.007400584
65,5204.5,15,5204.75,10:00:03.033077440
65,5204.5,15,5204.75,10:00:03.041188765
65,5204.5,15,5204.75,10:00:03.041427736
65,5204.5,15,5204.75,10:00:03.041434565
65,5204.5,15,5204.75,10:00:03.041525066
65,5204.5,15,5204.75,10:00:03.045601868
65,5204.5,16,5204.75,10:00:03.045656771
65,5204.5,15,5204.75,10:00:03.060948387
65,5204.5,12,5204.75,10:00:03.070203662
65,5204.5,10,5204.75,10:00:03.070203662
65,5204.5,8,5204.75,10:00:03.070300365
65,5204.5,5,5204.75,10:00:03.070300365
65,5204.5,1,5204.75,10:00:03.070300365
65,5204.5,96,5205.0,10:00:03.070300365
65,5204.5,96,5205.0,10:00:03.070300365
5,5204.75,96,5205.0,10:00:03.070303555
5,5204.75,96,5205.0,10:00:03.070326128
5,5204.75,96,5205.0,10:00:03.070326128
7,5204.75,96,5205.0,10:00:03.070326128
8,5204.75,96,5205.0,10:00:03.070326128
9,5204.75,96,5205.0,10:00:03.070326128
10,5204.75,96,5205.0,10:00:03.070326128
11,5204.75,96,5205.0,10:00:03.070329619
12,5204.75,96,5205.0,10:00:03.070336688
13,5204.75,96,5205.0,10:00:03.070342576
14,5204.75,96,5205.0,10:00:03.070362772
15,5204.75,96,5205.0,10:00:03.070368311
17,5204.75,96,5205.0,10:00:03.070383275
18,5204.75,96,5205.0,10:00:03.070390385
18,5204.75,96,5205.0,10:00:03.070395931
20,5204.75,96,5205.0,10:00:03.070410917
22,5204.75,96,5205.0,10:00:03.070418972
22,5204.75,96,5205.0,10:00:03.070437526
22,5204.75,96,5205.0,10:00:03.070444082
17,5204.75,96,5205.0,10:00:03.070623977
16,5204.75,96,5205.0,10:00:03.070623977
15,5204.75,96,5205.0,10:00:03.070623977
16,5204.75,96,5205.0,10:00:03.070623977
17,5204.75,96,5205.0,10:00:03.070623977
18,5204.75,96,5205.0,10:00:03.070623977
16,5204.75,96,5205.0,10:00:03.070623977
15,5204.75,96,5205.0,10:00:03.070623977
13,5204.75,96,5205.0,10:00:03.070623977
11,5204.75,96,5205.0,10:00:03.070623977
11,5204.75,96,5205.0,10:00:03.070623977
9,5204.75,96,5205.0,10:00:03.070687355
8,5204.75,96,5205.0,10:00:03.070696657
7,5204.75,96,5205.0,10:00:03.070704737
6,5204.75,96,5205.0,10:00:03.070713449
1,5204.75,96,5205.0,10:00:03.070931733
70,5204.5,96,5205.0,10:00:03.070931733
70,5204.5,3,5204.75,10:00:03.070931733
70,5204.5,3,5204.75,10:00:03.070931733
70,5204.5,5,5204.75,10:00:03.070942396
70,5204.5,6,5204.75,10:00:03.070942396
70,5204.5,8,5204.75,10:00:03.070986730
70,5204.5,12,5204.75,10:00:03.070995239
70,5204.5,13,5204.75,10:00:03.071002532
71,5204.5,13,5204.75,10:00:03.071069109
71,5204.5,12,5204.75,10:00:03.071074620
71,5204.5,16,5204.75,10:00:03.071080434
71,5204.5,18,5204.75,10:00:03.071099731
71,5204.5,16,5204.75,10:00:03.071106877
71,5204.5,12,5204.75,10:00:03.071112672
71,5204.5,11,5204.75,10:00:03.071122189
71,5204.5,8,5204.75,10:00:03.071137623
71,5204.5,6,5204.75,10:00:03.071143700
70,5204.5,6,5204.75,10:00:03.071151943
70,5204.5,7,5204.75,10:00:03.071158087
70,5204.5,8,5204.75,10:00:03.071163201
70,5204.5,14,5204.75,10:00:03.071174251
70,5204.5,15,5204.75,10:00:03.071179451
70,5204.5,15,5204.75,10:00:03.071185998
70,5204.5,20,5204.75,10:00:03.071279674
70,5204.5,21,5204.75,10:00:03.071290868
70,5204.5,22,5204.75,10:00:03.071300538
70,5204.5,26,5204.75,10:00:03.071339419
70,5204.5,27,5204.75,10:00:03.071347963
70,5204.5,28,5204.75,10:00:03.071354914
70,5204.5,31,5204.75,10:00:03.071364725
70,5204.5,32,5204.75,10:00:03.071377631
69,5204.5,32,5204.75,10:00:03.071417296
69,5204.5,33,5204.75,10:00:03.071473406
68,5204.5,33,5204.75,10:00:03.071482699
68,5204.5,34,5204.75,10:00:03.072300097
68,5204.5,33,5204.75,10:00:03.072561568
68,5204.5,29,5204.75,10:00:03.072810085
68,5204.5,28,5204.75,10:00:03.072819090
68,5204.5,25,5204.75,10:00:03.078243935
68,5204.5,24,5204.75,10:00:03.078248678
68,5204.5,19,5204.75,10:00:03.078262438
68,5204.5,18,5204.75,10:00:03.078268678
68,5204.5,17,5204.75,10:00:03.078283821
68,5204.5,16,5204.75,10:00:03.078296247
68,5204.5,15,5204.75,10:00:03.078356411
68,5204.5,19,5204.75,10:00:03.078992062
68,5204.5,20,5204.75,10:00:03.079000360
68,5204.5,16,5204.75,10:00:03.079354905
68,5204.5,15,5204.75,10:00:03.079361769
68,5204.5,15,5204.75,10:00:03.079462027
68,5204.5,17,5204.75,10:00:03.079560768
68,5204.5,20,5204.75,10:00:03.079570109
68,5204.5,18,5204.75,10:00:03.080955916
68,5204.5,15,5204.75,10:00:03.080962128
67,5204.5,15,5204.75,10:00:03.081226619
67,5204.5,14,5204.75,10:00:03.081344932
67,5204.5,16,5204.75,10:00:03.081442204
67,5204.5,19,5204.75,10:00:03.081453210
68,5204.5,19,5204.75,10:00:03.081561326
68,5204.5,17,5204.75,10:00:03.082197519
68,5204.5,14,5204.75,10:00:03.082205010
69,5204.5,14,5204.75,10:00:03.083198953
68,5204.5,14,5204.75,10:00:03.094773503
68,5204.5,18,5204.75,10:00:03.095665822
68,5204.5,21,5204.75,10:00:03.095675576
68,5204.5,23,5204.75,10:00:03.095688270
68,5204.5,26,5204.75,10:00:03.095699013
68,5204.5,31,5204.75,10:00:03.095712965
68,5204.5,32,5204.75,10:00:03.095806656
68,5204.5,30,5204.75,10:00:03.095816448
68,5204.5,27,5204.75,10:00:03.095826537
68,5204.5,28,5204.75,10:00:03.095837997
68,5204.5,29,5204.75,10:00:03.095852071
68,5204.5,24,5204.75,10:00:03.095858434
67,5204.5,24,5204.75,10:00:03.095908966
67,5204.5,23,5204.75,10:00:03.095951488
67,5204.5,25,5204.75,10:00:03.095975550
67,5204.5,28,5204.75,10:00:03.095983578
