price,volume,timestamp
108.7969,10,08:45:00.710767284
108.7969,50,08:45:03.067598778
108.7969,500,08:45:04.872009563
108.7969,1,08:45:04.872872502
108.7969,1,08:45:04.872907930
108.7969,80,08:45:04.873291774
108.7969,2,08:45:04.873531020
108.7969,39,08:45:04.873631637
108.7969,36,08:45:04.873794681
108.7969,1,08:45:04.874055518
108.7969,2,08:45:04.874520648
108.7969,4,08:45:04.874800470
108.7969,1,08:45:04.874955543
108.7969,1,08:45:04.875605860
108.7969,40,08:45:04.875648942
108.7969,1,08:45:04.875668770
108.7969,1,08:45:04.875729779
108.7969,2,08:45:04.875809282
108.7969,1,08:45:04.875837166
108.7969,1,08:45:04.875922404
108.7969,24,08:45:04.875960677
108.7969,1,08:45:04.875984034
108.7969,3,08:45:04.876088958
108.7969,1,08:45:04.876119371
108.7969,9,08:45:04.876148910
108.7969,1,08:45:04.876206281
108.7969,148,08:45:04.876729925
108.7969,1,08:45:04.877388178
108.7969,1,08:45:04.877926345
108.7969,1,08:45:04.877996820
108.7969,1,08:45:04.878018881
108.7969,4,08:45:04.878054562
108.7969,101,08:45:04.878101158
108.7969,1,08:45:04.879009404
108.7969,1,08:45:04.879093233
108.7969,9,08:45:04.879133125
108.7969,26,08:45:04.879349318
108.7969,1,08:45:04.879484492
108.7969,26,08:45:04.880932949
108.7969,5,08:45:04.881579298
108.7969,2,08:45:04.881646769
108.7969,1,08:45:04.881687262
108.7969,1,08:45:04.881987278
108.7969,2,08:45:04.882280206
108.7969,1,08:45:04.882334761
108.7969,1,08:45:04.882357887
108.7969,1,08:45:04.882401495
108.7969,2,08:45:06.558252192
108.7969,252,08:45:06.726716770
108.7969,1,08:45:06.727052783
108.7969,1,08:45:06.727172795
108.7969,34,08:45:06.727219347
108.7969,1,08:45:06.727291230
108.7969,1,08:45:06.727327419
108.7969,1,08:45:06.727365670
108.7969,1,08:45:06.727393900
108.7969,1,08:45:06.727446490
108.7969,1,08:45:06.727523772
108.7969,1,08:45:06.727527752
108.7969,1,08:45:06.727561110
108.7969,1,08:45:06.727589012
108.7969,1,08:45:06.727673589
108.7969,1,08:45:06.727733350
108.7969,1,08:45:06.727765824
108.7969,1,08:45:06.727799304
108.7969,1,08:45:06.727830156
108.7969,1,08:45:06.727900419
108.7969,1,08:45:06.727972034
108.7969,1,08:45:06.728059524
108.7969,9,08:45:06.728129599
108.7969,1,08:45:06.728193679
108.7969,19,08:45:06.728355488
108.7969,36,08:45:06.728560820
108.7969,51,08:45:06.729898949
108.7969,20,08:45:06.729993536
108.7969,1,08:45:06.730045128
108.7969,1,08:45:06.731020838
108.7969,1,08:45:06.731857514
108.7969,1,08:45:06.731882340
108.7969,5,08:45:06.731906429
108.7969,1,08:45:06.731940846
108.7969,11,08:45:06.732133404
108.7969,1,08:45:06.732174867
108.7969,1,08:45:06.732220862
108.7969,3,08:45:06.732532721
108.7969,1,08:45:06.732793386
108.7969,1,08:45:06.733051297
108.7969,1,08:45:06.733111318
108.7969,2,08:45:06.733584589
108.7969,1,08:45:06.733983269
108.7969,2,08:45:06.734165810
108.7969,1,08:45:06.734237283
108.7969,88,08:45:06.743438666
108.7969,1,08:45:06.743577475
108.7969,13,08:45:06.745064487
108.7969,2,08:45:06.745201972
108.7969,1,08:45:06.745293695
108.7969,1,08:45:06.745392312
108.7969,1,08:45:06.745438889
108.7969,6,08:45:06.745548536
108.7969,1,08:45:06.745592351
108.7969,4,08:45:06.746521617
108.7969,192,08:45:06.755023991
108.7969,1,08:45:07.138957630
108.7969,6,08:45:07.150687455
108.7969,3,08:45:08.331247324
108.7969,2,08:45:08.629907041
108.7813,5,08:45:12.489617943
108.7813,1,08:45:16.995946522
108.7813,15,08:45:20.173143058
108.7813,500,08:45:22.224175938
108.7813,80,08:45:26.470540373
108.7813,1,08:45:26.530886696
108.7813,1,08:45:26.651837950
108.7813,50,08:45:27.192360388
108.7813,5,08:45:29.405330058
108.7813,16,08:45:31.799563853
108.7813,300,08:45:32.722308945
108.7969,113,08:45:36.772839257
108.7969,1,08:45:40.240297772
108.7969,3,08:45:40.241355102
108.7969,2,08:45:40.241467357
108.7969,3,08:45:40.242067689
108.7969,58,08:45:40.244642134
108.7969,96,08:45:40.266792060
108.7969,1,08:45:40.267033003
108.7969,1,08:45:40.267083189
108.7969,1,08:45:40.267194545
108.7969,3,08:45:40.267369554
108.7969,1,08:45:40.267543797
108.7813,500,08:45:40.605415090
108.7813,30,08:45:46.359836958
108.7813,1,08:45:47.939809683
108.7969,27,08:45:49.535047689
108.7969,10,08:45:49.535202809
108.7969,1,08:45:49.535383289
108.7969,39,08:45:49.535597092
108.7969,1,08:45:49.535656610
108.7969,1,08:45:49.535999557
108.7969,25,08:45:49.535999557
108.7969,146,08:45:49.536231031
108.7969,1,08:45:49.536635609
108.7969,79,08:45:49.536806928
108.7969,1,08:45:49.537240008
108.7969,1,08:45:49.537269183
108.7969,17,08:45:49.544898046
108.7969,1,08:45:49.545108808
108.7969,3,08:45:49.545140358
108.7969,1,08:45:49.545205965
108.7969,114,08:45:49.545945129
108.7969,67,08:45:49.546249222
108.7969,1,08:45:49.548373924
108.7969,46,08:45:49.549682090
108.7969,24,08:45:49.550988978
108.7969,24,08:45:49.551636546
108.7969,48,08:45:49.551696180
108.7969,1,08:45:49.551859947
108.7969,5,08:45:49.551900404
108.7969,5,08:45:49.551926473
108.7969,2,08:45:49.551948761
108.7969,53,08:45:49.551987674
108.7969,12,08:45:49.552018416
108.7969,5,08:45:49.552045217
108.7969,9,08:45:49.552069512
108.7969,8,08:45:49.552096530
108.7969,29,08:45:49.552396831
108.7969,1,08:45:49.552515889
108.7969,1,08:45:49.552763107
108.7969,1,08:45:49.552825800
108.7969,1,08:45:49.553513045
108.7969,74,08:45:49.553566515
108.7969,1,08:45:49.554095704
108.7969,40,08:45:49.554123307
108.7969,38,08:45:49.554180630
108.7969,1,08:45:49.554667543
108.7969,1,08:45:49.554841053
108.7969,2,08:45:49.554993319
108.7969,2,08:45:49.555107580
108.7969,1,08:45:49.555524794
108.7813,10,08:45:49.887674843
108.7969,39,08:45:50.954852555
108.7969,1,08:45:50.955097517
108.7813,750,08:45:51.117730522
108.7813,1,08:45:51.128598972
108.7813,1,08:45:51.130743729
108.7813,3,08:45:51.134942086
108.7969,1,08:45:54.409301024
108.7813,50,08:45:56.607085510
108.7813,500,08:45:56.953607888
108.7813,469,08:45:56.959539512
108.7813,12,08:45:56.961526976
108.7813,1,08:45:56.961597119
108.7813,1,08:45:56.962273157
108.7813,500,08:45:59.510125609
108.7813,1,08:45:59.511941082
108.7813,1,08:45:59.512179945
108.7813,79,08:45:59.512321071
108.7813,1,08:45:59.512719516
108.7813,25,08:45:59.512843235
108.7813,27,08:45:59.513203731
108.7813,24,08:45:59.513386749
108.7813,1,08:45:59.513824775
108.7813,1,08:45:59.514178084
108.7813,20,08:45:59.514312803
108.7813,1,08:45:59.514360814
108.7813,27,08:45:59.515559527
108.7813,24,08:45:59.515644578
108.7813,1,08:45:59.515706614
108.7813,5,08:45:59.515752622
108.7813,5,08:45:59.515794120
108.7813,11,08:45:59.515865743
108.7813,1,08:45:59.515906307
108.7813,7,08:45:59.515940644
108.7813,2,08:45:59.515978486
108.7813,1,08:45:59.516049479
108.7813,26,08:45:59.516182563
108.7813,17,08:45:59.516238577
108.7813,1,08:45:59.516391400
108.7813,1,08:45:59.516455762
108.7813,5,08:45:59.516502608
108.7813,50,08:45:59.516644927
108.7813,1,08:45:59.516710414
108.7813,1,08:45:59.516860452
108.7813,2,08:45:59.517492011
108.7813,1,08:45:59.517606512
108.7813,3,08:45:59.518145112
108.7813,24,08:45:59.518470852
108.7813,2,08:45:59.518514101
108.7813,1,08:45:59.518558352
108.7813,1,08:45:59.518598126
108.7813,18,08:45:59.518706259
108.7813,40,08:45:59.518749431
108.7813,4,08:45:59.518848646
108.7813,1,08:45:59.518892394
108.7813,1,08:45:59.518948724
108.7813,7,08:45:59.519080622
108.7813,8,08:45:59.519434290
108.7813,10,08:45:59.519902488
108.7813,2,08:45:59.519935462
108.7813,7,08:45:59.519963935
108.7813,7,08:45:59.519980950
108.7813,41,08:45:59.520105112
108.7813,2,08:45:59.520228248
108.7813,1,08:45:59.520296035
108.7813,4,08:45:59.520349972
108.7813,3,08:45:59.520435411
108.7813,14,08:45:59.520485866
108.7813,14,08:45:59.520537387
108.7813,4,08:45:59.520569253
108.7813,3,08:45:59.520588752
108.7813,18,08:45:59.520607847
108.7813,49,08:45:59.520708233
108.7813,1,08:45:59.520815217
108.7813,1,08:45:59.520918425
108.7813,1,08:45:59.520955204
108.7813,4,08:45:59.521179199
108.7813,1,08:45:59.521201148
108.7813,2,08:45:59.521465573
108.7813,1,08:45:59.521817468
108.7813,24,08:45:59.522907221
108.7813,20,08:45:59.522935951
108.7813,1,08:45:59.523008391
108.7813,1,08:45:59.523033211
108.7813,1,08:45:59.523107944
108.7813,1,08:45:59.523128479
108.7813,25,08:45:59.523148688
108.7813,1,08:45:59.523253764
108.7813,2,08:45:59.523586988
108.7813,1,08:45:59.523879234
108.7813,1,08:45:59.524016427
108.7813,1,08:45:59.524293011
108.7813,1,08:45:59.524419837
108.7813,1,08:45:59.524510933
108.7813,1,08:45:59.524532914
108.7813,1,08:45:59.524550051
108.7813,22,08:45:59.524664162
108.7813,1,08:45:59.524687673
108.7813,1,08:45:59.524707606
108.7813,20,08:45:59.524855424
108.7813,10,08:45:59.524879232
108.7813,1,08:45:59.524899268
108.7813,22,08:45:59.524918311
108.7813,1,08:45:59.524968050
108.7813,3,08:45:59.525163491
108.7813,10,08:45:59.525210922
108.7813,1,08:45:59.526094482
108.7813,25,08:45:59.527795947
108.7813,1,08:45:59.528392545
108.7813,6,08:45:59.528917976
108.7813,1,08:45:59.529018333
108.7813,1,08:45:59.529135619
108.7813,6,08:45:59.533062178
108.7813,6,08:45:59.538290921
108.7813,10,08:45:59.582484347
108.7813,1,08:45:59.582702009
108.7813,5,08:45:59.651564323
108.7813,62,08:45:59.667594471
108.7813,54,08:45:59.667662339
108.7813,1,08:45:59.667712366
108.7813,24,08:45:59.667844413
108.7813,1,08:45:59.667933528
108.7813,7,08:45:59.668056305
108.7813,23,08:45:59.668266888
108.7813,2,08:45:59.668639178
108.7813,3,08:45:59.669871635
108.7813,23,08:45:59.670005321
108.7813,1,08:45:59.670473611
108.7813,2,08:45:59.670819747
108.7813,1,08:45:59.670859146
108.7813,5,08:45:59.670927358
108.7813,1,08:45:59.671005079
108.7813,56,08:45:59.671176311
108.7813,3,08:45:59.720444027
108.7813,1,08:45:59.720630387
108.7813,1,08:45:59.789267034
108.7813,1,08:45:59.858863428
108.7813,3,08:46:00.955557968
108.7813,27,08:46:01.066501216
108.7813,48,08:46:01.066666929
108.7813,5,08:46:01.066705224
108.7813,15,08:46:01.066732358
108.7813,15,08:46:01.066762614
108.7813,27,08:46:01.066987780
108.7813,5,08:46:01.067079500
108.7813,1,08:46:01.067250800
108.7813,1,08:46:01.067337029
108.7813,3,08:46:01.067496248
108.7813,25,08:46:01.067769623
108.7813,1,08:46:01.067894803
108.7813,1,08:46:01.067928074
108.7813,61,08:46:01.068174223
108.7813,321,08:46:01.219532926
108.7813,9,08:46:02.056357240
108.7813,1,08:46:02.062028552
108.7813,500,08:46:02.995488876
108.7813,1,08:46:02.996629680
108.7813,1,08:46:02.996936326
108.7813,10,08:46:02.996936326
108.7813,103,08:46:02.997187522
108.7813,1,08:46:02.997483617
108.7813,1,08:46:02.997562770
108.7813,1,08:46:02.997616960
108.7813,4,08:46:02.997673342
108.7813,1,08:46:02.997697852
108.7813,1,08:46:02.997764009
108.7813,1,08:46:02.997799143
108.7813,2,08:46:02.997799143
108.7813,1,08:46:02.997829742
108.7813,1,08:46:02.997890953
108.7813,1,08:46:02.997923616
108.7813,1,08:46:02.997953822
108.7813,1,08:46:02.997988747
108.7813,1,08:46:02.998052943
108.7813,1,08:46:02.998083773
108.7813,1,08:46:02.998142052
108.7813,1,08:46:02.998179279
108.7813,1,08:46:02.998223245
108.7813,1,08:46:02.998284368
108.7813,50,08:46:02.998352255
108.7813,1,08:46:02.998409363
108.7813,1,08:46:02.998435607
108.7813,222,08:46:02.998949685
108.7813,1,08:46:02.999666125
108.7813,7,08:46:02.999751145
108.7813,1,08:46:03.000020340
108.7813,2,08:46:03.000472304
108.7813,5,08:46:03.000617850
108.7813,3,08:46:03.000927606
108.7813,1,08:46:03.001027470
108.7813,1,08:46:03.001129467
108.7813,3,08:46:03.001283543
108.7813,1,08:46:03.001322117
108.7813,1,08:46:03.001573886
108.7813,1,08:46:03.001613985
108.7813,1,08:46:03.001744855
108.7813,13,08:46:03.001795394
108.7813,24,08:46:03.002249573
108.7813,1,08:46:03.003075929
108.7813,7,08:46:03.003265280
108.7813,1,08:46:03.003599260
108.7813,1,08:46:03.003630954
108.7813,1,08:46:03.003663912
108.7813,2,08:46:03.003709688
108.7813,1,08:46:03.003795969
108.7813,20,08:46:03.003857761
108.7813,10,08:46:03.004337560
108.7813,10,08:46:03.004679148
108.7813,7,08:46:03.004726515
108.7813,1,08:46:03.004922603
108.7813,1,08:46:03.005227517
108.7813,1,08:46:03.005260696
108.7813,2,08:46:03.006726598
108.7656,50,08:46:07.480333813
108.7813,1,08:46:07.523303097
108.7813,144,08:46:09.161281273
108.7813,96,08:46:09.161899318
108.7813,25,08:46:09.163320489
108.7813,15,08:46:09.167371909
108.7813,5,08:46:09.167410357
108.7813,1,08:46:09.167812551
108.7813,24,08:46:09.167837150
108.7813,27,08:46:09.167929599
108.7813,27,08:46:09.167991405
108.7813,2,08:46:09.168098143
108.7813,1,08:46:09.168158631
108.7813,28,08:46:09.168194326
108.7813,19,08:46:09.168232435
108.7813,1,08:46:09.168574026
108.7813,20,08:46:09.168832316
108.7813,13,08:46:09.168905561
108.7813,1,08:46:09.169005139
108.7813,1,08:46:09.169232323
108.7813,1,08:46:09.169492515
108.7813,1,08:46:09.169587637
108.7813,20,08:46:09.169613870
108.7813,1,08:46:09.169680077
108.7813,1,08:46:09.169812150
108.7813,14,08:46:09.169899790
108.7813,3,08:46:09.169975177
108.7813,1,08:46:09.170011472
108.7813,1,08:46:09.170209345
108.7813,1,08:46:09.170307785
108.7813,19,08:46:09.170498388
108.7813,1,08:46:09.170534334
108.7813,85,08:46:09.170581547
108.7813,1,08:46:09.170896802
108.7813,1,08:46:09.172151612
108.7813,1,08:46:09.172291925
108.7813,2,08:46:09.172545900
108.7813,24,08:46:09.174842744
108.7813,6,08:46:09.175082637
108.7813,1,08:46:09.175118859
108.7813,10,08:46:09.175252333
108.7813,19,08:46:09.234352343
108.7813,95,08:46:09.234658794
108.7813,27,08:46:09.239610459
108.7813,24,08:46:09.239794497
108.7813,27,08:46:09.239866464
108.7813,3,08:46:09.239932319
108.7813,1,08:46:09.239932319
108.7813,4,08:46:09.239975820
108.7813,1,08:46:09.240005868
108.7813,7,08:46:09.240072648
108.7813,1,08:46:09.240072648
108.7813,25,08:46:09.240167232
108.7813,1,08:46:09.240199290
108.7813,15,08:46:09.240273896
108.7813,1,08:46:09.241030686
108.7813,88,08:46:09.921547938
108.7813,332,08:46:09.933233726
108.7813,1,08:46:09.935533385
108.7813,2,08:46:10.895262046
108.7813,1,08:46:10.895526314
108.7656,200,08:46:11.179566317
108.7813,1,08:46:12.780072193
108.7656,25,08:46:14.153306290
108.7656,24,08:46:14.713323317
108.7656,1,08:46:14.713741322
108.7656,2,08:46:14.713776667
108.7656,1,08:46:14.713851385
108.7656,1,08:46:14.713924401
108.7656,1,08:46:14.714081057
108.7656,2,08:46:14.714145222
108.7656,1,08:46:14.714189123
108.7656,50,08:46:14.714506935
108.7656,54,08:46:14.714800271
108.7656,27,08:46:14.714826857
108.7656,48,08:46:14.714914140
108.7656,10,08:46:14.716151143
108.7656,14,08:46:14.716350857
108.7656,5,08:46:14.716462417
108.7656,10,08:46:14.716510447
108.7656,5,08:46:14.716536498
108.7656,5,08:46:14.716604071
108.7656,1,08:46:14.716989932
108.7656,62,08:46:14.717265784
108.7656,2,08:46:14.717393259
108.7656,1,08:46:14.717525443
108.7656,50,08:46:14.717821088
108.7656,1,08:46:14.717940777
108.7656,1,08:46:14.718254300
108.7656,19,08:46:14.718264041
108.7656,12,08:46:14.718441072
108.7656,16,08:46:14.718562597
108.7656,1,08:46:14.718585753
108.7656,1,08:46:14.718600585
108.7656,2,08:46:14.718634122
108.7656,1,08:46:14.718655101
108.7656,3,08:46:14.718684030
108.7656,2,08:46:14.718707358
108.7656,1,08:46:14.718732358
108.7656,1,08:46:14.718758726
108.7656,1,08:46:14.718784013
108.7656,1,08:46:14.718811450
108.7656,1,08:46:14.719002862
108.7656,1,08:46:14.719031301
108.7656,220,08:46:14.719266160
108.7656,71,08:46:14.719393151
108.7656,1,08:46:14.719419088
108.7656,2,08:46:14.719574249
108.7656,85,08:46:14.719703210
108.7656,86,08:46:14.719895898
108.7656,1,08:46:14.719927786
108.7656,3,08:46:14.720017398
108.7656,1,08:46:14.720017398
108.7656,2,08:46:14.720042902
108.7656,1,08:46:14.720075242
108.7656,60,08:46:14.720094433
108.7656,1,08:46:14.720270257
108.7656,1,08:46:14.720313702
108.7656,1,08:46:14.720394103
108.7656,1,08:46:14.720553399
108.7656,1,08:46:14.720585995
108.7656,24,08:46:14.720748782
108.7656,27,08:46:14.720795874
108.7656,1,08:46:14.721222289
108.7656,1,08:46:14.721454313
108.7656,1,08:46:14.721812110
108.7656,1,08:46:14.721880457
108.7656,18,08:46:14.721974564
108.7656,3,08:46:14.722388857
108.7656,5,08:46:14.722710099
108.7656,24,08:46:14.724733017
108.7656,20,08:46:14.724756616
108.7656,40,08:46:14.724811946
108.7656,51,08:46:14.724840609
108.7656,2,08:46:14.724946486
108.7656,25,08:46:14.725001262
108.7656,1,08:46:14.725030744
108.7656,24,08:46:14.725076400
108.7656,1,08:46:14.725431565
108.7656,7,08:46:14.725554009
108.7656,71,08:46:14.725625099
108.7656,2,08:46:14.725663471
108.7656,1,08:46:14.725694690
108.7656,54,08:46:14.725818168
108.7656,24,08:46:14.725884077
108.7656,27,08:46:14.725931662
108.7656,1,08:46:14.726393904
108.7656,1,08:46:14.726419716
108.7656,2,08:46:14.726519587
108.7656,2,08:46:14.726576852
108.7656,1,08:46:14.726644668
108.7656,2,08:46:14.726945929
108.7656,1,08:46:14.727123321
108.7656,1,08:46:14.727155213
108.7656,5,08:46:14.727833489
108.7656,1,08:46:14.728330104
108.7656,4,08:46:14.728382018
108.7656,13,08:46:14.728442957
108.7656,2,08:46:14.728519849
108.7656,1,08:46:14.728637754
108.7656,7,08:46:14.728637754
108.7656,3,08:46:14.728710172
108.7656,1,08:46:14.728754061
108.7656,1,08:46:14.728777978
108.7656,25,08:46:14.728815479
108.7656,39,08:46:14.728870789
108.7656,1,08:46:14.728951056
108.7656,1,08:46:14.728991774
108.7656,51,08:46:14.729070394
108.7656,27,08:46:14.729070394
108.7656,14,08:46:14.729100135
108.7656,3,08:46:14.729205865
108.7656,5,08:46:14.729241078
108.7656,1,08:46:14.729318850
108.7656,1,08:46:14.729568474
108.7656,5,08:46:14.729763528
108.7656,3,08:46:14.729957519
108.7656,1,08:46:14.730098581
108.7656,6,08:46:14.730652103
108.7656,1,08:46:14.731038760
108.7656,1,08:46:14.731778368
108.7656,1,08:46:14.732101303
108.7656,8,08:46:14.732223126
108.7656,1,08:46:14.732312744
108.7656,1,08:46:14.732422916
108.7656,3,08:46:14.732657407
108.7656,1,08:46:14.732731473
108.7656,1,08:46:14.732845346
108.7656,1,08:46:14.733241752
108.7656,1,08:46:14.733266175
108.7656,1,08:46:14.733304760
108.7656,1,08:46:14.733386177
108.7656,1,08:46:14.733450511
108.7656,3,08:46:14.733516535
108.7656,1,08:46:14.733728613
108.7656,9,08:46:14.733787987
108.7656,20,08:46:14.734554674
108.7656,1,08:46:14.734844449
108.7656,1,08:46:14.734937735
108.7656,1,08:46:14.734966350
108.7656,1,08:46:14.734991755
108.7656,1,08:46:14.735150705
108.7656,26,08:46:14.735257082
108.7656,5,08:46:14.737668891
108.7656,1,08:46:14.737910249
108.7656,1,08:46:14.738156885
108.7656,70,08:46:14.740268575
108.7656,23,08:46:14.740496202
108.7656,108,08:46:14.741334939
108.7656,12,08:46:14.741583219
108.7656,1,08:46:14.742201069
108.7656,1,08:46:14.742723831
108.7656,1,08:46:14.742954137
108.7656,1,08:46:14.742976489
108.7656,1,08:46:14.743246533
108.7656,1,08:46:14.743622684
108.7656,8,08:46:14.743681531
108.7656,1,08:46:14.743780313
108.7656,1,08:46:14.744456807
108.7656,27,08:46:14.750269229
108.7656,1,08:46:14.751024185
108.7656,24,08:46:14.751826431
108.7656,74,08:46:14.752327571
108.7656,2,08:46:14.752409208
108.7656,1,08:46:14.752519969
108.7656,1,08:46:14.752542910
108.7656,11,08:46:14.752564715
108.7656,1,08:46:14.752630777
108.7656,2,08:46:14.752780492
108.7656,1,08:46:14.752957059
108.7656,6,08:46:14.772186599
108.7656,300,08:46:14.789797839
108.7656,1,08:46:15.086880592
108.7656,1,08:46:15.087625426
108.7656,8,08:46:15.088594770
108.7656,1,08:46:15.089337948
108.7656,9,08:46:15.095595191
108.7656,1,08:46:15.095881325
108.7656,1,08:46:15.385551583
108.7656,1,08:46:15.412479474
108.7656,2,08:46:15.447991276
108.7656,1,08:46:15.477905507
108.7656,8,08:46:15.574837258
108.7656,2,08:46:15.574933380
108.7656,1,08:46:15.575009363
108.7656,19,08:46:15.575324434
108.7656,1,08:46:15.575397799
108.7656,1,08:46:15.575427121
108.7656,1,08:46:15.575455998
108.7656,1,08:46:15.575499647
108.7656,1,08:46:15.575534461
108.7656,1,08:46:15.575591047
108.7656,1,08:46:15.575615438
108.7656,1,08:46:15.575652412
108.7656,1,08:46:15.575699194
108.7656,1,08:46:15.575740766
108.7656,1,08:46:15.575785119
108.7656,1,08:46:15.575837354
108.7656,1,08:46:15.575873504
108.7656,1,08:46:15.575903762
108.7656,1,08:46:15.575934527
108.7656,1,08:46:15.575960533
108.7656,1,08:46:15.575997443
108.7656,1,08:46:15.576031776
108.7656,1,08:46:15.576072624
108.7656,1,08:46:15.576297865
108.7656,1,08:46:15.576349700
108.7656,2,08:46:15.576470678
108.7656,1,08:46:15.576534177
108.7656,10,08:46:15.576903372
108.7656,2,08:46:15.577295401
108.7656,1,08:46:15.577711318
108.7656,15,08:46:16.973545577
108.7656,1,08:46:21.997548822
108.7656,155,08:46:22.001115576
108.7656,1,08:46:22.001548782
108.7656,1,08:46:22.001582139
108.7656,1,08:46:22.001635622
108.7656,1,08:46:22.001662234
108.7656,1,08:46:22.001692164
108.7656,1,08:46:22.001748865
108.7656,1,08:46:22.001777135
108.7656,1,08:46:22.001807216
108.7656,1,08:46:22.001840438
108.7656,50,08:46:22.002082290
108.7656,1,08:46:22.002335024
108.7656,1,08:46:22.002357403
108.7656,1,08:46:22.002381634
108.7656,1,08:46:22.002417778
108.7656,1,08:46:22.002445520
108.7656,1,08:46:22.002476032
108.7656,1,08:46:22.002512555
108.7656,1,08:46:22.002546846
108.7656,1,08:46:22.002567129
108.7656,1,08:46:22.002598195
108.7656,1,08:46:22.002622531
108.7656,1,08:46:22.002659719
108.7656,1,08:46:22.002707855
108.7656,13,08:46:22.002948754
108.7656,4,08:46:22.003204133
108.7656,1,08:46:22.003228284
108.7656,48,08:46:22.003399910
108.7656,5,08:46:22.003617101
108.7656,27,08:46:22.003739959
108.7656,5,08:46:22.003796795
108.7656,6,08:46:22.003864867
108.7656,20,08:46:22.004146629
108.7656,28,08:46:22.004160377
108.7656,1,08:46:22.004282063
108.7656,1,08:46:22.004808720
108.7656,1,08:46:22.004846371
108.7656,1,08:46:22.004877770
108.7656,1,08:46:22.004915976
108.7656,1,08:46:22.004944655
108.7656,1,08:46:22.004978819
108.7656,1,08:46:22.005015533
108.7656,1,08:46:22.005049383
108.7656,5,08:46:22.005276675
108.7656,1,08:46:22.005350705
108.7656,1,08:46:22.005385813
108.7656,1,08:46:22.005413695
108.7656,1,08:46:22.005445890
108.7656,1,08:46:22.005548251
108.7656,1,08:46:22.005574933
108.7656,1,08:46:22.005608118
108.7656,1,08:46:22.005636186
108.7656,1,08:46:22.005673473
108.7656,1,08:46:22.005699979
108.7656,1,08:46:22.005733260
108.7656,1,08:46:22.005768355
108.7656,1,08:46:22.005786890
108.7656,1,08:46:22.005905206
108.7656,1,08:46:22.005956784
108.7656,1,08:46:22.006034792
108.7656,1,08:46:22.006068655
108.7656,27,08:46:22.006175390
108.7656,1,08:46:22.006390671
108.7656,22,08:46:22.006632264
108.7656,1,08:46:22.006815592
108.7656,4,08:46:22.006903872
108.7656,1,08:46:22.007157199
108.7656,1,08:46:22.007455988
108.7656,41,08:46:22.007587480
108.7656,7,08:46:22.007649602
108.7656,1,08:46:22.007780296
108.7656,1,08:46:22.007903071
108.7656,2,08:46:22.008147718
108.7656,2,08:46:22.008254671
108.7656,2,08:46:22.008350462
108.7656,4,08:46:22.008466630
108.7656,1,08:46:22.008749625
108.7656,1,08:46:22.009013272
108.7656,1,08:46:22.009981397
108.7656,2,08:46:22.010358445
108.7656,1,08:46:22.010379204
108.7656,1,08:46:22.011245739
108.7656,1,08:46:22.011589394
108.7656,1,08:46:22.012425645
108.7656,1,08:46:22.274672164
108.7656,1,08:46:22.282821743
108.7656,1,08:46:22.306338001
108.7656,1,08:46:22.687708912
108.7656,25,08:46:24.370578813
108.7656,4,08:46:24.377640498
108.7656,8,08:46:24.414920142
108.7656,1,08:46:24.415411457
108.75,25,08:46:24.675334405
108.7656,1,08:46:24.946850760
108.7656,1,08:46:24.953597818
108.7656,2,08:46:24.957511619
108.7656,1,08:46:24.989058254
108.7656,3,08:46:25.020687246
108.7656,2,08:46:25.021936247
108.75,1,08:46:25.462353220
108.75,5,08:46:26.378864491
108.7656,100,08:46:27.275045281
108.7656,1,08:46:27.858221836
108.7656,1,08:46:31.904223458
108.75,11,08:46:34.054477019
108.75,54,08:46:34.118304633
108.75,88,08:46:34.118925829
108.75,21,08:46:34.118994454
108.75,1,08:46:34.119141613
108.75,24,08:46:34.119141613
108.75,5,08:46:34.119168551
108.75,48,08:46:34.119286333
108.75,1,08:46:34.119318921
108.75,30,08:46:34.119439545
108.75,1,08:46:34.119681037
108.75,25,08:46:34.119899778
108.75,1,08:46:34.120025656
108.75,184,08:46:34.120471125
108.75,7,08:46:34.121509353
108.75,20,08:46:34.121544743
108.75,5,08:46:34.121579473
108.75,61,08:46:34.121617835
108.75,1,08:46:34.121649599
108.75,304,08:46:34.121891226
108.75,40,08:46:34.122928870
108.75,1,08:46:34.126631454
108.75,2,08:46:34.126884093
108.75,2,08:46:34.128729237
108.75,1,08:46:34.129163041
108.75,21,08:46:34.131903809
108.75,20,08:46:34.132110947
108.75,24,08:46:34.134903308
108.75,1,08:46:34.135040584
108.75,10,08:46:34.135618762
108.75,54,08:46:34.135647774
108.75,5,08:46:34.135677218
108.75,14,08:46:34.135696975
108.75,48,08:46:34.135718710
108.75,1,08:46:34.135866601
108.75,1,08:46:34.135890320
108.75,39,08:46:34.135946452
108.75,9,08:46:34.135986661
108.75,7,08:46:34.136016543
108.75,17,08:46:34.602781686
108.75,21,08:46:34.602861748
108.75,14,08:46:34.602893803
108.75,41,08:46:34.603123411
108.75,1,08:46:34.603192878
108.75,50,08:46:34.603557797
108.75,26,08:46:34.604137272
108.75,364,08:46:34.889971994
108.75,3,08:46:35.024887513
108.75,3,08:46:35.031244521
108.75,27,08:46:35.328129153
108.75,1,08:46:35.328383327
108.75,48,08:46:35.328769770
108.75,4,08:46:35.329042569
108.75,4,08:46:35.329347350
108.75,5,08:46:38.170749249
108.75,1,08:46:39.697588578
108.75,5,08:46:40.420477660
108.7656,11,08:46:44.184627347
108.75,500,08:46:51.752463309
108.75,1,08:46:52.667575030
108.75,1,08:46:54.084627334
108.75,8,08:47:03.559593346
108.75,300,08:47:06.262174046
108.7656,9,08:47:06.291667099
108.75,5,08:47:13.623732060
108.7656,1,08:47:16.404584542
108.7656,1,08:47:16.404814019
108.7656,3,08:47:16.406141998
108.7656,1,08:47:16.406184636
108.7656,2,08:47:16.406272684
108.7656,9,08:47:16.407097300
108.75,25,08:47:17.388797143
108.75,1,08:47:21.846212530
108.75,627,08:47:27.552424967
108.75,4,08:47:27.561148976
108.75,4,08:47:27.561897577
108.75,1,08:47:27.566807206
108.75,1,08:47:27.574440464
108.75,4,08:47:28.242783819
108.75,2,08:47:28.242824814
108.7344,1,08:47:28.708137978
108.75,20,08:47:33.778410332
108.75,250,08:47:35.190670353
108.75,1,08:47:35.191080300
108.75,1,08:47:35.191219990
108.75,1,08:47:35.191293034
108.75,1,08:47:35.191697449
108.75,150,08:47:35.218308347
108.75,1,08:47:35.218523318
108.75,1,08:47:35.218547722
108.75,1,08:47:35.218625007
108.75,1,08:47:35.218676210
108.75,1,08:47:35.218718164
108.75,49,08:47:35.218777012
108.75,1,08:47:35.218805461
108.75,1,08:47:35.218839587
108.75,1,08:47:35.218872713
108.75,1,08:47:35.218904167
108.75,1,08:47:35.218944193
108.75,1,08:47:35.218972646
108.75,1,08:47:35.219001154
108.75,1,08:47:35.219039021
108.75,1,08:47:35.219067885
108.75,1,08:47:35.219104315
108.75,1,08:47:35.219136824
108.75,1,08:47:35.219171212
108.75,1,08:47:35.219199827
108.75,1,08:47:35.219230881
108.75,1,08:47:35.219258709
108.75,1,08:47:35.219292418
108.75,1,08:47:35.219336937
108.75,1,08:47:35.219356944
108.75,1,08:47:35.219386267
108.75,1,08:47:35.219420773
108.75,2,08:47:35.219630748
108.75,1,08:47:35.219913848
108.75,133,08:47:35.220172756
108.75,1,08:47:35.220728511
108.75,1,08:47:35.220777210
108.75,1,08:47:35.220838808
108.75,1,08:47:35.220904703
108.75,6,08:47:35.220972458
108.75,24,08:47:35.221779925
108.75,1,08:47:35.221834914
108.75,19,08:47:35.221876275
108.75,86,08:47:35.221942596
108.75,1,08:47:35.222016399
108.75,1,08:47:35.222170511
108.75,1,08:47:35.222294831
108.75,1,08:47:35.222353494
108.75,1,08:47:35.222721492
108.75,1,08:47:35.222886843
108.75,45,08:47:35.224952958
108.75,1,08:47:35.225486585
108.75,17,08:47:35.225730209
108.75,1,08:47:35.226228673
108.75,12,08:47:35.262261618
108.75,1,08:47:35.262474467
108.75,1,08:47:35.262542922
108.75,1,08:47:35.262593016
108.75,4,08:47:35.284294894
108.75,1,08:47:35.284500530
108.75,1,08:47:35.284587495
108.75,105,08:47:35.286812487
108.75,1,08:47:35.463936764
108.75,1,08:47:35.464006323
108.75,1,08:47:35.725545915
108.75,1,08:47:35.725611420
108.75,1,08:47:35.752403115
108.75,1,08:47:35.752457036
108.75,1,08:47:35.805237778
108.75,1,08:47:35.805296678
108.75,1,08:47:35.878979131
108.75,1,08:47:35.879020085
108.75,1,08:47:36.251846068
108.75,1,08:47:36.252275738
108.75,1,08:47:36.587184368
108.7344,157,08:47:38.112364844
108.75,1,08:47:39.220136577
108.75,1,08:47:39.220183931
108.7344,1,08:47:41.244234978
108.75,319,08:47:44.951242668
108.75,65,08:47:44.952481848
108.75,1,08:47:44.954642541
108.75,137,08:47:44.955183727
108.75,4,08:47:44.956343538
108.75,65,08:47:44.958076751
108.75,1,08:47:44.958908416
108.75,1,08:47:44.959145192
108.75,1,08:47:44.959711034
108.75,92,08:47:44.960920396
108.75,1,08:47:45.006185971
108.75,5,08:47:45.742028590
108.75,75,08:47:56.688326189
108.75,2,08:47:56.688708124
108.75,1,08:47:56.812840704
108.75,25,08:47:59.961911098
108.75,1,08:47:59.961993637
108.75,1,08:47:59.962048634
108.75,1,08:47:59.962137413
108.75,1,08:47:59.962213783
108.75,1,08:47:59.962255989
108.75,1,08:47:59.962281807
108.75,1,08:47:59.962336115
108.75,1,08:47:59.962366045
108.75,1,08:47:59.962397361
108.75,1,08:47:59.962437995
108.75,1,08:47:59.962454825
108.75,1,08:47:59.962484691
108.75,1,08:47:59.962516144
108.75,1,08:47:59.962548547
108.75,1,08:47:59.962621557
108.75,1,08:47:59.962640077
108.75,1,08:47:59.962677063
108.75,1,08:47:59.962738053
108.75,25,08:47:59.962853281
108.75,1,08:47:59.962888824
108.75,1,08:47:59.962939324
108.75,73,08:47:59.963236089
108.75,1,08:47:59.963511355
108.75,1,08:47:59.963552482
108.75,1,08:47:59.963651910
108.75,1,08:47:59.965767799
108.75,26,08:47:59.966876530
108.75,17,08:47:59.967147012
108.75,1,08:47:59.967699564
108.75,4,08:47:59.967774996
108.75,1,08:47:59.968067757
108.75,1,08:47:59.968085588
108.75,31,08:47:59.968114548
108.75,1,08:47:59.968338636
108.75,2,08:47:59.968403834
108.75,3,08:47:59.968491244
108.75,1,08:47:59.968814783
108.75,1,08:47:59.969145465
108.75,1,08:47:59.969716142
108.75,1,08:47:59.969737166
108.75,1,08:47:59.985372931
108.75,2,08:47:59.985657055
108.75,2,08:47:59.985729507
108.75,14,08:47:59.986006194
108.75,1,08:48:00.022675045
108.75,1,08:48:00.022716210
108.75,1,08:48:00.035963495
108.75,1,08:48:00.036028939
108.75,24,08:48:00.036274571
108.75,27,08:48:00.036355160
108.75,10,08:48:00.036617902
108.75,2,08:48:00.036696558
108.75,22,08:48:00.037626239
108.75,1,08:48:00.038016589
108.75,4,08:48:00.075391033
108.75,1,08:48:00.075625938
108.75,1,08:48:00.075686294
108.75,22,08:48:00.105692458
108.75,1,08:48:00.105897552
108.75,1,08:48:00.105964253
108.75,1,08:48:00.106025106
108.75,1,08:48:00.106109559
108.75,11,08:48:00.174733769
108.75,1,08:48:00.174923750
108.75,1,08:48:00.174985301
108.75,84,08:48:00.661233623
108.75,13,08:48:00.672451763
108.75,50,08:48:07.514131747
108.75,1,08:48:14.429730255
108.75,1,08:48:14.429790272
108.7656,1,08:48:14.445162521
108.75,1,08:48:14.445475442
108.75,1,08:48:14.445674253
108.75,1,08:48:14.776540470
108.75,1,08:48:14.776595239
108.75,1,08:48:14.777203015
108.75,29,08:48:14.777228525
108.75,1,08:48:14.777254734
108.75,1,08:48:14.777288305
108.75,1,08:48:14.777305992
108.75,1,08:48:14.777345743
108.75,1,08:48:14.777740593
108.75,24,08:48:14.778002585
108.75,27,08:48:14.778087083
108.75,1,08:48:14.778514410
108.75,1,08:48:14.778612470
108.75,1,08:48:14.778666631
108.75,102,08:48:14.778870907
108.75,1,08:48:14.779640001
108.75,1,08:48:14.779960775
108.75,1,08:48:14.780171333
108.75,2,08:48:14.780239382
108.75,1,08:48:14.780285003
108.75,1,08:48:14.780319822
108.75,1,08:48:14.780345602
108.75,2,08:48:14.780562730
108.75,1,08:48:14.780606395
108.75,21,08:48:14.780632472
108.75,27,08:48:14.780691635
108.75,24,08:48:14.780733815
108.75,4,08:48:14.782941456
108.75,1,08:48:14.839930555
108.75,1,08:48:14.839989884
108.75,1,08:48:14.879836570
108.75,1,08:48:14.879901829
108.75,1,08:48:14.894514638
108.75,1,08:48:14.894587555
108.75,1,08:48:14.895084189
108.75,1,08:48:14.910682938
108.75,1,08:48:14.995285098
108.75,1,08:48:15.012795194
108.75,1,08:48:15.030754269
108.75,1,08:48:15.285659804
108.75,1,08:48:15.308484571
108.75,99,08:48:15.316213612
108.75,1,08:48:15.317244075
108.75,1,08:48:15.317294898
108.75,1,08:48:15.318623808
108.75,35,08:48:15.321607797
108.75,1,08:48:15.322075977
108.75,1,08:48:15.322130403
108.75,1,08:48:15.322266336
108.75,37,08:48:15.322330536
108.75,2,08:48:15.322395609
108.75,1,08:48:15.322395609
108.75,1,08:48:15.327058829
108.75,1,08:48:15.419483850
108.75,1,08:48:15.419580725
108.75,1,08:48:15.529958934
108.75,1,08:48:15.566144395
108.75,1,08:48:15.836618694
108.75,1,08:48:15.887124206
108.75,2,08:48:16.727863118
108.75,30,08:48:16.728307213
108.75,10,08:48:16.728509575
108.75,8,08:48:16.802929466
108.75,1,08:48:16.802964280
108.75,1,08:48:16.803162274
108.75,1,08:48:16.803202815
108.75,1,08:48:16.803277611
108.75,12,08:48:16.803746548
108.75,1,08:48:16.803896708
108.75,64,08:48:16.852339708
108.75,27,08:48:16.852420730
108.75,1,08:48:16.938132145
108.75,96,08:48:16.938639742
108.75,1,08:48:16.938964424
108.75,1,08:48:16.939034955
108.75,9,08:48:16.939211577
108.75,9,08:48:16.939539120
108.75,1,08:48:16.939788828
108.75,1,08:48:16.939877300
108.75,1,08:48:16.940260606
108.75,1,08:48:16.940333287
108.75,2,08:48:16.940410133
108.75,1,08:48:16.940661757
108.75,1,08:48:16.967110849
108.75,1,08:48:17.170987879
108.75,1,08:48:17.457828643
108.75,1,08:48:17.457909245
108.75,1,08:48:17.475648944
108.75,1,08:48:17.475712612
108.75,1,08:48:17.706283486
108.75,1,08:48:17.706353016
108.75,1,08:48:17.728931027
108.75,1,08:48:17.729020104
108.75,1,08:48:17.997151593
108.75,1,08:48:17.997294942
108.75,1,08:48:17.997886715
108.75,14,08:48:18.005688875
108.75,1,08:48:18.007229383
108.75,1,08:48:18.008008438
108.75,5,08:48:18.136530047
108.75,1,08:48:18.136741783
108.75,1,08:48:18.136794817
108.75,1,08:48:18.169220654
108.75,1,08:48:18.169268038
108.75,1,08:48:18.181499017
108.75,1,08:48:18.181534966
108.75,1,08:48:18.234298205
108.75,1,08:48:18.234349770
108.75,1,08:48:18.252241862
108.75,1,08:48:18.252289713
108.75,1,08:48:18.453497408
108.75,1,08:48:18.453564089
108.75,1,08:48:18.453817674
108.75,1,08:48:18.831265283
108.75,1,08:48:18.831359752
108.75,1,08:48:19.389477427
108.75,1,08:48:19.389555882
108.75,24,08:48:19.398150778
108.75,27,08:48:19.398209586
108.75,1,08:48:19.398272755
108.75,3,08:48:19.398321640
108.75,2,08:48:19.398349765
108.75,1,08:48:19.398385622
108.75,1,08:48:19.398465053
108.75,5,08:48:19.398534377
108.75,2,08:48:19.398764189
108.75,1,08:48:19.398858303
108.75,1,08:48:19.399965129
108.75,1,08:48:19.429839579
108.75,1,08:48:19.429927552
108.75,1,08:48:19.430325803
108.75,1,08:48:19.441352637
108.75,1,08:48:19.441436632
108.75,1,08:48:19.441594756
108.75,1,08:48:19.441738631
108.75,5,08:48:19.442619737
108.75,1,08:48:19.443760909
108.75,1,08:48:19.500334127
108.75,1,08:48:19.500383200
108.75,1,08:48:19.568609516
108.75,1,08:48:19.568693024
108.7344,1,08:48:19.629259136
108.75,1,08:48:19.629464221
108.75,1,08:48:19.629569161
108.75,1,08:48:23.858335089
108.75,1,08:48:23.861537764
108.75,1,08:48:23.866479198
108.7344,1,08:48:28.261961868
108.75,1,08:48:28.681479648
108.75,1,08:48:28.681577331
108.75,1,08:48:29.264906922
108.75,1,08:48:29.264958772
108.75,1,08:48:29.265200976
108.75,250,08:48:29.817732543
108.75,4,08:48:29.818931863
108.75,1,08:48:29.818965160
108.75,1,08:48:29.818991275
108.75,1,08:48:29.819025327
108.75,1,08:48:29.819056707
108.75,1,08:48:29.819098858
108.75,5,08:48:29.819122698
108.75,1,08:48:29.819153592
108.75,1,08:48:29.819178325
108.75,1,08:48:29.819234889
108.75,1,08:48:29.819312075
108.75,1,08:48:29.819343173
108.75,1,08:48:29.819366796
108.75,1,08:48:29.819424337
108.75,1,08:48:29.819485640
108.75,1,08:48:29.819593674
108.75,1,08:48:29.819627514
108.75,1,08:48:29.819655778
108.75,1,08:48:29.819707654
108.75,8,08:48:29.823327516
108.75,2,08:48:29.823433624
108.75,1,08:48:29.825275843
108.75,2,08:48:29.825661077
108.75,1,08:48:29.952004062
108.75,1,08:48:29.952348121
108.75,1,08:48:30.581333556
108.75,1,08:48:30.581648005
108.75,1,08:48:30.610090625
108.75,1,08:48:30.610170598
108.75,1,08:48:30.611219873
108.75,1,08:48:30.635332835
108.75,1,08:48:30.635426267
108.75,1,08:48:30.831916396
108.75,1,08:48:30.831964893
108.75,1,08:48:30.849842196
108.75,1,08:48:30.849927202
108.75,8,08:48:30.904346915
108.75,1,08:48:30.904632729
108.75,27,08:48:31.039202898
108.75,24,08:48:31.039230825
108.75,8,08:48:31.039245702
108.75,1,08:48:31.039380121
108.75,20,08:48:31.039405564
108.75,1,08:48:31.039426906
108.75,1,08:48:31.039451310
108.75,1,08:48:31.039475012
108.75,1,08:48:31.039513404
108.75,1,08:48:31.039571411
108.75,1,08:48:31.039617918
108.75,1,08:48:31.039642936
108.75,1,08:48:31.039726448
108.75,1,08:48:31.039823436
108.75,1,08:48:31.040062538
108.75,1,08:48:31.040145561
108.75,8,08:48:31.046417066
108.75,1,08:48:31.046683260
108.75,1,08:48:31.128846372
108.75,1,08:48:31.147154216
108.75,1,08:48:31.227555071
108.75,1,08:48:31.251448474
108.75,1,08:48:31.291811222
108.75,1,08:48:31.311267671
108.75,1,08:48:31.403447038
108.75,1,08:48:31.403512124
108.75,5,08:48:31.432897986
108.75,15,08:48:31.432960873
108.75,5,08:48:31.433006413
108.75,10,08:48:31.433089531
108.75,6,08:48:31.433165408
108.75,1,08:48:31.749111042
108.75,1,08:48:31.749343857
108.75,1,08:48:32.171066758
108.75,1,08:48:32.171128910
108.75,27,08:48:33.611872189
108.75,1,08:48:33.612056984
108.75,1,08:48:33.612139523
108.75,1,08:48:33.612173629
108.75,1,08:48:33.612273647
108.75,1,08:48:33.612324762
108.75,1,08:48:33.612407999
108.75,5,08:48:33.612552174
108.75,1,08:48:33.612591843
108.75,24,08:48:33.612847270
108.75,10,08:48:33.613051193
108.75,5,08:48:33.613115732
108.75,1,08:48:33.613151492
108.75,25,08:48:33.613361740
108.75,17,08:48:33.613651386
108.75,1,08:48:33.614314335
108.75,1,08:48:33.796128224
108.75,1,08:48:33.796383925
108.75,1,08:48:33.796539602
108.75,24,08:48:33.805812984
108.75,4,08:48:33.805895092
108.75,1,08:48:33.805933956
108.75,61,08:48:33.805994646
108.75,1,08:48:33.806581071
108.75,11,08:48:33.807745434
108.75,1,08:48:33.809011443
108.75,7,08:48:33.809104971
108.75,1,08:48:33.809162601
108.75,1,08:48:33.809475683
108.75,1,08:48:34.166764002
108.75,1,08:48:34.166799456
108.75,1,08:48:34.207651627
108.75,1,08:48:34.207706607
108.75,1,08:48:34.238799579
108.75,1,08:48:34.238852882
108.75,1,08:48:34.875052575
108.75,1,08:48:34.875099842
108.75,1,08:48:34.893013685
108.75,1,08:48:34.893091671
108.75,1,08:48:35.101604621
108.75,1,08:48:35.101662949
108.75,4,08:48:35.271407737
108.75,1,08:48:35.272065868
108.75,1,08:48:35.272156049
108.75,1,08:48:35.272303291
108.75,1,08:48:35.464023088
108.75,1,08:48:35.464077341
108.75,1,08:48:36.432553166
108.75,1,08:48:37.068112323
108.75,1,08:48:37.288710317
108.75,1,08:48:38.474066086
108.75,1,08:48:39.276566699
108.75,1,08:48:39.294790922
108.75,1,08:48:47.241149052
108.75,1,08:48:47.243656532
108.75,1,08:48:47.243688431
108.75,3,08:48:47.244062617
108.75,4,08:48:47.244371084
108.75,3,08:48:47.244734189
108.75,1,08:48:47.245607497
108.75,27,08:48:47.250524216
108.75,24,08:48:47.250598745
108.75,1,08:48:47.250655089
108.75,10,08:48:47.250687812
108.75,1,08:48:47.250714873
108.75,1,08:48:47.250762871
108.75,1,08:48:47.250810020
108.75,1,08:48:47.250887868
108.75,1,08:48:47.250947517
108.75,1,08:48:47.250996136
108.75,1,08:48:47.251048572
108.75,1,08:48:47.251079910
108.75,1,08:48:47.251139793
108.75,1,08:48:47.251165090
108.75,1,08:48:47.251211990
108.75,1,08:48:47.251253200
108.75,1,08:48:47.251305685
108.75,1,08:48:47.251388179
108.75,51,08:48:47.251486914
108.75,1,08:48:47.251486914
108.75,1,08:48:47.251640414
108.75,27,08:48:47.251743853
108.75,1,08:48:47.251769221
108.75,48,08:48:47.251810424
108.75,156,08:48:47.252066912
108.75,1,08:48:47.252259812
108.75,1,08:48:47.252341968
108.75,4,08:48:47.252439246
108.75,1,08:48:47.252439246
108.75,24,08:48:47.252510403
108.75,50,08:48:47.252598236
108.75,2,08:48:47.252643542
108.75,25,08:48:47.252686147
108.75,1,08:48:47.252723213
108.75,1,08:48:47.252759227
108.75,54,08:48:47.252856554
108.75,8,08:48:47.253021754
108.75,19,08:48:47.253073467
108.75,39,08:48:47.253128742
108.75,1,08:48:47.253244524
108.75,1,08:48:47.253372821
108.75,2,08:48:47.253403269
108.75,1,08:48:47.253437033
108.75,1,08:48:47.253486055
108.75,24,08:48:47.253574508
108.75,1,08:48:47.253628000
108.75,24,08:48:47.253730261
108.75,2,08:48:47.253762774
108.7969,2,08:49:03.543399289
108.7969,1,08:49:03.543538495
108.7969,2,08:49:03.543579708
108.7969,1,08:49:03.543635584
108.7969,1,08:49:03.543665831
108.7969,2,08:49:03.543716197
108.7969,1,08:49:03.543788733
108.7969,105,08:49:03.543788733
108.7969,136,08:49:03.543968686
108.7969,1,08:49:03.544057185
108.7969,1,08:49:03.544086111
108.7969,1,08:49:03.544146773
108.7969,1,08:49:03.544210040
108.7969,1,08:49:03.544261088
108.7969,1,08:49:03.544335890
108.7969,1,08:49:03.544368220
108.7969,1,08:49:03.544391485
108.7969,1,08:49:03.544430032
108.7969,1,08:49:03.544475157
108.7969,1,08:49:03.544511929
108.7969,1,08:49:03.544549283
108.7969,1,08:49:03.544644328
108.7969,1,08:49:03.544664456
108.7969,1,08:49:03.544693100
108.7969,1,08:49:03.544720016
108.7969,1,08:49:03.544747780
108.7969,1,08:49:03.544778824
108.7969,1,08:49:03.544804901
108.7969,1,08:49:03.544827615
108.7969,1,08:49:03.544893844
108.7969,1,08:49:03.544955960
108.7969,2,08:49:03.545023238
108.7969,1,08:49:03.545114407
108.7969,1,08:49:03.545175886
108.7969,1,08:49:03.545266520
108.7969,1,08:49:03.545300865
108.7969,2,08:49:03.545366480
108.7969,24,08:49:03.545544896
108.7969,1,08:49:03.545632735
108.7969,27,08:49:03.545859962
108.7969,12,08:49:03.546338932
108.7969,65,08:49:03.546585417
108.7969,6,08:49:03.546636739
108.7969,26,08:49:03.546720677
108.7969,1,08:49:03.546722290
108.7969,1,08:49:03.546758832
108.7969,1,08:49:03.546961664
108.7969,8,08:49:03.547126234
108.7969,1,08:49:03.547682194
108.7969,59,08:49:03.547725398
108.7969,1,08:49:03.548401718
108.7969,1,08:49:03.548505408
108.7969,3,08:49:03.548596612
108.7969,1,08:49:03.548620552
108.7969,5,08:49:03.548682067
108.7969,2,08:49:03.548721313
108.7969,1,08:49:03.548756680
108.7969,1,08:49:03.548784008
108.7969,1,08:49:03.548909771
108.7969,8,08:49:03.548967948
108.7969,1,08:49:03.549376078
108.7969,1,08:49:03.549413781
108.7969,5,08:49:03.549494575
108.7969,1,08:49:03.549529818
108.7969,1,08:49:03.549674142
108.7969,1,08:49:03.550787908
108.7969,1,08:49:03.550824238
108.7969,11,08:49:03.550860357
108.7969,1,08:49:03.550927847
108.7969,1,08:49:03.551546534
108.7969,1,08:49:03.551762014
108.7969,1,08:49:03.552017699
108.7969,4,08:49:03.552134975
108.7969,1,08:49:03.552248135
108.7969,2,08:49:03.552274936
108.7969,1,08:49:03.552361784
108.7969,8,08:49:03.552401223
108.7969,1,08:49:03.552549998
108.7969,1,08:49:03.552649485
108.7969,1,08:49:03.552670919
108.7969,10,08:49:03.556200676
108.7969,3,08:49:03.567294682
108.7969,13,08:49:03.567365111
108.7813,9,08:49:03.568981714
108.7969,1,08:49:03.595693477
108.7969,1,08:49:03.598109378
108.7969,73,08:49:03.769048226
108.7969,4,08:49:04.949792587
108.7969,2,08:49:04.949863263
108.7969,1,08:49:04.950413776
108.7969,1,08:49:04.950438376
108.7969,1,08:49:04.950698621
108.7969,201,08:49:04.951814569
108.7969,1,08:49:04.952521922
108.7969,1,08:49:04.952666926
108.7969,2,08:49:04.952828004
108.7969,27,08:49:04.953195567
108.7969,1,08:49:04.953761457
108.7969,1,08:49:04.953798591
108.7969,1,08:49:04.954016943
108.7969,8,08:49:04.954076014
108.7969,3,08:49:04.954466646
108.7969,1,08:49:04.955368283
108.7969,27,08:49:04.955476457
108.7969,1,08:49:04.955991134
108.7969,19,08:49:04.956074671
108.7969,1,08:49:04.956724893
108.7969,25,08:49:04.956917539
108.7969,2,08:49:04.957021852
108.7969,1,08:49:04.957179218
108.7969,1,08:49:04.957293938
108.7969,1,08:49:04.957399834
108.7969,1,08:49:04.957432065
108.7969,1,08:49:04.957500484
108.7969,1,08:49:04.958172797
108.7969,1,08:49:04.958468153
108.7969,321,08:49:04.965129788
108.7969,2,08:49:05.011580359
108.7969,3,08:49:05.166714009
108.7969,1,08:49:05.706662604
108.8125,1,08:49:06.292538993
108.8125,6,08:49:06.293333512
108.8125,1,08:49:06.294018543
108.8125,1,08:49:06.294054707
108.8125,10,08:49:06.295108978
108.8125,2,08:49:06.295337008
108.8125,1,08:49:06.295380011
108.8125,25,08:49:06.296247506
108.8125,772,08:49:06.297927995
108.8125,4,08:49:06.303077951
108.8125,27,08:49:06.308737700
108.8125,24,08:49:06.308772846
108.8125,5,08:49:06.308796485
108.8125,5,08:49:06.308815817
108.8125,5,08:49:06.308840240
108.8125,5,08:49:06.308857651
108.8125,27,08:49:06.308907303
108.8125,24,08:49:06.308943515
108.8125,5,08:49:06.308992576
108.8125,5,08:49:06.309015098
108.8125,27,08:49:06.309084609
108.8125,5,08:49:06.309199181
108.8125,1,08:49:06.311288641
108.8125,1,08:49:06.312897035
108.8125,1,08:49:06.312971302
108.8125,82,08:49:06.313009456
108.8125,1,08:49:06.313083272
108.8125,1,08:49:06.313126197
108.8125,2,08:49:06.314987362
108.8125,35,08:49:06.315142024
108.8125,2,08:49:06.317752368
108.8125,2,08:49:06.318024457
108.8125,24,08:49:06.318043254
108.8125,1,08:49:06.318066921
108.8125,1,08:49:06.318109827
108.8125,5,08:49:06.318262410
108.8125,27,08:49:06.318451200
108.8125,1,08:49:06.318518806
108.8125,226,08:49:06.324822664
108.8125,1,08:49:06.325214687
108.8125,1,08:49:06.325273681
108.8125,24,08:49:06.325711312
108.8125,1,08:49:06.325772446
108.8125,1,08:49:06.325980527
108.8125,6,08:49:06.327711835
108.8125,1,08:49:06.327740924
108.8125,1,08:49:06.328535676
108.8125,157,08:49:06.372337981
108.8125,39,08:49:06.374055388
108.8125,1,08:49:06.375682499
108.8125,1,08:49:06.375736532
108.8125,1,08:49:06.376104424
108.8125,40,08:49:06.377885622
108.8125,2,08:49:06.378025954
108.8125,1,08:49:06.378077507
108.8125,1,08:49:06.379223322
108.8125,2,08:49:06.380292032
108.8125,1,08:49:06.380358571
108.8125,1,08:49:06.380481831
108.8125,1,08:49:06.385009221
108.8125,1,08:49:06.387746195
108.8125,1,08:49:06.387851054
108.8125,2,08:49:06.387869573
108.8125,1,08:49:06.388012443
108.8125,1,08:49:06.388095658
108.8125,2,08:49:06.388268013
108.8125,1,08:49:06.388290708
108.8125,1,08:49:06.388338888
108.8125,47,08:49:06.388398192
108.8125,2,08:49:06.388472760
108.8125,1,08:49:06.388498072
108.8125,1,08:49:06.388682588
108.8125,1,08:49:06.388783649
108.8125,1,08:49:06.388851334
108.8125,1,08:49:06.388874752
108.8125,1,08:49:06.388900336
108.8125,1,08:49:06.388921415
108.8125,1,08:49:06.388943434
108.8125,1,08:49:06.388962098
108.8125,1,08:49:06.388984572
108.8125,1,08:49:06.389009510
108.8125,1,08:49:06.389035430
108.8125,1,08:49:06.389051587
108.8125,1,08:49:06.389073223
108.8125,1,08:49:06.389096508
108.8125,1,08:49:06.389116664
108.8125,1,08:49:06.389138952
108.8125,1,08:49:06.389165254
108.8125,1,08:49:06.389185920
108.8125,1,08:49:06.389210989
108.8125,1,08:49:06.389229229
108.8125,1,08:49:06.389252651
108.8125,1,08:49:06.389273182
108.8125,1,08:49:06.389297029
108.8125,18,08:49:06.389443061
108.8125,3,08:49:06.389689129
108.8125,1,08:49:06.390011725
108.8125,1,08:49:06.390034414
108.8125,1,08:49:06.390058785
108.8125,1,08:49:06.390080411
108.8125,1,08:49:06.390100981
108.8125,1,08:49:06.390124409
108.8125,1,08:49:06.390145840
108.8125,1,08:49:06.390171274
108.8125,1,08:49:06.390195028
108.8125,1,08:49:06.390214334
108.8125,1,08:49:06.390278758
108.8125,1,08:49:06.390374382
108.8125,2,08:49:06.391348530
108.8125,1,08:49:06.391410476
108.8125,2,08:49:06.405787239
108.8125,1,08:49:06.406343209
108.8125,13,08:49:06.413522480
108.8125,6,08:49:06.413875744
108.8125,1,08:49:06.413989382
108.8125,1,08:49:06.414384404
108.8125,14,08:49:06.414437601
108.8125,1,08:49:06.414643693
108.8125,1,08:49:06.414693876
108.8125,27,08:49:06.415356359
108.8125,1,08:49:06.415862975
108.8125,43,08:49:06.416192837
108.8125,1,08:49:06.417187523
108.8125,1,08:49:06.417617400
108.8125,3,08:49:06.424624894
108.8125,1,08:49:06.424863066
108.8125,1,08:49:06.462309128
108.8125,1,08:49:06.462362460
108.8125,1,08:49:06.485362475
108.8125,1,08:49:06.485436681
108.8125,1,08:49:06.508218182
108.8125,1,08:49:06.508295483
108.8125,1,08:49:06.519382835
108.8125,1,08:49:06.519598734
108.8125,1,08:49:06.612397490
108.8125,1,08:49:06.612876664
108.8125,11,08:49:07.217851141
108.8281,6,08:49:07.237735339
108.8125,1,08:49:07.416225492
108.8125,1,08:49:07.416452341
108.8125,2,08:49:07.666806165
108.8125,1,08:49:07.900325350
108.8125,1,08:49:07.993831833
108.8125,44,08:49:07.994714730
108.8125,1,08:49:07.995051483
108.8125,1,08:49:07.995454336
108.8125,1,08:49:07.995892678
108.8125,3,08:49:07.996898554
108.8125,1,08:49:07.996922170
108.8125,10,08:49:07.998787532
108.8125,1,08:49:08.000235936
108.8125,1,08:49:08.369109069
108.8125,1,08:49:08.369183717
108.8125,1,08:49:08.749087237
108.8125,1,08:49:08.749500910
108.8281,1,08:49:09.529447894
108.8125,200,08:49:09.854921002
108.8125,1,08:49:10.028549166
108.8125,1,08:49:10.029060674
108.8125,3,08:49:10.029922688
108.8125,3,08:49:10.029947908
108.8125,1,08:49:10.053760605
108.8125,1,08:49:10.054472286
108.8125,1,08:49:10.055408302
108.8125,1,08:49:10.558846883
108.8125,1,08:49:10.558948556
108.8125,281,08:49:10.940467946
108.8125,75,08:49:10.941584768
108.8125,111,08:49:10.942448005
108.8125,198,08:49:10.949543514
108.8125,10,08:49:10.952826358
108.8125,35,08:49:10.952851168
108.8125,15,08:49:10.952872199
108.8125,48,08:49:10.952896133
108.8125,10,08:49:10.952946575
108.8125,27,08:49:10.952966735
108.8125,5,08:49:10.952984998
108.8125,5,08:49:10.953035870
108.8125,54,08:49:10.953079842
108.8125,5,08:49:10.953120326
108.8125,5,08:49:10.953526347
108.8125,1,08:49:10.956558420
108.8125,3,08:49:10.959519181
108.8125,74,08:49:10.961422585
108.8125,1,08:49:10.965238944
108.8125,1,08:49:10.965410438
108.8125,1,08:49:10.967123299
108.8125,1,08:49:10.967235691
108.8125,2,08:49:10.967346925
108.8125,7,08:49:10.967409813
108.8125,1,08:49:10.967491143
108.8125,3,08:49:11.016710843
108.8125,1,08:49:11.016952016
108.8125,1,08:49:11.016993623
108.8125,11,08:49:11.017366511
108.8125,1,08:49:11.017687346
108.8125,1,08:49:11.037134986
108.8125,1,08:49:11.037201764
108.8125,13,08:49:11.061964195
108.8125,1,08:49:11.062173467
108.8125,1,08:49:11.062214533
108.8125,4,08:49:11.062437050
108.8125,26,08:49:11.062997564
108.8125,1,08:49:11.063122768
108.8125,1,08:49:11.063170420
108.8125,8,08:49:11.063530287
108.8125,1,08:49:11.063761128
108.8125,1,08:49:11.063784520
108.8125,9,08:49:11.063934475
108.8125,14,08:49:11.064326989
108.8125,1,08:49:11.064410440
108.8125,1,08:49:11.064589912
108.8125,1,08:49:11.064660436
108.8125,5,08:49:11.065615706
108.8125,2,08:49:11.065711628
108.8125,6,08:49:11.065812414
108.8125,1,08:49:11.065960372
108.8125,40,08:49:11.066130506
108.8125,1,08:49:11.066568141
108.8125,1,08:49:11.066894730
108.8125,3,08:49:11.067440593
108.8125,1,08:49:11.072695410
108.8125,1,08:49:11.094276634
108.8125,1,08:49:11.198677301
108.8125,1,08:49:11.224030967
108.8125,1,08:49:11.242147012
108.8125,1,08:49:11.309636520
108.8125,1,08:49:11.325423427
108.8125,1,08:49:11.440059455
108.8125,1,08:49:13.095486960
108.8125,1,08:49:13.305894229
108.8125,1,08:49:14.668811754
108.8125,1,08:49:14.669016629
108.8125,25,08:49:16.210843108
108.8125,1,08:49:16.211272033
108.8125,1,08:49:18.273280886
108.8125,1,08:49:18.274611534
108.8125,1,08:49:18.276076658
108.8125,1,08:49:20.111958768
108.8125,1,08:49:20.112191611
108.8125,1,08:49:20.296031136
108.8125,1,08:49:20.296886287
108.8125,1,08:49:20.465358412
108.8125,1,08:49:20.465607972
108.8125,25,08:49:20.679186441
108.8125,1,08:49:20.679400810
108.8125,200,08:49:21.847852204
108.8125,1,08:49:21.848619733
108.8125,1,08:49:21.849099995
108.8125,18,08:49:21.849261473
108.8125,1,08:49:21.849293592
108.8125,1,08:49:21.849336108
108.8125,1,08:49:21.849367440
108.8125,1,08:49:21.849436575
108.8125,1,08:49:21.849478835
108.8125,1,08:49:21.849553383
108.8125,1,08:49:21.849591067
108.8125,1,08:49:21.849657132
108.8125,1,08:49:21.849690912
108.8125,1,08:49:21.849733246
108.8125,1,08:49:21.849798274
108.8125,1,08:49:21.849867060
108.8125,1,08:49:21.849900805
108.8125,1,08:49:21.850050517
108.8125,15,08:49:21.850060136
108.8125,1,08:49:21.850076046
108.8125,1,08:49:21.851527391
108.8125,30,08:49:22.591265521
108.8125,1,08:49:22.591450795
108.8125,1,08:49:23.284034093
108.8125,1,08:49:23.318473679
108.8125,1,08:49:23.319949063
108.8125,50,08:49:24.100824823
108.8125,1,08:49:24.101160008
108.8125,440,08:49:24.110698395
108.8125,1,08:49:24.111472548
108.8125,1,08:49:24.111528037
108.8125,1,08:49:24.111592572
108.8125,1,08:49:24.111614934
108.8125,1,08:49:24.111640832
108.8125,1,08:49:24.111673309
108.8125,1,08:49:24.111697110
108.8125,1,08:49:24.111710412
108.8125,1,08:49:24.111739677
108.8125,1,08:49:24.111771438
108.8125,1,08:49:24.111791956
108.8125,1,08:49:24.111818027
108.8125,1,08:49:24.111847343
108.8125,1,08:49:24.111869219
108.8125,2,08:49:24.115285819
108.8125,350,08:49:24.116797584
108.8125,2,08:49:24.121253836
108.8125,1,08:49:24.121278563
108.8125,1,08:49:24.121299104
108.8125,1,08:49:24.121439891
108.8125,1,08:49:24.121462196
108.8125,1,08:49:24.121670494
108.8125,105,08:49:24.121861710
108.8125,1,08:49:24.124168830
108.8125,1,08:49:24.124894742
108.8125,1,08:49:24.125003365
108.8125,1,08:49:24.125827275
108.8125,1,08:49:26.894484000
108.8125,1,08:49:26.896030828
108.8125,1,08:49:27.030369837
108.8125,1,08:49:27.103100169
108.8125,50,08:49:27.646773886
108.8125,27,08:49:29.902170155
108.8125,24,08:49:29.902199230
108.8125,24,08:49:29.902296126
108.8125,1,08:49:29.903179580
108.8125,25,08:49:29.903385153
108.8125,1,08:49:29.903448363
108.8125,32,08:49:29.903653512
108.8125,6,08:49:29.908516830
108.8125,1,08:49:29.909329339
108.8125,6,08:49:29.914347297
108.8125,6,08:49:29.914410920
108.8125,1,08:49:29.964384766
108.8125,1,08:49:29.964662480
108.8125,67,08:49:30.571809713
108.8125,75,08:49:30.571880267
108.8125,1,08:49:30.572471787
108.8125,1,08:49:30.572498869
108.8125,1,08:49:30.572594365
108.8125,1,08:49:30.572613348
108.8125,20,08:49:30.572778225
108.8125,9,08:49:30.573080160
108.8125,1,08:49:30.573626543
108.8125,24,08:49:30.573650118
108.8125,6,08:49:30.573700838
108.8125,1,08:49:30.574036087
108.8125,1,08:49:30.574305510
108.8125,60,08:49:30.574414122
108.8125,1,08:49:30.574524788
108.8125,2,08:49:30.574557006
108.8125,7,08:49:30.574596009
108.8125,1,08:49:30.574633722
108.8125,3,08:49:30.574681636
108.8125,2,08:49:30.574759890
108.8125,1,08:49:30.574825181
108.8125,1,08:49:30.574856516
108.8125,2,08:49:30.574901692
108.8125,6,08:49:30.575089590
108.8125,1,08:49:30.575348571
108.8125,1,08:49:30.575772212
108.8125,1,08:49:30.575825909
108.8125,1,08:49:30.575893648
108.8125,1,08:49:30.575913306
108.8125,1,08:49:30.575935946
108.8125,2,08:49:30.576069581
108.8125,2,08:49:30.576250273
108.8125,16,08:49:30.576300226
108.8125,1,08:49:30.576889309
108.8125,1,08:49:30.577292316
108.8125,1,08:49:30.577707111
108.8125,500,08:49:35.335005042
108.8125,1,08:49:35.336261589
108.8125,1,08:49:35.336412391
108.8125,1,08:49:35.336631846
108.8125,2,08:49:35.336835590
108.8125,1,08:49:35.337069845
108.8125,3,08:49:35.337726245
108.8125,1,08:49:35.337773385
108.8125,3,08:49:35.337834474
108.8125,1,08:49:35.337863665
108.8125,1,08:49:35.338327080
108.8125,1,08:49:35.338433687
108.8125,1,08:49:35.340105349
108.8125,1,08:49:35.340400437
108.8125,27,08:49:35.341646592
108.8125,40,08:49:35.341691358
108.8125,1,08:49:35.341721026
108.8125,1,08:49:35.341778944
108.8125,6,08:49:35.341802657
108.8125,20,08:49:35.341858940
108.8125,1,08:49:35.343257339
108.8125,37,08:49:35.343347324
108.8125,3,08:49:35.343394733
108.8125,39,08:49:35.343845741
108.8125,1,08:49:35.345135409
108.8125,1,08:49:35.345255011
108.8125,1,08:49:35.345341368
108.8125,1,08:49:35.345383382
108.8125,1,08:49:35.345474833
108.8125,1,08:49:35.346061418
108.8125,1,08:49:35.346205516
108.8125,1,08:49:35.346300501
108.8125,1,08:49:35.346319132
108.8125,1,08:49:35.348477115
108.8125,1,08:49:41.068798221
108.7969,10,08:49:46.400673074
108.7969,25,08:49:55.910094711
108.7969,24,08:49:55.912374137
108.7969,27,08:49:55.912561617
108.7969,1,08:49:55.914406300
108.7969,1,08:49:55.914473902
108.7969,1,08:49:55.914527288
108.7969,2,08:49:55.914632075
108.7969,1,08:49:55.916002969
108.7969,8,08:49:55.916373104
108.7969,12,08:49:55.916466422
108.7969,54,08:49:55.916967862
108.7969,24,08:49:55.917343009
108.7969,2,08:49:55.917406444
108.7969,50,08:49:55.917663425
108.7969,1,08:49:55.917849207
108.7969,20,08:49:55.918133690
108.7969,1,08:49:55.919007363
108.7969,1,08:49:55.919215549
108.7969,1,08:49:55.919350512
108.7969,1,08:49:55.919390886
108.7969,1,08:49:55.919445573
108.7969,1,08:49:55.919484482
108.7969,1,08:49:55.919552142
108.7969,1,08:49:55.919611125
108.7969,50,08:49:55.919774639
108.7969,75,08:49:55.919849516
108.7813,2,08:49:55.983406018
108.7969,16,08:49:56.429766241
108.7969,10,08:49:57.282322867
108.7969,100,08:49:58.340663536
108.7969,268,08:49:58.354708642
108.7969,35,08:49:58.358486570
108.7969,1,08:49:58.359601185
108.7969,1,08:49:58.361383061
108.7969,1,08:49:58.362783003
108.7969,102,08:49:58.364953289
108.7969,1,08:49:58.365713503
108.7969,1,08:49:58.366039596
108.7969,1,08:49:58.366974876
108.7969,3,08:49:58.366995813
108.7969,1,08:49:58.367022698
108.7969,27,08:49:58.367130315
108.7969,8,08:49:58.367175443
108.7969,1,08:49:58.367462566
108.7969,18,08:49:58.367619746
108.7969,5,08:49:58.367893985
108.7969,1,08:49:58.368191355
108.7969,1,08:49:58.368231436
108.7969,1,08:49:58.368441152
108.7969,1,08:49:58.368659457
108.7969,1,08:49:58.368713615
108.7969,1,08:49:58.369260416
108.7969,1,08:49:58.369332904
108.7969,1,08:49:58.369700300
108.7969,2,08:49:58.371498468
108.7969,1,08:49:58.719224999
108.7969,1,08:49:58.719442462
108.7813,10,08:50:10.163878441
108.7969,119,08:50:16.005498535
108.7969,1,08:50:16.005912485
108.7969,281,08:50:16.005986288
108.7969,75,08:50:16.005986288
108.7969,1,08:50:16.006052710
108.7969,1,08:50:16.006365429
108.7969,1,08:50:16.006414038
108.7969,25,08:50:16.006461214
108.7969,1,08:50:16.006461214
108.7969,57,08:50:16.006481051
108.7969,1,08:50:16.006567920
108.7969,79,08:50:16.006618045
108.7969,19,08:50:16.006653919
108.7969,2,08:50:16.006696994
108.7969,1,08:50:16.006758028
108.7969,2,08:50:16.006793559
108.7969,1,08:50:16.006821755
108.7969,1,08:50:16.006888304
108.7969,1,08:50:16.006903129
108.7969,1,08:50:16.006939191
108.7969,1,08:50:16.006983227
108.7969,1,08:50:16.007020172
108.7969,1,08:50:16.007059878
108.7969,1,08:50:16.007085380
108.7969,1,08:50:16.007121758
108.7969,1,08:50:16.007136568
108.7969,1,08:50:16.007193859
108.7969,1,08:50:16.007209126
108.7969,1,08:50:16.007260574
108.7969,1,08:50:16.007301032
108.7969,2,08:50:16.007346828
108.7969,42,08:50:16.007388342
108.7969,1,08:50:16.007423415
108.7969,3,08:50:16.007495845
108.7969,48,08:50:16.007527463
108.7969,216,08:50:16.007861024
108.7969,2,08:50:16.009430390
108.7969,1,08:50:16.009823758
108.7969,4,08:50:16.015037274
108.7969,13,08:50:16.015113070
108.7969,1,08:50:16.015289663
108.7969,1,08:50:16.015449987
108.7969,1,08:50:16.015559390
108.7969,1,08:50:16.061878281
108.7969,1,08:50:16.061928829
108.7969,1,08:50:16.081091400
108.7969,1,08:50:16.081160643
108.7969,16,08:50:16.128660523
108.7969,1,08:50:16.128840072
108.7969,1,08:50:16.128919287
108.7969,1,08:50:16.128990786
108.7969,33,08:50:16.129078842
108.7969,28,08:50:16.129119437
108.7969,1,08:50:16.129280670
108.7969,1,08:50:16.129479505
108.7969,1,08:50:16.129723405
108.7969,1,08:50:16.129791182
108.7969,1,08:50:16.130000352
108.7969,1,08:50:16.141545618
108.7969,1,08:50:16.141608527
108.7969,1,08:50:16.330925024
108.7969,1,08:50:16.331005646
108.7969,1,08:50:16.400389753
108.7969,1,08:50:16.400443741
108.7969,1,08:50:16.556683789
108.7969,1,08:50:16.556784286
108.7969,1,08:50:16.582496885
108.7969,92,08:50:16.643997740
108.7969,25,08:50:16.646098185
108.7969,1,08:50:16.648451864
108.7969,75,08:50:16.652309664
108.7969,7,08:50:16.652361370
108.7969,1,08:50:16.652540068
108.7969,1,08:50:16.652594239
108.7969,1,08:50:16.652659638
108.7969,52,08:50:16.652925468
108.7969,1,08:50:16.653083084
108.7969,1,08:50:16.653191412
108.7969,1,08:50:16.653217150
108.7969,1,08:50:16.653284559
108.7969,16,08:50:16.653305703
108.7969,1,08:50:16.653332798
108.7969,1,08:50:16.653354190
108.7969,1,08:50:16.653373323
108.7969,4,08:50:16.653449690
108.7969,2,08:50:16.653861349
108.7969,1,08:50:16.654101626
108.7969,5,08:50:16.654949595
108.7969,1,08:50:16.655128953
108.7969,31,08:50:16.665529852
108.7969,42,08:50:16.665874298
108.7969,1,08:50:16.953475397
108.7969,1,08:50:17.150586487
108.7969,1,08:50:17.393015136
108.7969,1,08:50:17.393066538
108.7969,1,08:50:17.595336670
108.7969,1,08:50:17.595384655
108.7969,1,08:50:18.027869596
108.7969,1,08:50:18.028019238
108.7969,27,08:50:18.126990774
108.7969,1,08:50:18.127388597
108.7969,1,08:50:18.127439868
108.7969,17,08:50:18.127465820
108.7969,1,08:50:18.127510282
108.7969,1,08:50:18.127549589
108.7969,1,08:50:18.127571413
108.7969,1,08:50:18.127600604
108.7969,1,08:50:18.127629184
108.7969,1,08:50:18.127658916
108.7969,1,08:50:18.127687544
108.7969,1,08:50:18.127724427
108.7969,1,08:50:18.127743723
108.7969,1,08:50:18.127771017
108.7969,1,08:50:18.127802857
108.7969,1,08:50:18.127838730
108.7969,1,08:50:18.127865322
108.7969,1,08:50:18.127888705
108.7969,1,08:50:18.127920178
108.7969,1,08:50:18.127957030
108.7969,1,08:50:18.127985171
108.7969,1,08:50:18.128012014
108.7969,1,08:50:18.128063388
108.7969,1,08:50:18.128092185
108.7969,1,08:50:18.128121977
108.7969,1,08:50:18.128165390
108.7969,1,08:50:18.128190975
108.7969,1,08:50:18.128343934
108.7969,1,08:50:18.128632506
108.7969,1,08:50:18.210896909
108.7969,1,08:50:18.211083912
108.7969,1,08:50:18.524212536
108.7969,1,08:50:18.524967885
108.7969,615,08:50:19.597843590
108.7813,74,08:50:34.923657763
108.7813,141,08:50:34.924010174
108.7813,1,08:50:34.924050459
108.7813,1,08:50:34.924084853
108.7813,52,08:50:34.924236646
108.7813,61,08:50:34.924455747
108.7813,72,08:50:34.924786890
108.7813,4,08:50:34.925100893
108.7813,4,08:50:34.925132682
108.7813,1,08:50:34.925210860
108.7813,2,08:50:34.925210860
108.7813,6,08:50:34.925251526
108.7813,2,08:50:34.925285409
108.7813,3,08:50:34.925327634
108.7813,13,08:50:34.925416034
108.7813,2,08:50:34.925600312
108.7813,1,08:50:34.925676425
108.7813,1,08:50:34.925697625
108.7813,1,08:50:34.925775410
108.7813,50,08:50:34.926006511
108.7813,9,08:50:34.926293701
108.7813,1,08:50:34.926326524
108.7813,75,08:50:34.926540560
108.7813,2,08:50:34.926643474
108.7813,1,08:50:34.926681575
108.7813,2,08:50:34.926723822
108.7813,1,08:50:34.926755201
108.7813,1,08:50:34.926799992
108.7813,120,08:50:34.926894986
108.7813,1,08:50:34.926951116
108.7813,2,08:50:34.927035447
108.7813,2,08:50:34.927060325
108.7813,1,08:50:34.927125379
108.7813,1,08:50:34.927250124
108.7813,21,08:50:34.927327514
108.7813,1,08:50:34.927366833
108.7813,1,08:50:34.927405864
108.7813,1,08:50:34.927437398
108.7813,147,08:50:34.927597756
108.7813,1,08:50:34.930615897
108.7813,54,08:50:34.930848045
108.7813,24,08:50:34.930908747
108.7813,2,08:50:34.930977981
108.7813,1,08:50:34.931072783
108.7813,8,08:50:34.931090633
108.7813,1,08:50:34.931198766
108.7813,5,08:50:34.931482401
108.7813,20,08:50:34.931862760
108.7813,14,08:50:34.931895932
108.7813,2,08:50:34.932286363
108.7813,1,08:50:34.934929418
108.7813,1,08:50:34.934977294
108.7813,1,08:50:34.935021234
108.7813,1,08:50:34.935111123
108.7813,30,08:50:34.935138032
108.7813,1,08:50:34.935178577
108.7813,1,08:50:34.935201740
108.7813,1,08:50:34.935225046
108.7813,1,08:50:34.935244608
108.7813,1,08:50:34.935268211
108.7813,1,08:50:34.935287908
108.7813,1,08:50:34.935307611
108.7813,1,08:50:34.935331176
108.7813,1,08:50:34.935354255
108.7813,1,08:50:34.935375906
108.7813,1,08:50:34.935502696
108.7813,1,08:50:34.937317226
108.7813,1,08:50:34.937844375
108.7813,1,08:50:34.937860894
108.7813,1,08:50:34.938099574
108.7813,1,08:50:34.938160401
108.7813,3,08:50:34.938189832
108.7813,2,08:50:34.938329310
108.7813,3,08:50:34.938720147
108.7813,6,08:50:34.939052274
108.7813,1,08:50:34.939349518
108.7813,1,08:50:34.939798018
108.7813,1,08:50:34.940240484
108.7813,1,08:50:34.940926297
108.7813,9,08:50:34.957115749
108.7969,25,08:50:36.057919734
108.7813,127,08:50:36.060576987
108.7813,1,08:50:36.060925968
108.7813,18,08:50:36.061486933
108.7813,1,08:50:36.061528498
108.7813,5,08:50:36.061653422
108.7813,2,08:50:36.063582386
108.7813,1,08:50:36.063896431
108.7813,1,08:50:36.063937417
108.7813,5,08:50:36.063957446
108.7813,27,08:50:36.064145450
108.7813,27,08:50:36.064181668
108.7813,48,08:50:36.064214971
108.7813,18,08:50:36.064473888
108.7813,1,08:50:36.065585972
108.7813,2,08:50:36.065828358
108.7813,1,08:50:36.065865651
108.7813,1,08:50:36.066210397
108.7813,32,08:50:36.066393204
108.7813,1,08:50:36.066796444
108.7813,23,08:50:36.067459820
108.7813,1,08:50:36.068339029
108.7813,30,08:50:36.068573260
108.7813,30,08:50:36.068588317
108.7813,1,08:50:36.068645464
108.7813,1,08:50:36.068673688
108.7813,38,08:50:36.068695616
108.7813,1,08:50:36.068765924
108.7813,1,08:50:36.069242570
108.7813,3,08:50:36.069369415
108.7813,1,08:50:36.070213211
108.7813,1,08:50:36.070357312
108.7813,12,08:50:36.070554055
108.7813,2,08:50:36.070738412
108.7813,1,08:50:36.071322449
108.7813,1,08:50:36.071625383
108.7813,1,08:50:36.071947652
108.7813,1,08:50:36.073059114
108.7813,1,08:50:36.073088856
108.7813,1,08:50:37.071554496
108.7813,1,08:50:37.071767073
108.7813,1,08:50:37.071848809
108.7813,5,08:50:39.431811662
108.7813,1,08:50:39.432061459
108.7813,1,08:50:39.433678308
108.7813,25,08:50:42.917902468
108.7813,1,08:50:42.918108088
108.7813,1,08:50:45.304264155
108.7813,1,08:50:45.304389353
108.7813,1,08:50:45.304515442
108.7813,1,08:50:45.304697975
108.7813,19,08:50:45.305213828
108.7813,24,08:50:45.305403570
108.7813,1,08:50:45.305938816
108.7813,1,08:50:45.306164647
108.7813,1,08:50:45.306204696
108.7813,4,08:50:45.306244492
108.7813,1,08:50:45.306389711
108.7813,1,08:50:45.306774762
108.7813,100,08:50:45.625172850
108.7813,1,08:50:45.625403801
108.7813,1,08:50:46.168728655
108.7813,1,08:50:46.169264800
108.7969,1,08:50:46.454787557
108.7813,54,08:50:46.554950646
108.7813,5,08:50:46.555016625
108.7813,5,08:50:46.555083039
108.7813,48,08:50:46.555148823
108.7813,1,08:50:46.555180046
108.7813,1,08:50:46.555200248
108.7813,27,08:50:46.555305382
108.7813,5,08:50:46.555873938
108.7813,5,08:50:46.556177995
108.7813,1,08:50:46.556681344
108.7813,1,08:50:46.556746187
108.7813,20,08:50:46.556980299
108.7813,1,08:50:46.557496038
108.7813,1,08:50:46.557535162
108.7813,8,08:50:46.558836158
108.7813,72,08:50:46.560985955
108.7813,1,08:50:46.561347360
108.7813,1,08:50:46.563012207
108.7813,1,08:50:46.563587655
108.7813,27,08:50:46.567527600
108.7813,24,08:50:46.567741665
108.7813,2,08:50:46.567949110
108.7813,10,08:50:46.568303369
108.7813,6,08:50:46.568365499
108.7813,2,08:50:46.568475312
108.7813,6,08:50:46.568695329
108.7813,1,08:50:46.568906047
108.7813,53,08:50:46.569549900
108.7813,24,08:50:46.569703740
108.7813,16,08:50:46.570074237
108.7813,1,08:50:46.570188089
108.7813,2,08:50:46.570395364
108.7813,1,08:50:46.570602007
108.7813,1,08:50:46.570838713
108.7813,1,08:50:46.571723550
108.7813,1,08:50:46.572105373
108.7813,22,08:50:46.575882085
108.7813,1,08:50:46.576148465
108.7813,11,08:50:46.576394009
108.7813,4,08:50:46.576849218
108.7813,2,08:50:46.576898355
108.7813,30,08:50:46.576966772
108.7813,2,08:50:46.577719207
108.7813,1,08:50:46.577947577
108.7813,1,08:50:46.577969177
108.7813,1,08:50:46.578004765
108.7813,1,08:50:46.578079627
108.7813,26,08:50:46.578626745
108.7813,1,08:50:46.579326724
108.7813,1,08:50:46.943257397
108.7813,1,08:50:46.943542999
108.7813,50,08:50:46.951376501
108.7813,1,08:50:46.952024274
108.7813,1,08:50:46.952047859
108.7813,1,08:50:46.952100436
108.7813,22,08:50:46.952237267
108.7813,1,08:50:46.952423281
108.7813,1,08:50:46.952965109
108.7813,88,08:50:46.953312031
108.7813,8,08:50:46.953670147
108.7813,15,08:50:46.954036641
108.7813,1,08:50:46.954184638
108.7813,2,08:50:46.954348315
108.7813,1,08:50:46.954399125
108.7813,1,08:50:46.954465312
108.7813,1,08:50:46.954497540
108.7813,1,08:50:46.954586364
108.7813,3,08:50:46.954868299
108.7813,1,08:50:46.954959447
108.7813,1,08:50:46.955103162
108.7813,3,08:50:46.955130243
108.7813,45,08:50:46.955406780
108.7813,2,08:50:46.955773281
108.7813,1,08:50:46.956439374
108.7813,1,08:50:46.956722599
108.7813,5,08:50:46.956770226
108.7813,1,08:50:46.956887899
108.7813,1,08:50:46.956913313
108.7813,3,08:50:46.957070712
108.7813,1,08:50:46.957229886
108.7813,16,08:50:46.957298499
108.7813,1,08:50:46.957353229
108.7813,2,08:50:46.957502073
108.7813,20,08:50:46.957548654
108.7813,1,08:50:46.958142157
108.7813,1,08:50:46.958282726
108.7813,1,08:50:46.958468078
108.7813,1,08:50:46.958581037
108.7813,1,08:50:46.958807793
108.7813,3,08:50:46.963850864
108.7813,1,08:50:46.994963791
108.7813,1,08:50:46.995026382
108.7813,1,08:50:47.005520798
108.7813,1,08:50:47.005592841
108.7813,1,08:50:47.005714786
108.7813,1,08:50:47.271707924
108.7813,1,08:50:47.271755272
108.7813,35,08:50:47.901986540
108.7813,1,08:50:47.902161043
108.7813,1,08:50:47.902350516
108.7813,1,08:50:47.902380955
108.7813,1,08:50:47.902464368
108.7813,1,08:50:47.902495348
108.7813,1,08:50:47.902644115
108.7813,1,08:50:47.902792128
108.7813,1,08:50:47.902928166
108.7813,27,08:50:48.257477389
108.7813,1,08:50:48.257703893
108.7813,1,08:50:48.257771891
108.7813,1,08:50:48.257895558
108.7813,1,08:50:48.257959271
108.7813,24,08:50:48.258062192
108.7813,1,08:50:48.258062192
108.7813,27,08:50:48.258824114
108.7813,1,08:50:48.258977500
108.7813,1,08:50:48.259079038
108.7813,1,08:50:48.259105082
108.7813,1,08:50:48.259501264
108.7813,5,08:50:48.259706657
108.7813,2,08:50:48.262059418
108.7813,1,08:50:48.303630617
108.7813,1,08:50:48.303678537
108.7813,1,08:50:48.303769339
108.7813,2,08:50:48.574655076
108.7813,1,08:50:48.574857420
108.7813,1,08:50:48.574905318
108.7813,50,08:50:50.510340464
108.7813,1,08:50:50.510569182
108.7813,1,08:50:50.510673395
108.7813,1,08:50:50.510883915
108.7813,1,08:50:52.884168780
108.7813,1,08:50:52.884372288
108.7813,1,08:50:55.193585441
108.7813,1,08:50:55.197843501
108.7813,1,08:51:03.288145751
108.7813,1,08:51:03.288508539
108.7813,1,08:51:03.288576281
108.7813,1,08:51:03.374514759
108.7813,1,08:51:03.374563671
108.7813,5,08:51:06.800755510
108.7813,4,08:51:12.437523130
108.7813,4,08:51:14.303585822
108.7813,1,08:51:14.303792273
108.7813,1,08:51:14.303852519
108.7813,10,08:51:15.398526131
108.7813,1,08:51:15.398748649
108.7813,5,08:51:17.612375706
108.7813,5,08:51:17.612522057
108.7813,54,08:51:17.612743489
108.7813,5,08:51:17.612841792
108.7813,48,08:51:17.613087249
108.7813,27,08:51:17.613374420
108.7813,1,08:51:17.613890750
108.7813,1,08:51:17.614110234
108.7813,1,08:51:17.614224762
108.7813,8,08:51:17.614241787
108.7813,6,08:51:17.614261302
108.7813,1,08:51:17.614286074
108.7813,1,08:51:17.614313828
108.7813,21,08:51:17.614516325
108.7813,6,08:51:17.614570364
108.7813,1,08:51:17.614597267
108.7813,1,08:51:17.614620295
108.7813,1,08:51:17.614638023
108.7813,1,08:51:17.614661713
108.7813,1,08:51:17.614683528
108.7813,1,08:51:17.614708361
108.7813,1,08:51:17.614732863
108.7813,1,08:51:17.614753808
108.7813,1,08:51:17.614769402
108.7813,1,08:51:17.614793639
108.7813,1,08:51:17.614818558
108.7813,1,08:51:17.614837861
108.7813,30,08:51:17.615044307
108.7813,5,08:51:17.615129501
108.7813,1,08:51:17.615172143
108.7813,1,08:51:17.615195510
108.7813,1,08:51:17.615252474
108.7813,1,08:51:17.615316321
108.7813,1,08:51:17.615339303
108.7813,1,08:51:17.615374728
108.7813,1,08:51:17.615482011
108.7813,1,08:51:17.615790850
108.7813,56,08:51:17.615910099
108.7813,54,08:51:17.616594032
108.7813,24,08:51:17.616854036
108.7813,2,08:51:17.617174119
108.7813,1,08:51:17.617237499
108.7813,1,08:51:17.617359752
108.7813,3,08:51:17.617393304
108.7813,1,08:51:17.617431414
108.7813,39,08:51:17.617535797
108.7813,1,08:51:17.617587177
108.7813,1,08:51:17.617946780
108.7813,1,08:51:17.617992497
108.7813,13,08:51:17.618057465
108.7813,47,08:51:17.618533775
108.7813,1,08:51:17.619268971
108.7813,1,08:51:17.620772188
108.7813,1,08:51:17.621019080
108.7813,1,08:51:17.621041211
108.7813,1,08:51:17.621775818
108.7813,1,08:51:17.621813960
108.7813,1,08:51:17.623611996
108.7656,5,08:51:18.147355887
108.7656,4,08:51:26.342572597
108.7813,1,08:51:26.814969507
108.7813,186,08:51:26.816167364
108.7813,75,08:51:26.816763104
108.7813,25,08:51:26.817240240
108.7813,8,08:51:26.817299457
108.7813,29,08:51:26.817428515
108.7813,1,08:51:26.817467339
108.7813,1,08:51:26.817631432
108.7813,51,08:51:26.817682972
108.7813,19,08:51:26.817830544
108.7813,2,08:51:26.817955182
108.7813,1,08:51:26.817955182
108.7813,1,08:51:26.818462645
108.7813,1,08:51:26.818623235
108.7813,1,08:51:26.819002973
108.7813,2,08:51:26.820046233
108.7813,6,08:51:26.820361817
108.7813,1,08:51:26.820365122
108.7813,2,08:51:26.820447073
108.7813,27,08:51:26.820674276
108.7813,1,08:51:26.820703960
108.7813,1,08:51:26.820723318
108.7813,2,08:51:26.820772947
108.7813,1,08:51:26.820799355
108.7813,1,08:51:26.821035987
108.7813,62,08:51:26.821044333
108.7813,27,08:51:26.821186937
108.7813,39,08:51:26.821244154
108.7813,8,08:51:26.821289813
108.7813,96,08:51:26.821380496
108.7813,1,08:51:26.822729138
108.7813,2,08:51:26.822881295
108.7813,27,08:51:26.823783975
108.7813,24,08:51:26.823825470
108.7813,27,08:51:26.823860808
108.7813,24,08:51:26.823896701
108.7813,14,08:51:26.823922304
108.7813,1,08:51:26.824712355
108.7813,4,08:51:26.824917233
108.7813,1,08:51:26.824941441
108.7813,2,08:51:26.825121489
108.7813,1,08:51:26.825145055
108.7813,1,08:51:26.825219041
108.7813,1,08:51:26.825305875
108.7813,2,08:51:26.825382609
108.7813,1,08:51:26.825441071
108.7813,8,08:51:26.825700360
108.7813,5,08:51:26.825915740
108.7813,1,08:51:26.826013034
108.7813,1,08:51:26.826315549
108.7813,13,08:51:26.826480033
108.7813,1,08:51:26.827818700
108.7813,8,08:51:26.827873075
108.7813,13,08:51:26.827917383
108.7813,2,08:51:26.830058793
108.7813,1,08:51:26.830087180
108.7813,1,08:51:26.830421056
108.7813,1,08:51:26.831300168
108.7813,1,08:51:26.832036884
108.7813,1,08:51:26.832100767
108.7813,1,08:51:29.857755499
108.7813,1,08:51:29.858227015
108.7813,4,08:51:29.858256273
108.7813,50,08:51:29.858814189
108.7813,1,08:51:29.859284723
108.7813,1,08:51:29.860052738
108.7813,1,08:51:29.860185695
108.7813,276,08:51:33.461893530
108.7813,1,08:51:33.463669208
108.7813,1,08:51:33.468210464
108.7813,66,08:51:33.834044233
108.7813,1,08:51:33.834246628
108.7813,1,08:51:33.834314543
108.7813,27,08:51:33.834375098
108.7813,1,08:51:33.834414023
108.7813,1,08:51:33.834438757
108.7813,1,08:51:33.834464853
108.7813,1,08:51:33.834507296
108.7813,1,08:51:33.834536224
108.7813,1,08:51:33.834593486
108.7813,1,08:51:33.834630319
108.7813,1,08:51:33.834664435
108.7813,1,08:51:33.834688026
108.7813,1,08:51:33.834759029
108.7813,1,08:51:33.834781390
108.7813,1,08:51:33.834814086
108.7813,1,08:51:33.834839161
108.7813,1,08:51:33.834879058
108.7813,1,08:51:33.834905895
108.7813,1,08:51:33.834938837
108.7813,1,08:51:33.834972012
108.7813,1,08:51:33.835000819
108.7813,2,08:51:33.835235387
108.7813,1,08:51:33.835264383
108.7813,2,08:51:33.835411868
108.7813,1,08:51:33.835438914
108.7813,1,08:51:33.835468663
108.7813,1,08:51:33.835503985
108.7813,60,08:51:33.835735359
108.7813,28,08:51:33.838361374
108.7813,1,08:51:33.840443649
108.7813,1,08:51:33.840518937
108.7813,1,08:51:33.841028768
108.7813,1,08:51:33.841055412
108.7813,1,08:51:33.841391046
108.7813,1,08:51:33.841674419
108.7813,1,08:51:33.846222242
108.7813,27,08:51:33.846334849
108.7813,19,08:51:33.846372181
108.7813,9,08:51:33.846534987
108.7813,1,08:51:33.846624758
108.7813,1,08:51:33.846674305
108.7813,16,08:51:33.846826311
108.7813,1,08:51:33.851075872
108.7813,30,08:51:33.851442408
108.7813,24,08:51:33.853612285
108.7813,27,08:51:33.853662788
108.7813,1,08:51:33.854226918
108.7813,1,08:51:33.854304782
108.7813,1,08:51:33.854391062
108.7813,1,08:51:33.854417002
108.7813,1,08:51:33.854482750
108.7813,1,08:51:33.854523170
108.7813,1,08:51:33.854556918
108.7813,19,08:51:33.854581245
108.7813,1,08:51:33.854740525
108.7813,1,08:51:33.854767092
108.7813,1,08:51:33.854898596
108.7813,1,08:51:33.855075949
108.7813,5,08:51:33.855108628
108.7813,1,08:51:33.855311330
108.7813,7,08:51:33.855582711
108.7813,1,08:51:33.855686320
108.7813,1,08:51:33.855962976
108.7813,2,08:51:33.856227074
108.7813,1,08:51:33.856579538
108.7813,1,08:51:33.856826017
108.7813,2,08:51:33.856878898
108.7813,1,08:51:33.857011464
108.7813,1,08:51:33.879726449
108.7813,1,08:51:33.879822697
108.7813,1,08:51:33.880240798
108.7813,15,08:51:33.880306787
108.7969,3,08:51:41.281440093
108.7969,2,08:51:44.516834347
108.7969,3,08:51:44.517894953
108.7969,27,08:51:44.522235697
108.7969,9,08:51:44.522316134
108.7969,24,08:51:44.522345933
108.7969,27,08:51:44.522394254
108.7969,24,08:51:44.522463766
108.7969,5,08:51:44.522463766
108.7969,5,08:51:44.522501344
108.7969,1,08:51:44.523654926
108.7969,25,08:51:44.523713929
108.7969,1,08:51:44.523768074
108.7969,3,08:51:44.523859570
108.7969,1,08:51:44.523887411
108.7969,19,08:51:44.523995697
108.7969,24,08:51:44.524220649
108.7969,39,08:51:44.524448484
108.7969,51,08:51:44.524745220
108.7969,5,08:51:44.524870825
108.7969,1,08:51:44.527876776
108.7969,1,08:51:44.531300405
108.7969,1,08:51:44.532925836
108.7969,54,08:51:44.552564253
108.7969,47,08:51:44.552620408
108.7969,1,08:51:44.552753592
108.7969,1,08:51:44.552865171
108.7969,1,08:51:44.552943557
108.7969,112,08:51:44.553252290
108.7969,1,08:51:44.553467081
108.7969,1,08:51:44.553598588
108.7969,1,08:51:44.553825693
108.7969,1,08:51:44.555645826
108.7969,3,08:51:44.557180861
108.7813,1,08:51:50.328732094
108.7969,1,08:51:56.667687904
108.7813,1,08:51:57.978943286
108.7813,27,08:51:57.984191561
108.7813,24,08:51:57.984333558
108.7813,1,08:51:57.985501150
108.7813,1,08:51:57.987049468
108.7813,54,08:51:57.988574718
108.7813,48,08:51:57.988598546
108.7813,27,08:51:57.988685895
108.7813,5,08:51:57.988950566
108.7813,25,08:51:57.988988154
108.7813,15,08:51:57.989075036
108.7813,5,08:51:57.989137302
108.7813,10,08:51:57.989196993
108.7813,5,08:51:57.989567484
108.7813,1,08:51:57.990002267
108.7813,1,08:51:57.990472699
108.7813,10,08:51:57.990500629
108.7813,1,08:51:57.990544867
108.7813,2,08:51:57.990579309
108.7813,1,08:51:57.990615475
108.7813,1,08:51:57.990637405
108.7813,22,08:51:57.990725190
108.7813,1,08:51:57.990809355
108.7813,1,08:51:57.990899575
108.7813,1,08:51:57.990955176
108.7813,8,08:51:57.991005759
108.7813,57,08:51:57.991087165
108.7813,1,08:51:57.991986810
108.7813,20,08:51:57.992385256
108.7813,1,08:51:57.992414424
108.7813,25,08:51:57.992469869
108.7813,20,08:51:57.992502804
108.7813,1,08:51:57.995183049
108.7813,1,08:51:57.995270748
108.7813,1,08:51:57.995396203
108.7813,1,08:51:57.995500931
108.7813,25,08:51:57.995895845
108.7813,3,08:51:57.996243474
108.7813,1,08:51:57.997148603
108.7813,1,08:51:57.997445878
108.7813,9,08:51:58.021675647
108.7813,1,08:51:58.022137150
108.7813,1,08:51:58.022302114
108.7813,40,08:51:58.022599242
108.7813,1,08:51:58.022801026
108.7813,1,08:51:58.022888103
108.7813,1,08:51:58.022913613
108.7813,1,08:51:58.022943582
108.7813,77,08:51:58.023203988
108.7813,24,08:51:58.023692996
108.7813,1,08:51:58.025444852
108.7813,2,08:51:58.043645141
108.7813,15,08:51:58.043948970
108.7813,1,08:51:58.044147897
108.7813,62,08:51:58.044313311
108.7813,1,08:51:58.044449045
108.7813,1,08:51:58.044609384
108.7813,1,08:51:58.044683161
108.7813,1,08:51:58.044723322
108.7813,1,08:51:58.044800834
108.7813,1,08:51:58.045132374
108.7813,2,08:51:58.109801687
108.7813,1,08:51:58.110094157
108.7813,1,08:51:58.110317877
108.7813,1,08:51:58.739151750
108.7813,2,08:51:58.792115337
108.7969,1,08:52:09.752569332
108.7969,3,08:52:09.752983768
108.7969,3,08:52:09.753060519
108.7969,1,08:52:09.753240001
108.7969,1,08:52:12.688689438
108.7969,27,08:52:12.700921476
108.7969,2,08:52:12.701347589
108.7969,14,08:52:12.701571757
108.7969,1,08:52:12.701604308
108.7969,1,08:52:12.701689625
108.7969,17,08:52:12.702011008
108.7969,1,08:52:12.702138139
108.7969,48,08:52:12.702384567
108.7969,1,08:52:12.702473915
108.7969,2,08:52:12.702567990
108.7969,221,08:52:12.703152039
108.7969,15,08:52:12.704204236
108.7969,1,08:52:12.704285293
108.7969,8,08:52:12.704333186
108.7969,32,08:52:12.704408797
108.7969,1,08:52:12.706262934
108.7969,1,08:52:12.706285728
108.7969,6,08:52:12.707104121
108.8125,100,08:52:20.517852240
108.8125,70,08:52:21.013042706
108.8125,25,08:52:21.014179001
108.8125,1,08:52:21.014404269
108.8125,1,08:52:21.014493116
108.8125,1,08:52:21.014702195
108.8125,52,08:52:21.015375108
108.8125,1,08:52:21.015748009
108.8125,4,08:52:21.015840285
108.8125,1,08:52:21.015885899
108.8125,157,08:52:21.016915849
108.8125,3,08:52:21.017200764
108.8125,1,08:52:21.017641448
108.8125,4,08:52:21.017783275
108.8125,5,08:52:21.017783275
108.8125,24,08:52:21.017837301
108.8125,1,08:52:21.017858658
108.8125,1,08:52:21.017887959
108.8125,13,08:52:21.017931918
108.8125,54,08:52:21.018015840
108.8125,8,08:52:21.018052513
108.8125,10,08:52:21.018069665
108.8125,2,08:52:21.018189712
108.8125,15,08:52:21.018189712
108.8125,5,08:52:21.018219739
108.8125,10,08:52:21.018262391
108.8125,20,08:52:21.018328844
108.8125,3,08:52:21.018365176
108.8125,1,08:52:21.018708122
108.8125,1,08:52:21.019577820
108.8125,1,08:52:21.021778824
108.8125,1,08:52:21.022944192
108.8125,27,08:52:21.308594366
108.8125,1,08:52:21.308905482
108.8125,1,08:52:21.308981731
108.8125,16,08:52:21.309251121
108.8125,1,08:52:21.309344650
108.8125,97,08:52:21.309626512
108.8125,57,08:52:21.309881317
108.8125,7,08:52:21.310655435
108.8125,1,08:52:21.310802692
108.8125,1,08:52:21.311044800
108.8125,1,08:52:21.311179061
108.8125,1,08:52:21.311201088
108.8125,3,08:52:21.311266272
108.8125,1,08:52:21.311291934
108.8125,1,08:52:21.311316140
108.8125,1,08:52:21.311339861
108.8125,1,08:52:21.311359650
108.8125,1,08:52:21.311379179
108.8125,1,08:52:21.311410119
108.8125,1,08:52:21.311427383
108.8125,2,08:52:21.311533481
108.8125,1,08:52:21.311533481
108.8125,2,08:52:21.312142181
108.8125,8,08:52:21.312205569
108.8125,11,08:52:21.312546368
108.8125,1,08:52:21.312728769
108.8125,14,08:52:21.313071141
108.8125,1,08:52:21.313123206
108.8125,1,08:52:21.313359361
108.8125,16,08:52:21.313515601
108.8125,1,08:52:21.313912163
108.8125,1,08:52:21.314653234
108.8125,1,08:52:21.314856732
108.8125,1,08:52:21.314874816
108.8125,27,08:52:21.318034720
108.8125,24,08:52:21.318150846
108.8125,1,08:52:21.318280573
108.8125,1,08:52:21.318330687
108.8125,125,08:52:21.328238634
108.8125,1,08:52:21.328362483
108.8125,2,08:52:21.329672195
108.8125,1,08:52:21.329758024
108.8125,1,08:52:21.329813531
108.8125,1,08:52:21.330069311
108.8125,1,08:52:21.330665582
108.8125,1,08:52:21.330693921
108.8125,1,08:52:21.331253450
108.8125,24,08:52:21.332923518
108.8125,48,08:52:21.333337034
108.8125,1,08:52:21.333371773
108.8125,1,08:52:21.333480860
108.8125,1,08:52:21.333616358
108.8125,1,08:52:21.333647507
108.8125,1,08:52:21.333679037
108.8125,1,08:52:21.333711329
108.8125,3,08:52:21.333741225
108.8125,1,08:52:21.333765014
108.8125,1,08:52:21.333816093
108.8125,1,08:52:21.333900920
108.8125,1,08:52:21.333943657
108.8125,13,08:52:21.334195618
108.8125,130,08:52:21.341357951
108.8125,1,08:52:21.911862423
108.8125,1,08:52:21.912349697
108.8125,27,08:52:22.741457596
108.8125,1,08:52:22.742451981
108.8125,4,08:52:22.742912624
108.8125,1,08:52:22.742912624
108.8125,1,08:52:22.743050176
108.8125,1,08:52:22.743220599
108.8125,1,08:52:22.743291828
108.8125,1,08:52:22.743378035
108.8125,1,08:52:22.743407242
108.8125,1,08:52:22.743443098
108.8125,1,08:52:22.743493301
108.8125,1,08:52:22.743520658
108.8125,1,08:52:22.743557744
108.8125,1,08:52:22.743597921
108.8125,1,08:52:22.743630289
108.8125,1,08:52:22.743660312
108.8125,1,08:52:22.743699305
108.8125,1,08:52:22.743728902
108.8125,1,08:52:22.743768692
108.8125,3,08:52:22.743863520
108.8125,1,08:52:22.743911728
108.8125,1,08:52:22.743945624
108.8125,1,08:52:22.743980210
108.8125,1,08:52:22.744039302
108.8125,1,08:52:22.744111035
108.8125,1,08:52:22.744166454
108.8125,1,08:52:22.744231847
108.8125,1,08:52:22.744277784
108.8125,1,08:52:22.744413697
108.8125,1,08:52:23.984808231
108.8125,1,08:52:23.985177621
108.8125,1,08:52:23.985422304
108.8125,2,08:52:25.478094902
108.8281,1,08:52:26.591241761
108.8281,1,08:52:26.591967228
108.8281,1,08:52:26.592084037
108.8281,2,08:52:26.592255240
108.8281,2,08:52:26.592331680
108.8281,1,08:52:26.592473139
108.8281,1,08:52:26.592882446
108.8281,1,08:52:26.592977805
108.8281,24,08:52:26.593281504
108.8281,27,08:52:26.593538674
108.8281,24,08:52:26.593866246
108.8281,1,08:52:26.594148952
108.8281,27,08:52:26.594267226
108.8281,17,08:52:26.594305022
108.8281,7,08:52:26.594399645
108.8281,18,08:52:26.594471029
108.8281,1,08:52:26.594471029
108.8281,92,08:52:26.594712323
108.8281,2,08:52:26.595239827
108.8281,24,08:52:26.595529127
108.8281,27,08:52:26.595924456
108.8281,24,08:52:26.595947916
108.8281,27,08:52:26.596241612
108.8281,2,08:52:26.596313884
108.8281,18,08:52:26.596453065
108.8281,2,08:52:26.596513827
108.8281,1,08:52:26.596572123
108.8281,1,08:52:26.596628288
108.8281,20,08:52:26.596760108
108.8281,337,08:52:26.597256918
108.8281,1,08:52:26.598356464
108.8281,34,08:52:26.639650660
108.8281,1,08:52:26.639962500
108.8281,2,08:52:26.640532608
108.8281,8,08:52:26.640557809
108.8281,1,08:52:26.640683661
108.8281,1,08:52:26.641009286
108.8281,1,08:52:26.641150117
108.8281,1,08:52:26.641561486
108.8281,1,08:52:26.641651872
108.8281,6,08:52:26.641877400
108.8281,14,08:52:26.642640148
108.8281,1,08:52:26.642724617
108.8281,1,08:52:26.642872722
108.8281,1,08:52:26.643072646
108.8281,2,08:52:26.643240381
108.8281,1,08:52:26.643535337
108.8281,24,08:52:26.643647756
108.8281,2,08:52:26.643712908
108.8281,11,08:52:26.643712908
108.8281,1,08:52:26.643741117
108.8281,1,08:52:26.643769641
108.8281,24,08:52:26.643863564
108.8281,42,08:52:26.644165689
108.8281,1,08:52:26.644999242
108.8281,5,08:52:26.788354964
108.8281,24,08:52:29.589474173
108.8281,27,08:52:29.590226104
108.8281,2,08:52:29.590321012
108.8281,3,08:52:29.590393916
108.8281,48,08:52:29.590708965
108.8281,3,08:52:29.590859899
108.8281,3,08:52:29.591106253
108.8281,84,08:52:29.591373683
108.8281,1,08:52:29.591919793
108.8281,1,08:52:29.591982505
108.8281,1,08:52:29.592136757
108.8281,1,08:52:29.592324767
108.8281,1,08:52:29.592399156
108.8281,18,08:52:29.592454850
108.8281,1,08:52:29.592500390
108.8281,9,08:52:29.592530138
108.8281,1,08:52:29.592570375
108.8281,1,08:52:29.592602552
108.8281,1,08:52:29.592631977
108.8281,1,08:52:29.592648994
108.8281,1,08:52:29.592679849
108.8281,1,08:52:29.592707472
108.8281,1,08:52:29.592733847
108.8281,1,08:52:29.592759240
108.8281,1,08:52:29.592827526
108.8281,1,08:52:29.592851348
108.8281,1,08:52:29.592879640
108.8281,1,08:52:29.592907352
108.8281,1,08:52:29.592939272
108.8281,1,08:52:29.592966844
108.8281,1,08:52:29.593003626
108.8281,1,08:52:29.593033693
108.8281,1,08:52:29.593059467
108.8281,1,08:52:29.593079125
108.8281,1,08:52:29.593116655
108.8281,2,08:52:29.593298387
108.8281,1,08:52:29.593400859
108.8281,3,08:52:29.593736098
108.8281,1,08:52:29.594718866
108.8281,1,08:52:29.594964008
108.8281,1,08:52:29.595055437
108.8281,1,08:52:29.595086382
108.8281,1,08:52:29.595335100
108.8281,158,08:52:29.595599739
108.8281,1,08:52:29.595599739
108.8281,2,08:52:29.595666336
108.8281,1,08:52:30.717641701
108.8281,5,08:52:32.281387849
108.8281,1,08:52:32.283105771
108.8281,1,08:52:32.283229428
108.8281,1,08:52:32.283972175
108.8281,1,08:52:32.284040701
108.8281,48,08:52:32.284303744
108.8281,9,08:52:32.284519681
108.8281,42,08:52:32.284740172
108.8281,8,08:52:32.284853521
108.8281,20,08:52:32.285556434
108.8281,27,08:52:32.290858052
108.8281,27,08:52:32.290914728
108.8281,24,08:52:32.290937212
108.8281,24,08:52:32.291171425
108.8281,34,08:52:32.293096686
108.8281,1,08:52:32.293232586
108.8281,15,08:52:32.293379139
108.8281,15,08:52:32.293449300
108.8281,15,08:52:32.293490076
108.8281,5,08:52:32.293521808
108.8281,1,08:52:32.293559751
108.8281,5,08:52:32.294177264
108.8281,5,08:52:32.294214935
108.8281,9,08:52:32.296405885
108.8281,54,08:52:32.296798155
108.8281,24,08:52:32.296850896
108.8281,1,08:52:32.296882160
108.8281,1,08:52:32.296918075
108.8281,57,08:52:32.296966657
108.8281,1,08:52:32.297804048
108.8281,1,08:52:32.297867982
108.8281,1,08:52:32.305382511
108.8281,1,08:52:32.306783368
108.8281,1,08:52:32.306876601
108.8281,1,08:52:32.318325430
108.8281,147,08:52:33.405825085
108.8281,75,08:52:33.405872245
108.8281,1,08:52:33.407764395
108.8281,1,08:52:33.408022422
108.8281,1,08:52:33.408048928
108.8281,1,08:52:33.408133304
108.8281,1,08:52:33.408149526
108.8281,1,08:52:33.408174905
108.8281,1,08:52:33.408196071
108.8281,1,08:52:33.408221020
108.8281,1,08:52:33.408237526
108.8281,1,08:52:33.408263214
108.8281,1,08:52:33.408279791
108.8281,1,08:52:33.408319471
108.8281,1,08:52:33.408340624
108.8281,1,08:52:33.408365917
108.8281,1,08:52:33.408382285
108.8281,1,08:52:33.408408410
108.8281,1,08:52:33.408428260
108.8281,1,08:52:33.408455650
108.8281,1,08:52:33.408495980
108.8281,1,08:52:33.408532787
108.8281,1,08:52:33.408549610
108.8281,24,08:52:33.408752331
108.8281,5,08:52:33.408836051
108.8281,1,08:52:33.410634568
108.8281,1,08:52:33.411142677
108.8281,2,08:52:33.411975260
108.8281,1,08:52:34.443546809
108.8281,1,08:52:34.443584839
108.8281,1,08:52:34.443792799
108.8281,1,08:52:34.444038327
108.8281,50,08:52:34.444552097
108.8281,2,08:52:34.444685530
108.8281,1,08:52:34.444728901
108.8281,1,08:52:34.445005863
108.8281,1,08:52:34.445966161
108.8281,8,08:52:34.446342539
108.8281,1,08:52:34.446746745
108.8281,1,08:52:34.446774938
108.8281,1,08:52:34.446811349
108.8281,1,08:52:34.446855757
108.8281,1,08:52:34.446905027
108.8281,1,08:52:34.446937703
108.8281,1,08:52:34.446966721
108.8281,1,08:52:34.446989407
108.8281,1,08:52:34.447023465
108.8281,1,08:52:34.447042672
108.8281,1,08:52:34.447074276
108.8281,1,08:52:34.447127867
108.8281,11,08:52:34.447489705
108.8281,23,08:52:34.447730727
108.8281,62,08:52:34.448354033
108.8281,1,08:52:34.449737635
108.8281,15,08:52:34.449775440
108.8281,1,08:52:34.449831147
108.8281,1,08:52:34.450439361
108.8281,1,08:52:34.450596248
108.8281,3,08:52:34.450758577
108.8281,1,08:52:34.450790260
108.8281,1,08:52:34.450916423
108.8281,2,08:52:34.451004512
108.8281,2,08:52:34.451173136
108.8281,158,08:52:34.451479024
108.8281,1,08:52:34.451549774
108.8281,1,08:52:34.452003600
108.8281,1,08:52:34.452392012
108.8281,1,08:52:34.453794119
108.8281,13,08:52:34.455164627
108.8281,4,08:52:34.455624972
108.8281,1,08:52:34.455653840
108.8281,1,08:52:34.455673971
108.8281,1,08:52:34.456493601
108.8281,1,08:52:34.456517250
108.8281,1,08:52:34.457015631
108.8281,1,08:52:39.119403712
108.8281,30,08:52:40.277794950
108.8281,100,08:52:40.383587955
108.8281,1,08:52:40.383999109
108.8281,1,08:52:40.384110795
108.8281,24,08:52:40.392195149
108.8281,27,08:52:40.392409403
108.8281,27,08:52:40.392743044
108.8281,24,08:52:40.392849517
108.8281,27,08:52:40.392866865
108.8281,1,08:52:40.393058264
108.8281,29,08:52:40.393532562
108.8281,1,08:52:40.393676014
108.8281,27,08:52:40.394414368
108.8281,6,08:52:40.394526959
108.8281,20,08:52:40.396267525
108.8281,1,08:52:40.398767809
108.8281,1,08:52:40.398886842
108.8281,1,08:52:40.399356199
108.8281,27,08:52:41.089617318
108.8281,48,08:52:41.089815392
108.8281,27,08:52:41.090216875
108.8281,1,08:52:41.090920007
108.8281,1,08:52:41.090986447
108.8281,6,08:52:41.091067750
108.8281,1,08:52:41.091098762
108.8281,4,08:52:41.091190594
108.8281,1,08:52:41.091286884
108.8281,4,08:52:41.091291838
108.8281,1,08:52:41.091331553
108.8281,1,08:52:41.091398345
108.8281,1,08:52:41.091504028
108.8281,1,08:52:41.091602602
108.8281,7,08:52:41.091705606
108.8281,3,08:52:41.091869114
108.8281,1,08:52:41.091925710
108.8281,1,08:52:41.091962546
108.8281,1,08:52:41.092525619
108.8281,1,08:52:41.986451340
108.8281,35,08:52:42.872578834
108.8281,49,08:52:42.872909640
108.8281,27,08:52:42.873280185
108.8281,94,08:52:42.873334119
108.8281,26,08:52:42.873374619
108.8281,7,08:52:42.873987777
108.8281,23,08:52:42.874592659
108.8281,1,08:52:42.874713164
108.8281,40,08:52:42.874994197
108.8281,2,08:52:42.876872443
108.8281,1,08:52:42.879439941
108.8281,50,08:52:43.235792888
108.8281,1,08:52:43.882734368
108.8281,1,08:52:43.882787616
108.8281,1,08:52:43.882875269
108.8281,39,08:52:43.883226477
108.8281,1,08:52:43.886857676
108.8281,36,08:52:43.965820936
108.8281,1,08:52:43.966073623
108.8281,1,08:52:43.966120081
108.8281,1,08:52:43.966208316
108.8281,1,08:52:43.966258180
108.8281,1,08:52:44.344588431
108.8281,1,08:52:44.344806087
108.8281,54,08:52:45.143896280
108.8281,48,08:52:45.144626297
108.8281,27,08:52:45.144910101
108.8281,1,08:52:45.145250253
108.8281,1,08:52:45.145389680
108.8281,3,08:52:45.145447425
108.8281,1,08:52:45.145493922
108.8281,1,08:52:45.145542614
108.8281,33,08:52:45.145567005
108.8281,1,08:52:45.145591478
108.8281,1,08:52:45.145621636
108.8281,1,08:52:45.145649163
108.8281,1,08:52:45.145667212
108.8281,1,08:52:45.145690850
108.8281,1,08:52:45.145714384
108.8281,1,08:52:45.145731366
108.8281,1,08:52:45.145754852
108.8281,1,08:52:45.145779313
108.8281,1,08:52:45.145831131
108.8281,1,08:52:45.145855075
108.8281,1,08:52:45.145868422
108.8281,1,08:52:45.145890842
108.8281,1,08:52:45.145911547
108.8281,1,08:52:45.145939255
108.8281,1,08:52:45.145961538
108.8281,1,08:52:45.145995081
108.8281,1,08:52:45.146017760
108.8281,1,08:52:45.146061910
108.8281,1,08:52:45.146083104
108.8281,1,08:52:45.146217123
108.8281,1,08:52:45.147014746
108.8281,1,08:52:45.147101647
108.8281,1,08:52:45.147187306
108.8281,2,08:52:45.147255886
108.8281,1,08:52:45.147311575
108.8281,1,08:52:45.147817281
108.8281,2,08:52:45.148286342
108.8281,2,08:52:45.148464624
108.8281,2,08:52:45.148623821
108.8281,2,08:52:45.148783680
108.8281,2,08:52:45.148931290
108.8281,1,08:52:45.148967493
108.8281,8,08:52:45.149033615
108.8281,38,08:52:45.149557826
108.8281,1,08:52:45.149906215
108.8281,1,08:52:45.150839047
108.8281,20,08:52:45.151102348
108.8281,40,08:52:45.152176831
108.8281,31,08:52:45.152580297
108.8281,1,08:52:45.152800724
108.8281,1,08:52:45.152916122
108.8281,1,08:52:45.153039593
108.8281,4,08:52:45.153039593
108.8281,1,08:52:45.153054430
108.8281,1,08:52:45.153147122
108.8281,1,08:52:45.153470396
108.8281,1,08:52:45.153511885
108.8281,1,08:52:45.153922783
108.8281,1,08:52:45.154013066
108.8281,1,08:52:45.154609056
108.8281,3,08:52:45.154701934
108.8281,27,08:52:45.155253509
108.8281,27,08:52:45.155415078
108.8281,27,08:52:45.155489495
108.8281,1,08:52:45.156202688
108.8281,46,08:52:45.156298309
108.8281,24,08:52:45.156379545
108.8281,1,08:52:45.156921883
108.8281,1,08:52:45.157077282
108.8281,3,08:52:45.157245496
108.8281,2,08:52:45.157290824
108.8281,5,08:52:45.157535837
108.8281,1,08:52:45.157827511
108.8281,1,08:52:45.157979271
108.8281,1,08:52:45.160096718
108.8281,1,08:52:45.161865119
108.8281,2,08:52:45.163497184
108.8281,5,08:52:45.164432552
108.8281,1,08:52:45.164577199
108.8281,1,08:52:45.164635641
108.8281,1,08:52:45.164686151
108.8281,1,08:52:45.164762130
108.8281,1,08:52:45.164807286
108.8281,1,08:52:45.164834000
108.8281,1,08:52:45.165124557
108.8281,1,08:52:45.165197163
108.8281,5,08:52:45.166068045
108.8281,1,08:52:45.166355081
108.8281,1,08:52:45.166388823
108.8281,1,08:52:45.166412029
108.8281,1,08:52:47.047051239
108.8281,1,08:52:47.048512512
108.8281,1,08:52:47.945492987
108.8281,5,08:52:49.125602657
108.8281,6,08:52:50.046527839
108.8281,25,08:52:50.046654300
108.8281,1,08:52:50.047416053
108.8281,1,08:52:50.047479683
108.8281,2,08:52:50.047650630
108.8281,1,08:52:50.047735649
108.8281,1,08:52:50.047770133
108.8281,86,08:52:50.048279321
108.8281,1,08:52:50.053630603
108.8281,1,08:52:50.069284615
108.8281,4,08:52:50.088850270
108.8281,1,08:52:50.088880133
108.8281,1,08:52:50.089083878
108.8281,5,08:52:50.089125388
108.8281,24,08:52:50.089504168
108.8281,1,08:52:50.089641473
108.8281,1,08:52:50.089679166
108.8281,1,08:52:50.090597325
108.8281,1,08:52:50.090635186
108.8281,2,08:52:50.091050154
108.8281,2,08:52:50.091822653
108.8281,20,08:52:50.091882619
108.8281,1,08:52:50.092238444
108.8281,4,08:52:50.092358196
108.8281,1,08:52:50.092755968
108.8281,1,08:52:50.092824299
108.8281,1,08:52:50.093056844
108.8281,1,08:52:50.093336344
108.8281,5,08:52:50.093439386
108.8281,6,08:52:50.094227789
108.8281,1,08:52:50.095378948
108.8281,1,08:52:50.095558111
108.8281,1,08:52:50.095702478
108.8281,15,08:52:50.095789507
108.8281,1,08:52:50.095816212
108.8281,1,08:52:50.095866276
108.8281,1,08:52:50.095978321
108.8281,1,08:52:50.097006955
108.8281,25,08:52:58.460461499
108.8281,1,08:52:58.460541929
108.8281,1,08:52:58.460638671
108.8281,34,08:52:58.460881124
108.8281,89,08:52:58.461213626
108.8281,1,08:52:58.461286703
108.8281,13,08:52:58.461545258
108.8281,2,08:52:58.465404770
108.8281,1,08:52:58.465843698
108.8281,22,08:52:58.486573363
108.8438,25,08:52:58.963858986
108.8438,100,08:52:58.963874461
108.8438,1,08:52:59.128583474
108.8438,2,08:53:16.702412274
108.8281,1,08:53:18.694065388
108.8281,2,08:53:18.694725730
108.8281,2,08:53:18.694906890
108.8281,1,08:53:18.694948439
108.8281,1,08:53:18.695003983
108.8281,1,08:53:18.695213818
108.8281,1,08:53:18.696161546
108.8281,2,08:53:18.696988862
