price,volume,timestamp
108.8438,8,09:00:00.693517024
108.8281,123,09:00:01.011876415
108.8281,1,09:00:01.014500206
108.8281,2,09:00:01.016227961
108.8281,141,09:00:01.016766021
108.8281,1,09:00:01.021749735
108.8281,137,09:00:01.022140078
108.8281,1,09:00:01.043405501
108.8281,1,09:00:01.067456400
108.8281,7,09:00:01.095649221
108.8281,2,09:00:01.096441403
108.8281,2,09:00:01.220680003
108.8281,5,09:00:01.221773471
108.8281,211,09:00:01.222359665
108.8281,1,09:00:01.222785638
108.8281,1,09:00:01.222865948
108.8281,1,09:00:01.223040197
108.8281,2,09:00:01.223177676
108.8281,5,09:00:01.223273156
108.8281,25,09:00:01.223397456
108.8281,14,09:00:01.223537341
108.8281,1,09:00:01.227037044
108.8281,10,09:00:01.317603871
108.8281,1,09:00:01.428374441
108.8281,1,09:00:01.428607212
108.8281,1,09:00:01.428649183
108.8281,2,09:00:01.428777637
108.8281,18,09:00:01.445634641
108.8281,1,09:00:01.445815448
108.8281,177,09:00:01.481819507
108.8281,1,09:00:01.483157077
108.8281,2,09:00:01.511913489
108.8281,1,09:00:01.620831484
108.8281,2,09:00:02.058735430
108.8125,75,09:00:13.648517262
108.8125,20,09:00:20.617956147
108.8125,2,09:00:22.226855200
108.8125,3,09:00:22.373523976
108.8125,863,09:00:22.374776059
108.8125,2,09:00:22.530374737
108.8125,1,09:00:22.611652366
108.8125,1,09:00:22.642377715
108.8125,1,09:00:22.643644803
108.8125,1,09:00:26.506381341
108.8125,100,09:00:27.256800811
108.7969,1,09:00:28.216164756
108.7969,3,09:00:28.216187892
108.7969,9,09:00:28.216960804
108.7969,40,09:00:28.217304232
108.7969,1,09:00:28.217475163
108.7969,9,09:00:28.217577837
108.7969,5,09:00:28.217652164
108.7969,2,09:00:28.217756135
108.7969,2,09:00:28.217935131
108.7969,8,09:00:28.218042221
108.7969,10,09:00:28.218128527
108.7969,4,09:00:28.218166159
108.7969,1,09:00:28.218180576
108.7969,104,09:00:28.218274482
108.7969,21,09:00:28.218324217
108.7969,1,09:00:28.218355911
108.7969,22,09:00:28.218387815
108.7969,2,09:00:28.218442422
108.7969,10,09:00:28.218492972
108.7969,3,09:00:28.218523117
108.7969,1,09:00:28.218677559
108.7969,7,09:00:28.218709649
108.7969,11,09:00:28.218788126
108.7969,1,09:00:28.218788126
108.7969,7,09:00:28.219071637
108.7969,1,09:00:28.219110361
108.7969,1,09:00:28.219129040
108.7969,10,09:00:28.219150967
108.7969,1,09:00:28.219180567
108.7969,5,09:00:28.219210213
108.7969,30,09:00:28.219272147
108.7969,4,09:00:28.219345351
108.7969,9,09:00:28.219670548
108.7969,2,09:00:28.219918170
108.7969,1,09:00:28.219918170
108.7969,11,09:00:28.219962931
108.7969,2,09:00:28.219994417
108.7969,8,09:00:28.220127565
108.7969,57,09:00:28.220264096
108.7969,1,09:00:28.220284907
108.7969,1,09:00:28.220313291
108.7969,1,09:00:28.220329966
108.7969,1,09:00:28.220364857
108.7969,1,09:00:28.220384758
108.7969,1,09:00:28.220405104
108.7969,1,09:00:28.220422439
108.7969,1,09:00:28.220449832
108.7969,1,09:00:28.220476321
108.7969,1,09:00:28.220494485
108.7969,1,09:00:28.220519254
108.7969,1,09:00:28.220537225
108.7969,1,09:00:28.220568922
108.7969,1,09:00:28.220611911
108.7969,1,09:00:28.220633227
108.7969,1,09:00:28.220656706
108.7969,1,09:00:28.220679792
108.7969,1,09:00:28.220708938
108.7969,1,09:00:28.220753192
108.7969,1,09:00:28.220767575
108.7969,2,09:00:28.220795330
108.7969,1,09:00:28.220976831
108.7969,1,09:00:28.221172566
108.7969,7,09:00:28.221343001
108.7969,1,09:00:28.221392628
108.7969,123,09:00:28.221695105
108.7969,6,09:00:28.222256133
108.7969,25,09:00:28.345282365
108.7969,1,09:00:28.345496980
108.7969,20,09:00:28.345690273
108.7969,82,09:00:28.346016709
108.7969,25,09:00:28.346292712
108.7969,3,09:00:28.346408269
108.7969,3,09:00:28.346573788
108.7969,2,09:00:28.346620491
108.7969,2,09:00:28.346752461
108.7969,1,09:00:28.346827947
108.7969,1,09:00:28.346919939
108.7969,18,09:00:28.347000678
108.7969,1,09:00:28.347037622
108.7969,2,09:00:28.347099976
108.7969,1,09:00:28.347121953
108.7969,1,09:00:28.347153938
108.7969,19,09:00:28.347263323
108.7969,32,09:00:28.347621512
108.7969,1,09:00:28.347780514
108.7969,1,09:00:28.347830128
108.7969,1,09:00:28.347859895
108.7969,1,09:00:28.347882660
108.7969,1,09:00:28.347919272
108.7969,11,09:00:28.348005382
108.7969,39,09:00:28.348879055
108.7969,4,09:00:28.349159515
108.7969,11,09:00:28.350026249
108.7969,1,09:00:28.350077850
108.7969,1,09:00:28.350114706
108.7969,1,09:00:28.350140572
108.7969,1,09:00:28.350276059
108.7969,4,09:00:28.350339308
108.7969,1,09:00:28.350534454
108.7969,1,09:00:28.350711754
108.7969,1,09:00:28.350765778
108.7969,6,09:00:28.350795073
108.7969,1,09:00:28.351344087
108.7969,2,09:00:28.351743875
108.7969,3,09:00:28.373602310
108.7969,250,09:00:28.383095017
108.7969,1,09:00:28.383213788
108.7969,1,09:00:28.383308027
108.7969,5,09:00:28.383415228
108.7969,5,09:00:28.383430317
108.7969,1,09:00:28.383430317
108.7969,3,09:00:28.383462344
108.7969,7,09:00:28.383496731
108.7969,1,09:00:28.383549701
108.7969,11,09:00:28.383585943
108.7969,1,09:00:28.383674514
108.7969,1,09:00:28.383740598
108.7969,1,09:00:28.383787093
108.7969,1,09:00:28.383862733
108.7969,1,09:00:28.383894717
108.7969,1,09:00:28.383951217
108.7969,1,09:00:28.383980095
108.7969,1,09:00:28.384037577
108.7969,1,09:00:28.384126555
108.7969,1,09:00:28.384153334
108.7969,1,09:00:28.384191984
108.7969,1,09:00:28.384220544
108.7969,1,09:00:28.384322918
108.7969,1,09:00:28.384374641
108.7969,1,09:00:28.384394228
108.7969,1,09:00:28.384422705
108.7969,1,09:00:28.384448837
108.7969,7,09:00:28.384523446
108.7969,1,09:00:28.384590385
108.7969,14,09:00:28.384890087
108.7813,1,09:00:28.411862153
108.7813,1,09:00:28.411877254
108.7969,1,09:00:28.574151689
108.7969,2,09:00:29.154672780
108.7813,9,09:00:34.803914069
108.7813,3,09:00:35.115539394
108.7813,54,09:00:35.116205840
108.7813,20,09:00:35.116476696
108.7813,2,09:00:35.116552157
108.7813,1,09:00:35.116789944
108.7813,7,09:00:35.116839593
108.7813,2,09:00:35.116985948
108.7813,540,09:00:35.117326351
108.7813,20,09:00:35.118235705
108.7813,8,09:00:35.118261200
108.7813,2,09:00:35.121637687
108.7813,5,09:00:35.121820330
108.7813,1,09:00:35.121869225
108.7813,52,09:00:35.121897356
108.7813,22,09:00:35.121943072
108.7813,1,09:00:35.122008133
108.7813,24,09:00:35.122133057
108.7813,20,09:00:35.122183579
108.7813,7,09:00:35.122442145
108.7813,3,09:00:35.123060464
108.7813,20,09:00:35.125324786
108.7813,20,09:00:35.125567136
108.7813,45,09:00:35.125648319
108.7813,13,09:00:35.125693323
108.7813,52,09:00:35.126179360
108.7813,22,09:00:35.126225450
108.7813,1,09:00:35.126260664
108.7813,5,09:00:35.126282974
108.7813,20,09:00:35.126516256
108.7813,10,09:00:35.126556218
108.7813,1,09:00:35.126576360
108.7813,1,09:00:35.126930492
108.7813,1,09:00:35.127611232
108.7813,25,09:00:35.127888344
108.7813,1,09:00:35.128093369
108.7813,1,09:00:35.129494252
108.7813,9,09:00:35.129565179
108.7813,1,09:00:35.129864676
108.7813,5,09:00:35.129930568
108.7813,1,09:00:35.130161843
108.7813,1,09:00:35.130440537
108.7813,6,09:00:35.130621616
108.7813,1,09:00:35.130682266
108.7813,1,09:00:35.130867954
108.7813,5,09:00:35.131007371
108.7813,1,09:00:35.131053269
108.7813,1,09:00:35.131193413
108.7813,1,09:00:35.131304859
108.7813,1,09:00:35.131450932
108.7813,2,09:00:35.132802997
108.7813,5,09:00:35.133986586
108.7813,1,09:00:35.135099425
108.7813,2,09:00:35.138296097
108.7813,15,09:00:35.138762379
108.7813,1,09:00:35.141795653
108.7813,14,09:00:35.143778039
108.7813,2,09:00:35.146792890
108.7813,13,09:00:35.149821712
108.7813,3,09:00:35.151800713
108.7813,13,09:00:35.154833360
108.7813,2,09:00:35.156830786
108.7813,14,09:00:35.159924457
108.7813,2,09:00:35.162765989
108.7813,14,09:00:35.165966234
108.7813,1,09:00:35.168824542
108.7813,14,09:00:35.170810515
108.7813,2,09:00:35.173773147
108.7813,14,09:00:35.176753242
108.7813,1,09:00:35.179790142
108.7813,14,09:00:35.181811646
108.7813,2,09:00:35.184773235
108.7813,14,09:00:35.186792057
108.7813,1,09:00:35.188764647
108.7813,14,09:00:35.190804896
108.7813,2,09:00:35.193649088
108.7813,14,09:00:35.197322365
108.7813,1,09:00:35.199968912
108.7813,14,09:00:35.203238642
108.7813,2,09:00:35.205791045
108.7813,13,09:00:35.207834271
108.7813,97,09:00:35.219531710
108.7813,541,09:00:35.224855882
108.7813,1,09:00:35.225458886
108.7813,1,09:00:35.227127166
108.7813,65,09:00:35.228314761
108.7813,1,09:00:35.228853300
108.7813,42,09:00:35.229151767
108.7813,50,09:00:35.229610982
108.7813,1,09:00:35.229722514
108.7813,1,09:00:35.230035167
108.7813,1,09:00:35.230455934
108.7813,19,09:00:35.232681598
108.7813,1,09:00:35.232903955
108.7813,1,09:00:35.232978667
108.7813,62,09:00:35.234360471
108.7813,2,09:00:35.235332472
108.7813,4,09:00:35.235806401
108.7813,15,09:00:35.239999365
108.7813,1,09:00:35.240101070
108.7813,15,09:00:35.240210057
108.7813,3,09:00:35.240241930
108.7813,77,09:00:35.240590350
108.7813,20,09:00:35.241749569
108.7813,1,09:00:35.241926121
108.7813,1,09:00:35.241995537
108.7813,38,09:00:35.242366965
108.7813,1,09:00:35.243351804
108.7813,15,09:00:35.245879138
108.7813,15,09:00:35.249866173
108.7813,1,09:00:35.252999728
108.7813,15,09:00:35.256890030
108.7813,15,09:00:35.260965171
108.7813,1,09:00:35.263863681
108.7813,14,09:00:35.266871639
108.7813,2,09:00:35.269838346
108.7813,14,09:00:35.272953698
108.7813,1,09:00:35.275827715
108.7813,25,09:00:35.276344218
108.7813,1,09:00:35.276680481
108.7813,14,09:00:35.277977854
108.7813,2,09:00:35.280895568
108.7813,14,09:00:35.283558857
108.7813,36,09:00:35.284218554
108.7813,1,09:00:35.284347711
108.7813,1,09:00:35.284464008
108.7813,1,09:00:35.284510275
108.7813,1,09:00:35.284567751
108.7813,4,09:00:35.284608772
108.7813,1,09:00:35.284756685
108.7813,3,09:00:35.284822259
108.7813,1,09:00:35.285000656
108.7813,1,09:00:35.286932973
108.7813,15,09:00:35.305896262
108.7813,1,09:00:35.308904355
108.7813,15,09:00:35.311982891
108.7813,15,09:00:35.322979958
108.7813,1,09:00:35.326123574
108.7813,15,09:00:35.329011138
108.7813,8,09:00:35.334038668
108.7813,8,09:00:35.337000251
108.7813,8,09:00:35.340208632
108.7813,1,09:00:35.341453151
108.7813,7,09:00:35.343008510
108.7813,8,09:00:35.346134327
108.7813,8,09:00:35.349023784
108.7813,1,09:00:35.351881310
108.7813,4,09:00:35.763876871
108.7813,1,09:00:35.764216799
108.7813,69,09:00:35.764532351
108.7813,2,09:00:35.765021779
108.7813,1,09:00:35.765044451
108.7813,2,09:00:35.765207450
108.7813,1,09:00:35.765259767
108.7813,1,09:00:35.765582910
108.7813,6,09:00:35.765868541
108.7813,4,09:00:35.766179972
108.7813,1,09:00:35.766504573
108.7813,11,09:00:35.773069093
108.7813,1,09:00:35.773512786
108.7813,3,09:00:35.774625138
108.7813,1,09:00:35.774901748
108.7813,1,09:00:35.775680705
108.7813,104,09:00:35.777929396
108.7813,1,09:00:35.778029101
108.7813,65,09:00:36.297333817
108.7813,1,09:00:36.297538218
108.7813,1,09:00:36.297646947
108.7813,3,09:00:36.297786242
108.7813,44,09:00:36.298109663
108.7813,1,09:00:36.298152240
108.7813,1,09:00:36.298197377
108.7813,4,09:00:36.298460880
108.7813,1,09:00:36.298659720
108.7813,1,09:00:36.316430623
108.7813,76,09:00:36.338283705
108.7813,1,09:00:36.339838502
108.7813,20,09:00:36.340333161
108.7813,18,09:00:36.340422293
108.7813,1,09:00:36.340447001
108.7813,1,09:00:36.340486041
108.7813,4,09:00:36.340538592
108.7813,1,09:00:36.340575518
108.7813,1,09:00:36.340644933
108.7813,12,09:00:36.341265109
108.7813,25,09:00:36.341370766
108.7813,1,09:00:36.341370766
108.7813,1,09:00:36.341391304
108.7813,69,09:00:36.341449418
108.7813,42,09:00:36.341449418
108.7813,2,09:00:36.341538795
108.7813,3,09:00:36.341561260
108.7813,22,09:00:36.341624000
108.7813,1,09:00:36.342020706
108.7813,1,09:00:36.342067241
108.7813,1,09:00:36.342126244
108.7813,5,09:00:36.342352774
108.7813,91,09:00:36.384344808
108.7813,1,09:00:36.417245105
108.7813,1,09:00:36.417292207
108.7813,1,09:00:36.417390320
108.7813,14,09:00:36.417713870
108.7813,13,09:00:36.417868426
108.7813,45,09:00:36.418400011
108.7813,45,09:00:36.418852379
108.7813,15,09:00:36.419690207
108.7813,1,09:00:36.419951448
108.7813,5,09:00:36.420396177
108.7813,1,09:00:36.420438245
108.7813,34,09:00:36.428425577
108.7813,1,09:00:36.428523071
108.7813,1,09:00:36.428572393
108.7813,1,09:00:36.428691762
108.7813,1,09:00:36.428712394
108.7813,1,09:00:36.428739181
108.7813,1,09:00:36.428801630
108.7813,1,09:00:36.428852226
108.7813,1,09:00:36.428880957
108.7813,1,09:00:36.428904586
108.7813,1,09:00:36.429009628
108.7813,1,09:00:36.429032608
108.7813,1,09:00:36.429059648
108.7813,1,09:00:36.429093684
108.7813,1,09:00:36.429118936
108.7813,1,09:00:36.429215571
108.7813,1,09:00:36.429240090
108.7813,1,09:00:36.429271592
108.7813,1,09:00:36.429298248
108.7813,1,09:00:36.429331657
108.7813,1,09:00:36.429395296
108.7813,1,09:00:36.429442912
108.7813,1,09:00:36.429607509
108.7813,3,09:00:36.438221284
108.7813,120,09:00:36.465636014
108.7813,1,09:00:36.465825052
108.7813,3,09:00:36.465979967
108.7813,1,09:00:36.466024019
108.7813,3,09:00:36.466119736
108.7813,1,09:00:36.466119736
108.7813,1,09:00:36.466135292
108.7813,1,09:00:36.494607596
108.7813,1,09:00:36.494808794
108.7813,1,09:00:36.494891509
108.7813,224,09:00:37.097198330
108.7813,1,09:00:37.097349383
108.7813,42,09:00:37.097874491
108.7813,4,09:00:37.102442129
108.7813,10,09:00:37.299721099
108.7813,1,09:00:37.299981868
108.7813,2,09:00:37.300210017
108.7813,33,09:00:37.300483743
108.7813,1,09:00:37.305240951
108.7813,1,09:00:37.305299550
108.7813,20,09:00:37.305489724
108.7656,10,09:00:38.331617318
108.7813,1,09:00:39.132491652
108.7813,500,09:00:40.096956425
108.7813,1,09:00:40.099350521
108.7813,1,09:00:40.107597620
108.7813,83,09:00:40.118254040
108.7813,115,09:00:40.118665661
108.7813,1,09:00:40.128241026
108.7813,2,09:00:40.128302048
108.7813,3,09:00:40.132807445
108.7813,13,09:00:40.133961427
108.7813,15,09:00:40.134165271
108.7813,28,09:00:40.134237106
108.7813,1,09:00:40.134278374
108.7813,1,09:00:40.134337255
108.7813,1,09:00:40.134572869
108.7813,1,09:00:40.134625053
108.7813,1,09:00:40.134779924
108.7813,2,09:00:40.134979787
108.7813,12,09:00:40.135072160
108.7813,1,09:00:40.135221110
108.7813,6,09:00:40.135822511
108.7813,11,09:00:40.154182454
108.7813,1,09:00:40.154213888
108.7813,4,09:00:40.154295029
108.7813,1000,09:00:45.689817007
108.7813,1,09:00:45.691611209
108.7813,1,09:00:45.692254237
108.7813,1,09:00:45.692353381
108.7813,16,09:00:46.475882645
108.7813,100,09:00:47.381727296
108.7813,1,09:00:47.381824958
108.7813,1,09:00:47.382188259
108.7813,1,09:00:47.382233133
108.7813,3,09:00:47.382477321
108.7813,22,09:00:47.382554301
108.7813,1,09:00:47.382726494
108.7813,2,09:00:47.382754917
108.7813,1,09:00:47.563657056
108.7813,10,09:00:48.526656570
108.7813,50,09:00:48.595144127
108.7813,1,09:00:48.630138740
108.7813,42,09:00:48.630516206
108.7813,1,09:00:48.630649166
108.7813,2,09:00:48.630745924
108.7813,1,09:00:48.631266129
108.7813,32,09:00:48.631739432
108.7813,1,09:00:48.631780034
108.7813,2,09:00:48.631795532
108.7813,5,09:00:48.631929605
108.7813,14,09:00:48.634270542
108.7813,25,09:00:48.634362074
108.7813,1,09:00:48.635405304
108.7813,1,09:00:48.636043893
108.7813,6,09:00:48.653420284
108.7813,50,09:00:51.860849686
108.7813,1,09:00:51.861142950
108.7813,1,09:00:51.861209562
108.7813,25,09:00:52.583900728
108.7813,8,09:00:52.704432315
108.7813,1,09:00:54.282776995
108.7813,1,09:00:54.282819339
108.7813,3,09:00:54.283163877
108.7813,17,09:00:54.283208850
108.7813,1,09:00:54.284193635
108.7813,1,09:00:54.908898078
108.7813,20,09:00:54.953267611
108.7813,1,09:00:55.477186508
108.7813,200,09:00:56.669605082
108.7813,1,09:00:56.670284341
108.7813,1,09:00:56.670411281
108.7813,1,09:00:56.670537335
108.7813,1,09:00:56.670710840
108.7813,1,09:00:56.671174644
108.7813,1,09:00:56.671325984
108.7813,1,09:00:56.671445859
108.7813,1,09:00:56.671482925
108.7813,1,09:00:56.671526894
108.7813,1,09:00:56.671563455
108.7813,1,09:00:56.671590719
108.7813,1,09:00:56.671620931
108.7813,1,09:00:56.671692581
108.7813,1,09:00:56.671717115
108.7813,1,09:00:56.671742703
108.7813,1,09:00:56.671768086
108.7813,1,09:00:56.671791236
108.7813,1,09:00:56.671816848
108.7813,1,09:00:56.671857634
108.7813,1,09:00:56.671881938
108.7813,1,09:00:56.671906950
108.7813,1,09:00:56.671926806
108.7813,2,09:00:56.671999429
108.7813,5,09:00:56.672044191
108.7813,1,09:00:56.672064304
108.7813,1,09:00:56.940028172
108.7813,5,09:00:57.052210560
108.7813,5,09:00:57.052469667
108.7969,1,09:01:01.178419809
108.7969,3,09:01:01.180390723
108.7969,4,09:01:01.183983583
108.7969,4,09:01:01.186995938
108.7969,4,09:01:01.189974296
108.7969,5,09:01:01.192048715
108.7969,4,09:01:01.196132862
108.7969,4,09:01:01.199951864
108.7969,4,09:01:01.203991386
108.7969,3,09:01:01.209994909
108.7969,4,09:01:01.212988288
108.7969,4,09:01:01.221155727
108.7969,4,09:01:01.227088919
108.7969,4,09:01:01.271050736
108.7969,4,09:01:01.274082817
108.7813,500,09:01:03.912176884
108.7813,1,09:01:03.913637487
108.7813,1,09:01:03.913672944
108.7813,22,09:01:03.913802614
108.7813,2,09:01:03.913909806
108.7813,19,09:01:03.914031181
108.7813,1,09:01:03.914096823
108.7813,1,09:01:03.914411180
108.7813,1,09:01:03.914553516
108.7813,1,09:01:03.914576946
108.7813,1,09:01:03.914637290
108.7813,1,09:01:03.914669031
108.7813,1,09:01:03.914698891
108.7813,1,09:01:03.914752732
108.7813,1,09:01:03.914788068
108.7813,1,09:01:03.914828836
108.7813,1,09:01:03.914889404
108.7813,1,09:01:03.914951261
108.7813,1,09:01:03.915020110
108.7813,1,09:01:03.915101497
108.7813,1,09:01:03.915111327
108.7813,5,09:01:03.915155623
108.7813,1,09:01:03.915155623
108.7813,1,09:01:03.915188709
108.7813,1,09:01:03.915239504
108.7813,1,09:01:03.915306993
108.7813,1,09:01:03.915348537
108.7813,1,09:01:03.915417722
108.7813,3,09:01:03.915535407
108.7813,50,09:01:03.916834009
108.7813,6,09:01:03.918246054
108.7813,1,09:01:03.920545906
108.7969,796,09:01:04.497734648
108.7813,2,09:01:05.493729858
108.7813,500,09:01:08.765949829
108.7813,1,09:01:08.767087117
108.7813,1,09:01:08.767243439
108.7813,54,09:01:08.767461564
108.7813,30,09:01:08.767633444
108.7813,1,09:01:08.767719846
108.7813,1,09:01:08.768061776
108.7813,1,09:01:08.768355581
108.7813,1,09:01:08.768698201
108.7813,1,09:01:08.768830572
108.7813,1,09:01:08.768909729
108.7813,1,09:01:08.768992777
108.7813,1,09:01:08.769086910
108.7813,1,09:01:08.769112655
108.7813,1,09:01:08.769223767
108.7813,1,09:01:08.769307395
108.7813,1,09:01:08.769340323
108.7813,30,09:01:08.769468012
108.7813,1,09:01:08.769488368
108.7813,1,09:01:08.769615987
108.7813,13,09:01:08.769615987
108.7813,24,09:01:08.769758098
108.7813,13,09:01:08.769875515
108.7813,1,09:01:08.769886513
108.7813,1,09:01:08.770572377
108.7813,1,09:01:08.771979343
108.7813,1,09:01:08.773218136
108.7813,1,09:01:08.773238322
108.7969,1,09:01:09.451122565
108.7813,1,09:01:13.496134447
108.7813,5,09:01:14.590522939
108.7969,50,09:01:22.626739917
108.7813,1,09:01:27.308212078
108.7969,48,09:01:28.863707974
108.7813,1,09:01:36.695978338
108.7969,150,09:01:38.563305352
108.7969,2,09:01:38.563624706
108.7969,3,09:01:38.564282268
108.7969,1,09:01:38.566224672
108.7969,1,09:01:38.566342038
108.7969,2,09:01:38.566399713
108.7969,125,09:01:38.566799135
108.7969,1,09:01:38.567328650
108.7969,15,09:01:38.567594076
108.7969,3,09:01:38.567704794
108.7969,3,09:01:38.567855844
108.7969,1,09:01:38.567909688
108.7969,1,09:01:38.567963060
108.7969,1,09:01:38.567992778
108.7969,3,09:01:38.568011188
108.7969,1,09:01:38.568040837
108.7969,1,09:01:38.568072351
108.7969,1,09:01:38.568097961
108.7969,10,09:01:38.568246959
108.7969,2,09:01:38.568328903
108.7969,5,09:01:38.568411436
108.7969,2,09:01:38.568451587
108.7969,28,09:01:38.568606109
108.7969,1,09:01:38.568660833
108.7969,25,09:01:38.568782135
108.7969,1,09:01:38.568807412
108.7969,1,09:01:38.568898675
108.7969,1,09:01:38.568924438
108.7969,8,09:01:38.568980146
108.7969,1,09:01:38.569442881
108.7969,1,09:01:38.569646812
108.7969,1,09:01:38.569755480
108.7969,70,09:01:38.569839840
108.7969,1,09:01:38.570779216
108.7969,1,09:01:38.570853665
108.7969,1,09:01:38.570881822
108.7969,12,09:01:38.572558605
108.7969,2,09:01:38.572832796
108.7969,2,09:01:38.573714526
108.7969,250,09:01:38.575717232
108.7969,2,09:01:38.600199734
108.7969,2,09:01:38.622245483
108.7969,20,09:01:38.623672303
108.7969,84,09:01:39.065735727
108.7969,45,09:01:39.065795165
108.7969,2,09:01:39.066108272
108.7969,3,09:01:39.066177019
108.7969,4,09:01:39.066497039
108.7969,34,09:01:39.066555952
108.7969,1,09:01:39.066593789
108.7969,1,09:01:39.066730484
108.7969,1,09:01:39.066945576
108.7969,10,09:01:39.066977362
108.7969,2,09:01:39.066998687
108.7969,1,09:01:39.067013910
108.7969,3,09:01:39.067035187
108.7969,1,09:01:39.067058637
108.7969,37,09:01:39.067338793
108.7969,18,09:01:39.067740296
108.7969,20,09:01:39.067947474
108.7969,40,09:01:39.068937972
108.7969,5,09:01:39.068965159
108.7969,1,09:01:39.069077744
108.7969,1,09:01:39.070916677
108.7969,1,09:01:39.070989702
108.7969,11,09:01:39.290401784
108.7969,100,09:01:39.705329706
108.7969,2,09:01:39.729922813
108.7969,25,09:01:40.498150788
108.7969,140,09:01:40.506548485
108.7969,50,09:01:40.519958868
108.7969,777,09:01:40.631109695
108.7969,14,09:01:40.698600204
108.7969,4,09:01:42.116810566
108.7969,1,09:01:42.213029375
108.7969,24,09:01:42.213064932
108.7969,10,09:01:42.213084019
108.7969,1,09:01:42.213121127
108.7969,231,09:01:42.213223145
108.7969,10,09:01:42.213255085
108.7969,1,09:01:42.213285287
108.7969,43,09:01:42.213569886
108.7969,7,09:01:42.217636537
108.7969,1,09:01:42.218242252
108.7969,1,09:01:42.218441696
108.7969,1000,09:01:45.414772916
108.7969,1,09:01:45.416164775
108.7969,1,09:01:45.416390913
108.7969,1,09:01:45.420587830
108.7969,2,09:01:45.421547866
108.7969,29,09:01:45.421739281
108.7969,41,09:01:45.421781176
108.7969,16,09:01:45.422120374
108.7969,20,09:01:45.422253461
108.7969,1,09:01:45.422279945
108.7969,1,09:01:45.422305737
108.7969,1,09:01:45.423268720
108.7969,1,09:01:45.424325484
108.7969,5,09:01:45.424372576
108.7969,3,09:01:45.424544454
108.7969,124,09:01:45.425885701
108.7969,1,09:01:45.426175912
108.7969,1,09:01:45.426238412
108.7969,1,09:01:45.426280656
108.7969,1,09:01:45.426745904
108.7969,4,09:01:45.426768327
108.7969,1,09:01:45.426797888
108.7969,1,09:01:45.427005704
108.7969,52,09:01:45.684180262
108.7969,1,09:01:45.684407713
108.7969,2,09:01:45.684516723
108.7969,9,09:01:45.684628958
108.7969,1,09:01:45.684681862
108.7969,1,09:01:45.684721271
108.7969,1,09:01:45.684764558
108.7969,9,09:01:45.684823708
108.7969,1,09:01:45.684853299
108.7969,5,09:01:45.685051892
108.7969,1,09:01:45.685242443
108.7969,1,09:01:45.685372273
108.7969,1,09:01:45.685406351
108.7969,24,09:01:45.685602086
108.7969,1,09:01:45.685882770
108.7969,1,09:01:45.686054418
108.7969,1,09:01:45.686161579
108.7969,1,09:01:45.687100638
108.7969,1,09:01:45.687362274
108.7969,61,09:01:45.693107389
108.7969,5,09:01:45.693386032
108.7969,1,09:01:45.693445143
108.7969,100,09:01:47.691169092
108.7969,1,09:01:47.691342241
108.7969,16,09:01:47.691625127
108.7969,25,09:01:47.691774806
108.7969,2,09:01:47.691826725
108.7969,1,09:01:47.693161516
108.7969,100,09:01:48.521046723
108.7969,16,09:01:48.521463378
108.7969,25,09:01:48.521737995
108.7969,1,09:01:48.522709983
108.7969,1,09:01:48.522800569
108.7969,2,09:01:48.522862933
108.7969,1,09:01:48.522998228
108.7969,5,09:01:48.523083651
108.7969,1,09:01:48.523186453
108.7969,14,09:01:48.524466895
108.7969,1,09:01:48.524761544
108.7969,11,09:01:48.525427926
108.7969,1,09:01:48.525682814
108.7969,1,09:01:48.526331998
108.7969,1,09:01:48.526632193
108.7969,1,09:01:48.526965573
108.7969,1,09:01:48.527072862
108.7969,273,09:01:50.328111793
108.7969,6,09:01:50.340838487
108.7969,4,09:01:50.340884734
108.7969,10,09:01:50.341402229
108.7969,9,09:01:50.346315625
108.7969,4,09:01:50.630952997
108.7969,65,09:01:58.027105611
108.7969,1,09:01:58.027657424
108.7969,4,09:01:58.027737416
108.7969,2,09:01:58.027874680
108.7969,9,09:02:00.982635715
108.7969,10,09:02:00.982732347
108.7969,1,09:02:00.982943471
108.8125,30,09:02:04.568936585
108.8125,26,09:02:06.629636860
108.8125,2,09:02:07.228400443
108.8125,3,09:02:07.228443522
108.8125,22,09:02:07.229047241
108.8125,48,09:02:07.229610999
108.8125,1,09:02:07.229648682
108.8125,73,09:02:07.229765612
108.8125,5,09:02:07.229896495
108.8125,40,09:02:07.229952667
108.8125,3,09:02:07.230131819
108.8125,3,09:02:07.230178652
108.8125,7,09:02:07.230244317
108.8125,1,09:02:07.230287093
108.8125,1,09:02:07.230348185
108.8125,1,09:02:07.230826130
108.8125,31,09:02:07.230834802
108.8125,1,09:02:07.230929457
108.8125,50,09:02:07.231228289
108.8125,1,09:02:07.231737150
108.8125,1,09:02:07.231763471
108.8125,50,09:02:07.231882266
108.8125,1,09:02:07.231882266
108.8125,1,09:02:07.231944211
108.8125,1,09:02:07.232049784
108.8125,1,09:02:07.232116176
108.8125,1,09:02:07.232186344
108.8125,50,09:02:07.232186344
108.8125,1,09:02:07.232253775
108.8125,1,09:02:07.232322333
108.8125,6,09:02:07.232322333
108.8125,1,09:02:07.232394780
108.8125,1,09:02:07.232432064
108.8125,1,09:02:07.232532876
108.8125,3,09:02:07.232600797
108.8125,3,09:02:07.232645965
108.8125,1,09:02:07.232711324
108.8125,3,09:02:07.232711324
108.8125,2,09:02:07.232776525
108.8125,2,09:02:07.232848905
108.8125,1,09:02:07.232848905
108.8125,2,09:02:07.232892716
108.8125,155,09:02:07.233455226
108.8125,4,09:02:07.233978976
108.8125,3,09:02:07.234103493
108.8125,42,09:02:07.234758661
108.8125,3,09:02:07.234981785
108.8125,29,09:02:07.235052715
108.8125,8,09:02:07.235253525
108.8125,3,09:02:07.235308983
108.8125,42,09:02:07.235469370
108.8125,3,09:02:07.235736787
108.8125,1,09:02:07.236179823
108.8125,3,09:02:07.236328610
108.8125,4,09:02:07.236718275
108.8125,20,09:02:07.236767931
108.8125,1,09:02:07.236815036
108.8125,1,09:02:07.237073671
108.8125,4,09:02:07.237168762
108.8125,1,09:02:07.237211550
108.8125,2,09:02:07.237471890
108.8125,7,09:02:07.237518497
108.8125,2,09:02:07.237623583
108.8125,6,09:02:07.237833587
108.8125,1,09:02:07.237990756
108.8125,28,09:02:07.238197531
108.8125,2,09:02:07.238395900
108.8125,12,09:02:07.238624286
108.8125,45,09:02:07.239510067
108.8125,1,09:02:07.239581998
108.8125,1,09:02:07.240074084
108.8125,1,09:02:07.241124771
108.8125,1,09:02:07.242390675
108.8125,1,09:02:07.242406068
108.8125,3,09:02:07.243982829
108.8125,33,09:02:07.244059682
108.8125,2,09:02:07.244382609
108.8125,6,09:02:07.245409913
108.8125,1,09:02:07.246617462
108.8125,144,09:02:07.408611736
108.8125,1,09:02:07.410702991
108.8125,16,09:02:07.414299588
108.8125,1,09:02:07.414563111
108.8125,1,09:02:07.419475815
108.8125,1,09:02:07.419513239
108.8125,1,09:02:07.456393280
108.8125,55,09:02:09.771935360
108.8125,56,09:02:09.849961393
108.8125,89,09:02:09.911796513
108.8125,1,09:02:09.912295902
108.8125,253,09:02:12.262519548
108.8125,1,09:02:12.263275339
108.8125,1,09:02:12.263746245
108.8125,1,09:02:12.263857108
108.8125,1,09:02:12.264094364
108.8125,20,09:02:12.264227211
108.8125,1,09:02:12.264504926
108.8125,3,09:02:12.264916774
108.8125,2,09:02:12.264974942
108.8125,2,09:02:12.264996722
108.8125,2,09:02:12.266435695
108.8125,100,09:02:12.669591649
108.8125,1,09:02:12.669906059
108.8125,1,09:02:12.670017428
108.8125,1,09:02:12.670096344
108.8125,5,09:02:12.670204577
108.8125,3,09:02:12.670256635
108.8125,1,09:02:12.670425145
108.8125,100,09:02:13.703424015
108.8125,1,09:02:13.703843328
108.8125,1,09:02:13.703997329
108.8125,1,09:02:13.704054201
108.8125,1,09:02:13.704091660
108.8125,3,09:02:13.704197250
108.8125,2,09:02:13.704222377
108.8125,22,09:02:13.704312846
108.8125,1,09:02:13.704357087
108.8125,1,09:02:13.704437076
108.8125,11,09:02:13.705297499
108.8125,1,09:02:13.705868404
108.8125,1,09:02:13.706276672
108.8125,50,09:02:13.835188251
108.8125,1,09:02:13.835456845
108.8125,1,09:02:13.835504885
108.8125,1,09:02:13.835589910
108.8125,1,09:02:13.835791418
108.8125,1,09:02:13.836105344
108.8125,32,09:02:13.896435124
108.8125,1,09:02:13.896567790
108.8125,1,09:02:13.896639558
108.8125,1,09:02:13.896742741
108.8125,1,09:02:13.896844829
108.8125,4,09:02:14.173051238
108.8125,4,09:02:14.231490550
108.8125,164,09:02:14.878296396
108.8125,24,09:02:14.880523750
108.8125,1,09:02:14.880648108
108.8125,1,09:02:14.883617727
108.8125,1,09:02:14.883689165
108.8125,1,09:02:14.885460519
108.8125,10,09:02:14.925177142
108.8125,1,09:02:14.925381587
108.8125,10,09:02:14.927235529
108.8125,1,09:02:14.927401798
108.8125,9,09:02:14.933133546
108.8125,10,09:02:14.951167035
108.8125,9,09:02:14.955268167
108.8125,39,09:02:14.955697667
108.8125,1,09:02:14.955851011
108.8125,1,09:02:14.955927966
108.8125,5,09:02:14.956035911
108.8125,2,09:02:14.956571803
108.8125,20,09:02:14.957802253
108.8125,1,09:02:14.957853957
108.8125,1,09:02:14.958623745
108.8125,1,09:02:15.886814236
108.8125,1,09:02:16.104773933
108.8125,50,09:02:17.650151157
108.8125,1,09:02:17.959694589
108.8125,1,09:02:17.959875835
108.8125,4,09:02:17.968179238
108.8125,5,09:02:31.002026339
108.8125,15,09:02:35.077700114
108.8125,48,09:02:35.347929678
108.8125,5,09:02:35.590049072
108.8125,5,09:02:38.509906088
108.8125,1,09:02:41.970803415
108.7969,1,09:02:43.396143693
108.7969,1,09:02:50.130811886
108.8125,75,09:02:56.451549430
108.7969,1,09:03:04.285228091
108.7969,1,09:03:06.596558045
108.8125,1,09:03:09.147617208
108.7969,10,09:03:11.640136575
108.8125,15,09:03:12.593366328
108.8125,71,09:03:14.607595278
108.8125,3,09:03:14.608119397
108.8125,1,09:03:14.608194420
108.8125,3,09:03:14.608351056
108.8125,5,09:03:14.608420668
108.8125,3,09:03:14.608494564
108.8125,2,09:03:14.608563131
108.8125,1,09:03:14.608599804
108.8125,1,09:03:14.608662564
108.8125,3,09:03:14.608713948
108.8125,7,09:03:14.609149982
108.8125,1,09:03:14.609392425
108.8125,45,09:03:14.609722365
108.8125,1,09:03:14.609963006
108.8125,15,09:03:14.610135573
108.8125,84,09:03:14.610347222
108.8125,1,09:03:14.610785788
108.8125,5,09:03:14.610914699
108.8125,1,09:03:14.611255289
108.8125,3,09:03:14.611440940
108.8125,1,09:03:14.611531947
108.8125,15,09:03:14.611614445
108.8125,1,09:03:14.611644445
108.8125,4,09:03:14.611718735
108.8125,10,09:03:14.611759187
108.8125,5,09:03:14.611944307
108.8125,1,09:03:14.612484971
108.8125,1,09:03:14.613018201
108.8125,1,09:03:14.614018660
108.8125,19,09:03:14.614095291
108.8125,7,09:03:14.614872091
108.8125,1,09:03:16.602136127
108.8125,11,09:03:17.792043142
108.8125,25,09:03:29.767637360
108.8281,1,09:03:37.388107701
108.8125,2,09:03:43.078740796
108.8125,1,09:03:50.095973773
108.8125,125,09:03:53.655052907
108.8281,1,09:03:54.012755121
108.8281,2,09:03:55.549276490
108.8125,9,09:03:56.255388339
108.8125,10,09:03:56.258308987
108.8281,100,09:04:02.108682406
108.8281,1,09:04:02.816778781
108.8125,1,09:04:08.938166787
108.8125,1,09:04:13.296399482
108.8281,2,09:04:13.710499042
108.8125,30,09:04:15.803532420
108.8281,3,09:04:31.896854651
108.8281,100,09:04:32.698286152
108.8281,20,09:04:32.698528786
108.8125,1,09:04:33.596543835
108.8281,1534,09:04:33.935747956
108.8281,15,09:04:33.944973304
108.8281,8,09:04:33.944994399
108.8281,4,09:04:33.948400412
108.8281,1,09:04:33.950218239
108.8281,52,09:04:33.955174123
108.8438,1,09:04:35.043566820
108.8438,3,09:04:35.043581473
108.8438,44,09:04:35.274291130
108.8438,12,09:04:35.288632447
108.8438,2,09:04:35.298738415
108.8281,5,09:04:39.175507169
108.8438,1,09:04:42.341054844
108.8281,1525,09:04:47.601054507
108.8281,2,09:04:47.620341857
108.8281,20,09:04:47.622972419
108.8281,1,09:04:54.745652954
108.8281,1,09:04:56.234197195
108.8125,5,09:04:56.580401247
108.8125,1,09:04:56.796735254
108.8125,3,09:05:02.605755828
108.8125,14,09:05:03.669458678
108.8125,2,09:05:03.670190703
108.8125,3,09:05:03.670200392
108.8125,1,09:05:03.670246131
108.8125,2,09:05:03.670381195
108.8125,1,09:05:03.671495430
108.8125,2,09:05:03.671544627
108.8125,2,09:05:03.671587368
108.8125,2,09:05:03.671619819
108.8125,2,09:05:03.671647452
108.8125,1,09:05:03.671722804
108.8125,2,09:05:03.671772014
108.8125,1,09:05:03.671772014
108.8125,2,09:05:03.671805385
108.8125,2,09:05:03.671830675
108.8125,2,09:05:03.671866707
108.8125,1,09:05:03.671939163
108.8125,1,09:05:03.671971407
108.8125,2,09:05:03.671971407
108.8125,2,09:05:03.672002579
108.8125,1,09:05:03.672039834
108.8125,1,09:05:03.672078597
108.8125,2,09:05:03.672152579
108.8125,2,09:05:03.672180752
108.8125,2,09:05:03.672208401
108.8125,11,09:05:03.672309891
108.8125,1,09:05:03.672450421
108.8125,20,09:05:03.672624575
108.8125,1,09:05:03.673224281
108.8125,1,09:05:03.673382162
108.8125,2,09:05:03.673436073
108.8125,1,09:05:03.673467494
108.8125,1,09:05:03.674102603
108.8125,1,09:05:03.676969912
108.8125,2,09:05:03.677044326
108.8125,2,09:05:03.677112637
108.8125,1,09:05:03.677148328
108.8125,2,09:05:03.677208963
108.8125,1,09:05:03.677243370
108.8125,2,09:05:03.677296655
108.8125,2,09:05:03.677351916
108.8125,2,09:05:03.677390432
108.8125,1,09:05:03.677421216
108.8125,1,09:05:03.677470533
108.8125,2,09:05:03.677501138
108.8125,2,09:05:03.677537564
108.8125,1,09:05:03.680963273
108.8125,1,09:05:03.681008089
108.8125,2,09:05:03.687796358
108.8125,63,09:05:03.689293779
108.8125,627,09:05:03.689874467
108.8125,7,09:05:03.690679318
108.8125,7,09:05:03.690834464
108.8125,7,09:05:03.691082133
108.8125,21,09:05:03.691415510
108.8125,1,09:05:03.691742582
108.8125,1,09:05:03.691819297
108.8125,7,09:05:03.691839240
108.8125,50,09:05:03.691949549
108.8125,1,09:05:03.692380560
108.8125,1,09:05:03.692436340
108.8125,5,09:05:03.692498869
108.8125,24,09:05:03.692536557
108.8125,43,09:05:03.692652590
108.8125,1,09:05:03.692726378
108.8125,1,09:05:03.692747101
108.8125,110,09:05:03.692772030
108.8125,1,09:05:03.692800216
108.8125,6,09:05:03.692843081
108.8125,32,09:05:03.692897367
108.8125,25,09:05:03.694713240
108.8125,22,09:05:03.694736940
108.8125,22,09:05:03.694772566
108.8125,5,09:05:03.695021074
108.8125,10,09:05:03.695069840
108.8125,20,09:05:03.695107885
108.8125,40,09:05:03.695218867
108.8125,1,09:05:03.695338315
108.8125,2,09:05:03.695387350
108.8125,1,09:05:03.695456251
108.8125,3,09:05:03.695491579
108.8125,2,09:05:03.695753095
108.8125,45,09:05:03.696374589
108.8125,1,09:05:03.696512058
108.8125,1,09:05:03.696583729
108.8125,45,09:05:03.696613128
108.8125,3,09:05:03.696780508
108.8125,52,09:05:03.696829053
108.8125,6,09:05:03.696901659
108.8125,4,09:05:03.696964214
108.8125,5,09:05:03.696978595
108.8125,3,09:05:03.697001037
108.8125,37,09:05:03.697047543
108.8125,11,09:05:03.697215096
108.8125,1,09:05:03.697320944
108.8125,10,09:05:03.697528017
108.8125,7,09:05:03.697607658
108.8125,1,09:05:03.698072976
108.8125,11,09:05:03.698652744
108.8125,6,09:05:03.698680038
108.8125,3,09:05:03.698937195
108.8125,3,09:05:03.699014720
108.8125,1,09:05:03.699146764
108.8125,1,09:05:03.699183468
108.8125,25,09:05:03.699269614
108.8125,1,09:05:03.699337676
108.8125,1,09:05:03.699363744
108.8125,1,09:05:03.699382020
108.8125,1,09:05:03.699809392
108.8125,1,09:05:03.700036647
108.8125,1,09:05:03.700140630
108.8125,7,09:05:03.700290895
108.8125,3,09:05:03.700552045
108.8125,1,09:05:03.700647076
108.8125,1,09:05:03.700683425
108.8125,112,09:05:03.700897350
108.8125,28,09:05:03.701007179
108.8125,1,09:05:03.701092032
108.8125,78,09:05:03.701104525
108.8125,1,09:05:03.701325803
108.8125,1,09:05:03.704079571
108.8125,1,09:05:03.704498503
108.8125,25,09:05:03.705419752
108.8125,1,09:05:03.705492278
108.8125,1,09:05:03.705997571
108.8125,1,09:05:03.706126886
108.8125,1,09:05:03.706160419
108.8125,1,09:05:03.706238414
108.8125,22,09:05:03.706342029
108.8125,1,09:05:03.706362864
108.8125,39,09:05:03.706391422
108.8125,14,09:05:03.706440687
108.8125,1,09:05:03.706527796
108.8125,20,09:05:03.706610886
108.8125,42,09:05:03.706877851
108.8125,1,09:05:03.707066614
108.8125,1,09:05:03.708288113
108.8125,1,09:05:03.708337859
108.8125,1,09:05:03.708685587
108.8125,9,09:05:03.709067479
108.8125,26,09:05:03.711339119
108.8125,2,09:05:03.722199499
108.8125,12,09:05:03.724250183
108.8125,25,09:05:03.737867099
108.8125,25,09:05:03.737936941
108.8125,1,09:05:03.796846011
108.8125,1,09:05:13.543252353
108.8125,5,09:05:13.543551889
108.8125,1,09:05:18.338445458
108.8125,4,09:05:18.338747259
108.8125,1,09:05:19.996986874
108.8125,3,09:05:19.997253020
108.8125,1,09:05:30.276348568
108.8125,10,09:05:32.844635321
108.8125,2,09:05:34.193938649
108.8125,7,09:05:35.032699811
108.8125,7,09:05:35.200574174
108.8125,1,09:05:39.403097207
108.8125,13,09:05:40.760109336
108.8125,21,09:05:41.243259336
108.8125,1,09:05:45.844677444
108.8125,3,09:05:47.975316812
108.8281,17,09:05:54.997433538
108.8125,50,09:06:02.236375351
108.8281,2,09:06:02.676662949
108.8281,91,09:06:10.583955161
108.8281,1,09:06:10.585568413
108.8281,25,09:06:10.586465330
108.8281,21,09:06:10.587268770
108.8281,1,09:06:10.587293955
108.8281,25,09:06:10.587376574
108.8281,48,09:06:10.587515764
108.8281,3,09:06:10.587601049
108.8281,1,09:06:10.588592864
108.8281,25,09:06:10.588746567
108.8281,1,09:06:10.588918609
108.8281,10,09:06:10.589994573
108.8281,3,09:06:10.590434946
108.8281,2,09:06:10.590500929
108.8281,4,09:06:10.604022505
108.8281,5,09:06:10.608176576
108.8281,17,09:06:10.608235092
108.8281,567,09:06:10.656932319
108.8281,1,09:06:10.663103636
108.8281,1,09:06:10.664148221
108.8281,2,09:06:10.671133003
108.8281,7,09:06:10.671533065
108.8281,1,09:06:10.681255646
108.8281,2,09:06:11.614661201
108.8281,1,09:06:11.614890338
108.8281,1,09:06:11.614964307
108.8281,8,09:06:11.615718995
108.8281,1,09:06:11.926578107
108.8281,10,09:06:16.070090582
108.8281,1,09:06:16.502433752
108.8438,2,09:06:20.837872628
108.8438,1,09:06:20.843606697
108.8438,8,09:06:25.623557096
108.8438,52,09:06:32.102111784
108.8438,1,09:06:32.110729466
108.8438,1,09:06:35.293003217
108.8438,34,09:06:35.419381158
108.8438,100,09:06:35.640359103
108.8438,2,09:06:38.998294569
108.8438,1,09:06:40.835829759
108.8438,1,09:06:42.418386884
108.8281,4,09:06:57.145966276
108.8438,3,09:06:57.184625901
108.8281,29,09:06:59.852828224
108.8281,42,09:06:59.852868200
108.8281,42,09:06:59.852997918
108.8281,1,09:06:59.853181735
108.8281,47,09:06:59.853539605
108.8281,2,09:06:59.853562012
108.8281,90,09:06:59.853680571
108.8281,16,09:06:59.853845047
108.8281,47,09:06:59.854135383
108.8281,29,09:06:59.854788743
108.8281,84,09:06:59.854813948
108.8281,1,09:06:59.855192717
108.8281,72,09:06:59.855383460
108.8281,47,09:06:59.855579310
108.8281,47,09:06:59.856028950
108.8281,1,09:06:59.856185985
108.8281,9,09:06:59.856284578
108.8281,1,09:06:59.861359488
108.8281,1,09:06:59.861428869
108.8281,1,09:06:59.863141627
108.8125,37,09:07:06.006462969
108.8281,8,09:07:20.009560766
108.8281,2,09:07:29.972702604
108.8281,5,09:07:31.216427677
108.8281,8,09:07:31.216792391
108.8281,2,09:07:31.249352459
108.8281,1,09:07:31.499439204
108.8281,1,09:07:32.088665918
108.8281,1,09:07:32.088793034
108.8281,47,09:07:32.089939992
108.8281,1,09:07:36.957550186
108.8125,12,09:07:39.462921717
108.8281,1,09:07:39.985896956
108.8281,1,09:07:40.505086730
108.8281,150,09:07:40.684094265
108.8281,1,09:07:40.684376335
108.8281,1,09:07:40.684527958
108.8281,1,09:07:40.684690838
108.8281,1,09:07:40.684723523
108.8281,10,09:07:40.684799512
108.8281,62,09:07:40.685083172
108.8281,42,09:07:40.685334891
108.8281,1,09:07:40.685556209
108.8281,3,09:07:40.685599298
108.8281,1,09:07:40.685999907
108.8281,2,09:07:40.686187566
108.8281,23,09:07:40.686224456
108.8281,1,09:07:40.686253605
108.8281,4,09:07:40.686274984
108.8281,1,09:07:40.686311907
108.8281,2,09:07:40.686335831
108.8281,1,09:07:40.686366020
108.8281,1,09:07:40.686410168
108.8281,1,09:07:40.686433139
108.8281,2,09:07:40.686521715
108.8281,11,09:07:40.686584892
108.8281,1,09:07:40.686783888
108.8281,4,09:07:40.688628978
108.8281,3,09:07:40.688845271
108.8281,1,09:07:40.691139186
108.8281,4,09:07:40.709474041
108.8281,13,09:07:40.857450442
108.8281,1,09:07:40.860297965
108.8281,14,09:07:46.690668026
108.8281,1,09:07:46.690803824
108.8281,1,09:07:46.690849879
108.8281,1,09:07:46.690928194
108.8281,1,09:07:46.690992339
108.8281,25,09:07:46.691171107
108.8281,1,09:07:46.691234098
108.8281,1,09:07:46.691696626
108.8281,1,09:07:46.691729849
108.8281,1,09:07:46.691801277
108.8281,1,09:07:46.691818638
108.8281,1,09:07:46.691850844
108.8281,1,09:07:46.691885046
108.8281,1,09:07:46.691911689
108.8281,1,09:07:46.691975064
108.8281,1,09:07:46.692003477
108.8281,1,09:07:46.692027782
108.8281,1,09:07:46.692054172
108.8281,1,09:07:46.692086825
108.8281,1,09:07:46.692117485
108.8281,1,09:07:46.692148196
108.8281,1,09:07:46.692420426
108.8281,1,09:07:46.692447946
108.8281,1,09:07:46.692480837
108.8281,1,09:07:46.692645999
108.8281,1,09:07:46.692756497
108.8281,2,09:07:47.355586982
108.8281,42,09:07:47.770375513
108.8281,1,09:07:47.770524799
108.8281,1,09:07:47.770610289
108.8281,36,09:07:47.770727946
108.8281,1,09:07:47.770768571
108.8281,1,09:07:47.770934388
108.8281,1,09:07:47.771041942
108.8281,1,09:07:47.771063988
108.8281,1,09:07:47.771086580
108.8281,3,09:07:47.771122452
108.8281,1,09:07:47.771225376
108.8281,2,09:07:47.782837230
108.8281,4,09:07:47.783573848
108.8281,2,09:07:47.784354052
108.8281,19,09:07:47.797025951
108.8281,1,09:07:47.797114839
108.8281,1,09:07:47.797305557
108.8281,14,09:07:47.798744862
108.8281,1,09:07:47.798943487
108.8281,1,09:07:47.821183909
108.8281,1,09:07:47.821359225
108.8281,50,09:07:48.715328848
108.8281,37,09:07:48.718965747
108.8281,45,09:07:51.361857361
108.8281,45,09:07:51.361906651
108.8281,164,09:07:51.362214424
108.8281,20,09:07:51.362443647
108.8281,19,09:07:51.362524452
108.8281,1,09:07:51.362573180
108.8281,13,09:07:51.362687192
108.8281,1,09:07:51.366159281
108.8281,13,09:07:51.378932321
108.8281,1,09:07:51.379176841
108.8281,1,09:07:51.406241322
108.8281,1,09:07:51.463216699
108.8281,10,09:07:51.463516727
108.8281,11,09:07:51.463686200
108.8281,1,09:07:51.463786391
108.8281,1,09:07:51.463888524
108.8281,1,09:07:51.463955898
108.8281,1,09:07:51.463987665
108.8281,1,09:07:51.464019128
108.8281,1,09:07:51.464060821
108.8281,1,09:07:51.464098243
108.8281,1,09:07:51.464298164
108.8281,2,09:07:51.464519128
108.8281,1,09:07:52.423338617
108.8281,1,09:07:52.791807230
108.8281,20,09:07:52.792144078
108.8281,1,09:07:52.792291684
108.8281,1,09:07:52.792538950
108.8281,190,09:07:54.200021276
108.8281,1,09:07:54.200128807
108.8281,1,09:07:54.200228522
108.8281,1,09:07:54.200306188
108.8281,1,09:07:54.200390115
108.8281,1,09:07:54.200411399
108.8281,1,09:07:54.200445976
108.8281,1,09:07:54.200481087
108.8281,1,09:07:54.200579466
108.8281,1,09:07:54.200627846
108.8281,1,09:07:54.200700400
108.8281,1,09:07:54.200743944
108.8281,1,09:07:54.200807929
108.8281,1,09:07:54.200867971
108.8281,1,09:07:54.200910670
108.8281,1,09:07:54.200987270
108.8281,1,09:07:54.201063604
108.8281,1,09:07:54.201096328
108.8281,1,09:07:54.201124111
108.8281,1,09:07:54.201169194
108.8281,17,09:07:54.201194378
108.8281,1,09:07:54.201296489
108.8281,40,09:07:54.201496749
108.8281,20,09:07:54.201966010
108.8281,22,09:07:54.202060130
108.8281,3,09:07:54.202261194
108.8281,2,09:07:54.202295284
108.8281,2,09:07:54.202359106
108.8281,1,09:07:54.202457713
108.8281,1,09:07:54.202513586
108.8281,1,09:07:54.202547215
108.8281,1,09:07:54.202576886
108.8281,1,09:07:54.202600147
108.8281,1,09:07:54.202619069
108.8281,1,09:07:54.202636939
108.8281,1,09:07:54.202663182
108.8281,1,09:07:54.202686530
108.8281,1,09:07:54.202707378
108.8281,1,09:07:54.202730444
108.8281,1,09:07:54.202750576
108.8281,1,09:07:54.202769262
108.8281,1,09:07:54.202794238
108.8281,1,09:07:54.202812427
108.8281,1,09:07:54.202843253
108.8281,1,09:07:54.202879289
108.8281,1,09:07:54.202912343
108.8281,1,09:07:54.202943387
108.8281,1,09:07:54.202969231
108.8281,1,09:07:54.203014085
108.8281,1,09:07:54.203043325
108.8281,1,09:07:54.203115246
108.8281,1,09:07:54.203145017
108.8281,5,09:07:54.203233341
108.8281,1,09:07:54.203699639
108.8281,1,09:07:54.204354455
108.8281,1,09:07:54.204382667
108.8281,1,09:07:54.204439571
108.8281,1,09:07:54.204483463
108.8281,3,09:07:54.205246758
108.8281,10,09:07:55.496149753
108.8281,1,09:07:55.496391928
108.8281,1,09:07:55.496468601
108.8281,110,09:07:55.790175048
108.8281,51,09:07:55.792269372
108.8281,103,09:07:55.793485330
108.8281,1,09:07:55.793913623
108.8281,1,09:07:55.794268955
108.8281,1,09:07:55.794349549
108.8281,1,09:07:55.794461689
108.8281,1,09:07:55.794733748
108.8281,1,09:07:55.794765576
108.8281,10,09:07:55.794961250
108.8281,1,09:07:55.798927341
108.8281,13,09:07:55.799778104
108.8281,1,09:07:55.799923834
108.8281,2,09:07:55.800028262
108.8281,233,09:07:55.806315439
108.8281,25,09:07:55.807978344
108.8281,9,09:07:55.809731717
108.8281,1,09:07:55.810616032
108.8281,19,09:07:55.810815293
108.8281,1,09:07:55.810863439
108.8281,1,09:07:55.810930467
108.8281,1,09:07:55.810995723
108.8281,4,09:07:55.811923140
108.8281,19,09:07:55.817021580
108.8281,1,09:07:55.817236521
108.8281,1,09:07:55.817334002
108.8281,17,09:07:55.817525535
108.8281,10,09:07:55.817956337
108.8281,32,09:07:55.818001264
108.8281,29,09:07:55.818110277
108.8281,1,09:07:55.818461010
108.8281,1,09:07:55.818624082
108.8281,1,09:07:55.818810771
108.8281,1,09:07:55.818838381
108.8281,1,09:07:55.818884669
108.8281,1,09:07:55.819021963
108.8281,1,09:07:55.819232476
108.8281,1,09:07:55.819400181
108.8281,1,09:07:55.819632746
108.8281,257,09:07:56.323358796
108.8281,443,09:07:57.329953044
108.8281,1,09:07:57.330468370
108.8281,1,09:07:57.333312492
108.8281,1,09:07:57.333992918
108.8281,19,09:07:57.334407410
108.8281,100,09:07:58.342963992
108.8281,1,09:07:58.343339728
108.8281,1,09:07:58.343412402
108.8281,1,09:07:58.343589967
108.8281,13,09:07:58.344025985
108.8281,1,09:07:58.344747500
108.8281,20,09:07:59.278726706
108.8281,85,09:07:59.281236661
108.8281,1,09:07:59.281792353
108.8281,10,09:07:59.281812014
108.8281,10,09:07:59.281851522
108.8281,1,09:07:59.283313494
108.8281,1,09:07:59.284428544
108.8281,25,09:08:03.033286862
108.8281,1,09:08:03.033578974
108.8281,1,09:08:03.033683981
108.8281,1,09:08:03.033704781
108.8281,1,09:08:09.836022816
108.8281,1,09:08:09.836266857
108.8281,4,09:08:09.836463981
108.8281,1,09:08:09.837770644
108.8281,1,09:08:09.844915951
108.8281,1,09:08:09.848325707
108.8438,1,09:08:09.854413949
108.8281,1,09:08:12.146775156
108.8438,2,09:08:26.571467435
108.8281,100,09:08:29.672382430
108.8281,1,09:08:29.674032925
108.8281,1,09:08:29.674236385
108.8281,2,09:08:29.674288373
108.8281,2,09:08:29.674326035
108.8281,2,09:08:29.674378631
108.8281,17,09:08:29.676277082
108.8281,8,09:08:29.677567048
108.8281,1,09:08:29.677739157
108.8281,2,09:08:29.720793290
108.8281,2,09:08:29.760062934
108.8281,7,09:08:30.690977081
108.8281,11,09:08:30.691027792
108.8281,1,09:08:30.691512417
108.8281,1,09:08:30.691659792
108.8281,6,09:08:30.961478080
108.8281,15,09:08:35.229949509
108.8281,45,09:08:47.942640305
108.8281,1,09:08:47.943707767
108.8281,35,09:08:48.955380282
108.8281,1,09:08:48.956013027
108.8281,14,09:08:48.958446673
108.8281,4,09:08:48.968314777
108.8281,4,09:08:49.010138243
108.8438,2,09:08:49.454213689
108.8281,26,09:08:50.937881763
108.8281,19,09:08:51.327390992
108.8281,6,09:08:52.293816083
108.8281,8,09:08:53.160180615
108.8281,4,09:08:53.167029460
108.8281,2,09:08:53.167835034
108.8281,3,09:08:53.170494212
108.8281,280,09:08:55.535253129
108.8281,1,09:08:55.535692463
108.8281,50,09:08:55.535848342
108.8281,1,09:08:55.535848342
108.8281,1,09:08:55.535895948
108.8281,1,09:08:55.535955623
108.8281,4,09:08:55.536019430
108.8281,1,09:08:55.536026511
108.8281,1,09:08:55.536081601
108.8281,1,09:08:55.536109691
108.8281,1,09:08:55.536142917
108.8281,1,09:08:55.536169615
108.8281,1,09:08:55.536193663
108.8281,1,09:08:55.536229424
108.8281,1,09:08:55.536253098
108.8281,1,09:08:55.536287192
108.8281,1,09:08:55.536309851
108.8281,1,09:08:55.536344348
108.8281,1,09:08:55.536379888
108.8281,1,09:08:55.536444661
108.8281,1,09:08:55.536476649
108.8281,1,09:08:55.536502268
108.8281,1,09:08:55.536558211
108.8281,1,09:08:55.536603227
108.8281,1,09:08:55.536667526
108.8281,1,09:08:55.536863294
108.8281,1,09:08:55.537845995
108.8281,1,09:08:55.537905919
108.8281,1,09:08:55.537933113
108.8281,10,09:08:55.538029483
108.8281,1,09:08:55.538059708
108.8281,5,09:08:55.538078553
108.8281,2,09:08:55.538114426
108.8281,4,09:08:55.538323182
108.8281,64,09:08:55.538862009
108.8281,1,09:08:55.539318236
108.8281,5,09:08:55.539388515
108.8281,1,09:08:55.539443659
108.8281,1,09:08:55.539503529
108.8281,1,09:08:55.539594091
108.8281,102,09:08:55.540136038
108.8281,1,09:08:55.540246213
108.8281,2,09:08:55.540277660
108.8281,1,09:08:55.540293820
108.8281,1,09:08:55.540323145
108.8281,7,09:08:55.540928841
108.8281,3,09:08:55.541010331
108.8281,1,09:08:55.541041173
108.8281,1,09:08:55.541078617
108.8281,4,09:08:55.541200159
108.8281,1,09:08:55.541446390
108.8281,30,09:08:55.541495188
108.8281,11,09:08:55.541517848
108.8281,15,09:08:55.542186207
108.8281,1,09:08:55.542418164
108.8281,3,09:08:55.543794019
108.8281,2,09:08:55.543941552
108.8281,7,09:08:55.544382162
108.8281,1,09:08:55.544834520
108.8281,1,09:08:55.544855852
108.8281,1,09:08:55.544893338
108.8281,323,09:08:55.545120961
108.8281,4,09:08:55.545758817
108.8281,1,09:08:55.545792037
108.8281,2,09:08:55.545858173
108.8281,6,09:08:55.546011024
108.8281,5,09:08:55.546034206
108.8281,1,09:08:55.546274495
108.8281,1,09:08:55.546335693
108.8281,1,09:08:55.546450547
108.8281,1,09:08:55.547610189
108.8281,1,09:08:55.547796548
108.8281,1,09:08:55.548661257
108.8281,32,09:08:55.565511550
108.8281,1,09:08:55.610593516
108.8281,4,09:08:55.611804849
108.8281,2,09:08:55.613327946
108.8281,21,09:08:55.614098041
108.8281,6,09:08:58.515867092
108.8281,45,09:08:58.516778916
108.8281,7,09:08:58.517216249
108.8281,1,09:08:58.518203895
108.8281,1,09:08:58.518239569
108.8281,23,09:08:58.518259233
108.8281,1,09:08:58.518288292
108.8281,12,09:08:58.518348947
108.8281,1,09:08:58.518378579
108.8281,1,09:08:58.518394821
108.8281,1,09:08:58.518419135
108.8281,1,09:08:58.518441237
108.8281,1,09:08:58.518455753
108.8281,1,09:08:58.518484412
108.8281,1,09:08:58.518502890
108.8281,1,09:08:58.518528228
108.8281,1,09:08:58.518545873
108.8281,1,09:08:58.518564213
108.8281,1,09:08:58.518588370
108.8281,1,09:08:58.518614143
108.8281,1,09:08:58.518630912
108.8281,1,09:08:58.518651840
108.8281,1,09:08:58.518676068
108.8281,1,09:08:58.518699086
108.8281,1,09:08:58.518717698
108.8281,1,09:08:58.518737695
108.8281,1,09:08:58.518759225
108.8281,1,09:08:58.518778185
108.8281,1,09:08:58.518804672
108.8281,1,09:08:58.518876843
108.8281,2,09:08:58.518896581
108.8281,1,09:08:58.518917842
108.8281,1,09:08:58.519029547
108.8281,7,09:08:58.519210507
108.8281,1,09:08:58.519246867
108.8281,1,09:08:58.519283872
108.8281,1,09:08:58.519304823
108.8281,7,09:08:58.519360026
108.8281,1,09:08:58.519490836
108.8281,7,09:08:58.520197715
108.8281,1,09:08:58.520509803
108.8281,1,09:08:58.521286012
108.8281,29,09:08:58.522721829
108.8281,1,09:08:58.523103466
108.8281,3,09:08:58.523126762
108.8281,1,09:08:58.523152878
108.8281,1,09:08:58.523169797
108.8281,42,09:08:58.523927163
108.8281,1,09:08:58.524199578
108.8281,1,09:08:58.524312159
108.8281,8,09:08:58.524338294
108.8281,1,09:08:58.524520365
108.8281,1,09:08:58.524881245
108.8281,1,09:08:58.525515256
108.8281,1,09:08:58.526093283
108.8281,217,09:08:58.528558559
108.8281,1,09:08:58.528739510
108.8281,1,09:08:58.528779734
108.8281,1,09:08:58.530100478
108.8281,58,09:09:01.319682809
108.8281,1,09:09:01.320041821
108.8281,1,09:09:01.320298566
108.8281,501,09:09:01.781144673
108.8281,1,09:09:01.781608714
108.8281,4,09:09:01.781843699
108.8281,1,09:09:01.781904305
108.8281,4,09:09:01.782011094
108.8281,1,09:09:01.786550649
108.8281,1,09:09:01.786943981
108.8281,1,09:09:01.787076931
108.8281,29,09:09:02.059600229
108.8281,42,09:09:02.060031754
108.8281,88,09:09:02.060502276
108.8281,18,09:09:02.060708869
108.8281,1,09:09:02.060733346
108.8281,1,09:09:02.060815466
108.8281,12,09:09:02.061442240
108.8281,1,09:09:02.061546681
108.8281,29,09:09:02.061624650
108.8281,17,09:09:02.061691852
108.8281,39,09:09:03.213750993
108.8281,1,09:09:03.213953205
108.8281,22,09:09:03.214158675
108.8281,9,09:09:03.214406814
108.8281,29,09:09:03.218644570
108.8281,23,09:09:03.223899688
108.8281,2,09:09:03.227417039
108.8281,10,09:09:03.227768857
108.8281,3,09:09:03.228534636
108.8438,2,09:09:09.353755761
108.8281,36,09:09:10.845282023
108.8281,1,09:09:10.845380207
108.8281,1,09:09:10.845432349
108.8281,1,09:09:10.845531064
108.8281,1,09:09:10.845559683
108.8281,1,09:09:10.845619773
108.8281,1,09:09:10.845750451
108.8281,1,09:09:10.845827880
108.8281,1,09:09:10.845865967
108.8281,1,09:09:10.845934478
108.8281,1,09:09:10.845970929
108.8281,1,09:09:10.846008431
108.8281,1,09:09:10.846085405
108.8281,1,09:09:10.846118884
108.8281,1,09:09:10.846192469
108.8281,1,09:09:10.846229699
108.8281,1,09:09:10.846308171
108.8281,1,09:09:10.846561044
108.8281,25,09:09:10.846601182
108.8281,17,09:09:10.846639016
108.8281,1,09:09:10.846688806
108.8281,1,09:09:10.847999367
108.8281,4,09:09:10.958025335
108.8281,51,09:09:10.958394680
108.8281,279,09:09:10.960947391
108.8281,48,09:09:10.961200001
108.8281,10,09:09:10.962079628
108.8281,1,09:09:10.962616801
108.8281,1,09:09:10.963735909
108.8281,1,09:09:10.964359905
108.8281,1,09:09:10.964606697
108.8281,15,09:09:11.440963461
108.8281,19,09:09:20.349715148
108.8281,1,09:09:23.425948840
108.8281,13,09:09:24.976710836
108.8281,3,09:09:28.975327701
108.8281,48,09:09:42.613272776
108.8281,1,09:09:42.613929781
108.8281,2,09:09:42.614456691
108.8281,2,09:09:42.699612669
108.8281,29,09:09:42.759989516
108.8281,1,09:09:42.760410248
108.8281,1,09:09:42.760453470
108.8281,2,09:09:42.760508252
108.8281,1,09:09:42.760628281
108.8281,1,09:09:42.760730222
108.8281,1,09:09:42.760817011
108.8281,1,09:09:42.760822713
108.8281,1,09:09:42.760841543
108.8281,1,09:09:42.760871123
108.8281,61,09:09:42.761315392
108.8281,91,09:09:42.762320011
108.8281,1,09:09:42.762395168
108.8281,1,09:09:42.762707932
108.8281,1,09:09:42.762744451
108.8281,1,09:09:42.762772522
108.8281,1,09:09:42.762794926
108.8281,1,09:09:42.762824411
108.8281,1,09:09:42.762866434
108.8281,1,09:09:42.762892218
108.8281,1,09:09:42.762957780
108.8281,1,09:09:42.762983794
108.8281,1,09:09:42.763013194
108.8281,1,09:09:42.763084282
108.8281,1,09:09:42.763110247
108.8281,1,09:09:42.763143412
108.8281,1,09:09:42.763172856
108.8281,1,09:09:42.763203510
108.8281,1,09:09:42.763227207
108.8281,1,09:09:42.763300001
108.8281,1,09:09:42.763320642
108.8281,1,09:09:42.763369731
108.8281,1,09:09:42.763432714
108.8281,1,09:09:42.763469480
108.8281,7,09:09:42.763617957
108.8281,8,09:09:42.764151024
108.8281,5,09:09:42.764306064
108.8281,141,09:09:42.765223442
108.8281,1,09:09:42.767073140
108.8281,1,09:09:42.767650368
108.8281,1,09:09:42.767672976
108.8281,1,09:09:42.819442136
108.8281,33,09:09:43.131725827
108.8281,1,09:09:43.131919906
108.8281,1,09:09:43.131994038
108.8281,1,09:09:43.132075603
108.8281,2,09:09:43.283797985
108.8281,1,09:09:43.283980251
108.8281,1,09:09:43.284237978
108.8438,1,09:09:48.708348484
108.8281,19,09:09:49.037175340
108.8281,1,09:09:49.037428449
108.8438,1,09:10:03.700737279
108.8438,1,09:10:04.832696825
108.8438,1,09:10:11.122965003
108.8281,4,09:10:11.589555201
108.8281,1,09:10:11.590188173
108.8281,1,09:10:11.590213403
108.8281,2,09:10:11.590267174
108.8281,357,09:10:11.590798694
108.8281,5,09:10:11.591439180
108.8281,8,09:10:11.591769332
108.8281,1,09:10:11.591999726
108.8281,1,09:10:11.592024421
108.8281,2,09:10:11.592123601
108.8281,16,09:10:11.592123601
108.8281,2,09:10:11.592160703
108.8281,1,09:10:11.592236317
108.8281,1,09:10:11.592411293
108.8281,1,09:10:11.592413831
108.8281,1,09:10:11.592542400
108.8281,1,09:10:11.592632386
108.8281,1,09:10:11.592809820
108.8281,84,09:10:11.592887258
108.8281,17,09:10:11.593014003
108.8281,7,09:10:11.593097986
108.8281,1,09:10:11.593258514
108.8281,1,09:10:11.593303407
108.8281,90,09:10:11.593878629
108.8281,3,09:10:11.593970061
108.8281,6,09:10:11.594296601
108.8281,1,09:10:11.594429427
108.8281,20,09:10:11.594995128
108.8281,3,09:10:11.595420236
108.8281,3,09:10:11.595521219
108.8281,3,09:10:11.595552336
108.8281,2,09:10:11.595589198
108.8281,8,09:10:11.595647896
108.8281,16,09:10:11.595739898
108.8281,30,09:10:11.595793986
108.8281,10,09:10:11.595820994
108.8281,46,09:10:11.595848723
108.8281,1,09:10:11.596579678
108.8281,1,09:10:11.597224264
108.8281,25,09:10:11.597601570
108.8281,3,09:10:11.597634141
108.8281,1,09:10:11.597675256
108.8281,1,09:10:11.597720117
108.8281,1,09:10:11.597990136
108.8281,1,09:10:11.598054355
108.8281,1,09:10:11.598091465
108.8281,16,09:10:11.598119930
108.8281,6,09:10:11.598266378
108.8281,1,09:10:11.598339957
108.8281,1,09:10:11.598727760
108.8281,2,09:10:11.598746522
108.8281,42,09:10:11.598835951
108.8281,27,09:10:11.598932762
108.8281,1,09:10:11.599045690
108.8281,14,09:10:11.599234193
108.8281,5,09:10:11.599300437
108.8281,1,09:10:11.600322500
108.8281,45,09:10:11.600706894
108.8281,11,09:10:11.600738873
108.8281,8,09:10:11.600896652
108.8281,1,09:10:11.602134958
108.8281,1,09:10:11.602592843
108.8281,74,09:10:11.602619900
108.8281,1,09:10:11.602658637
108.8281,509,09:10:11.603786703
108.8281,1,09:10:11.603931875
108.8281,1,09:10:11.604076054
108.8281,2,09:10:11.604395145
108.8281,1,09:10:11.605284513
108.8281,1,09:10:11.605300805
108.8281,1,09:10:11.605399613
108.8281,1,09:10:11.605558500
108.8281,1,09:10:11.606165341
108.8281,1,09:10:11.607062463
108.8281,1,09:10:11.609839610
108.8281,52,09:10:11.610198680
108.8281,1,09:10:11.610401231
108.8281,1,09:10:11.610789799
108.8281,6,09:10:11.629956708
108.8281,14,09:10:11.630562602
108.8281,1,09:10:11.730318233
108.8281,1,09:10:11.730499302
108.8281,1,09:10:11.730782313
108.8281,45,09:10:19.236021662
108.8281,978,09:10:20.207975051
108.8281,18,09:10:20.222368094
108.8281,3,09:10:20.229925974
108.8281,100,09:10:20.231522128
108.8281,2,09:10:20.235870597
108.8125,1,09:10:20.239327313
108.8125,2,09:10:20.239712565
108.8125,1,09:10:20.239947786
108.8125,3,09:10:20.252919990
108.8281,1,09:10:20.560483096
108.8125,16,09:10:22.129851081
108.8125,2,09:10:22.817865670
108.8125,3,09:10:22.819005303
108.8125,3,09:10:22.819028941
108.8125,3,09:10:22.819585328
108.8125,2,09:10:22.819648561
108.8125,3,09:10:22.819862436
108.8125,3,09:10:22.819952705
108.8125,3,09:10:22.820024082
108.8125,3,09:10:22.820188604
108.8125,1,09:10:22.820236077
108.8125,1,09:10:22.820341153
108.8125,6,09:10:22.820707228
108.8125,7,09:10:22.820761610
108.8125,9,09:10:22.820828101
108.8125,3,09:10:22.820853158
108.8125,9,09:10:22.820938523
108.8125,1,09:10:22.820964024
108.8125,6,09:10:22.821377431
108.8125,1,09:10:22.821547350
108.8125,1,09:10:22.822052472
108.8125,2,09:10:22.822272230
108.8125,2,09:10:22.822371252
108.8125,1,09:10:22.822387615
108.8125,1,09:10:22.822404930
108.8125,1,09:10:22.823260915
108.8125,10,09:10:22.833593332
108.8125,2,09:10:22.833722333
108.8125,24,09:10:22.833982434
108.8125,1,09:10:22.834042644
108.8125,25,09:10:22.834212477
108.8125,3,09:10:22.834279003
108.8125,3,09:10:22.834340650
108.8125,1,09:10:22.834361703
108.8125,10,09:10:22.834459505
108.8125,10,09:10:22.834555227
108.8125,3,09:10:22.834581704
108.8125,3,09:10:22.834614015
108.8125,2,09:10:22.834640614
108.8125,16,09:10:22.834757640
108.8125,1,09:10:22.834846794
108.8125,4,09:10:22.834871275
108.8125,141,09:10:22.835048168
108.8125,1,09:10:22.835120166
108.8125,1,09:10:22.835178333
108.8125,1,09:10:22.835201921
108.8125,1,09:10:22.835232014
108.8125,1,09:10:22.835300848
108.8125,1,09:10:22.835320016
108.8125,1,09:10:22.835358552
108.8125,1,09:10:22.835376299
108.8125,1,09:10:22.835454592
108.8125,1,09:10:22.835479044
108.8125,1,09:10:22.835531013
108.8125,1,09:10:22.835558204
108.8125,1,09:10:22.835611234
108.8125,1,09:10:22.835650419
108.8125,1,09:10:22.835669158
108.8125,1,09:10:22.835697397
108.8125,2,09:10:22.835743068
108.8125,42,09:10:22.837219690
108.8125,1,09:10:22.837255022
108.8125,42,09:10:22.837282699
108.8125,1,09:10:22.837519114
108.8125,52,09:10:22.837543495
108.8125,22,09:10:22.837892100
108.8125,20,09:10:22.837914856
108.8125,2,09:10:22.838226196
108.8125,52,09:10:22.838316784
108.8125,1,09:10:22.838619987
108.8125,63,09:10:22.839588909
108.8125,1,09:10:22.839629700
108.8125,1,09:10:22.839657983
108.8125,3,09:10:22.839698117
108.8125,3,09:10:22.839762417
108.8125,2,09:10:22.839842729
108.8125,7,09:10:22.840026166
108.8125,1,09:10:22.840432769
108.8125,1,09:10:22.840643890
108.8125,1,09:10:22.841273615
108.8125,23,09:10:22.841383153
108.8125,1,09:10:22.841443036
108.8125,2,09:10:22.841715787
108.8125,10,09:10:22.841936838
108.8125,1,09:10:22.841973901
108.8125,1,09:10:22.843187094
108.8125,1,09:10:22.843443867
108.8125,9,09:10:22.851018913
108.8125,16,09:10:22.852202575
108.8125,1,09:10:22.932653497
108.8125,19,09:10:22.932695622
108.8125,7,09:10:22.932724800
108.8125,1,09:10:22.932757710
108.8125,132,09:10:22.933011932
108.8125,3,09:10:22.933282777
108.8125,1,09:10:22.935059232
108.8125,1,09:10:22.935151860
108.8125,1,09:10:22.935797918
108.8125,20,09:10:22.935851219
108.8125,5,09:10:22.936276424
108.8125,2,09:10:22.936360304
108.8125,1,09:10:22.936450981
108.8125,1,09:10:22.936564769
108.8125,1,09:10:22.936675024
108.8125,1,09:10:22.940887141
108.8125,9,09:10:22.944977300
108.8125,5,09:10:22.945006382
108.8125,11,09:10:22.945236396
108.8125,17,09:10:22.946371815
108.8125,130,09:10:22.947134225
108.8125,1,09:10:22.947183278
108.8125,1,09:10:22.947349112
108.8125,1,09:10:22.947520132
108.8125,2,09:10:22.947554894
108.8125,3,09:10:22.947575973
108.8125,1,09:10:22.947591817
108.8125,1,09:10:22.947618777
108.8125,1,09:10:22.947874639
108.8125,4,09:10:22.947933331
108.8125,1,09:10:22.948258167
108.8125,9,09:10:22.948279857
108.8125,5,09:10:22.948305355
108.8125,30,09:10:22.948477868
108.8125,1,09:10:22.949015801
108.8125,1,09:10:22.949111023
108.8125,6,09:10:22.951118515
108.8125,141,09:10:22.956670541
108.8125,1,09:10:22.958275752
108.8125,14,09:10:22.962275369
108.8125,1,09:10:22.962524020
108.8125,1,09:10:22.962741356
108.8125,1,09:10:22.962817882
108.8125,5,09:10:22.962888583
108.8125,1,09:10:22.962907588
108.8125,1,09:10:22.962999406
108.8125,1,09:10:22.963105955
108.8125,1,09:10:22.963199365
108.8125,14,09:10:23.049232099
108.8125,15,09:10:23.111202166
108.8125,4,09:10:23.174336200
108.8125,4,09:10:23.678736276
108.8125,564,09:10:24.051986932
108.8125,10,09:10:24.185631811
108.8125,9,09:10:24.354743512
108.8125,372,09:10:29.181024058
108.8125,1,09:10:29.181148893
108.8125,1,09:10:29.181272751
108.8125,1,09:10:29.181512269
108.8125,1,09:10:29.181758905
108.8125,1,09:10:29.181782253
108.8125,1,09:10:29.182139860
108.8125,1,09:10:29.182196975
108.8125,6,09:10:29.182639972
108.8125,1,09:10:29.183449758
108.8125,156,09:10:29.183562419
108.8125,2,09:10:29.183611099
108.8125,1,09:10:29.183890326
108.8125,1,09:10:29.183923818
108.8125,4,09:10:29.184132601
108.8125,1,09:10:29.184168026
108.8125,1,09:10:29.184195633
108.8125,8,09:10:29.184931049
108.8125,1,09:10:29.185312052
108.8125,3,09:10:29.186204115
108.8125,1,09:10:29.196455544
108.8125,1,09:10:29.506064948
108.8125,536,09:10:29.924214322
108.8125,147,09:10:29.930255541
108.8125,1,09:10:29.932100654
108.8125,1,09:10:29.932131490
108.8125,1,09:10:32.309143874
108.8125,10,09:10:32.547239181
108.8125,1,09:10:33.426566426
108.8281,1,09:10:35.286677066
108.8125,58,09:10:36.374324149
108.8125,5,09:10:40.119902890
108.8125,42,09:10:40.915918658
108.8125,20,09:10:40.915965398
108.8125,42,09:10:40.916070149
108.8125,94,09:10:40.916284468
108.8125,94,09:10:40.916587411
108.8125,90,09:10:40.916788810
108.8125,125,09:10:40.917348741
108.8125,1,09:10:40.917739678
108.8125,20,09:10:40.917884602
108.8125,20,09:10:40.917934059
108.8125,21,09:10:40.918508170
108.8125,1,09:10:40.918767036
108.8125,3,09:10:40.918880664
108.8125,1,09:10:40.919100716
108.8125,11,09:10:40.920438612
108.8125,3,09:10:40.920718176
108.8125,22,09:10:40.920920622
108.8125,1,09:10:40.921447199
108.8125,9,09:10:40.921576689
108.8125,10,09:10:40.921794994
108.8125,1,09:10:40.922565064
108.8125,4,09:10:41.083412955
108.8125,2,09:10:41.165597989
108.8125,45,09:10:41.474303862
108.8125,1,09:10:45.501657829
108.8125,25,09:10:47.251885525
108.7969,61,09:10:51.387099945
108.7969,5,09:10:52.000651233
108.7969,1,09:10:55.117341600
108.7969,1,09:11:05.233748980
108.7969,8,09:11:06.317972090
108.7969,20,09:11:08.424088868
108.7969,7,09:11:09.425106133
108.7969,151,09:11:13.730630605
108.7969,1,09:11:13.731602990
108.7969,2,09:11:13.732572228
108.7969,25,09:11:14.818412189
108.7969,1,09:11:14.818723398
108.7969,2,09:11:21.355811055
108.7969,8,09:11:23.145105602
108.7969,5,09:11:26.516486410
108.7969,1,09:11:28.307639936
108.7969,10,09:11:29.032399675
108.7969,11,09:11:36.354991569
108.7969,1,09:11:38.176549227
108.7969,1,09:11:51.362863523
108.8125,2,09:11:55.901629749
108.7969,250,09:12:00.479813652
108.7969,1,09:12:00.480029583
108.7969,58,09:12:00.500904040
108.7969,1,09:12:00.962063833
108.7969,1,09:12:00.966791861
108.7969,2,09:12:01.257958887
108.7969,1,09:12:01.259607853
108.7969,1,09:12:01.261880538
108.7969,5,09:12:01.272913960
108.7969,2,09:12:01.277922772
108.7969,50,09:12:01.288238460
108.7969,20,09:12:01.288310718
108.7969,1,09:12:01.288632964
108.7969,1,09:12:01.289386999
108.7969,3,09:12:01.289508659
108.7969,3,09:12:01.289573124
108.7969,2,09:12:01.289573124
108.7969,3,09:12:01.289627791
108.7969,1,09:12:01.289656316
108.7969,3,09:12:01.289693702
108.7969,1,09:12:01.290301122
108.7969,1,09:12:01.290336451
108.7969,1,09:12:01.290371483
108.7969,1,09:12:01.290459484
108.7969,1,09:12:01.290528670
108.7969,11,09:12:01.290920162
108.7969,3,09:12:01.290959990
108.7969,1220,09:12:01.291745958
108.7969,42,09:12:01.299464870
108.7969,204,09:12:01.299510889
108.7969,130,09:12:01.300581010
108.7969,45,09:12:01.304728006
108.7969,36,09:12:01.304752190
108.7969,1,09:12:01.304780679
108.7969,6,09:12:01.304814248
108.7969,52,09:12:01.304945860
108.7969,10,09:12:01.304968939
108.7969,15,09:12:01.305071972
108.7969,2,09:12:01.305363552
108.7969,2,09:12:01.305521357
108.7969,80,09:12:01.306133913
108.7969,94,09:12:01.306180048
108.7969,90,09:12:01.306208846
108.7969,30,09:12:01.306249137
108.7969,9,09:12:01.306262437
108.7969,84,09:12:01.306417900
108.7969,3,09:12:01.306457647
108.7969,1,09:12:01.306855950
108.7969,8,09:12:01.306919650
108.7969,3,09:12:01.306937766
108.7969,47,09:12:01.307022578
108.7969,1,09:12:01.307209737
108.7969,3,09:12:01.309410108
108.7969,29,09:12:01.310286896
108.7969,25,09:12:01.310311581
108.7969,48,09:12:01.310636121
108.7969,20,09:12:01.310679564
108.7969,1,09:12:01.310763258
108.7969,1,09:12:01.310788596
108.7969,4,09:12:01.311929912
108.7969,4,09:12:01.313770003
108.7969,1,09:12:01.313909469
108.7969,1,09:12:01.314921413
108.7969,214,09:12:01.314969778
108.7969,5,09:12:01.315072612
108.7969,1,09:12:01.315105797
108.7969,12,09:12:01.315264142
108.7969,157,09:12:01.316067624
108.7969,1,09:12:01.316332027
108.7969,1,09:12:01.316515400
108.7969,91,09:12:01.317211331
108.7969,1,09:12:01.317260794
108.7969,1,09:12:01.319209490
108.7813,99,09:12:03.644337707
108.7969,4,09:12:04.022854548
108.7969,1,09:12:05.285286276
108.7969,2,09:12:05.304959212
108.7969,8,09:12:05.701364345
108.7813,44,09:12:07.954349769
108.7813,2,09:12:07.954404028
108.7813,2,09:12:07.954446084
108.7813,5,09:12:07.954484136
108.7813,2,09:12:07.954538556
108.7813,6,09:12:07.954588206
108.7813,2000,09:12:11.575656792
108.7813,1,09:12:11.578124285
108.7813,46,09:12:11.580586606
108.7813,1,09:12:11.580658540
108.7813,90,09:12:11.580754153
108.7813,1,09:12:11.580899506
108.7813,1,09:12:11.581020513
108.7813,1,09:12:11.582704579
108.7813,3,09:12:11.584548927
108.7813,2,09:12:11.584548927
108.7813,1,09:12:11.584580867
108.7813,4,09:12:11.584668286
108.7813,1,09:12:11.584875830
108.7813,1,09:12:11.584950363
108.7813,4,09:12:11.584950363
108.7813,4,09:12:11.585176703
108.7813,3,09:12:11.585200956
108.7813,1,09:12:11.585311099
108.7813,1,09:12:11.585475944
108.7813,3,09:12:11.585635765
108.7813,45,09:12:11.585686438
108.7813,84,09:12:11.585903053
108.7813,30,09:12:11.586096321
108.7813,47,09:12:11.587255753
108.7813,47,09:12:11.587353751
108.7813,121,09:12:11.587541336
108.7813,4,09:12:11.588120708
108.7813,1,09:12:11.588728637
108.7813,3,09:12:11.589366353
108.7813,7,09:12:11.589706001
108.7813,2,09:12:11.589706001
108.7813,7,09:12:11.590305792
108.7813,3,09:12:11.594105402
108.7813,1,09:12:11.595467522
108.7813,1,09:12:11.596180017
108.7813,50,09:12:11.599409983
108.7813,1025,09:12:11.605386430
108.7813,1,09:12:11.605455132
108.7813,1,09:12:11.605488615
108.7813,1,09:12:11.605528142
108.7813,6,09:12:11.608817901
108.7813,24,09:12:11.608924873
108.7813,16,09:12:11.609002222
108.7813,65,09:12:11.609049654
108.7813,11,09:12:11.609279901
108.7813,2,09:12:11.609677010
108.7813,1,09:12:11.609815438
108.7813,2,09:12:11.610032118
108.7813,1,09:12:11.610111835
108.7813,3,09:12:11.610151903
108.7813,1,09:12:11.610191529
108.7813,1,09:12:11.610215069
108.7813,113,09:12:11.610272008
108.7813,52,09:12:11.610333884
108.7813,2,09:12:11.610362377
108.7813,44,09:12:11.610414436
108.7813,7,09:12:11.610492758
108.7813,9,09:12:11.610545607
108.7813,49,09:12:11.610587089
108.7813,1,09:12:11.611378305
108.7813,10,09:12:11.611772255
108.7813,84,09:12:11.612468340
108.7813,1,09:12:11.613020297
108.7813,27,09:12:11.613041903
108.7813,1,09:12:11.614543822
108.7813,1,09:12:11.614709848
108.7813,1,09:12:11.614993236
108.7813,1,09:12:11.615147423
108.7813,1,09:12:11.615247001
108.7813,6,09:12:11.615422797
108.7813,16,09:12:11.615462253
108.7813,45,09:12:11.617878949
108.7813,45,09:12:11.617974941
108.7813,44,09:12:11.618349771
108.7813,2,09:12:11.618457633
108.7813,2,09:12:11.618510752
108.7813,5,09:12:11.618564702
108.7813,1,09:12:11.618570985
108.7813,1,09:12:11.618639489
108.7813,1,09:12:11.618662661
108.7813,5,09:12:11.618955732
108.7813,32,09:12:11.619013832
108.7813,1,09:12:11.619758037
108.7813,1,09:12:11.620719556
108.7813,10,09:12:11.621049237
108.7813,2,09:12:11.621188689
108.7813,84,09:12:11.621387359
108.7813,30,09:12:11.621715131
108.7813,26,09:12:11.623133970
108.7813,45,09:12:11.623202666
108.7813,37,09:12:11.623433941
108.7813,53,09:12:11.623631385
108.7813,27,09:12:11.626332591
108.7813,7,09:12:11.626364784
108.7813,1,09:12:11.626787196
108.7813,1,09:12:11.626842941
108.7813,1,09:12:11.627963697
108.7813,1,09:12:11.628078445
108.7813,1,09:12:11.628239674
108.7813,1,09:12:11.628558245
108.7813,1,09:12:11.628580485
108.7813,149,09:12:11.629382366
108.7813,1,09:12:11.629414148
108.7813,1,09:12:11.629429826
108.7813,1,09:12:11.629449836
108.7813,91,09:12:11.630937024
108.7813,1,09:12:11.632634367
108.7813,1,09:12:11.632873521
108.7813,1,09:12:11.633362001
108.7813,1,09:12:11.633397164
108.7813,1,09:12:11.633512878
108.7813,1,09:12:11.633555640
108.7813,1,09:12:11.633572332
108.7813,1,09:12:11.634689407
108.7813,7,09:12:11.655170503
108.7813,3,09:12:11.655735680
108.7813,1,09:12:11.868185767
108.7813,22,09:12:14.065471233
108.7813,15,09:12:15.378091432
108.7813,42,09:12:16.266550982
108.7813,90,09:12:16.266814800
108.7813,30,09:12:16.267310173
108.7813,42,09:12:16.267769929
108.7813,13,09:12:16.268292042
108.7813,3,09:12:16.268417142
108.7813,3,09:12:16.268481668
108.7813,2,09:12:16.268481668
108.7813,63,09:12:16.268651233
108.7813,7,09:12:16.268751399
108.7813,1,09:12:16.268772518
108.7813,2,09:12:16.269044550
108.7813,1,09:12:16.269107425
108.7813,1,09:12:16.269148561
108.7813,90,09:12:16.269314524
108.7813,2,09:12:16.269409415
108.7813,1,09:12:16.269444353
108.7813,2,09:12:16.269500630
108.7813,2,09:12:16.269566251
108.7813,1,09:12:16.269712253
108.7813,5,09:12:16.269726363
108.7813,3,09:12:16.269745499
108.7813,16,09:12:16.269796997
108.7813,1,09:12:16.269837664
108.7813,1,09:12:16.269866192
108.7813,1,09:12:16.269958644
108.7813,1,09:12:16.270179101
108.7813,1,09:12:16.270273465
108.7813,1,09:12:16.270434108
108.7813,1,09:12:16.270890357
108.7813,1,09:12:16.270909442
108.7813,1,09:12:16.270970218
108.7813,1,09:12:16.271089340
108.7813,4,09:12:16.271358636
108.7813,9,09:12:16.271387442
108.7813,2,09:12:16.271404739
108.7813,3,09:12:16.271428243
108.7813,16,09:12:16.271450974
108.7813,4,09:12:16.271478120
108.7813,15,09:12:16.271499586
108.7813,1,09:12:16.271518728
108.7813,1,09:12:16.271572333
108.7813,45,09:12:16.272340562
108.7813,4,09:12:16.272597672
108.7813,37,09:12:16.273202228
108.7813,4,09:12:16.273812854
108.7813,5,09:12:16.274647956
108.7813,2,09:12:16.275198429
108.7813,1,09:12:16.275504524
108.7813,2,09:12:16.276187517
108.7813,5,09:12:16.276241150
108.7813,2,09:12:16.276272120
108.7813,3,09:12:16.276398984
108.7813,1,09:12:16.276453548
108.7813,6,09:12:16.276760707
108.7813,1,09:12:16.276791816
108.7813,99,09:12:16.276985697
108.7813,1,09:12:16.277028674
108.7813,1,09:12:16.277105152
108.7813,3,09:12:16.277124400
108.7813,1,09:12:16.277180078
108.7813,79,09:12:16.278234624
108.7813,4,09:12:16.279869730
108.7813,1,09:12:16.279890693
108.7813,1,09:12:16.280780784
108.7813,1,09:12:16.280853090
108.7813,71,09:12:16.281020175
108.7813,1,09:12:16.281172614
108.7813,8,09:12:16.281254109
108.7813,20,09:12:16.281422400
108.7813,1,09:12:16.281484972
108.7813,2,09:12:16.281539846
108.7813,1,09:12:16.281661663
108.7813,16,09:12:16.281742363
108.7813,1,09:12:16.282085611
108.7813,1,09:12:16.282700046
108.7813,1,09:12:16.283013434
108.7813,19,09:12:16.284552304
108.7813,4,09:12:16.284709709
108.7813,1,09:12:16.284973513
108.7813,19,09:12:16.285536353
108.7813,9,09:12:16.285762555
108.7813,11,09:12:16.286336532
108.7813,11,09:12:16.290749975
108.7813,23,09:12:16.329907586
108.7813,20,09:12:16.330390921
108.7813,1,09:12:16.330480226
108.7813,1,09:12:16.330514054
108.7813,1,09:12:16.331579102
108.7813,123,09:12:16.332135398
108.7813,1,09:12:16.332446832
108.7813,123,09:12:16.332606217
108.7813,1,09:12:16.332766458
108.7813,1,09:12:16.333295665
108.7813,1,09:12:16.333319714
108.7813,3,09:12:16.334062561
108.7813,1,09:12:16.334098606
108.7813,1,09:12:16.334120802
108.7813,17,09:12:16.995539224
108.7813,1,09:12:16.996285651
108.7813,4,09:12:16.997510721
108.7813,2,09:12:16.997701128
108.7813,1,09:12:16.998543583
108.7813,13,09:12:16.999060157
108.7813,1,09:12:16.999086122
108.7813,1,09:12:16.999107630
108.7813,1,09:12:16.999136574
108.7813,1,09:12:16.999343577
108.7813,6,09:12:17.000180323
108.7813,1,09:12:17.001162871
108.7813,1,09:12:17.001253580
108.7813,1,09:12:17.001334605
108.7813,1,09:12:17.001902233
108.7813,1,09:12:17.002125421
108.7813,1,09:12:17.002336799
108.7813,1,09:12:17.002578970
108.7813,1,09:12:17.002681312
108.7813,1,09:12:17.002819356
108.7813,1,09:12:17.002910779
108.7813,1,09:12:17.002988358
108.7813,1,09:12:17.003111906
108.7813,1,09:12:17.003166739
108.7813,1,09:12:17.003260654
108.7813,1,09:12:17.003375914
108.7813,1,09:12:17.003581871
108.7813,1,09:12:17.003602575
108.7813,1,09:12:17.003640979
108.7813,1,09:12:17.004041649
108.7813,1,09:12:17.004067413
108.7813,1,09:12:17.004084953
108.7813,1,09:12:17.004104646
108.7813,1,09:12:17.004234075
108.7813,1,09:12:17.004250108
108.7813,1,09:12:17.004272345
108.7813,64,09:12:17.005386704
108.7813,42,09:12:17.013068187
108.7813,1,09:12:17.013201537
108.7813,1,09:12:17.013271152
108.7813,3,09:12:17.013361918
108.7813,17,09:12:17.013595564
108.7813,1,09:12:17.013639031
108.7813,1,09:12:17.014361526
108.7813,9,09:12:17.014448283
108.7813,1,09:12:17.014841260
108.7813,20,09:12:17.015040733
108.7813,1,09:12:17.015075172
108.7813,152,09:12:17.017065132
108.7813,1,09:12:17.039910689
108.7813,1,09:12:17.108363583
108.7813,1,09:12:17.108728992
108.7813,1,09:12:17.109105284
108.7813,1,09:12:17.109265156
108.7813,13,09:12:17.109323269
108.7813,1,09:12:17.109362611
108.7813,1,09:12:17.109384038
108.7813,1,09:12:17.109403591
108.7813,1,09:12:17.109427178
108.7813,1,09:12:17.109448181
108.7813,1,09:12:17.109470011
108.7813,1,09:12:17.109488025
108.7813,1,09:12:17.109508281
108.7813,1,09:12:17.109527706
108.7813,1,09:12:17.109550132
108.7813,1,09:12:17.109569918
108.7813,1,09:12:17.109593019
108.7813,1,09:12:17.109615966
108.7813,1,09:12:17.109633957
108.7813,1,09:12:17.109657171
108.7813,1,09:12:17.109680403
108.7813,1,09:12:17.109704172
108.7813,1,09:12:17.109724483
108.7813,1,09:12:17.109745465
108.7813,1,09:12:17.109764074
108.7813,5,09:12:17.109784340
108.7813,1,09:12:17.109814677
108.7813,1,09:12:17.109897073
108.7813,1,09:12:17.110025053
108.7813,1,09:12:17.110042830
108.7813,1,09:12:17.110066280
108.7813,34,09:12:17.110101531
108.7813,2,09:12:17.111267383
108.7813,1,09:12:17.111314007
108.7813,1,09:12:17.112698794
108.7813,1,09:12:17.113290610
108.7813,1,09:12:17.113313677
108.7813,2,09:12:17.114159272
108.7813,1,09:12:17.114555663
108.7813,6,09:12:17.115262154
108.7813,1,09:12:17.115325436
108.7813,22,09:12:17.115525568
108.7813,1,09:12:17.115651375
108.7813,23,09:12:17.116248990
108.7813,12,09:12:17.116840202
108.7813,1,09:12:17.116874859
108.7813,1,09:12:17.116895676
108.7813,1,09:12:17.116917283
108.7813,40,09:12:17.116986003
108.7813,20,09:12:17.117076703
108.7813,2,09:12:17.117143431
108.7813,20,09:12:17.117260761
108.7813,1,09:12:17.117321767
108.7813,1,09:12:17.117580848
108.7813,1,09:12:17.118269435
108.7813,19,09:12:17.118422282
108.7813,1,09:12:17.118448459
108.7813,38,09:12:17.118495343
108.7813,1,09:12:17.118695773
108.7813,1,09:12:17.118714538
108.7813,1,09:12:17.118912689
108.7813,1,09:12:17.119086529
108.7813,94,09:12:17.124450235
108.7813,3,09:12:17.125276518
108.7813,134,09:12:17.126575795
108.7813,1,09:12:17.126666152
108.7813,1,09:12:17.127033907
108.7813,148,09:12:17.128115746
108.7813,1,09:12:17.128973155
108.7813,2,09:12:17.129449437
108.7813,1,09:12:17.129628336
108.7813,1,09:12:17.129651229
108.7813,3,09:12:17.260693482
108.7813,1,09:12:17.260986238
108.7813,1,09:12:17.261167343
108.7813,1,09:12:17.261435464
108.7813,1,09:12:17.261616635
108.7813,1,09:12:17.403650960
108.7813,227,09:12:17.934178293
108.7813,1,09:12:17.939506996
108.7813,2,09:12:17.954679226
108.7813,1295,09:12:18.014880646
108.7813,1,09:12:18.021147823
108.7813,1,09:12:18.021654876
108.7813,46,09:12:18.030852496
108.7813,50,09:12:18.037283509
108.7813,173,09:12:18.115953008
108.7813,1,09:12:18.117419889
108.7813,24,09:12:19.461336366
108.7813,1,09:12:19.885290630
108.7813,1,09:12:19.886989214
108.7813,66,09:12:19.887380047
108.7813,1,09:12:19.889544639
108.7813,1,09:12:19.889951101
108.7813,50,09:12:21.028793069
108.7813,6,09:12:21.405525430
108.7813,50,09:12:22.226978712
108.7813,18,09:12:24.143070828
108.7813,23,09:12:26.105945014
108.7813,29,09:12:29.304089969
108.7813,1,09:12:30.668994020
108.7969,1,09:12:40.145177731
108.7969,1,09:12:44.303661607
108.7813,7,09:12:48.097084015
108.7813,48,09:12:49.800237496
108.7813,1,09:12:49.803510323
108.7813,1,09:12:49.803759436
108.7813,36,09:12:49.803805788
108.7813,1,09:12:49.803875192
108.7813,1,09:12:49.804040238
108.7813,1,09:12:49.804233475
108.7813,1,09:12:49.804258531
108.7813,1,09:12:49.804279222
108.7813,1,09:12:49.804300743
108.7813,1,09:12:49.804315108
108.7813,1,09:12:49.804338686
108.7813,1,09:12:49.804362213
108.7813,1,09:12:49.804382210
108.7813,1,09:12:49.804400428
108.7813,1,09:12:49.804420515
108.7813,1,09:12:49.804435930
108.7813,1,09:12:49.804460369
108.7813,1,09:12:49.804477924
108.7813,1,09:12:49.804495640
108.7813,1,09:12:49.804517215
108.7813,1,09:12:49.804536639
108.7813,1,09:12:49.804584678
108.7813,1,09:12:49.804632289
108.7813,2,09:12:49.804834930
108.7813,1,09:12:49.806628899
108.7813,18,09:12:49.806831092
108.7813,6,09:12:49.806861019
108.7813,2,09:12:49.806910645
108.7813,1,09:12:49.806947325
108.7813,58,09:12:49.817933614
108.7813,5,09:12:49.818431913
108.7813,1,09:12:49.818467129
108.7813,1,09:12:49.818825620
108.7813,15,09:13:01.263731207
108.7813,6,09:13:02.374084322
108.7969,10,09:13:06.481601912
108.7969,44,09:13:09.992939497
108.7813,2,09:13:21.369134534
108.7969,1,09:13:25.514641515
108.7969,2,09:13:36.701327577
108.7813,3,09:13:36.974194259
108.7813,1,09:13:36.992036562
108.7813,16,09:13:39.967645427
108.7813,185,09:13:42.786010172
108.7969,1,09:13:47.997960726
108.7813,3,09:13:49.223030126
108.7969,40,09:13:53.427117510
108.7969,30,09:13:53.430970259
108.7969,2,09:13:54.862491879
108.7813,75,09:13:56.929133850
108.7813,100,09:14:01.236373877
108.7969,3,09:14:13.049102648
108.7969,335,09:14:15.842623050
108.7969,1,09:14:17.350948908
108.7969,5,09:14:19.619205133
108.7969,2,09:14:31.184064118
108.7969,55,09:14:32.216622416
108.7969,42,09:14:37.961061584
108.7813,2900,09:14:41.200599270
108.7813,1,09:14:41.208351645
108.7813,1,09:14:41.208604379
108.7813,9,09:14:41.208669485
108.7813,1,09:14:41.208694833
108.7813,20,09:14:41.209375841
108.7813,79,09:14:41.209678436
108.7813,114,09:14:41.209951783
108.7813,15,09:14:41.210240410
108.7813,3,09:14:41.210449118
108.7813,15,09:14:41.210723952
108.7813,15,09:14:41.210984267
108.7813,9,09:14:41.211422107
108.7813,66,09:14:41.211680723
108.7813,2,09:14:41.211823239
108.7813,6,09:14:41.217031267
108.7813,12,09:14:41.217547415
108.7813,13,09:14:41.217919660
108.7813,75,09:14:41.218069205
108.7813,3,09:14:41.218115148
108.7813,25,09:14:41.218619956
108.7813,1,09:14:41.218655460
108.7813,20,09:14:41.220122753
108.7813,9,09:14:41.221200497
108.7813,6,09:14:41.221430281
108.7813,8,09:14:41.221454608
108.7813,7,09:14:41.221630708
108.7813,3,09:14:41.221692408
108.7813,4,09:14:41.221764665
108.7813,15,09:14:41.222125803
108.7813,1,09:14:41.222339301
108.7813,7,09:14:41.222390076
108.7813,1,09:14:41.222457400
108.7813,20,09:14:41.222843603
108.7813,22,09:14:41.222896253
108.7813,52,09:14:41.222925243
108.7813,4,09:14:41.223012089
108.7813,45,09:14:41.223035660
108.7813,10,09:14:41.223058992
108.7813,3,09:14:41.224074949
108.7813,18,09:14:41.224270301
108.7813,4,09:14:41.225582951
108.7813,1,09:14:41.225820783
108.7813,1,09:14:41.226066241
108.7813,9,09:14:41.226508173
108.7813,2,09:14:41.226563732
108.7813,31,09:14:41.226589541
108.7813,1,09:14:41.226608882
108.7813,46,09:14:41.226660826
108.7813,11,09:14:41.226696004
108.7813,1,09:14:41.226845137
108.7813,2,09:14:41.226942943
108.7813,2,09:14:41.226970419
108.7813,1,09:14:41.227312672
108.7813,1,09:14:41.227353898
108.7813,1,09:14:41.227557282
108.7813,33,09:14:41.227624730
108.7813,1,09:14:41.227723849
108.7813,20,09:14:41.227763056
108.7813,4,09:14:41.227800435
108.7813,1,09:14:41.228371164
108.7813,31,09:14:41.228466343
108.7813,2,09:14:41.228901287
108.7813,1,09:14:41.229556618
108.7813,6,09:14:41.229995434
108.7813,12,09:14:41.230035616
108.7813,6,09:14:41.230061576
108.7813,5,09:14:41.230089784
108.7813,1,09:14:41.230182830
108.7813,1,09:14:41.230215685
108.7813,6,09:14:41.230828331
108.7813,65,09:14:41.232099576
108.7813,1,09:14:41.232191981
108.7813,3,09:14:41.232216285
108.7813,50,09:14:41.232244321
108.7813,18,09:14:41.234630961
108.7813,1,09:14:41.234798779
108.7813,7,09:14:41.234899510
108.7813,32,09:14:41.234939975
108.7813,1,09:14:41.234961646
108.7813,90,09:14:41.235016422
108.7813,15,09:14:41.235205671
108.7813,42,09:14:41.237090818
108.7813,42,09:14:41.237536889
108.7813,1,09:14:41.237659093
108.7813,9,09:14:41.237709462
108.7813,3,09:14:41.237805509
108.7813,2,09:14:41.237827314
108.7813,1,09:14:41.237849093
108.7813,2,09:14:41.237871193
108.7813,3,09:14:41.237971566
108.7813,1,09:14:41.237988879
108.7813,3,09:14:41.238040573
108.7813,2,09:14:41.238114987
108.7813,1,09:14:41.238364925
108.7813,1,09:14:41.238395255
108.7813,1,09:14:41.238485248
108.7813,1,09:14:41.238781721
108.7813,1,09:14:41.238802953
108.7813,1,09:14:41.238965059
108.7813,1,09:14:41.239398719
108.7813,1,09:14:41.239594432
108.7813,1,09:14:41.239679285
108.7813,1,09:14:41.239704753
108.7813,1,09:14:41.239722041
108.7813,1,09:14:41.239748201
108.7813,1,09:14:41.239769177
108.7813,1,09:14:41.239785866
108.7813,1,09:14:41.239805898
108.7813,1,09:14:41.239829889
108.7813,1,09:14:41.239851570
108.7813,1,09:14:41.239873221
108.7813,1,09:14:41.239900774
108.7813,1,09:14:41.239921820
108.7813,1,09:14:41.239939082
108.7813,1,09:14:41.239961290
108.7813,1,09:14:41.239979403
108.7813,1,09:14:41.239999096
108.7813,1,09:14:41.240024063
108.7813,1,09:14:41.240047983
108.7813,1,09:14:41.240065888
108.7813,1,09:14:41.240087984
108.7813,48,09:14:41.240206390
108.7813,2,09:14:41.240276166
108.7813,1,09:14:41.240935489
108.7813,20,09:14:41.242110707
108.7813,50,09:14:41.242200888
108.7813,1,09:14:41.242278531
108.7813,1,09:14:41.242612026
108.7813,1,09:14:41.242791514
108.7813,1,09:14:41.242866287
108.7813,1,09:14:41.242889350
108.7813,5,09:14:41.242920953
108.7813,65,09:14:41.242960256
108.7813,1,09:14:41.243049548
108.7813,11,09:14:41.243765953
108.7813,1,09:14:41.243786235
108.7813,15,09:14:41.243807720
108.7813,3,09:14:41.243829961
108.7813,1,09:14:41.243854153
108.7813,1,09:14:41.244112130
108.7813,1,09:14:41.244152159
108.7813,2,09:14:41.244240766
108.7813,1,09:14:41.244272607
108.7813,1,09:14:41.244296197
108.7813,4,09:14:41.244480066
108.7813,1,09:14:41.244600257
108.7813,1,09:14:41.244621493
108.7813,76,09:14:41.244651134
108.7813,1,09:14:41.245057531
108.7813,2,09:14:41.245569695
108.7813,2,09:14:41.245607126
108.7813,2,09:14:41.246011474
108.7813,1,09:14:41.246274394
108.7813,1,09:14:41.246578525
108.7813,17,09:14:41.246614411
108.7813,1,09:14:41.246643499
108.7813,29,09:14:41.246675922
108.7813,1,09:14:41.246962280
108.7813,36,09:14:41.247272757
108.7813,52,09:14:41.247387306
108.7813,10,09:14:41.247570385
108.7813,1,09:14:41.247631775
108.7813,10,09:14:41.247676685
108.7813,10,09:14:41.247798761
108.7813,10,09:14:41.247853222
108.7813,10,09:14:41.247961084
108.7813,9,09:14:41.248087676
108.7813,1,09:14:41.249104388
108.7813,2,09:14:41.249187352
108.7813,3,09:14:41.249453499
108.7813,1,09:14:41.249534374
108.7813,1,09:14:41.249843615
108.7813,1,09:14:41.250085774
108.7813,84,09:14:41.250227073
108.7813,32,09:14:41.250268258
108.7813,1,09:14:41.250655401
108.7813,1,09:14:41.251492055
108.7813,1,09:14:41.251514241
108.7813,1,09:14:41.251646800
108.7813,1,09:14:41.251790352
108.7813,1,09:14:41.252239202
108.7813,1,09:14:41.252868979
108.7813,1,09:14:41.253476134
108.7813,5,09:14:41.253889502
108.7813,1,09:14:41.254139171
108.7813,1,09:14:41.254483444
108.7813,1,09:14:41.254660039
108.7813,1,09:14:41.254722841
108.7813,1,09:14:41.254889849
108.7813,1,09:14:41.255088656
108.7813,1,09:14:41.255211791
108.7813,64,09:14:41.260723193
108.7813,1,09:14:41.260789350
108.7813,16,09:14:41.305983707
108.7813,362,09:14:41.355780517
108.7813,1,09:14:41.356018017
108.7813,21,09:14:41.356071647
108.7813,1,09:14:41.356120022
108.7813,1,09:14:41.356249877
108.7813,1,09:14:41.356297513
108.7813,1,09:14:41.356441052
108.7813,40,09:14:41.356585091
108.7813,1,09:14:41.357903565
108.7813,25,09:14:41.357960578
108.7813,42,09:14:41.358364116
108.7813,42,09:14:41.358390846
108.7813,45,09:14:41.358763448
108.7813,6,09:14:41.358931183
108.7813,1,09:14:41.359352801
108.7813,2,09:14:41.359447834
108.7813,17,09:14:41.359479232
108.7813,1,09:14:41.360475138
108.7813,1,09:14:41.360580551
108.7813,1,09:14:41.360681484
108.7813,1,09:14:41.360741428
108.7813,5,09:14:41.360790463
108.7813,3,09:14:41.360859715
108.7813,1,09:14:41.361534650
108.7813,1,09:14:41.362593683
108.7813,91,09:14:42.695231778
108.7813,4,09:14:42.701575916
108.7813,1,09:14:42.701820932
108.7969,2,09:14:42.862221728
108.7813,100,09:14:44.172598612
108.7813,1,09:14:44.174423110
108.7813,1,09:14:44.174525739
108.7813,1,09:14:44.174672446
108.7813,1,09:14:44.174861787
108.7813,16,09:14:44.175144318
108.7813,1,09:14:44.177176142
108.7813,30,09:14:46.377230768
108.7813,1,09:14:46.378319577
108.7813,1,09:14:46.378538631
108.7813,1,09:14:47.259579366
108.7813,1,09:14:47.260273153
108.7813,1,09:14:47.260428078
108.7813,10,09:14:51.434994855
108.7813,1,09:14:51.440296550
108.7813,1,09:14:51.440327328
108.7813,1,09:14:52.143581402
108.7813,1,09:14:52.145264076
108.7813,2,09:14:54.549580639
108.7813,1,09:14:54.551423101
108.7813,1,09:14:54.551638921
108.7813,100,09:14:57.341308171
108.7813,1,09:14:57.342332793
108.7813,1,09:14:57.342522262
108.7813,4,09:14:57.343866676
108.7813,1,09:14:58.706882958
108.7813,1,09:15:02.340222831
108.7813,1,09:15:02.388574263
108.7813,1,09:15:02.828377183
108.7813,1,09:15:02.845603170
108.7813,1,09:15:02.984104704
108.7813,4,09:15:02.984371996
108.7813,18,09:15:03.004089026
108.7813,1,09:15:03.004361968
108.7813,1,09:15:03.098270271
108.7813,1,09:15:03.098299398
108.7813,1,09:15:03.098378725
108.7813,1,09:15:03.158300782
108.7813,1,09:15:03.158334828
108.7813,1,09:15:03.158613000
108.7813,1,09:15:03.510200312
108.7813,1,09:15:03.521383329
108.7813,1,09:15:03.564198558
108.7813,1,09:15:04.128470991
108.7813,1,09:15:04.638834141
108.7813,1,09:15:04.791358498
108.7813,1,09:15:05.683567050
108.7813,1,09:15:05.687208353
108.7813,681,09:15:05.764277464
108.7813,73,09:15:05.771656791
108.7813,2,09:15:05.790721863
108.7813,1,09:15:07.066108238
108.7813,100,09:15:10.569858412
108.7813,2,09:15:10.572799140
108.7813,2,09:15:10.572828440
108.7813,753,09:15:11.762908732
108.7813,1,09:15:11.775604151
108.7813,1,09:15:12.742598636
108.7813,2,09:15:14.940066816
108.7813,3,09:15:18.485282379
108.7813,57,09:15:18.485584587
108.7813,2,09:15:21.166338971
108.7813,3,09:15:21.563758756
108.7813,500,09:15:22.412857749
108.7813,3,09:15:22.413513926
108.7813,1,09:15:22.413557619
108.7813,1,09:15:22.413611313
108.7813,1,09:15:22.414030515
108.7813,1,09:15:22.414337472
108.7813,22,09:15:22.414960051
108.7813,8,09:15:22.417157161
108.7813,11,09:15:22.417277224
108.7813,1,09:15:22.417783823
108.7813,55,09:15:22.418036245
108.7813,1,09:15:22.419566935
108.7813,1,09:15:22.419589390
108.7813,1,09:15:22.420422335
108.7813,5,09:15:23.717374917
108.7813,1,09:15:23.773984896
108.7813,1,09:15:25.925627877
108.7813,3,09:15:25.973481161
108.7813,1,09:15:28.193449915
108.7813,1,09:15:29.120212801
108.7813,4,09:15:29.130679691
108.7813,1,09:15:32.304136767
108.7813,837,09:15:34.058771650
108.7813,63,09:15:34.066188431
108.7813,63,09:15:34.066960926
108.7813,160,09:15:34.080832574
108.7813,1,09:15:34.081344978
108.7813,7,09:15:34.082084754
108.7813,143,09:15:34.083035502
108.7813,231,09:15:34.083301700
108.7813,1,09:15:34.083610896
108.7813,1,09:15:34.083850770
108.7813,1,09:15:34.083885817
108.7813,1,09:15:34.083915117
108.7813,15,09:15:34.083982686
108.7813,1,09:15:34.084006920
108.7813,1,09:15:34.084040556
108.7813,7,09:15:34.084094919
108.7813,1,09:15:34.084118702
108.7813,8,09:15:34.084312952
108.7813,1,09:15:34.084337724
108.7813,14,09:15:34.084454059
108.7813,84,09:15:34.084522650
108.7813,1,09:15:34.084850000
108.7813,1,09:15:34.085175549
108.7813,1,09:15:34.085201428
108.7813,2,09:15:34.085297836
108.7813,1,09:15:34.085438294
108.7813,1,09:15:34.085688731
108.7813,1,09:15:34.085726018
108.7813,2,09:15:34.085785695
108.7813,1,09:15:34.085804775
108.7813,14,09:15:34.086032613
108.7813,4,09:15:34.086276532
108.7813,1,09:15:34.086593485
108.7813,1,09:15:34.086808891
108.7813,1,09:15:34.086832354
108.7813,157,09:15:34.091589695
108.7813,3,09:15:34.818783387
108.7813,3,09:15:38.706834532
108.7969,162,09:15:40.583638371
108.7969,77,09:15:40.584132484
108.7969,1,09:15:40.584302551
108.7969,19,09:15:40.584329044
108.7969,6,09:15:40.584364117
108.7969,1,09:15:40.584399632
108.7969,1,09:15:40.584449649
108.7969,1,09:15:40.584480068
108.7969,5,09:15:40.584634827
108.7969,30,09:15:40.584684152
108.7969,4,09:15:40.584708806
108.7969,1,09:15:40.584765585
108.7969,1,09:15:40.584812603
108.7969,31,09:15:40.585354108
108.7969,3,09:15:40.585447032
108.7969,7,09:15:40.585619775
108.7969,52,09:15:40.585983957
108.7969,21,09:15:40.586505511
108.7969,2,09:15:40.586594076
108.7969,1,09:15:40.586909794
108.7969,1,09:15:40.586982407
108.7969,1,09:15:40.587124756
108.7969,1,09:15:40.587331534
108.7969,1,09:15:40.587562438
108.7969,253,09:15:40.587662501
108.7969,45,09:15:40.587811253
108.7969,45,09:15:40.588447320
108.7969,1,09:15:40.591093937
108.7969,1,09:15:40.592017709
108.7969,90,09:15:40.592073160
108.7969,24,09:15:40.592840007
108.7969,12,09:15:40.593462670
108.7969,1,09:15:40.593556825
108.7969,1,09:15:40.593635844
108.7969,1,09:15:40.594010441
108.7969,1,09:15:40.594051635
108.7969,2,09:15:40.594985712
108.7969,1,09:15:40.595021632
108.7969,1,09:15:40.595068257
108.7969,14,09:15:40.595094344
108.7969,6,09:15:40.595157449
108.7969,2,09:15:40.595383822
108.7969,1,09:15:40.595763708
108.7969,1,09:15:40.596204258
108.7969,1,09:15:40.596504991
108.7969,1,09:15:40.596526764
108.7969,1,09:15:40.596600580
108.7969,25,09:15:40.596650906
108.7969,1,09:15:40.596833109
108.7969,84,09:15:40.597272731
108.7969,1,09:15:40.597426011
108.7969,1,09:15:40.597577319
108.7969,24,09:15:40.597842582
108.7969,19,09:15:40.598399611
108.7969,1,09:15:40.598864341
108.7969,204,09:15:40.600376198
108.7969,1,09:15:40.600958108
108.7969,1,09:15:40.600978425
108.7969,1,09:15:40.601005158
108.7969,1,09:15:40.601196958
108.7969,1,09:15:40.601261039
108.7969,1,09:15:40.601307725
108.7969,3,09:15:42.437957075
108.7969,1,09:15:42.438191128
108.7969,1,09:15:42.438456128
108.7969,4,09:15:45.501968053
108.7969,200,09:15:46.858542126
108.7969,1,09:15:46.858773702
108.7969,1,09:15:46.858815737
108.7969,52,09:15:46.858999108
108.7969,1,09:15:46.859053077
108.7969,24,09:15:46.859079701
108.7969,1,09:15:46.859316474
108.7969,25,09:15:46.859569343
108.7969,1,09:15:46.860174991
108.7969,11,09:15:46.860696569
108.7969,1,09:15:46.860740042
108.7969,21,09:15:46.861096958
108.7969,1,09:15:46.861268732
108.7969,1,09:15:46.861304546
108.7969,45,09:15:46.862485518
108.7969,45,09:15:46.863021756
108.7969,1,09:15:46.863731975
108.7969,3,09:15:46.864859620
108.7969,1,09:15:46.865234134
108.7969,1,09:15:46.865256761
108.7969,1,09:15:46.865367186
108.7969,17,09:15:46.865554438
108.7969,1,09:15:46.865667390
108.7969,4,09:15:46.865798033
108.7969,1,09:15:46.865920115
108.7969,1,09:15:46.866056045
108.7969,4,09:15:46.866425764
108.7969,1,09:15:46.866641807
108.7969,1,09:15:46.866665993
108.7969,5,09:15:48.335699882
108.7969,1,09:15:48.335970640
108.7969,45,09:15:49.186517645
108.7969,42,09:15:49.186591170
108.7969,42,09:15:49.186987864
108.7969,25,09:15:49.187437716
108.7969,21,09:15:49.187600616
108.7969,1,09:15:49.187628154
108.7969,4,09:15:49.187733721
108.7969,1,09:15:49.187770077
108.7969,1,09:15:49.187888877
108.7969,9,09:15:49.188622233
108.7969,1,09:15:49.188745639
108.7969,12,09:15:49.188905068
108.7969,1,09:15:49.189708732
108.7969,3,09:15:49.189851533
108.7969,1,09:15:49.491806025
108.7969,1,09:15:49.492039476
108.7969,1,09:15:49.501761465
108.7969,1,09:15:49.511781450
108.7969,1,09:15:49.521762453
108.7969,2,09:15:50.740834017
108.7969,1,09:15:50.750801499
108.7969,1,09:15:50.760792492
108.7969,2,09:15:52.519869417
108.7969,1,09:15:52.529824604
108.7969,1,09:15:52.539805213
108.7969,40,09:15:57.797244106
108.7969,100,09:16:01.242620032
108.7969,9,09:16:01.527592355
108.7969,1,09:16:01.527968514
108.7969,1,09:16:01.527991263
108.7969,1,09:16:01.528088523
108.7969,1,09:16:01.528460709
108.7969,1,09:16:01.582782159
108.7969,3,09:16:01.583217211
108.7969,1,09:16:01.583274585
108.7969,1,09:16:01.583399868
108.7969,1,09:16:01.583428559
108.7969,1,09:16:01.583585030
108.7969,20,09:16:02.285405548
108.7969,1,09:16:02.285605274
108.7969,1,09:16:02.285652183
108.7969,132,09:16:02.286199132
108.7969,1,09:16:03.261522768
108.8125,1,09:16:05.306130084
108.8125,1,09:16:05.316073517
108.8125,1,09:16:05.326048049
108.8125,1,09:16:05.336041202
108.7969,2,09:16:06.173978622
108.7969,1,09:16:09.694929994
108.7969,5,09:16:12.889267307
108.7969,200,09:16:20.838690439
108.8125,4,09:16:23.863579956
108.8125,64,09:16:23.866070288
108.8125,1657,09:16:23.868540540
108.8125,6,09:16:23.876270219
108.8125,1,09:16:23.891934377
108.8125,211,09:16:23.893849308
108.8125,32,09:16:23.893872525
108.8125,5,09:16:23.893890832
108.8125,50,09:16:51.075274730
108.8125,1,09:16:51.075421940
108.8125,5,09:16:51.075723367
108.8125,1,09:16:51.075860160
108.8125,1,09:16:51.075986012
108.8125,1,09:16:51.325403845
108.8125,42,09:16:51.325811511
108.8125,1,09:16:51.326093837
108.8125,1,09:16:51.326179013
108.8125,1,09:16:51.326241402
108.8125,8,09:16:51.326301939
108.8125,2,09:16:51.326330862
108.8125,1,09:16:51.326362467
108.8125,84,09:16:51.326513880
108.8125,3,09:16:51.326542677
108.8125,1,09:16:51.326632811
108.8125,218,09:16:51.327192915
108.8125,5,09:16:51.328448655
108.8125,1,09:16:51.328510302
108.8125,2,09:16:51.328543394
108.8125,1,09:16:51.328646704
108.8125,1,09:16:51.332706857
108.8125,5,09:16:51.332758815
108.8125,1,09:16:51.332886825
108.8125,1,09:16:51.333293003
108.8125,2,09:16:51.333880400
108.8125,5,09:16:51.333902651
108.8125,10,09:16:51.334548238
108.8125,32,09:16:51.356474269
108.8125,1,09:16:51.356647255
108.8125,50,09:16:51.357109341
108.8125,45,09:16:51.357190700
108.8125,51,09:16:51.357387888
108.8125,1,09:16:51.357584396
108.8125,1,09:16:51.357629712
108.8125,1,09:16:51.357656456
108.8125,1,09:16:51.358054826
108.8125,155,09:16:51.488750206
108.8125,2,09:16:51.670912167
108.8125,1,09:16:51.671151263
108.8125,1,09:16:51.671199392
108.8125,1,09:16:51.671273320
108.8125,1,09:16:51.671312767
108.8125,2,09:16:51.672142195
108.8125,3,09:16:51.740348222
108.8125,1,09:16:51.740540857
108.8125,11,09:16:51.760983618
108.8125,14,09:16:51.761336807
108.8125,4,09:16:51.761415381
