price,volume,timestamp
117.95,5,08:45:02.599731558
117.95,1,08:45:02.600253736
117.95,3,08:45:02.600253736
117.95,1,08:45:02.600377493
117.95,1,08:45:02.600396421
117.95,1,08:45:02.601037317
117.95,1,08:45:02.628792515
117.95,1,08:45:02.641667704
117.95,1,08:45:02.784182687
117.95,2,08:45:02.784934120
117.95,4,08:45:02.784934120
117.95,1,08:45:02.785026555
117.95,9,08:45:02.791520537
117.95,1,08:45:03.631528729
117.95,1,08:45:03.631755567
117.94,2,08:45:06.302072907
117.94,2,08:45:06.302141002
117.94,1,08:45:06.971323745
117.94,3,08:45:06.971737095
117.94,4,08:45:06.971737095
117.94,1,08:45:06.971737095
117.94,2,08:45:06.971840174
117.94,2,08:45:07.011491479
117.94,2,08:45:09.663895307
117.94,1,08:45:09.663895307
117.94,4,08:45:09.663970690
117.94,2,08:45:09.663984232
117.93,1,08:45:25.000087470
117.93,1,08:45:25.000348359
117.93,1,08:45:25.000373054
117.93,6,08:45:25.000373054
117.93,2,08:45:25.000393066
117.93,1,08:45:25.000393066
117.93,3,08:45:25.000393066
117.93,1,08:45:25.000874394
117.93,1,08:45:25.000889150
117.93,2,08:45:25.000889150
117.93,9,08:45:25.000908041
117.93,2,08:45:25.000908041
117.93,1,08:45:25.000908041
117.93,10,08:45:25.000922089
117.93,1,08:45:25.000938006
117.93,3,08:45:25.043515525
117.93,1,08:45:25.043607915
117.93,1,08:45:25.043625560
117.93,3,08:45:25.043625560
117.93,2,08:45:25.043625560
117.93,2,08:45:25.044032587
117.93,1,08:45:25.075411148
117.93,2,08:45:25.225394450
117.92,1,08:45:34.211356742
117.92,1,08:45:34.211421917
117.92,1,08:45:34.440549727
117.93,5,08:45:38.320042579
117.93,1,08:45:40.232463170
117.93,3,08:45:40.232858888
117.93,3,08:45:40.233014522
117.93,1,08:45:40.233042772
117.93,2,08:45:40.233042772
117.93,2,08:45:40.233057565
117.93,1,08:45:40.233500242
117.93,2,08:45:40.234853767
117.94,2,08:45:40.252189707
117.93,2,08:45:40.254993770
117.93,1,08:45:40.254993770
117.93,2,08:45:40.255127060
117.93,2,08:45:40.255141910
117.93,1,08:45:40.255141910
117.93,1,08:45:40.255158311
117.93,2,08:45:40.255158311
117.93,7,08:45:40.255158311
117.93,2,08:45:40.286434358
117.93,4,08:45:40.286434358
117.93,2,08:45:40.286740755
117.93,2,08:45:40.287222684
117.93,2,08:45:40.308144946
117.93,2,08:45:40.308273224
117.93,2,08:45:40.308293580
117.93,1,08:45:40.308293580
117.93,3,08:45:40.308293580
117.93,1,08:45:40.380081611
117.93,1,08:45:40.381337184
117.93,1,08:45:40.383919589
117.93,5,08:45:40.444857454
117.93,1,08:45:40.448911672
117.93,2,08:45:40.449085838
117.93,1,08:45:40.467984370
117.93,3,08:45:40.468097724
117.93,2,08:45:40.468097724
117.93,4,08:45:40.468113487
117.93,1,08:45:40.521421034
117.93,9,08:45:40.616967082
117.93,2,08:45:40.616981360
117.93,1,08:45:40.629708719
117.93,1,08:45:40.636477456
117.93,1,08:45:40.664826040
117.93,2,08:45:40.666024974
117.93,2,08:45:41.598820306
117.93,3,08:45:41.598903838
117.94,1,08:45:45.059853875
117.94,2,08:45:45.473409578
117.94,1,08:45:45.473493966
117.93,1,08:45:51.117863496
117.93,2,08:45:51.118052150
117.93,1,08:45:51.118052150
117.93,1,08:45:51.118066395
117.93,3,08:45:51.118305992
117.93,2,08:45:51.118333653
117.93,1,08:45:51.118333653
117.93,1,08:45:51.118468482
117.93,2,08:45:51.118590826
117.93,1,08:45:51.118915656
117.93,1,08:45:51.118929937
117.93,1,08:45:51.118944129
117.93,1,08:45:51.118958078
117.93,1,08:45:51.118972398
117.93,1,08:45:51.118985393
117.93,2,08:45:51.118999912
117.93,1,08:45:51.119013374
117.93,1,08:45:51.119028024
117.93,1,08:45:51.119061636
117.93,1,08:45:51.119117442
117.93,5,08:45:51.119133009
117.93,3,08:45:51.119133009
117.93,3,08:45:51.119147819
117.93,3,08:45:51.119165989
117.93,1,08:45:51.119189255
117.93,8,08:45:51.119480429
117.93,2,08:45:51.119981835
117.93,1,08:45:51.119996349
117.93,1,08:45:51.120014106
117.93,2,08:45:51.120014106
117.93,6,08:45:51.120109623
117.93,1,08:45:51.120872663
117.93,4,08:45:51.120872663
117.93,2,08:45:51.120895844
117.93,4,08:45:51.120895844
117.93,2,08:45:51.120992896
117.93,1,08:45:51.121257423
117.93,1,08:45:51.121271887
117.93,3,08:45:51.121395466
117.93,4,08:45:51.121411267
117.93,1,08:45:51.121957212
117.93,3,08:45:51.121957212
117.93,1,08:45:51.130318663
117.93,1,08:45:51.271542411
117.93,7,08:45:51.454139636
117.93,2,08:45:51.454139636
117.93,1,08:45:56.953655080
117.93,1,08:45:56.953764926
117.93,1,08:45:56.953784395
117.93,4,08:45:56.953784395
117.93,7,08:45:56.954032434
117.93,12,08:45:56.954164845
117.93,2,08:45:56.955195149
117.93,1,08:45:56.955698026
117.93,3,08:45:56.956233389
117.93,1,08:45:56.959479300
117.93,1,08:45:56.959574977
117.93,1,08:45:56.959596971
117.93,1,08:45:56.960738797
117.93,1,08:45:59.524429131
117.93,2,08:45:59.524751163
117.93,1,08:45:59.525333703
117.93,9,08:45:59.525348151
117.93,7,08:45:59.527499539
117.93,1,08:45:59.527577535
117.93,1,08:45:59.776647708
117.92,2,08:46:00.013857132
117.92,1,08:46:00.013857132
117.92,1,08:46:00.013871916
117.92,1,08:46:00.013888147
117.92,4,08:46:00.013888147
117.92,2,08:46:00.013902121
117.92,4,08:46:00.013970552
117.92,1,08:46:00.052163466
117.92,2,08:46:00.052163466
117.92,1,08:46:00.052584684
117.92,1,08:46:00.055056879
117.92,2,08:46:00.237145751
117.92,2,08:46:00.237396954
117.92,1,08:46:00.237498157
117.92,2,08:46:00.237588468
117.92,1,08:46:00.237732105
117.92,1,08:46:00.238151847
117.92,1,08:46:00.238363626
117.93,1,08:46:01.068477044
117.93,4,08:46:01.068477044
117.93,1,08:46:01.068910704
117.93,4,08:46:01.068910704
117.93,2,08:46:01.069273911
117.93,2,08:46:01.069763686
117.92,8,08:46:01.248755743
117.92,2,08:46:01.249032556
117.92,1,08:46:01.249032556
117.92,1,08:46:11.963446113
117.92,2,08:46:12.007569085
117.92,1,08:46:12.007569085
117.92,3,08:46:12.007668294
117.92,2,08:46:12.007685123
117.92,1,08:46:12.007685123
117.92,2,08:46:12.048036721
117.92,2,08:46:12.051273299
117.91,2,08:46:12.840513750
117.91,1,08:46:12.840513750
117.91,12,08:46:12.840513750
117.91,1,08:46:12.840761273
117.91,1,08:46:13.313387728
117.91,2,08:46:13.313669194
117.91,1,08:46:13.313856064
117.91,2,08:46:13.313856064
117.91,9,08:46:13.313856064
117.91,1,08:46:13.313868198
117.91,2,08:46:13.314000032
117.91,2,08:46:13.314017907
117.91,1,08:46:13.314017907
117.91,2,08:46:13.314161423
117.91,6,08:46:13.314176156
117.91,2,08:46:13.314190620
117.91,17,08:46:13.314307913
117.91,1,08:46:13.314493847
117.91,21,08:46:13.314514121
117.91,16,08:46:13.314531811
117.91,6,08:46:13.314735100
117.91,1,08:46:13.314955181
117.91,1,08:46:13.314991698
117.91,1,08:46:13.315575414
117.91,3,08:46:13.315597071
117.91,1,08:46:13.315597071
117.91,7,08:46:13.315908286
117.91,2,08:46:13.324609848
117.91,2,08:46:13.324815753
117.91,1,08:46:14.711504262
117.91,4,08:46:14.721897727
117.91,10,08:46:14.721989371
117.91,1,08:46:14.722006677
117.91,1,08:46:14.887422377
117.9,1,08:46:18.939157411
117.9,1,08:46:18.939262122
117.9,1,08:46:18.939629561
117.9,1,08:46:18.941261051
117.9,4,08:46:18.941261051
117.9,22,08:46:18.941261051
117.9,25,08:46:18.941731771
117.9,16,08:46:18.941782715
117.9,5,08:46:18.941933632
117.9,2,08:46:18.941948522
117.9,1,08:46:18.941965853
117.9,5,08:46:18.941979542
117.9,1,08:46:18.942344741
117.9,1,08:46:18.942587406
117.9,1,08:46:18.942821593
117.9,2,08:46:18.942972382
117.9,1,08:46:18.942991934
117.9,1,08:46:18.943261649
117.9,2,08:46:18.943261649
117.9,1,08:46:18.943507065
117.9,1,08:46:18.951809697
117.9,2,08:46:19.047613595
117.91,1,08:46:21.987366486
117.91,1,08:46:21.987457145
117.91,3,08:46:21.987472700
117.91,2,08:46:21.987631264
117.91,1,08:46:21.987743302
117.91,1,08:46:21.987890470
117.91,2,08:46:21.987890470
117.91,4,08:46:21.987890470
117.91,1,08:46:22.125051575
117.91,1,08:46:22.248098737
117.91,1,08:46:22.248169528
117.91,1,08:46:22.273950868
117.91,1,08:46:22.305079602
117.91,2,08:46:22.307265409
117.91,2,08:46:22.992387339
117.91,1,08:46:24.622858908
117.91,2,08:46:24.622937215
117.91,1,08:46:24.921279631
117.91,1,08:46:24.921376058
117.91,2,08:46:24.921390814
117.9,8,08:46:26.642577634
117.9,2,08:46:26.642591192
117.9,1,08:46:26.642793588
117.9,1,08:46:26.642808187
117.9,2,08:46:26.642822190
117.9,1,08:46:26.642822190
117.9,1,08:46:26.642839985
117.9,10,08:46:26.642854267
117.9,7,08:46:26.642854267
117.9,1,08:46:26.642870574
117.9,2,08:46:26.642870574
117.9,4,08:46:26.642884727
117.9,1,08:46:26.644420903
117.9,3,08:46:26.690432984
117.9,1,08:46:26.797107409
117.9,1,08:46:27.275647645
117.9,5,08:46:27.276471532
117.9,1,08:46:27.296877131
117.9,1,08:46:27.296981467
117.9,1,08:46:27.296998956
117.9,2,08:46:27.296998956
117.9,3,08:46:27.296998956
117.9,1,08:46:27.297016137
117.9,1,08:46:27.301482066
117.9,2,08:46:27.308459710
117.9,10,08:46:27.324482403
117.9,10,08:46:27.499449024
117.9,11,08:46:27.600835271
117.9,3,08:46:27.621227765
117.9,1,08:46:27.621227765
117.9,3,08:46:27.621324252
117.9,1,08:46:27.621343414
117.9,2,08:46:27.621343414
117.89,2,08:46:29.472406276
117.89,1,08:46:29.472518070
117.89,1,08:46:29.472535127
117.89,2,08:46:29.472535127
117.89,2,08:46:30.608104035
117.89,6,08:46:30.608188659
117.89,2,08:46:30.608203708
117.89,1,08:46:34.012403677
117.89,1,08:46:34.012766967
117.89,1,08:46:34.029505115
117.89,7,08:46:34.029837693
117.89,1,08:46:34.029997214
117.89,2,08:46:34.029997214
117.89,1,08:46:34.030018737
117.89,2,08:46:34.030135773
117.89,1,08:46:34.206016906
117.88,2,08:46:37.399108568
117.88,2,08:46:37.399122324
117.88,1,08:46:37.399184228
117.89,1,08:46:37.496277576
117.89,1,08:46:37.496360190
117.89,1,08:46:38.426937776
117.89,1,08:46:38.427035702
117.89,2,08:46:38.427052137
117.89,1,08:46:38.427052137
117.89,1,08:46:38.427271004
117.9,10,08:46:40.485030435
117.9,7,08:46:40.485138713
117.9,1,08:46:40.485154764
117.9,2,08:46:40.485154764
117.9,1,08:46:40.485424492
117.9,1,08:46:40.485913209
117.9,4,08:46:44.182702122
117.9,3,08:46:44.183169632
117.9,1,08:46:44.183169632
117.9,7,08:46:44.183169632
117.9,1,08:46:44.183185407
117.9,2,08:46:44.205410681
117.9,1,08:46:44.205511757
117.9,2,08:46:44.205533978
117.9,1,08:46:44.205533978
117.9,1,08:46:44.222254591
117.9,1,08:46:44.266698967
117.9,2,08:46:44.266949798
117.9,1,08:46:44.267081191
117.9,3,08:46:44.267103572
117.9,1,08:46:44.267103572
117.9,2,08:46:44.364534284
117.9,1,08:46:44.409982189
117.89,1,08:46:45.974301500
117.89,1,08:46:45.974385001
117.89,1,08:46:45.974399795
117.89,1,08:46:45.974662912
117.89,2,08:46:45.974682364
117.89,2,08:46:45.975841727
117.89,1,08:46:48.002796249
117.89,3,08:46:48.033305908
117.89,1,08:46:48.033602519
117.9,1,08:46:48.071511796
117.89,1,08:46:48.424633468
117.89,1,08:46:50.773928147
117.89,2,08:46:50.945046660
117.89,2,08:46:50.945145571
117.89,1,08:46:50.945162285
117.89,4,08:46:50.945861677
117.89,1,08:46:51.752446383
117.89,2,08:46:53.407232179
117.89,7,08:46:53.407387276
117.89,1,08:46:53.407414706
117.89,3,08:46:53.407414706
117.89,1,08:46:53.435827525
117.89,6,08:46:53.989442457
117.89,1,08:46:53.989469520
117.9,2,08:46:54.141574680
117.9,1,08:46:54.203946381
117.9,1,08:46:54.204794837
117.9,1,08:46:54.296060007
117.9,1,08:46:54.354954089
117.9,1,08:46:54.423745242
117.9,1,08:46:55.187081341
117.9,1,08:47:00.407400992
117.9,2,08:47:00.407400992
117.9,2,08:47:00.407500515
117.9,1,08:47:00.407500515
117.9,1,08:47:01.789025429
117.9,1,08:47:01.789467057
117.9,1,08:47:01.789648017
117.9,2,08:47:03.559432617
117.9,5,08:47:03.559813503
117.9,4,08:47:03.559813503
117.9,2,08:47:03.559813503
117.9,1,08:47:03.559945611
117.9,2,08:47:03.559945611
117.9,1,08:47:08.014252229
117.9,5,08:47:08.014349950
117.9,2,08:47:08.014364008
117.9,1,08:47:08.014379558
117.9,4,08:47:08.014740632
117.9,6,08:47:08.014758700
117.9,1,08:47:08.014830085
117.9,2,08:47:08.014830085
117.9,1,08:47:08.014861311
117.9,1,08:47:08.015507832
117.9,1,08:47:08.015663493
117.9,2,08:47:08.015687841
117.9,2,08:47:15.523780225
117.9,4,08:47:15.523954307
117.9,1,08:47:15.523969472
117.9,2,08:47:15.524167750
117.9,1,08:47:15.524183053
117.9,7,08:47:15.524183053
117.9,2,08:47:15.524183053
117.9,3,08:47:15.524183053
117.9,10,08:47:15.524349954
117.9,2,08:47:15.524382889
117.9,1,08:47:15.524382889
117.9,2,08:47:15.560865895
117.9,2,08:47:15.560952611
117.9,5,08:47:15.560967673
117.9,5,08:47:15.582841310
117.9,2,08:47:15.582924919
117.9,1,08:47:15.582943111
117.9,2,08:47:15.582943111
117.9,5,08:47:15.604781124
117.9,5,08:47:15.605507460
117.9,1,08:47:15.607131616
117.9,1,08:47:15.608190738
117.9,2,08:47:15.654350287
117.9,1,08:47:15.733269627
117.9,1,08:47:15.733351975
117.9,9,08:47:16.050172514
117.9,1,08:47:16.069992740
117.9,3,08:47:16.069992740
117.9,1,08:47:16.070118964
117.9,4,08:47:16.070145152
117.9,2,08:47:16.070145152
117.9,8,08:47:16.070145152
117.9,4,08:47:16.111048904
117.9,7,08:47:16.111361614
117.9,1,08:47:16.130207047
117.9,2,08:47:16.130224035
117.9,9,08:47:16.405016119
117.9,1,08:47:16.405016119
117.9,2,08:47:16.424983430
117.9,1,08:47:16.425086214
117.89,1,08:47:21.812454704
117.89,1,08:47:21.812791603
117.89,1,08:47:21.812918379
117.89,2,08:47:21.812918379
117.89,6,08:47:21.812934732
117.89,4,08:47:21.813109154
117.89,1,08:47:21.814300439
117.89,2,08:47:22.087400805
117.89,1,08:47:22.169040672
117.89,1,08:47:22.242667837
117.89,1,08:47:22.398952197
117.89,1,08:47:22.462526640
117.89,1,08:47:25.386988816
117.89,1,08:47:25.387070307
117.89,1,08:47:25.408598785
117.88,2,08:47:27.552809903
117.88,1,08:47:27.552809903
117.88,4,08:47:27.552823721
117.88,2,08:47:27.552874239
117.88,1,08:47:27.552892934
117.88,2,08:47:27.552892934
117.88,1,08:47:27.755810694
117.89,1,08:47:28.551719045
117.89,2,08:47:28.551719045
117.89,2,08:47:28.551814724
117.89,3,08:47:28.552171697
117.89,1,08:47:28.552279975
117.89,1,08:47:28.552307859
117.89,2,08:47:28.552307859
117.89,1,08:47:28.552810378
117.89,1,08:47:31.971290458
117.89,3,08:47:31.971593466
117.89,4,08:47:31.971667751
117.89,3,08:47:31.971836797
117.89,2,08:47:31.971949933
117.89,1,08:47:31.971949933
117.89,1,08:47:31.972098656
117.89,1,08:47:31.972606991
117.89,1,08:47:32.031150110
117.89,1,08:47:32.142150690
117.89,1,08:47:33.818882366
117.89,1,08:47:33.818982097
117.89,2,08:47:35.190551790
117.89,1,08:47:35.190705133
117.89,2,08:47:35.190705133
117.89,1,08:47:36.247504459
117.89,1,08:47:36.247564511
117.89,4,08:47:36.247774036
117.89,1,08:47:36.247774036
117.89,2,08:47:36.247877485
117.89,2,08:47:36.247895357
117.89,1,08:47:36.445916684
117.89,3,08:47:38.159828861
117.89,2,08:47:38.159828861
117.89,2,08:47:44.952631989
117.89,1,08:47:44.952631989
117.88,1,08:47:49.359688044
117.88,111,08:47:49.359688044
117.88,2,08:47:49.359810505
117.88,2,08:47:49.359827222
117.88,1,08:47:49.359827222
117.88,1,08:47:49.359843638
117.88,3,08:47:49.399522347
117.88,1,08:47:49.436888913
117.88,1,08:47:49.436960839
117.87,1,08:47:49.466607910
117.87,1,08:47:49.466716351
117.87,1,08:47:49.466736793
117.87,1,08:47:49.467285791
117.87,1,08:47:49.554817382
117.87,19,08:47:50.599394922
117.87,1,08:47:50.599420815
117.87,2,08:47:50.599420815
117.87,1,08:47:50.630701771
117.88,5,08:47:50.916213358
117.88,3,08:47:50.916301166
117.88,3,08:47:50.916562770
117.88,2,08:47:50.916562770
117.88,1,08:47:50.916562770
117.88,1,08:47:51.043628794
117.88,1,08:47:51.282789634
117.88,1,08:47:51.282955413
117.88,2,08:47:51.283143541
117.88,1,08:47:51.283240956
117.88,2,08:47:51.283444897
117.88,2,08:47:51.283525483
117.88,1,08:47:51.284290217
117.88,1,08:47:51.284394388
117.88,1,08:47:51.284639265
117.88,1,08:47:51.285165068
117.88,3,08:47:51.291761119
117.88,1,08:47:51.291869921
117.88,1,08:47:51.307340449
117.88,1,08:47:52.048979002
117.87,2,08:47:56.703776542
117.87,1,08:47:56.703934103
117.87,7,08:47:56.703950826
117.87,1,08:47:56.703950826
117.87,1,08:47:56.704150983
117.87,10,08:47:56.704166513
117.87,1,08:47:56.704166513
117.87,5,08:47:56.704166513
117.87,2,08:47:56.704166513
117.87,4,08:47:56.704314250
117.87,4,08:47:56.704342436
117.87,1,08:47:56.704802372
117.88,7,08:48:00.667710211
117.88,1,08:48:00.667824677
117.88,2,08:48:00.667843794
117.88,1,08:48:00.667843794
117.88,9,08:48:00.667843794
117.88,1,08:48:00.688982382
117.88,2,08:48:00.689201175
117.88,1,08:48:00.689216771
117.88,1,08:48:00.689230973
117.88,7,08:48:00.689248752
117.88,2,08:48:00.689248752
117.88,1,08:48:00.689248752
117.88,1,08:48:00.689264295
117.88,8,08:48:00.689283303
117.88,3,08:48:00.689283303
117.88,2,08:48:00.689297460
117.88,9,08:48:00.689311772
117.88,5,08:48:00.689328860
117.89,1,08:48:02.013376606
117.89,1,08:48:02.081489278
117.89,2,08:48:02.081573502
117.89,1,08:48:02.081592676
117.89,13,08:48:02.081592676
117.89,2,08:48:02.082114911
117.89,3,08:48:02.232928105
117.89,1,08:48:02.257246277
117.89,1,08:48:02.263909475
117.89,12,08:48:05.732633932
117.89,2,08:48:05.732633932
117.89,3,08:48:05.732741651
117.89,1,08:48:05.733044158
117.89,2,08:48:05.733215251
117.89,1,08:48:05.733230258
117.89,2,08:48:05.733394728
117.89,2,08:48:05.783978457
117.89,1,08:48:07.666437602
117.89,1,08:48:09.305922595
117.9,1,08:48:12.014733907
117.89,2,08:48:12.670710845
117.89,2,08:48:12.670801456
117.89,1,08:48:12.670815866
117.89,3,08:48:12.671093130
117.89,1,08:48:12.729193830
117.89,1,08:48:14.443693553
117.89,1,08:48:14.572523212
117.89,2,08:48:21.317973110
117.89,2,08:48:30.585513030
117.89,1,08:48:30.585621106
117.89,2,08:48:30.585758277
117.89,2,08:48:30.585863522
117.89,4,08:48:30.585991396
117.89,5,08:48:30.585991396
117.89,1,08:48:30.764406498
117.89,1,08:48:30.785413399
117.89,2,08:48:31.456465453
117.89,1,08:48:31.456465453
117.89,1,08:48:32.013316808
117.88,2,08:48:35.017776464
117.88,1,08:48:35.017996412
117.88,1,08:48:35.018020076
117.88,1,08:48:35.018046831
117.88,2,08:48:35.018046831
117.88,1,08:48:35.018197381
117.88,4,08:48:35.018211848
117.88,1,08:48:35.018225201
117.88,8,08:48:35.018240057
117.88,18,08:48:35.018240057
117.88,3,08:48:35.018255938
117.88,1,08:48:35.018269212
117.88,1,08:48:35.061111081
117.88,2,08:48:35.061213823
117.88,1,08:48:35.061235644
117.88,3,08:48:35.061235644
117.88,2,08:48:35.061235644
117.88,1,08:48:35.096858483
117.88,1,08:48:35.096942470
117.88,1,08:48:35.096957100
117.88,1,08:48:35.097722144
117.88,1,08:48:35.132295099
117.88,1,08:48:35.197330567
117.88,1,08:48:36.431732511
117.88,2,08:48:36.431811173
117.88,2,08:48:36.431826825
117.88,1,08:48:36.431988972
117.88,1,08:48:36.432157157
117.88,2,08:48:36.432477112
117.88,2,08:48:36.455833663
117.88,1,08:48:36.455925553
117.88,1,08:48:36.533890964
117.88,1,08:48:36.533997043
117.88,2,08:48:36.534013155
117.88,11,08:48:36.534013155
117.88,2,08:48:36.571308615
117.88,1,08:48:36.571387095
117.88,2,08:48:47.272495931
117.88,1,08:48:47.272893968
117.88,6,08:48:47.272893968
117.88,1,08:48:47.273062545
117.88,11,08:48:47.273062545
117.88,1,08:48:47.273088877
117.88,1,08:48:47.294592786
117.88,1,08:48:47.294761499
117.88,2,08:48:47.294784811
117.88,1,08:48:47.294784811
117.88,1,08:48:47.294805295
117.88,2,08:48:47.294805295
117.88,1,08:48:47.321752076
117.88,4,08:48:47.325367695
117.88,6,08:48:47.326115798
117.88,5,08:48:47.347197745
117.88,4,08:48:47.347361063
117.88,9,08:48:47.367211302
117.88,1,08:48:47.369539310
117.88,1,08:48:47.385264515
117.88,2,08:48:47.385280294
117.88,7,08:48:47.408481168
117.89,1,08:48:52.006240731
117.89,1,08:48:52.006770047
117.89,4,08:48:52.006917663
117.89,1,08:48:52.006948860
117.89,2,08:48:52.006948860
117.89,1,08:48:52.036067695
117.89,1,08:48:52.036154706
117.89,1,08:48:52.036169868
117.89,3,08:48:52.046963153
117.89,1,08:48:52.047151496
117.89,1,08:48:52.047165985
117.89,1,08:48:52.047322971
117.89,4,08:48:52.047421703
117.89,1,08:48:52.307566545
117.89,1,08:48:52.307679934
117.89,1,08:48:52.308022164
117.89,1,08:48:52.308963908
117.89,1,08:48:55.439838223
117.89,1,08:48:55.439951708
117.89,2,08:48:55.439968876
117.89,4,08:48:55.439968876
117.89,1,08:48:55.440112309
117.88,1,08:48:55.440126149
117.88,1,08:48:55.440371173
117.88,1,08:48:55.440385301
117.88,2,08:48:55.440400277
117.88,1,08:48:55.440416069
117.88,2,08:48:55.440430050
117.88,2,08:48:55.440583960
117.88,4,08:48:55.440599109
117.88,2,08:48:55.440617346
117.88,1,08:48:55.440617346
117.88,1,08:48:55.440630171
117.88,8,08:48:55.440643947
117.88,2,08:48:55.440657512
117.88,1,08:48:55.440761397
117.88,1,08:48:55.440778651
117.88,1,08:48:55.440792376
117.88,7,08:48:55.440814341
117.88,2,08:48:55.440831137
117.88,1,08:48:55.440847009
117.88,9,08:48:55.440862680
117.88,1,08:48:55.440876808
117.88,1,08:48:55.440895160
117.88,8,08:48:55.440913585
117.88,5,08:48:55.441223044
117.88,1,08:48:55.441236923
117.88,1,08:48:55.441256094
117.89,3,08:48:55.450496443
117.89,1,08:48:55.450496443
117.89,1,08:48:55.463870722
117.89,1,08:48:55.463946792
117.88,2,08:48:55.501766226
117.88,1,08:48:55.501858350
117.88,2,08:48:55.501873467
117.88,3,08:48:55.501873467
117.88,1,08:48:55.501873467
117.88,6,08:48:55.525746996
117.88,1,08:48:55.525833265
117.88,2,08:48:55.525849266
117.88,1,08:48:55.548638569
117.88,9,08:48:55.549675409
117.88,1,08:48:55.549767917
117.88,11,08:48:55.568692088
117.88,1,08:48:55.704034254
117.88,2,08:48:55.704381470
117.88,1,08:48:55.712161634
117.88,7,08:48:55.712347717
117.88,1,08:48:55.712428126
117.88,8,08:48:55.911451936
117.88,3,08:48:55.911617203
117.88,3,08:48:55.995258084
117.88,4,08:48:56.751763044
117.88,1,08:48:56.751763044
117.88,2,08:48:56.762556509
117.88,1,08:48:56.762814259
117.89,1,08:49:03.016802594
117.89,1,08:49:03.016899650
117.89,2,08:49:03.016915109
117.89,1,08:49:03.017103393
117.89,1,08:49:03.017354081
117.89,2,08:49:03.017379524
117.89,1,08:49:03.017379524
117.89,4,08:49:03.017379524
117.89,2,08:49:03.020321500
117.9,3,08:49:03.387993451
117.9,2,08:49:03.388032337
117.9,5,08:49:03.388032337
117.9,1,08:49:03.388625601
117.9,2,08:49:03.389212656
117.9,1,08:49:03.389212656
117.9,5,08:49:03.389212656
117.9,1,08:49:03.389238105
117.9,13,08:49:03.389238105
117.9,1,08:49:03.389736611
117.9,4,08:49:03.389864300
117.9,1,08:49:03.389893219
117.9,2,08:49:03.390017894
117.9,1,08:49:03.390511926
117.9,1,08:49:03.390775951
117.9,1,08:49:03.409033238
117.9,8,08:49:03.409118338
117.91,1,08:49:03.431126052
117.91,1,08:49:03.431544941
117.91,1,08:49:03.460054237
117.92,2,08:49:03.514320104
117.92,1,08:49:03.514320104
117.92,2,08:49:03.515035230
117.92,8,08:49:03.515035230
117.92,3,08:49:03.515056203
117.92,1,08:49:03.515056203
117.92,4,08:49:03.515424251
117.92,15,08:49:03.515424251
117.92,4,08:49:03.515549082
117.92,2,08:49:03.515744462
117.92,1,08:49:03.515778839
117.92,3,08:49:03.515797626
117.92,2,08:49:03.515951755
117.92,14,08:49:03.527975647
117.93,1,08:49:04.977644290
117.93,1,08:49:04.977731166
117.93,1,08:49:04.977757864
117.93,2,08:49:04.977757864
117.93,1,08:49:05.017376980
117.93,3,08:49:05.156667961
117.93,2,08:49:05.156737814
117.93,1,08:49:05.303378092
117.94,1,08:49:06.269275618
117.94,4,08:49:06.269289483
117.94,7,08:49:06.269455172
117.94,1,08:49:06.269469793
117.94,3,08:49:06.269469793
117.94,2,08:49:06.269469793
117.94,5,08:49:06.269488986
117.94,2,08:49:06.269488986
117.94,4,08:49:06.269488986
117.94,1,08:49:06.269488986
117.95,1,08:49:06.298911489
117.95,2,08:49:06.298911489
117.95,2,08:49:06.299237994
117.95,1,08:49:07.490558880
117.95,2,08:49:07.490558880
117.95,2,08:49:07.490664023
117.95,1,08:49:07.490679050
117.95,1,08:49:07.490896759
117.95,1,08:49:08.730362518
117.95,2,08:49:08.730472911
117.95,1,08:49:08.730498226
117.95,2,08:49:08.730498226
117.95,1,08:49:09.223530962
117.95,1,08:49:10.009525856
117.95,2,08:49:10.009548003
117.95,1,08:49:10.009548003
117.95,4,08:49:10.009548003
117.95,1,08:49:10.009644793
117.95,13,08:49:10.009903116
117.95,1,08:49:10.080683883
117.94,1,08:49:10.951660404
117.94,3,08:49:10.951842439
117.94,1,08:49:10.951842439
117.94,2,08:49:10.951842439
117.94,1,08:49:10.951857237
117.94,2,08:49:10.951984333
117.94,2,08:49:10.952226334
117.94,1,08:49:10.952226334
117.94,3,08:49:10.952397303
117.94,2,08:49:10.952397303
117.94,1,08:49:10.952397303
117.94,2,08:49:10.952697395
117.95,1,08:49:15.021770032
117.95,2,08:49:15.021785853
117.95,2,08:49:15.021958396
117.95,7,08:49:15.022092208
117.95,1,08:49:15.022367757
117.95,2,08:49:15.055007728
117.95,1,08:49:15.055088902
117.95,1,08:49:15.055737004
117.95,1,08:49:15.080576021
117.95,2,08:49:15.221272180
117.95,1,08:49:22.362458103
117.95,1,08:49:22.362782196
117.95,1,08:49:22.362799418
117.95,4,08:49:22.362799418
117.95,2,08:49:22.362818032
117.95,1,08:49:23.318099055
117.95,1,08:49:23.318344552
117.95,1,08:49:23.318501301
117.95,1,08:49:23.318516059
117.95,1,08:49:23.318924491
117.95,2,08:49:23.318924491
117.95,3,08:49:23.318924491
117.95,2,08:49:23.322511557
117.95,1,08:49:24.100687964
117.95,2,08:49:24.138607853
117.95,2,08:49:25.158818646
117.95,1,08:49:25.158834541
117.95,7,08:49:25.158850518
117.95,1,08:49:25.322227092
117.94,3,08:49:29.902233438
117.94,1,08:49:29.902233438
117.94,1,08:49:29.902334274
117.94,2,08:49:29.902334274
117.94,1,08:49:29.902577304
117.94,10,08:49:29.902577304
117.94,2,08:49:29.912956590
117.94,1,08:49:29.913393018
117.94,4,08:49:29.914286305
117.94,1,08:49:35.349960878
117.94,9,08:49:35.350049128
117.94,2,08:49:35.350065685
117.94,1,08:49:35.350262584
117.94,2,08:49:35.350262584
117.94,1,08:49:35.351011341
117.94,2,08:49:35.351282273
117.94,1,08:49:35.351545302
117.94,1,08:49:35.354907640
117.94,1,08:49:35.428719360
117.94,1,08:49:35.428831965
117.94,1,08:49:35.429296889
117.94,1,08:49:35.429690333
117.94,1,08:49:36.069054447
117.93,1,08:49:41.611211686
117.93,2,08:49:41.611225532
117.93,1,08:49:41.611321337
117.93,2,08:49:41.611321337
117.93,5,08:49:41.611341074
117.93,1,08:49:41.819705767
117.93,1,08:49:41.819899691
117.93,1,08:49:42.390012103
117.93,1,08:49:46.247211171
117.93,2,08:49:46.247224985
117.93,2,08:49:46.247350360
117.93,1,08:49:46.247350360
117.93,1,08:49:46.247365150
117.93,1,08:49:46.247655736
117.93,2,08:49:46.247686604
117.93,1,08:49:46.247686604
117.93,1,08:49:46.258110485
117.93,4,08:49:47.118890662
117.93,1,08:49:47.119209086
117.93,1,08:49:47.119298002
117.93,5,08:49:47.849351418
117.93,1,08:49:47.849365670
117.93,5,08:49:47.849421069
117.93,8,08:49:48.676960686
117.93,2,08:49:48.677040689
117.93,1,08:49:48.677274071
117.93,1,08:49:48.698200933
117.93,2,08:49:48.698287942
117.93,1,08:49:48.698287942
117.93,2,08:49:48.698303490
117.93,1,08:49:48.721705874
117.93,3,08:49:48.721705874
117.93,1,08:49:48.721792377
117.93,3,08:49:48.721792377
117.93,1,08:49:48.722005903
117.93,1,08:49:49.942391630
117.94,1,08:49:51.707004167
117.93,2,08:49:53.058962572
117.93,1,08:49:53.059053694
117.93,2,08:49:53.059069239
117.93,2,08:49:53.264287185
117.93,1,08:49:55.595725646
117.93,1,08:49:55.595793546
117.93,1,08:49:55.596096961
117.93,2,08:49:55.601424528
117.93,1,08:49:55.601743568
117.92,1,08:49:55.944494690
117.92,2,08:49:55.944494690
117.92,1,08:49:57.373884788
117.92,1,08:49:59.284316013
117.92,1,08:49:59.284944191
117.92,1,08:49:59.286106293
117.93,1,08:49:59.498177699
117.93,1,08:49:59.498240742
117.92,2,08:49:59.619356437
117.92,1,08:49:59.749777249
117.92,1,08:49:59.749841917
117.92,2,08:49:59.750004676
117.92,1,08:50:00.902835166
117.92,1,08:50:00.903037799
117.93,1,08:50:02.013616034
117.93,1,08:50:03.014165073
117.93,1,08:50:09.635660251
117.93,1,08:50:12.014034290
117.93,1,08:50:12.146006471
117.93,3,08:50:12.146105996
117.93,1,08:50:12.146121846
117.93,1,08:50:12.146266556
117.93,1,08:50:12.146281394
117.93,1,08:50:12.146398857
117.93,1,08:50:13.633983980
117.93,11,08:50:13.634097874
117.93,4,08:50:13.634114232
117.93,20,08:50:13.634114232
117.93,2,08:50:13.634114232
117.93,2,08:50:13.634129263
117.93,8,08:50:13.634129263
117.93,3,08:50:13.654628561
117.93,1,08:50:15.964146181
117.93,3,08:50:15.964461982
117.93,1,08:50:15.964461982
117.93,1,08:50:15.981241274
117.93,1,08:50:15.994722420
117.93,3,08:50:16.009205386
117.93,1,08:50:16.009310237
117.93,2,08:50:16.009330903
117.93,1,08:50:16.037857681
117.93,1,08:50:16.068708467
117.93,4,08:50:16.068801430
117.93,1,08:50:16.068816636
117.93,7,08:50:16.109129170
117.93,1,08:50:16.109238676
117.93,1,08:50:16.109254423
117.93,1,08:50:16.147176645
117.93,1,08:50:16.807528600
117.93,1,08:50:16.807602091
117.93,1,08:50:16.807618094
117.93,1,08:50:17.286939107
117.92,1,08:50:17.544972022
117.92,2,08:50:17.545162076
117.92,3,08:50:17.545190806
117.92,1,08:50:17.545190806
117.92,2,08:50:17.545190806
117.92,1,08:50:17.545209980
117.92,4,08:50:17.545209980
117.92,3,08:50:17.545209980
117.92,1,08:50:17.545398089
117.92,4,08:50:17.545411727
117.92,1,08:50:17.545425254
117.92,1,08:50:17.545442911
117.92,1,08:50:17.545460931
117.92,10,08:50:17.545460931
117.92,6,08:50:17.545477798
117.92,1,08:50:19.598277352
117.92,3,08:50:19.598510910
117.92,2,08:50:19.598663943
117.92,1,08:50:19.598678535
117.92,1,08:50:19.598701959
117.93,1,08:50:26.057706361
117.92,13,08:50:31.559764902
117.92,10,08:50:31.559764902
117.92,2,08:50:31.559929971
117.92,1,08:50:31.559946708
117.92,2,08:50:31.560207597
117.92,1,08:50:31.560223050
117.92,3,08:50:31.560223050
117.92,2,08:50:31.560478297
117.92,1,08:50:31.560524867
117.92,1,08:50:31.561395302
117.92,2,08:50:31.607653569
117.92,1,08:50:31.607839238
117.92,2,08:50:31.623211421
117.92,4,08:50:31.623412089
117.92,10,08:50:31.644025839
117.92,2,08:50:31.672152460
117.91,1,08:50:34.660295059
117.91,1,08:50:34.660609860
117.91,1,08:50:34.660766477
117.91,35,08:50:34.660766477
117.91,2,08:50:34.660766477
117.91,1,08:50:34.660784707
117.91,3,08:50:34.660784707
117.91,2,08:50:34.684534765
117.9,1,08:50:42.170359981
117.9,1,08:50:42.170459251
117.9,1,08:50:42.170473183
117.9,1,08:50:51.712808059
117.9,1,08:50:51.712978625
117.9,1,08:50:51.713008289
117.9,2,08:50:51.713008289
117.9,3,08:50:51.713026432
117.9,2,08:50:51.713026432
117.9,1,08:50:51.713026432
117.9,2,08:50:51.713581025
117.9,1,08:50:51.723516781
117.9,1,08:50:51.723631444
117.9,2,08:50:53.385397489
117.9,1,08:50:53.385418106
117.9,3,08:50:53.385418106
117.9,1,08:50:53.432327205
117.9,1,08:50:53.432422453
117.9,1,08:50:55.193771525
117.9,1,08:50:55.193789467
117.9,1,08:50:58.289794051
117.9,2,08:51:00.145449017
117.91,2,08:51:01.054405965
117.91,1,08:51:01.054488192
117.91,1,08:51:01.054503177
117.91,1,08:51:01.054806336
117.91,1,08:51:01.054911164
117.91,2,08:51:01.055115497
117.91,1,08:51:01.055115497
117.91,3,08:51:01.055115497
117.91,1,08:51:01.055130159
117.91,3,08:51:01.055258086
117.91,1,08:51:01.055274015
117.92,1,08:51:01.530415022
117.92,1,08:51:01.530539822
117.92,4,08:51:01.530633364
117.92,2,08:51:01.530819133
117.92,2,08:51:01.530838170
117.92,3,08:51:01.531014211
117.92,4,08:51:01.531014211
117.92,1,08:51:01.531014211
117.92,1,08:51:01.531132134
117.92,11,08:51:01.569039792
117.92,2,08:51:01.569153421
117.92,1,08:51:01.569171796
117.92,2,08:51:01.569171796
117.92,18,08:51:01.569435814
117.92,2,08:51:01.569575859
117.91,1,08:51:01.912505455
117.91,1,08:51:02.608892109
117.91,1,08:51:02.608983722
117.91,1,08:51:02.609262288
117.91,1,08:51:02.609384394
117.91,1,08:51:02.609411611
117.91,11,08:51:02.609411611
117.91,1,08:51:02.609551933
117.91,2,08:51:02.609551933
117.91,1,08:51:02.609565994
117.91,1,08:51:02.609696650
117.91,1,08:51:02.609710570
117.91,2,08:51:02.609710570
117.91,1,08:51:02.609729117
117.9,2,08:51:08.935353072
117.9,1,08:51:08.935583261
117.9,1,08:51:08.935599216
117.9,7,08:51:08.935599216
117.9,2,08:51:08.935599216
117.9,1,08:51:08.935820448
117.9,1,08:51:08.935835491
117.9,2,08:51:08.935835491
117.9,4,08:51:08.935848480
117.9,3,08:51:08.936043101
117.9,1,08:51:08.936057027
117.9,2,08:51:08.936075081
117.9,1,08:51:08.936075081
117.9,3,08:51:08.936075081
117.9,10,08:51:08.936090054
117.9,3,08:51:08.936104010
117.9,9,08:51:08.936104010
117.9,1,08:51:08.936118112
117.9,1,08:51:08.936132390
117.9,1,08:51:08.936148195
117.9,1,08:51:08.978806198
117.9,2,08:51:08.978877753
117.9,7,08:51:08.979283968
117.9,11,08:51:09.000730818
117.9,11,08:51:09.017985875
117.9,2,08:51:09.018079225
117.9,2,08:51:09.018100390
117.9,1,08:51:09.018100390
117.9,3,08:51:09.018100390
117.9,10,08:51:09.040692014
117.9,2,08:51:09.058024009
117.9,1,08:51:09.058120133
117.9,1,08:51:09.058331474
117.9,2,08:51:09.058581550
117.9,1,08:51:09.058777634
117.9,1,08:51:09.097108809
117.9,8,08:51:09.097309493
117.9,1,08:51:09.188210930
117.9,6,08:51:09.197160937
117.9,3,08:51:09.197435203
117.9,1,08:51:09.288625472
117.9,5,08:51:12.101387427
117.9,1,08:51:15.069205435
117.89,1,08:51:17.635376348
117.89,1,08:51:17.635766130
117.89,2,08:51:17.635949426
117.89,2,08:51:17.635966287
117.89,1,08:51:17.635966287
117.89,2,08:51:17.635981432
117.89,6,08:51:17.635981432
117.89,2,08:51:17.636310504
117.89,1,08:51:17.636310504
117.89,5,08:51:17.636310504
117.89,3,08:51:17.636310504
117.89,1,08:51:17.636334031
117.89,2,08:51:17.636334031
117.89,1,08:51:17.655190076
117.89,2,08:51:17.662732397
117.89,1,08:51:17.676658394
117.89,1,08:51:17.676735782
117.89,1,08:51:17.682284467
117.89,2,08:51:17.682371170
117.89,1,08:51:17.682386374
117.89,2,08:51:17.685165902
117.89,1,08:51:18.513428293
117.89,1,08:51:22.014510374
117.89,1,08:51:22.014569999
117.89,1,08:51:22.331247633
117.89,1,08:51:22.331336181
117.9,1,08:51:26.814041053
117.9,2,08:51:26.814041053
117.9,1,08:51:26.814498575
117.9,8,08:51:26.814498575
117.9,3,08:51:26.814498575
117.9,2,08:51:26.814642911
117.9,2,08:51:26.835152043
117.9,1,08:51:26.852446681
117.9,2,08:51:29.825748945
117.9,1,08:51:29.825837064
117.9,13,08:51:29.825852341
117.9,1,08:51:29.826255051
117.91,1,08:51:33.948899056
117.91,3,08:51:33.949222327
117.91,6,08:51:33.949222327
117.91,1,08:51:33.949222327
117.91,2,08:51:33.949322720
117.91,2,08:51:33.949341130
117.91,1,08:51:33.949874672
117.91,3,08:51:33.950021248
117.91,1,08:51:33.950021248
117.91,2,08:51:33.950050275
117.91,1,08:51:33.950050275
117.91,2,08:51:35.999430285
117.91,2,08:51:35.999511531
117.91,2,08:51:35.999669885
117.91,1,08:51:35.999791283
117.92,1,08:51:44.212758042
117.92,7,08:51:44.212774410
117.92,3,08:51:44.212876759
117.92,4,08:51:44.213013917
117.92,2,08:51:44.213035587
117.92,3,08:51:44.213035587
117.92,4,08:51:44.213035587
117.92,7,08:51:44.234655938
117.92,2,08:51:44.234673894
117.92,2,08:51:44.278116237
117.92,1,08:51:44.404123066
117.91,2,08:51:44.483922756
117.91,1,08:51:44.484142447
117.91,7,08:51:44.484164908
117.91,1,08:51:44.484164908
117.91,3,08:51:44.484164908
117.91,4,08:51:44.484164908
117.91,9,08:51:44.484190002
117.91,1,08:51:44.484190002
117.91,4,08:51:44.484190002
117.91,11,08:51:44.484190002
117.91,3,08:51:44.484203925
117.91,2,08:51:44.520981879
117.91,4,08:51:44.521083396
117.91,1,08:51:44.521083396
117.91,1,08:51:44.542576706
117.91,10,08:51:44.542576706
117.91,1,08:51:44.542751343
117.91,1,08:51:44.542765465
117.91,7,08:51:44.542765465
117.91,2,08:51:44.542780296
117.91,1,08:51:44.542780296
117.91,1,08:51:44.542795721
117.91,2,08:51:44.542809647
117.91,1,08:51:44.542809647
117.91,9,08:51:44.542825215
117.91,3,08:51:44.542825215
117.91,1,08:51:44.542840351
117.91,2,08:51:44.542840351
117.91,7,08:51:44.542854277
117.91,2,08:51:44.577971410
117.91,4,08:51:44.577971410
117.91,1,08:51:44.578061694
117.91,1,08:51:44.578076956
117.91,2,08:51:44.601905263
117.91,9,08:51:44.602001951
117.91,2,08:51:44.602025211
117.91,1,08:51:44.602025211
117.91,1,08:51:44.626129398
117.91,4,08:51:44.626129398
117.91,3,08:51:44.626405718
117.91,1,08:51:44.626683580
117.91,1,08:51:44.627253548
117.91,1,08:51:44.657686542
117.91,4,08:51:44.672612136
117.91,5,08:51:44.672797604
117.91,3,08:51:44.691146420
117.91,1,08:51:44.691146420
117.91,1,08:51:44.691235419
117.91,6,08:51:44.691235419
117.91,1,08:51:44.691251783
117.91,1,08:51:44.702103204
117.91,1,08:51:44.827247766
117.91,9,08:51:45.726551136
117.91,1,08:51:45.726825446
117.91,1,08:51:45.820544918
117.91,1,08:51:45.829690867
117.9,1,08:51:49.676594492
117.9,2,08:51:49.676617458
117.9,1,08:51:49.676617458
117.9,1,08:51:49.677820506
117.9,1,08:51:49.678135917
117.9,2,08:51:49.678240974
117.9,1,08:51:54.248741551
117.9,2,08:51:54.248869164
117.9,2,08:51:54.248982983
117.9,1,08:51:54.249004062
117.9,3,08:51:54.249359723
117.9,1,08:51:54.338621333
117.9,1,08:51:54.338933975
117.9,3,08:51:54.338933975
117.9,2,08:51:57.955281609
117.9,1,08:51:57.955667228
117.9,1,08:51:57.955687877
117.9,1,08:51:57.955777841
117.9,1,08:51:57.955793169
117.9,1,08:51:57.957140990
117.9,1,08:51:57.957224596
117.9,1,08:51:57.957898055
117.9,1,08:51:57.958460373
117.9,1,08:51:57.958840668
117.9,1,08:51:58.137976590
117.9,2,08:52:01.238602181
117.9,1,08:52:01.975082560
117.9,1,08:52:01.975504704
117.9,2,08:52:01.975656112
117.9,1,08:52:01.975656112
117.9,1,08:52:01.975771078
117.9,3,08:52:03.013289194
117.9,1,08:52:03.013365770
117.91,1,08:52:06.044923536
117.91,1,08:52:06.045190308
117.91,1,08:52:06.122140084
117.91,3,08:52:06.122533219
117.91,2,08:52:08.807821910
117.91,1,08:52:08.807882060
117.91,3,08:52:08.818969692
117.91,2,08:52:08.819057089
117.91,1,08:52:08.819080258
117.91,2,08:52:08.827818364
117.91,1,08:52:08.827886655
117.91,1,08:52:08.827906284
117.91,4,08:52:08.836983980
117.91,1,08:52:08.837108162
117.91,3,08:52:08.848194945
117.91,1,08:52:08.856168949
117.91,1,08:52:08.856264203
117.91,1,08:52:08.856279959
117.92,1,08:52:09.688419454
117.92,1,08:52:09.688525918
117.92,10,08:52:09.688525918
117.92,1,08:52:09.688546273
117.92,2,08:52:09.688546273
117.92,3,08:52:09.688640965
117.92,2,08:52:09.689199589
117.92,1,08:52:11.154846817
117.92,1,08:52:11.396279775
117.92,3,08:52:12.013733152
117.92,5,08:52:12.701262026
117.92,1,08:52:12.701262026
117.92,1,08:52:12.701359876
117.92,1,08:52:12.722557840
117.92,10,08:52:12.722704214
117.92,2,08:52:12.722727571
117.92,1,08:52:12.722727571
117.92,1,08:52:12.722744636
117.92,7,08:52:12.722744636
117.92,2,08:52:12.722744636
117.92,2,08:52:12.752478415
117.92,2,08:52:12.752561333
117.92,6,08:52:12.752576324
117.92,1,08:52:12.773151447
117.92,4,08:52:12.773236083
117.92,1,08:52:12.773251869
117.92,1,08:52:12.796318542
117.92,4,08:52:12.796412807
117.92,1,08:52:12.796432109
117.92,2,08:52:12.796432109
117.92,1,08:52:12.845083418
117.92,8,08:52:12.884755797
117.92,1,08:52:12.884852712
117.92,1,08:52:12.884872280
117.92,8,08:52:12.903639919
117.92,1,08:52:12.903740189
117.92,1,08:52:12.903756429
117.92,2,08:52:12.903756429
117.92,1,08:52:12.903983858
117.92,1,08:52:12.904631683
117.92,1,08:52:13.145839195
117.93,1,08:52:18.452113845
117.93,3,08:52:18.485425420
117.93,2,08:52:18.485525365
117.93,1,08:52:18.485541935
117.93,2,08:52:18.485541935
117.93,4,08:52:18.485686882
117.93,1,08:52:18.847894538
117.93,1,08:52:18.849090073
117.93,1,08:52:18.849206239
117.93,2,08:52:18.849229928
117.93,1,08:52:18.849229928
117.93,1,08:52:18.849714239
117.93,1,08:52:18.971353949
117.94,6,08:52:19.327957131
117.94,1,08:52:22.014697430
117.94,1,08:52:24.861457515
117.94,5,08:52:25.477623542
117.94,5,08:52:25.477924898
117.94,1,08:52:25.478059397
117.94,1,08:52:25.478081500
117.94,2,08:52:25.478081500
117.94,8,08:52:25.478081500
117.94,1,08:52:25.478448066
117.94,1,08:52:25.478887109
117.94,3,08:52:25.515850773
117.93,1,08:52:25.576221807
117.93,1,08:52:25.576473045
117.93,5,08:52:25.576488971
117.93,2,08:52:25.576488971
117.93,1,08:52:25.576488971
117.93,1,08:52:25.576503986
117.93,2,08:52:25.576503986
117.93,8,08:52:25.576518687
117.93,1,08:52:25.576518687
117.93,1,08:52:25.576535528
117.93,1,08:52:25.576549557
117.93,1,08:52:25.576563743
117.93,2,08:52:25.576578280
117.93,1,08:52:25.576591167
117.93,10,08:52:25.576605445
117.93,15,08:52:25.576619583
117.93,2,08:52:25.576633688
117.93,9,08:52:25.576648325
117.93,2,08:52:25.576662277
117.93,1,08:52:25.577671352
117.93,3,08:52:25.617289536
117.93,1,08:52:25.617393932
117.93,1,08:52:25.617410854
117.93,3,08:52:25.617410854
117.93,1,08:52:25.617428284
117.93,1,08:52:25.641311025
117.93,4,08:52:25.641416044
117.93,2,08:52:25.641433237
117.93,1,08:52:25.641433237
117.94,1,08:52:25.654569718
117.93,3,08:52:25.665775666
117.93,8,08:52:25.665903989
117.93,1,08:52:25.684199378
117.93,2,08:52:25.684323342
117.93,5,08:52:25.684341857
117.93,4,08:52:25.684341857
117.93,2,08:52:25.684341857
117.93,1,08:52:25.753120012
117.93,1,08:52:25.753923573
117.93,1,08:52:26.208383493
117.93,8,08:52:26.208383493
117.93,2,08:52:26.208588284
117.93,4,08:52:26.208603289
117.93,6,08:52:26.208603289
117.93,3,08:52:26.208618988
117.94,1,08:52:26.208634067
117.94,5,08:52:26.208634067
117.94,1,08:52:26.208648121
117.94,1,08:52:26.208663372
117.94,10,08:52:26.208677945
117.94,1,08:52:26.208677945
117.94,1,08:52:26.208692047
117.94,2,08:52:26.208706258
117.94,3,08:52:26.208719801
117.94,1,08:52:26.208735461
117.94,15,08:52:26.208753663
117.94,1,08:52:26.208767394
117.94,2,08:52:26.208979848
117.94,3,08:52:26.208995106
117.94,1,08:52:26.209013080
117.94,7,08:52:26.209027644
117.94,2,08:52:26.209027644
117.94,7,08:52:26.209041650
117.94,4,08:52:26.209055323
117.94,4,08:52:26.209069262
117.94,4,08:52:26.209083882
117.94,4,08:52:26.209600642
117.93,1,08:52:26.227750898
117.93,3,08:52:26.227909982
117.93,1,08:52:26.227925598
117.93,2,08:52:26.227925598
117.93,9,08:52:26.227940087
117.93,1,08:52:26.227940087
117.93,2,08:52:26.227940087
117.93,7,08:52:26.227954625
117.93,1,08:52:26.227954625
117.93,2,08:52:26.227954625
117.93,10,08:52:26.227954625
117.93,2,08:52:26.261677380
117.93,2,08:52:26.261764982
117.93,3,08:52:26.261783475
117.93,1,08:52:26.261783475
117.93,1,08:52:26.263086928
117.93,1,08:52:26.380721250
117.93,1,08:52:26.380741701
117.93,2,08:52:26.399719301
117.93,4,08:52:26.399806277
117.93,9,08:52:26.399821125
117.93,4,08:52:26.422777340
117.93,2,08:52:26.422943698
117.93,1,08:52:26.448479094
117.93,2,08:52:26.453767325
117.93,1,08:52:26.550774868
117.93,1,08:52:26.550906842
117.93,4,08:52:26.571041238
117.93,13,08:52:26.571148053
117.93,7,08:52:26.571164043
117.93,2,08:52:26.571164043
117.93,13,08:52:26.571164043
117.93,1,08:52:26.593928131
117.93,3,08:52:26.594004404
117.93,3,08:52:26.594018587
117.93,2,08:52:26.594018587
117.93,3,08:52:26.614832798
117.93,1,08:52:26.614982244
117.93,4,08:52:26.615002683
117.93,1,08:52:26.615002683
117.93,10,08:52:26.615002683
117.93,7,08:52:26.615027137
117.93,9,08:52:26.615027137
117.93,2,08:52:26.615027137
117.93,1,08:52:26.615027137
117.93,1,08:52:26.651846916
117.93,2,08:52:26.657251101
117.93,1,08:52:26.759113364
117.93,1,08:52:27.578985573
117.93,7,08:52:27.578985573
117.93,2,08:52:27.579061654
117.93,3,08:52:27.579378079
117.93,2,08:52:27.670836459
117.93,8,08:52:28.530978541
117.93,1,08:52:29.578237126
117.93,1,08:52:29.578478863
117.93,4,08:52:29.589428049
117.93,4,08:52:29.589516616
117.93,1,08:52:29.589533402
117.93,5,08:52:30.427557165
117.93,4,08:52:30.427895012
117.93,2,08:52:30.428007974
117.93,1,08:52:30.428023577
117.93,4,08:52:30.428023577
117.93,8,08:52:30.733403139
117.93,1,08:52:30.770693212
117.93,1,08:52:30.770909068
117.93,2,08:52:30.820926893
117.93,3,08:52:30.821010358
117.93,1,08:52:31.062758419
117.93,1,08:52:31.160892080
117.93,2,08:52:31.356543818
117.94,1,08:52:32.014010040
117.94,2,08:52:32.014024734
117.94,1,08:52:40.400619402
117.94,4,08:52:40.457042887
117.94,7,08:52:40.494504973
117.94,3,08:52:40.494504973
117.94,2,08:52:40.494504973
117.94,3,08:52:40.494826884
117.94,7,08:52:40.494858004
117.94,1,08:52:40.552393050
117.94,3,08:52:40.747423888
117.94,1,08:52:40.747423888
117.94,3,08:52:41.251884841
117.94,2,08:52:41.252054356
117.94,10,08:52:41.252078177
117.94,1,08:52:41.252078177
117.94,2,08:52:41.252078177
117.94,3,08:52:41.252078177
117.94,1,08:52:41.252103409
117.94,2,08:52:41.252103409
117.94,3,08:52:41.252103409
117.94,9,08:52:41.496897777
117.94,2,08:52:42.013745431
117.94,7,08:52:49.148594803
117.94,1,08:52:49.148902761
117.94,1,08:52:52.013340246
117.94,1,08:52:52.013405030
117.93,14,08:52:54.708806669
117.93,13,08:52:54.709032806
117.93,2,08:52:54.709050525
117.93,1,08:52:54.709050525
117.93,1,08:52:54.709188867
117.93,1,08:52:54.709205088
117.93,2,08:52:54.709205088
117.93,23,08:52:54.709205088
117.93,3,08:52:54.709205088
117.93,6,08:52:54.709429443
117.93,2,08:52:54.709448028
117.93,1,08:52:54.709448028
117.93,2,08:52:54.709613116
117.93,6,08:52:54.709628640
117.93,5,08:52:54.709628640
117.93,1,08:52:54.709651756
117.93,3,08:52:54.710160889
117.93,2,08:52:54.710566258
117.93,1,08:52:54.710827208
117.93,1,08:52:54.710955611
117.93,1,08:52:54.720531029
117.93,1,08:52:54.720654526
117.93,7,08:52:54.720852264
117.93,1,08:52:54.721105211
117.93,1,08:52:54.721485623
117.93,1,08:52:54.733245700
117.93,1,08:52:54.749392157
117.93,1,08:52:54.749461949
117.93,9,08:52:54.751917301
117.93,3,08:52:54.752133720
117.93,1,08:52:54.752258923
117.93,1,08:52:54.754208387
117.93,1,08:52:54.833713432
117.93,1,08:52:54.879756567
117.93,8,08:52:55.025944928
117.93,2,08:52:55.026089099
117.93,1,08:52:55.026112072
117.93,6,08:52:55.026112072
117.93,1,08:52:55.026131611
117.93,2,08:52:55.026131611
117.93,11,08:52:55.728669299
117.93,2,08:52:55.748473806
117.93,3,08:52:55.748552875
117.93,2,08:52:55.768416637
117.93,1,08:52:55.776191355
117.93,3,08:53:00.909522107
117.93,1,08:53:00.909689546
117.93,4,08:53:00.909836651
117.93,2,08:53:00.909836651
117.93,1,08:53:00.909836651
117.93,1,08:53:00.956249312
117.93,6,08:53:01.243340361
117.93,1,08:53:01.243413272
117.93,8,08:53:03.002217163
117.93,1,08:53:03.002266245
117.94,1,08:53:03.011549701
117.94,1,08:53:03.011627253
117.94,3,08:53:03.011640846
117.93,1,08:53:03.021713947
117.93,2,08:53:03.021795601
117.93,1,08:53:03.021812673
117.94,2,08:53:08.840755300
117.94,1,08:53:08.840837569
117.94,1,08:53:08.840852862
117.94,10,08:53:08.840852862
117.94,2,08:53:11.847720664
117.94,1,08:53:12.013820397
117.94,1,08:53:12.013834624
117.94,5,08:53:12.254408411
117.94,1,08:53:12.258988972
117.94,4,08:53:12.258988972
117.94,1,08:53:12.259078669
117.94,1,08:53:12.259254804
117.94,3,08:53:12.259381440
117.94,2,08:53:12.259400784
117.94,1,08:53:12.259400784
117.94,2,08:53:12.259601398
117.94,1,08:53:12.306965621
117.93,3,08:53:18.687599691
117.93,1,08:53:18.687948477
117.93,2,08:53:18.688120740
117.93,17,08:53:18.688307999
117.93,2,08:53:18.688325856
117.93,1,08:53:18.688325856
117.93,10,08:53:18.688325856
117.93,1,08:53:18.688348970
117.93,4,08:53:18.688348970
117.93,3,08:53:18.688348970
117.93,1,08:53:18.699541103
117.93,3,08:53:18.699979682
117.93,1,08:53:18.700224632
117.93,1,08:53:18.732619109
117.93,1,08:53:18.732861332
117.93,2,08:53:18.740405423
117.93,1,08:53:18.794787948
117.93,1,08:53:22.013326439
117.93,1,08:53:22.013386215
117.92,1,08:53:22.450154784
117.92,1,08:53:22.450255948
117.92,1,08:53:22.450408915
117.92,3,08:53:22.450408915
117.92,4,08:53:22.450430826
117.92,2,08:53:22.450430826
117.92,12,08:53:22.450430826
117.92,1,08:53:22.450430826
117.92,5,08:53:22.450430826
117.92,1,08:53:22.489606296
117.92,1,08:53:22.548099391
117.92,1,08:53:22.548607163
117.92,1,08:53:22.549182974
117.92,2,08:53:24.931626681
117.92,1,08:53:24.931923157
117.92,2,08:53:24.931923157
117.92,3,08:53:24.931942373
117.92,1,08:53:24.931942373
117.92,1,08:53:24.932183041
117.92,1,08:53:25.097518285
117.92,2,08:53:26.407929936
117.92,1,08:53:26.407929936
117.92,4,08:53:26.407948982
117.92,1,08:53:26.407948982
117.92,2,08:53:26.407948982
117.92,1,08:53:26.408298918
117.92,3,08:53:26.408298918
117.92,1,08:53:28.557970924
117.92,2,08:53:34.087274506
117.92,1,08:53:34.087455948
117.92,1,08:53:34.087476227
117.92,2,08:53:34.087476227
117.92,1,08:53:34.087496665
117.92,2,08:53:34.087496665
117.92,12,08:53:34.087496665
117.92,1,08:53:34.087838195
117.92,1,08:53:34.087866138
117.92,2,08:53:34.087866138
117.92,1,08:53:34.098818383
117.92,1,08:53:34.122039654
117.92,4,08:53:34.236699651
117.92,6,08:53:34.237306553
117.92,1,08:53:34.237334859
117.92,2,08:53:34.237334859
117.92,5,08:53:34.256638429
117.92,2,08:53:34.256714348
117.92,1,08:53:34.256730029
117.92,1,08:53:34.279756064
117.92,2,08:53:34.279756064
117.92,2,08:53:34.279902413
117.92,4,08:53:34.279921055
117.92,2,08:53:34.279921055
117.92,5,08:53:34.279945561
117.92,4,08:53:34.279945561
117.92,1,08:53:34.279945561
117.92,13,08:53:34.279945561
117.92,2,08:53:34.279945561
117.92,1,08:53:34.312969340
117.92,2,08:53:34.312983618
117.92,1,08:53:34.313073096
117.92,5,08:53:34.313073096
117.92,1,08:53:34.334426353
117.92,7,08:53:34.334516047
117.92,1,08:53:34.334533385
117.92,5,08:53:34.334533385
117.92,7,08:53:34.357662528
117.92,3,08:53:34.357662528
117.92,1,08:53:34.377152564
117.92,4,08:53:34.377168007
117.92,4,08:53:34.397890924
117.92,1,08:53:34.398172303
117.92,2,08:53:34.398258750
117.92,3,08:53:34.398414244
117.92,1,08:53:34.398414244
117.92,1,08:53:34.398587298
117.92,2,08:53:34.398699918
117.92,5,08:53:34.421204452
117.92,2,08:53:34.421288833
117.92,8,08:53:34.421304545
117.92,11,08:53:34.442329877
117.92,2,08:53:34.460803034
117.92,15,08:53:34.460879114
117.92,10,08:53:34.604332834
117.92,1,08:53:41.179430482
117.92,2,08:53:41.179430482
117.92,1,08:53:42.013935764
117.92,2,08:53:42.014024376
117.92,1,08:53:42.014024376
117.92,1,08:53:42.931053157
117.92,1,08:53:44.583683107
117.92,1,08:53:44.583700204
117.92,3,08:53:44.583700204
117.92,7,08:53:44.583700204
117.92,1,08:53:44.583717529
117.92,2,08:53:44.583717529
117.92,5,08:53:44.583717529
117.92,1,08:53:44.638837508
117.92,1,08:53:44.644984029
117.92,1,08:53:47.608081396
117.92,1,08:53:47.608268518
117.92,1,08:53:47.618728882
117.92,1,08:53:47.640501778
117.92,1,08:53:47.640577417
117.93,1,08:53:52.013720783
117.93,1,08:53:56.129450010
117.93,1,08:53:56.129552403
117.93,1,08:53:56.129565994
117.93,1,08:53:56.129695133
117.93,7,08:53:56.137686742
117.93,4,08:53:56.138002493
117.93,1,08:53:56.138144675
117.93,4,08:53:56.138144675
117.93,1,08:53:56.138331558
117.93,4,08:53:56.138331558
117.93,2,08:53:56.467733203
117.93,2,08:53:56.467905740
117.93,1,08:53:56.467920946
117.93,2,08:53:56.467920946
117.93,6,08:53:56.467936252
117.93,1,08:53:56.467936252
117.93,7,08:53:56.467936252
117.93,3,08:53:56.467950588
117.93,1,08:53:56.467950588
117.93,2,08:53:56.467950588
117.93,1,08:53:56.468309861
117.93,27,08:53:56.468324709
117.93,13,08:53:56.468341403
117.93,1,08:53:56.468360139
117.93,1,08:53:56.468374632
117.93,1,08:53:56.468390703
117.92,1,08:53:56.468405141
117.92,2,08:53:56.468426908
117.92,2,08:53:56.468447973
117.92,1,08:53:56.468463899
117.92,1,08:53:56.468477464
117.92,1,08:53:56.468496450
117.92,1,08:53:56.468509448
117.92,1,08:53:56.468727253
117.92,10,08:53:56.468741330
117.92,1,08:53:56.468755000
117.92,2,08:53:56.468769935
117.92,13,08:53:56.468769935
117.92,17,08:53:56.468783496
117.92,10,08:53:56.468798030
117.92,6,08:53:56.468813400
117.92,1,08:53:56.468813400
117.92,6,08:53:56.468833445
117.93,1,08:54:00.144943090
117.93,4,08:54:00.145053963
117.93,2,08:54:00.145079019
117.93,1,08:54:00.145079019
117.93,1,08:54:00.145579479
117.93,1,08:54:00.216387415
117.93,3,08:54:00.216633731
117.93,1,08:54:00.228157573
117.93,1,08:54:00.305710933
117.93,1,08:54:00.306658561
117.94,1,08:54:01.207299426
117.94,3,08:54:03.014424443
117.94,2,08:54:06.325310012
117.94,1,08:54:06.325328425
117.94,9,08:54:06.325328425
117.94,2,08:54:06.325342671
117.94,1,08:54:06.325342671
117.94,2,08:54:06.325358060
117.94,1,08:54:06.325358060
117.94,4,08:54:06.325371557
117.94,5,08:54:06.325733064
117.94,3,08:54:06.325747282
117.94,1,08:54:06.325837919
117.94,2,08:54:06.326187672
117.94,11,08:54:06.367845472
117.94,3,08:54:06.367927666
117.94,2,08:54:06.367943103
117.94,1,08:54:06.368517932
117.94,1,08:54:06.395426456
117.94,1,08:54:06.434501019
117.94,6,08:54:06.455508264
117.94,1,08:54:06.637520086
117.94,2,08:54:06.637606297
117.94,1,08:54:06.637621686
117.94,3,08:54:06.637621686
117.94,1,08:54:06.684469469
117.94,1,08:54:06.709598195
117.94,1,08:54:12.014626383
117.94,1,08:54:12.014690178
117.94,2,08:54:12.018940236
117.94,1,08:54:12.019113160
117.94,1,08:54:12.019128143
117.94,2,08:54:12.019128143
117.94,11,08:54:12.019395128
117.94,1,08:54:12.019417932
117.94,11,08:54:12.019417932
117.94,1,08:54:12.019545720
117.94,2,08:54:12.061148890
117.94,1,08:54:12.061237273
117.94,4,08:54:12.061251315
117.94,1,08:54:12.067897554
117.94,1,08:54:12.068371355
117.94,7,08:54:12.097889893
117.93,2,08:54:16.916313798
117.93,1,08:54:16.916382265
117.93,4,08:54:16.916396646
117.93,9,08:54:16.916697401
117.93,2,08:54:16.916907900
117.93,1,08:54:16.916921865
117.93,1,08:54:16.916939848
117.93,1,08:54:16.917286367
117.93,1,08:54:16.917301400
117.93,5,08:54:16.917301400
117.93,17,08:54:16.917317513
117.93,4,08:54:16.917317513
117.93,1,08:54:16.917331432
117.93,1,08:54:16.917350440
117.93,1,08:54:16.917364409
117.93,2,08:54:16.917384210
117.93,1,08:54:16.917384210
117.94,2,08:54:22.014135601
117.94,1,08:54:26.056462295
117.93,2,08:54:27.718182923
117.93,1,08:54:27.718396775
117.93,7,08:54:27.718415697
117.93,3,08:54:27.718415697
117.93,4,08:54:27.718415697
117.93,2,08:54:27.718415697
117.93,16,08:54:27.718640029
117.93,1,08:54:27.718655812
117.93,2,08:54:27.718655812
117.93,2,08:54:27.718999206
117.93,2,08:54:27.719027194
117.93,1,08:54:27.719027194
117.93,6,08:54:27.791952509
117.93,1,08:54:27.792153414
117.93,3,08:54:27.795034110
117.93,2,08:54:27.799390078
117.93,4,08:54:27.845811323
117.93,1,08:54:28.079553672
117.93,6,08:54:31.119369346
117.93,1,08:54:31.119447877
117.93,1,08:54:31.119465336
117.93,2,08:54:31.126198464
117.93,3,08:54:31.140261545
117.93,1,08:54:31.140368280
117.93,2,08:54:31.140390709
117.93,1,08:54:31.140390709
117.93,1,08:54:31.385060002
117.93,2,08:54:32.013790808
117.93,5,08:54:33.883942139
117.93,1,08:54:33.884312690
117.93,1,08:54:33.950141732
117.93,2,08:54:34.185099474
117.93,10,08:54:34.185185273
117.93,1,08:54:34.217987051
117.93,1,08:54:34.229730707
117.93,9,08:54:34.579706738
117.93,1,08:54:34.594679380
117.93,1,08:54:34.594751539
117.93,1,08:54:34.605035506
117.93,2,08:54:34.605692955
117.93,1,08:54:34.605762802
117.93,1,08:54:34.614553787
117.93,2,08:54:34.614639358
117.93,4,08:54:34.614654174
117.93,5,08:54:36.375479876
117.93,1,08:54:36.683340686
117.93,1,08:54:36.683683700
117.93,9,08:54:36.704100980
117.93,2,08:54:36.704199700
117.93,4,08:54:36.704215205
117.93,2,08:54:36.704215205
117.93,1,08:54:36.713833505
117.93,1,08:54:36.848440605
117.93,1,08:54:36.864861505
117.93,1,08:54:41.175138812
117.93,2,08:54:42.013746835
117.93,1,08:54:42.668389731
117.93,1,08:54:43.761516248
117.93,4,08:54:45.432213817
117.93,1,08:54:45.432302895
117.93,1,08:54:45.432320491
117.93,2,08:54:45.432608063
117.93,1,08:54:48.424602078
117.93,1,08:54:48.424738276
117.93,1,08:54:48.425010682
117.93,3,08:54:48.425025934
117.93,4,08:54:48.425025934
117.93,7,08:54:48.425201971
117.93,2,08:54:48.425201971
117.93,3,08:54:48.425217837
117.93,3,08:54:48.450320261
117.93,2,08:54:48.450429825
117.93,1,08:54:48.450429825
117.93,1,08:54:48.450448340
117.93,2,08:54:48.450448340
117.93,6,08:54:48.450448340
117.93,1,08:54:48.475512738
117.93,1,08:54:48.589110071
117.93,9,08:54:48.589400436
117.93,6,08:54:48.609124409
117.93,2,08:54:48.609198591
117.93,1,08:54:52.014100197
117.93,8,08:54:52.014583840
117.93,3,08:54:52.014714441
117.93,4,08:54:52.014740194
117.93,1,08:54:52.014740194
117.93,2,08:54:52.014740194
117.93,1,08:54:52.167521053
117.92,2,08:55:00.033623185
117.92,1,08:55:00.033789841
117.92,2,08:55:00.033821192
117.92,1,08:55:00.033821192
117.92,5,08:55:00.033821192
117.92,2,08:55:00.033837064
117.92,3,08:55:00.033837064
117.92,1,08:55:00.033837064
117.92,1,08:55:00.033959280
117.92,8,08:55:00.034066817
117.92,11,08:55:00.034066817
117.92,2,08:55:00.034066817
117.92,1,08:55:00.034276478
117.92,3,08:55:00.035237397
117.92,3,08:55:00.035263932
117.92,1,08:55:00.035263932
117.92,2,08:55:00.035263932
117.92,2,08:55:00.035596198
117.92,1,08:55:00.038448391
117.93,1,08:55:01.183790579
117.93,1,08:55:03.027291255
117.92,2,08:55:06.169803936
117.92,1,08:55:06.169889177
117.92,1,08:55:06.169902963
117.92,1,08:55:06.170150771
117.92,3,08:55:06.170307854
117.92,9,08:55:06.170328747
117.92,4,08:55:06.170328747
117.92,3,08:55:06.170328747
117.92,4,08:55:06.170464031
117.92,3,08:55:06.170478876
117.92,12,08:55:06.170733452
117.92,1,08:55:06.170750664
117.92,1,08:55:06.171016107
117.92,2,08:55:06.171251069
117.92,1,08:55:06.178485273
117.92,1,08:55:06.183736323
117.92,1,08:55:06.183846533
117.92,1,08:55:06.184002143
117.92,2,08:55:06.184017368
117.92,1,08:55:06.184035918
117.92,1,08:55:06.184159919
117.92,3,08:55:06.187271741
117.92,1,08:55:06.187622994
117.92,1,08:55:06.187839856
117.92,1,08:55:06.187948859
117.92,3,08:55:06.208665482
117.92,1,08:55:06.212509120
117.92,1,08:55:06.212593668
117.92,2,08:55:06.212612458
117.92,1,08:55:06.212612458
117.92,1,08:55:06.212938692
117.92,1,08:55:06.231333499
117.92,2,08:55:06.231397173
117.92,1,08:55:06.447554917
117.92,1,08:55:06.447652424
117.92,1,08:55:06.447972763
117.92,3,08:55:06.448087579
117.92,2,08:55:06.449216612
117.92,3,08:55:06.449587412
117.92,1,08:55:06.449587412
117.92,1,08:55:06.498979813
117.93,7,08:55:07.800229864
117.93,1,08:55:07.800313053
117.93,1,08:55:07.800327604
117.93,2,08:55:07.800327604
117.93,1,08:55:07.930666274
117.93,2,08:55:07.930666274
117.93,1,08:55:07.930758527
117.93,2,08:55:07.930774780
117.93,4,08:55:07.930774780
117.93,1,08:55:12.013824727
117.93,1,08:55:18.254379063
117.93,2,08:55:18.254394393
117.93,1,08:55:18.254394393
117.93,5,08:55:18.254394393
117.93,1,08:55:18.254408186
117.93,4,08:55:18.254424701
117.93,1,08:55:18.254424701
117.93,1,08:55:18.254437632
117.93,1,08:55:18.254452525
117.93,2,08:55:18.254452525
117.93,1,08:55:18.254467664
117.93,1,08:55:18.254728147
117.93,1,08:55:18.254745737
117.93,1,08:55:18.254759884
117.93,1,08:55:18.254774248
117.93,1,08:55:18.254788434
117.93,1,08:55:18.254801640
117.93,1,08:55:18.254815384
117.93,1,08:55:18.254829672
117.93,10,08:55:18.254843935
117.93,3,08:55:18.254858299
117.93,1,08:55:18.254875250
117.93,1,08:55:18.254889941
117.93,1,08:55:18.254910546
117.93,1,08:55:18.255956297
117.93,1,08:55:18.264732380
117.93,1,08:55:18.284544839
117.93,1,08:55:18.329337769
117.93,2,08:55:18.378858676
117.93,1,08:55:18.386018923
117.93,2,08:55:18.569591284
117.93,2,08:55:18.856115951
117.93,2,08:55:18.980911514
117.93,2,08:55:18.980976835
117.93,1,08:55:21.642908018
117.93,1,08:55:21.643088837
117.93,1,08:55:22.013524577
117.93,1,08:55:32.014375502
117.93,4,08:55:35.756570112
117.93,2,08:55:40.074852331
117.93,4,08:55:40.075048858
117.93,8,08:55:40.075063939
117.93,2,08:55:40.075063939
117.93,5,08:55:40.075063939
117.93,1,08:55:40.075077197
117.93,2,08:55:40.075300839
117.93,1,08:55:40.075316072
117.93,1,08:55:40.075331486
117.93,7,08:55:40.075331486
117.93,1,08:55:40.075456033
117.93,1,08:55:40.075471288
117.93,1,08:55:40.075485051
117.93,1,08:55:40.075499864
117.93,1,08:55:40.075514856
117.93,2,08:55:40.075542225
117.93,5,08:55:40.096693326
117.93,2,08:55:40.096812126
117.93,1,08:55:40.096832162
117.93,2,08:55:40.096832162
117.93,1,08:55:40.096848871
117.93,1,08:55:40.104788568
117.93,3,08:55:40.105579867
117.93,2,08:55:40.126119556
117.93,1,08:55:40.126119556
117.93,3,08:55:40.126119556
117.93,5,08:55:40.126210129
117.93,2,08:55:40.126454216
117.93,1,08:55:40.230326124
117.93,4,08:55:40.243879448
117.93,6,08:55:40.263860249
117.93,1,08:55:40.263860249
117.93,1,08:55:40.485101980
117.93,4,08:55:40.598657564
117.93,2,08:55:40.779585889
117.93,1,08:55:41.067235911
117.93,3,08:55:41.067465260
117.93,1,08:55:41.067830532
117.93,1,08:55:41.186961904
117.93,1,08:55:41.187159491
117.93,1,08:55:42.013781158
117.93,4,08:55:46.640835321
117.93,2,08:55:46.640835321
117.93,1,08:55:52.013683167
117.93,7,08:55:52.592952607
117.93,1,08:55:52.592952607
117.93,1,08:55:52.593116716
117.93,2,08:55:52.593132268
117.93,1,08:55:52.593132268
117.93,6,08:55:52.593324952
117.93,1,08:55:52.593344632
117.93,11,08:55:52.593344632
117.93,4,08:55:52.593344632
117.93,10,08:55:52.645668818
117.93,1,08:55:52.645682393
117.93,1,08:55:52.645771135
117.93,10,08:55:52.704400417
117.93,1,08:55:52.704400417
117.93,1,08:55:52.732513511
117.93,1,08:55:52.732716333
117.93,9,08:55:52.762566259
117.93,10,08:55:52.820866816
117.93,3,08:55:52.839747336
117.93,4,08:55:52.839747336
117.93,1,08:55:52.839813487
117.94,2,08:55:57.007919741
117.94,2,08:55:57.007999529
117.94,1,08:55:57.008013529
117.94,1,08:55:58.540384159
117.94,13,08:55:58.540398514
117.94,1,08:55:58.540520930
117.94,1,08:55:58.540542297
117.94,2,08:55:58.540542297
117.94,1,08:55:58.540563343
117.94,2,08:55:58.540563343
117.94,4,08:55:58.540563343
117.93,2,08:55:59.912060170
117.93,1,08:55:59.912060170
117.93,1,08:55:59.912224922
117.93,2,08:55:59.912239984
117.93,3,08:55:59.912239984
117.93,1,08:55:59.912239984
117.93,17,08:55:59.912427072
117.93,1,08:55:59.912442176
117.93,4,08:55:59.912442176
117.93,1,08:55:59.912601989
117.93,1,08:55:59.912649725
117.93,4,08:55:59.912649725
117.93,3,08:55:59.912649725
117.93,1,08:55:59.922760046
117.93,1,08:55:59.952741791
117.93,54,08:55:59.952741791
117.93,1,08:56:02.998377531
117.93,4,08:56:02.998651319
117.93,1,08:56:02.998780436
117.93,3,08:56:02.998780436
117.93,10,08:56:02.998780436
117.93,10,08:56:03.041748250
117.93,1,08:56:03.041748250
117.93,2,08:56:03.041846313
117.93,3,08:56:03.041862336
117.93,5,08:56:03.041862336
117.93,1,08:56:06.175146939
117.93,1,08:56:07.662371067
117.93,2,08:56:07.662385746
117.93,22,08:56:07.662513327
117.93,2,08:56:07.662513327
117.93,18,08:56:07.662513327
117.93,5,08:56:07.662513327
117.93,7,08:56:07.673251662
117.93,4,08:56:07.673269217
117.93,7,08:56:07.673269217
117.93,2,08:56:07.673959968
117.93,5,08:56:07.675435244
117.93,2,08:56:07.683979859
117.93,1,08:56:07.684133990
117.93,3,08:56:07.684133990
117.93,10,08:56:07.684152940
117.93,4,08:56:07.684152940
117.93,1,08:56:07.684152940
117.93,2,08:56:07.684152940
117.93,10,08:56:07.684171056
117.93,3,08:56:07.684171056
117.93,1,08:56:07.692355817
117.93,1,08:56:07.692425143
117.93,1,08:56:07.693103609
117.93,1,08:56:07.693223078
117.93,1,08:56:07.693383542
117.93,1,08:56:07.693500476
117.93,1,08:56:07.695431969
117.93,3,08:56:07.695517620
117.93,1,08:56:07.695711703
117.93,1,08:56:07.742013076
117.93,2,08:56:07.742091103
117.93,1,08:56:13.836106705
117.93,1,08:56:13.836127722
117.93,2,08:56:13.836127722
117.93,1,08:56:13.836143434
117.93,19,08:56:13.836143434
117.93,3,08:56:13.836143434
117.93,2,08:56:13.836493366
117.93,2,08:56:13.836522960
117.93,1,08:56:13.836522960
117.93,1,08:56:13.836655213
117.93,1,08:56:13.836815526
117.93,1,08:56:13.836950493
117.93,2,08:56:13.838079833
117.93,1,08:56:13.846842092
117.93,1,08:56:13.877108595
117.93,8,08:56:13.894321965
117.93,11,08:56:13.912896477
117.93,1,08:56:13.912986476
117.93,11,08:56:13.963559009
117.93,9,08:56:14.013737703
117.93,2,08:56:14.013819421
117.93,2,08:56:14.013836234
117.93,1,08:56:14.032078419
117.93,1,08:56:14.032382421
117.93,2,08:56:14.032397665
117.93,1,08:56:14.032397665
117.93,1,08:56:14.032413676
117.93,4,08:56:14.032413676
117.93,3,08:56:14.058304601
117.93,1,08:56:14.058386531
117.93,5,08:56:14.099072406
117.93,4,08:56:14.099087929
117.93,9,08:56:14.117065058
117.93,1,08:56:14.164405130
117.93,11,08:56:14.216062379
117.93,1,08:56:14.218963961
117.93,1,08:56:14.233164161
117.93,2,08:56:14.233632853
117.93,7,08:56:14.274657171
117.93,1,08:56:14.274782528
117.93,2,08:56:14.274799533
117.93,1,08:56:14.274799533
117.93,7,08:56:14.274799533
117.93,13,08:56:14.274815242
117.93,9,08:56:14.333260966
117.93,9,08:56:14.391335472
117.93,3,08:56:14.410347887
117.93,4,08:56:14.410441323
117.93,2,08:56:14.414980114
117.93,2,08:56:14.449796748
117.93,8,08:56:14.465432647
117.93,9,08:56:14.515572819
117.93,1,08:56:14.533434486
117.93,1,08:56:14.533527231
117.93,1,08:56:14.533542789
117.93,1,08:56:14.555018614
117.93,9,08:56:14.596043336
117.93,3,08:56:14.596125246
117.93,6,08:56:14.616086685
117.93,5,08:56:14.767388038
117.93,1,08:56:14.786434365
117.93,3,08:56:14.786542625
117.93,2,08:56:14.786559387
117.93,1,08:56:14.786559387
117.93,1,08:56:14.786576974
117.92,1,08:56:17.276012116
117.92,1,08:56:17.276044778
117.92,1,08:56:17.771252953
117.92,2,08:56:17.771345605
117.92,2,08:56:17.771360729
117.92,4,08:56:17.771495615
117.92,14,08:56:17.771495615
117.92,1,08:56:17.771495615
117.92,1,08:56:17.771513644
117.92,2,08:56:17.771513644
117.92,1,08:56:17.772159649
117.92,1,08:56:17.772676868
117.92,2,08:56:17.772676868
117.92,2,08:56:17.773553246
117.92,1,08:56:17.773582666
117.92,1,08:56:17.793657413
117.92,2,08:56:17.793874296
117.92,1,08:56:17.794287272
117.92,1,08:56:25.960872644
117.92,1,08:56:25.961000970
117.92,1,08:56:25.961025031
117.92,2,08:56:25.961025031
117.92,6,08:56:25.990282561
117.92,1,08:56:25.991863531
117.92,1,08:56:26.025576947
117.92,1,08:56:26.025678064
117.92,2,08:56:26.054694504
117.92,1,08:56:28.172645601
117.92,2,08:56:28.172645601
117.92,3,08:56:28.172645601
117.92,1,08:56:28.172860291
117.92,6,08:56:28.172860291
117.92,1,08:56:28.173071648
117.92,1,08:56:28.190550826
117.92,1,08:56:28.684121014
117.92,3,08:56:28.684459319
117.92,1,08:56:28.688706522
117.92,1,08:56:28.688957114
117.92,1,08:56:31.990432896
117.92,1,08:56:31.990733517
117.92,1,08:56:32.014434484
117.92,1,08:56:32.014750971
117.92,2,08:56:35.444671579
117.92,1,08:56:35.444686209
117.92,1,08:56:35.444717272
117.92,4,08:56:35.444717272
117.92,2,08:56:35.444717272
117.92,2,08:56:35.468691268
117.92,10,08:56:38.025070494
117.92,1,08:56:38.025156358
117.92,5,08:56:38.026027449
117.92,2,08:56:38.064757047
117.92,1,08:56:38.064757047
117.92,2,08:56:38.064819477
117.92,1,08:56:38.082700683
117.92,1,08:56:38.082925438
117.92,3,08:56:38.083058708
117.92,2,08:56:38.083386350
117.92,7,08:56:38.083496413
117.92,3,08:56:38.103430629
117.92,1,08:56:38.103527797
117.92,4,08:56:38.103544949
117.92,10,08:56:38.803249620
117.92,1,08:56:38.824047671
117.92,2,08:56:38.824171163
117.92,1,08:56:38.824192075
117.92,2,08:56:38.824192075
117.92,1,08:56:42.815167764
117.92,10,08:56:42.815440595
117.92,7,08:56:42.815454672
117.92,1,08:56:42.815454672
117.92,1,08:56:42.815541478
117.92,1,08:56:42.815568256
117.92,2,08:56:42.837665991
117.92,1,08:56:42.837680697
117.92,1,08:56:42.837767459
117.92,3,08:56:42.837782954
117.92,2,08:56:42.837782954
117.92,7,08:56:45.594741770
117.92,2,08:56:45.594888020
117.92,1,08:56:45.595010982
117.92,3,08:56:45.595103024
117.92,1,08:56:45.595103024
117.92,1,08:56:45.595250866
117.93,9,08:56:45.598653277
117.93,3,08:56:45.598744503
117.93,1,08:56:45.598762596
117.93,6,08:56:45.598762596
117.93,4,08:56:45.599723751
117.93,1,08:56:45.599738777
117.93,6,08:56:45.599754419
117.93,1,08:56:45.599754419
117.93,2,08:56:45.599768672
117.93,1,08:56:45.599782474
117.93,3,08:56:45.599796960
117.93,1,08:56:45.599811552
117.93,1,08:56:45.600129974
117.93,3,08:56:45.600144000
117.93,1,08:56:45.600158441
117.93,1,08:56:45.600173312
117.93,3,08:56:45.600194633
117.93,1,08:56:45.600912044
117.93,2,08:56:45.617278556
117.93,1,08:56:45.617469907
117.93,3,08:56:45.617484215
117.93,1,08:56:45.617484215
117.93,1,08:56:45.617499504
117.93,3,08:56:45.617499504
117.93,13,08:56:45.617513972
117.93,2,08:56:45.617513972
117.93,4,08:56:45.617529949
117.93,1,08:56:45.617529949
117.93,2,08:56:45.617529949
117.93,4,08:56:45.617543577
117.93,14,08:56:45.617560208
117.93,1,08:56:45.617560208
117.93,1,08:56:45.617581219
117.93,2,08:56:45.618161734
117.93,7,08:56:45.618175788
117.93,1,08:56:45.618349849
117.94,2,08:56:45.619981112
117.94,2,08:56:45.620124689
117.94,1,08:56:45.620146971
117.94,11,08:56:45.620146971
117.94,2,08:56:45.620146971
117.94,4,08:56:45.620146971
117.94,5,08:56:45.620146971
117.94,1,08:56:45.620161521
117.94,2,08:56:45.620161521
117.94,1,08:56:45.630620861
117.94,1,08:56:45.630755671
117.94,3,08:56:45.630776937
117.94,1,08:56:45.630776937
117.94,6,08:56:45.630776937
117.94,7,08:56:45.630800930
117.94,2,08:56:45.630800930
117.94,4,08:56:45.630800930
117.94,1,08:56:45.630800930
117.94,2,08:56:45.631853561
117.94,1,08:56:45.632153891
117.94,4,08:56:45.632153891
117.94,2,08:56:45.634078330
117.94,1,08:56:45.634512062
117.94,1,08:56:45.634765764
117.94,1,08:56:45.634822174
117.93,1,08:56:45.635443155
117.93,2,08:56:45.635443155
117.94,1,08:56:45.638116347
117.94,3,08:56:45.638116347
117.94,3,08:56:45.657266819
117.94,2,08:56:45.657266819
117.94,4,08:56:45.657368544
117.94,1,08:56:45.657392391
117.94,11,08:56:45.657392391
117.94,6,08:56:45.658145123
117.94,3,08:56:45.658160358
117.95,2,08:56:45.669805217
117.95,1,08:56:45.669928993
117.95,1,08:56:45.669949944
117.95,4,08:56:45.669949944
117.95,2,08:56:45.669968740
117.95,1,08:56:45.683987795
117.95,3,08:56:45.683987795
117.95,4,08:56:45.684090482
117.95,1,08:56:45.684105158
117.95,2,08:56:45.684105158
117.95,7,08:56:45.685009219
117.95,5,08:56:45.685009219
117.95,1,08:56:45.685009219
117.95,7,08:56:45.685025235
117.95,1,08:56:45.685410934
117.95,1,08:56:45.685489090
117.95,1,08:56:45.685504258
117.95,1,08:56:45.685931801
117.95,1,08:56:45.685957263
117.95,1,08:56:45.688437242
117.95,1,08:56:45.688541066
117.95,1,08:56:45.688690477
117.95,3,08:56:45.688690477
117.95,1,08:56:45.729494358
117.96,1,08:56:46.438997085
117.96,3,08:56:46.438997085
117.96,1,08:56:46.439017351
117.96,7,08:56:46.439017351
117.96,1,08:56:46.439727218
117.96,1,08:56:46.439819804
117.96,1,08:56:46.439943442
117.96,3,08:56:46.439943442
117.96,1,08:56:46.439960165
117.96,1,08:56:46.440084649
117.96,2,08:56:46.440489378
117.96,5,08:56:46.440664421
117.96,1,08:56:46.440683236
117.96,3,08:56:46.440702715
117.96,1,08:56:46.440702715
117.96,4,08:56:46.440702715
117.96,1,08:56:46.440718588
117.96,8,08:56:46.440896942
117.96,1,08:56:46.441061534
117.96,3,08:56:46.441076677
117.96,2,08:56:46.441231429
117.96,5,08:56:46.441245195
117.96,2,08:56:46.441262606
117.96,1,08:56:46.441323643
117.96,1,08:56:46.467991218
117.96,1,08:56:47.392082078
117.96,1,08:56:47.392251128
117.96,1,08:56:48.206807918
117.96,3,08:56:48.206893167
117.96,1,08:56:48.206912326
117.96,2,08:56:48.207046812
117.96,1,08:56:48.207518338
117.96,1,08:56:48.212733363
117.96,2,08:56:48.212808817
117.96,2,08:56:48.233571263
117.96,1,08:56:48.233571263
117.96,1,08:56:48.233656885
117.96,1,08:56:48.233671794
117.97,1,08:56:49.055746825
117.96,1,08:56:49.101658581
117.96,1,08:56:49.101967498
117.96,3,08:56:51.299469671
117.96,1,08:56:51.299469671
117.96,1,08:56:51.299550097
117.96,7,08:56:51.299569128
117.96,2,08:56:55.866879826
117.96,1,08:56:55.879537346
117.96,13,08:56:55.879780245
117.96,1,08:56:55.879937781
117.96,43,08:56:55.879937781
117.96,4,08:56:55.880404680
117.96,1,08:56:55.880404680
117.96,5,08:56:55.880404680
117.96,2,08:56:55.880404680
117.96,1,08:56:55.880561666
117.96,16,08:56:55.880561666
117.96,1,08:56:55.976074826
117.96,1,08:56:55.978646037
117.96,4,08:56:57.142921332
117.96,2,08:56:57.142936313
117.96,7,08:56:57.142936313
117.96,2,08:56:57.142951056
117.96,1,08:56:57.142951056
117.96,2,08:56:57.142966058
117.95,1,08:56:57.142966058
117.95,3,08:56:57.142966058
117.96,1,08:56:57.142966058
117.95,7,08:56:57.142979565
117.95,1,08:56:57.143212045
117.95,5,08:56:57.143226499
117.95,2,08:56:57.143240617
117.95,1,08:56:57.143254553
117.95,2,08:56:57.143268166
117.95,2,08:56:57.143283853
117.95,1,08:56:57.143628023
117.95,1,08:56:57.143644311
117.95,1,08:56:57.143658023
117.95,1,08:56:57.143671568
117.95,1,08:56:57.143689008
117.95,1,08:56:57.143703056
117.95,4,08:56:57.143716778
117.95,1,08:56:57.143739210
117.95,1,08:56:57.143760960
117.95,1,08:56:57.143779165
117.95,1,08:56:57.143814496
117.95,3,08:56:57.143838225
117.95,11,08:56:57.143838225
117.95,10,08:56:57.143852666
117.95,3,08:56:57.143867155
117.95,1,08:56:57.143881340
117.95,1,08:56:57.143895720
117.95,14,08:56:57.143909806
117.95,6,08:56:57.143923729
117.95,10,08:56:57.143939749
117.95,1,08:56:57.143960849
117.95,8,08:56:57.143989736
117.95,1,08:56:57.203002790
117.95,2,08:56:57.203098499
117.95,7,08:56:57.203098499
117.95,4,08:56:57.223117332
117.95,2,08:56:57.223279965
117.95,1,08:56:57.223307495
117.95,4,08:56:57.223307495
117.95,10,08:56:57.223307495
117.95,2,08:56:57.223307495
117.95,7,08:56:57.223307495
117.95,5,08:56:57.223322195
117.96,2,08:56:57.244720270
117.96,1,08:56:57.244720270
117.96,1,08:56:57.254244697
117.96,2,08:56:57.254910433
117.96,1,08:56:57.254910433
117.95,7,08:56:57.255001194
117.95,3,08:56:57.255001194
117.95,3,08:56:57.275546475
117.95,2,08:56:57.275642744
117.95,3,08:56:57.275656721
117.96,1,08:56:57.307461848
117.96,7,08:56:57.311489926
117.96,1,08:56:57.311554079
117.96,6,08:57:02.119595507
117.96,4,08:57:02.119595507
117.96,2,08:57:02.119800507
117.96,1,08:57:02.119816558
117.96,1,08:57:02.119831313
117.96,6,08:57:02.119831313
117.96,2,08:57:02.119831313
117.96,4,08:57:02.119831313
117.96,10,08:57:02.119831313
117.96,4,08:57:02.119845389
117.96,1,08:57:02.119845389
117.96,2,08:57:02.119868461
117.96,1,08:57:02.119868461
117.96,2,08:57:02.120384370
117.96,3,08:57:02.120647059
117.96,10,08:57:02.120647059
117.96,3,08:57:03.638503855
117.96,1,08:57:03.638998608
117.96,2,08:57:03.639024543
117.96,5,08:57:03.639024543
117.96,3,08:57:03.639041574
117.96,1,08:57:03.713181334
117.96,1,08:57:03.713476847
117.96,3,08:57:03.713684047
117.96,1,08:57:03.713830402
117.96,1,08:57:03.713926488
117.96,1,08:57:03.714119669
117.96,1,08:57:03.714221704
117.96,1,08:57:03.714688917
117.96,1,08:57:06.289028320
117.96,49,08:57:06.289222205
117.96,16,08:57:06.289236435
117.96,1,08:57:06.289236435
117.96,2,08:57:06.289236435
117.96,1,08:57:06.289250854
117.96,3,08:57:06.289250854
117.96,2,08:57:06.289269549
117.96,1,08:57:06.289269549
117.96,12,08:57:06.289269549
117.96,3,08:57:06.289288852
117.96,2,08:57:06.289288852
117.96,1,08:57:06.290250864
117.96,1,08:57:06.290266377
117.96,1,08:57:06.290438645
117.96,3,08:57:06.327331284
117.96,1,08:57:06.350279991
117.96,7,08:57:06.350520176
117.96,1,08:57:06.350644691
117.96,1,08:57:06.350662310
117.96,2,08:57:06.350662310
117.96,1,08:57:06.603551985
117.96,1,08:57:06.890213529
117.95,1,08:57:08.883601806
117.95,4,08:57:08.883722312
117.95,1,08:57:08.884046135
117.95,1,08:57:08.884077936
117.95,4,08:57:08.884077936
117.95,6,08:57:08.884077936
117.95,2,08:57:08.922726064
117.95,1,08:57:10.506933002
117.95,2,08:57:10.507314655
117.96,4,08:57:15.522931839
117.96,1,08:57:15.924957642
117.96,2,08:57:15.925263520
117.96,1,08:57:15.946846890
117.96,1,08:57:15.946929533
117.96,2,08:57:15.947088855
117.96,1,08:57:15.947732503
117.96,2,08:57:15.948062748
117.96,1,08:57:15.962623129
117.96,1,08:57:15.993873090
117.95,1,08:57:25.557493856
117.95,1,08:57:25.557577069
117.95,2,08:57:25.557592019
117.95,1,08:57:25.557592019
117.95,1,08:57:25.557911024
117.95,2,08:57:25.557925104
117.95,2,08:57:25.558146115
117.95,4,08:57:25.558146115
117.95,1,08:57:25.558146115
117.95,1,08:57:25.637033968
117.96,10,08:57:26.068110457
117.96,1,08:57:26.068110457
117.96,1,08:57:26.509185479
117.96,3,08:57:26.509212746
117.96,1,08:57:26.509212746
117.96,2,08:57:26.509212746
117.96,3,08:57:26.509236099
117.96,4,08:57:26.509236099
117.96,6,08:57:26.509236099
117.96,1,08:57:26.515959707
117.96,4,08:57:26.531416810
117.96,4,08:57:26.531506553
117.96,1,08:57:26.531522259
117.96,2,08:57:26.531522259
117.97,1,08:57:27.314864586
117.97,3,08:57:27.314878406
117.97,6,08:57:27.315197927
117.97,1,08:57:27.315306804
117.97,7,08:57:27.315419422
117.97,1,08:57:27.315439182
117.97,3,08:57:27.315653220
117.97,32,08:57:27.315653220
117.97,1,08:57:27.315653220
117.97,2,08:57:27.315669107
117.97,1,08:57:27.315909469
117.97,1,08:57:27.349416027
117.97,1,08:57:28.212862843
117.97,2,08:57:28.623286858
117.97,6,08:57:28.623286858
117.97,2,08:57:28.623586205
117.97,2,08:57:28.623712656
117.97,1,08:57:28.623733183
117.97,2,08:57:28.623733183
117.97,1,08:57:28.623756355
117.97,1,08:57:28.770460471
117.97,1,08:57:33.250130622
117.97,1,08:57:33.250329859
117.97,2,08:57:34.170384335
117.97,4,08:57:34.170703883
117.97,1,08:57:34.206367210
117.97,1,08:57:36.382791205
117.96,1,08:57:38.583022663
117.96,1,08:57:38.583271466
117.96,1,08:57:38.583288266
117.96,4,08:57:38.583288266
117.96,6,08:57:38.583464953
117.96,2,08:57:38.583479808
117.96,12,08:57:38.583479808
117.96,3,08:57:38.583496112
117.96,1,08:57:38.583496112
117.96,1,08:57:38.583737804
117.96,2,08:57:38.583751213
117.96,2,08:57:38.583766397
117.96,1,08:57:38.583766397
117.96,1,08:57:38.583782291
117.96,1,08:57:38.583797296
117.96,1,08:57:38.583811319
117.96,8,08:57:38.583811319
117.96,2,08:57:38.583824761
117.96,13,08:57:38.583838563
117.96,4,08:57:38.583852211
117.96,2,08:57:38.583865664
117.96,1,08:57:38.584085887
117.96,1,08:57:38.584100841
117.96,1,08:57:38.584115997
117.96,1,08:57:38.584136607
117.96,1,08:57:38.629802084
117.96,1,08:57:38.633945041
117.96,1,08:57:38.634042072
117.96,1,08:57:38.634061579
117.96,2,08:57:38.634061579
117.96,1,08:57:38.661022728
117.96,1,08:57:40.029232338
117.95,4,08:57:42.721966994
117.95,1,08:57:42.721966994
117.95,6,08:57:42.722272345
117.95,3,08:57:42.722380777
117.95,1,08:57:42.722380777
117.95,1,08:57:42.722526531
117.95,5,08:57:42.722526531
117.95,1,08:57:42.722736939
117.95,3,08:57:42.722736939
117.95,6,08:57:42.722911987
117.95,1,08:57:42.723266146
117.95,1,08:57:42.723663201
117.95,2,08:57:42.880630686
117.95,8,08:57:45.474070136
117.95,1,08:57:45.474070136
117.95,1,08:57:45.474167208
117.95,1,08:57:45.474183922
117.95,2,08:57:45.474561633
117.95,1,08:57:45.474655041
117.95,1,08:57:49.599218956
117.95,1,08:57:49.599800610
117.95,1,08:57:49.600299399
117.95,1,08:57:50.893975465
117.95,1,08:57:51.022304535
117.96,1,08:57:52.063850183
117.95,3,08:57:59.116131820
117.95,1,08:57:59.116262114
117.95,5,08:57:59.116281276
117.95,2,08:57:59.116281276
117.95,1,08:57:59.116281276
117.95,1,08:57:59.116298332
117.95,3,08:58:00.145833778
117.95,1,08:58:02.740998589
117.95,1,08:58:02.741158473
117.95,1,08:58:02.741254119
117.95,1,08:58:02.741549799
117.95,3,08:58:02.741732285
117.95,1,08:58:02.741766704
117.95,5,08:58:02.741766704
117.95,1,08:58:02.748850229
117.95,4,08:58:02.749027467
117.95,1,08:58:02.749152699
117.95,1,08:58:02.814292645
117.95,2,08:58:02.814306955
117.95,1,08:58:02.814378606
117.95,1,08:58:02.814396494
117.95,2,08:58:02.814396494
117.95,1,08:58:02.856334931
117.95,2,08:58:03.156467043
117.95,1,08:58:03.736044496
117.95,7,08:58:03.736366329
117.95,1,08:58:03.736829996
117.95,1,08:58:04.917538590
117.95,1,08:58:07.344609558
117.95,1,08:58:07.344623040
117.95,2,08:58:07.344689244
117.95,4,08:58:07.344707024
117.95,1,08:58:07.345153964
117.95,16,08:58:07.365816666
117.95,2,08:58:07.381297777
117.95,4,08:58:07.381297777
117.95,2,08:58:07.381364330
117.95,1,08:58:07.385354159
117.95,9,08:58:07.524796111
117.95,1,08:58:07.525122674
117.95,1,08:58:07.525393605
117.95,1,08:58:07.897213378
117.95,1,08:58:07.897430575
117.95,1,08:58:08.348735492
117.95,4,08:58:08.348981927
117.95,2,08:58:08.349089201
117.95,1,08:58:08.370322273
117.95,1,08:58:08.370456241
117.95,3,08:58:08.370483838
117.95,1,08:58:08.370483838
117.95,2,08:58:08.370483838
117.94,1,08:58:10.460707706
117.94,1,08:58:10.460958713
117.94,2,08:58:10.460972124
117.94,14,08:58:10.460985849
117.94,11,08:58:10.460999673
117.94,2,08:58:10.461015131
117.94,2,08:58:10.461028501
117.94,3,08:58:10.461042076
117.94,2,08:58:10.461057686
117.94,2,08:58:10.461076144
117.94,1,08:58:10.461089935
117.94,1,08:58:10.461482953
117.94,1,08:58:10.461537772
117.94,4,08:58:10.461537772
117.94,3,08:58:10.461537772
117.94,1,08:58:10.505662306
117.94,2,08:58:10.505759359
117.94,2,08:58:10.541885547
117.94,2,08:58:12.477166478
117.94,1,08:58:12.477513908
117.94,4,08:58:12.477513908
117.94,2,08:58:12.477638458
117.94,1,08:58:12.477638458
117.94,2,08:58:12.499682744
117.94,1,08:58:12.499771822
117.94,5,08:58:12.499789813
117.94,3,08:58:12.506276975
117.94,3,08:58:12.524006982
117.94,5,08:58:12.524112032
117.94,1,08:58:12.524128320
117.94,2,08:58:12.524772428
117.94,2,08:58:12.525039811
117.94,1,08:58:12.546324562
117.94,2,08:58:12.546410154
117.94,1,08:58:12.546494167
117.94,1,08:58:12.601185385
117.93,1,08:58:13.602259444
117.93,4,08:58:13.602273779
117.93,3,08:58:13.882272654
117.93,1,08:58:13.882351469
117.93,2,08:58:14.780207454
117.93,2,08:58:14.780323720
117.93,1,08:58:14.780344433
117.93,1,08:58:14.780361125
117.94,5,08:58:19.310659468
117.94,4,08:58:19.310659468
117.94,1,08:58:19.310659468
117.94,1,08:58:19.310798361
117.94,5,08:58:19.310798361
117.94,4,08:58:19.311356257
117.94,1,08:58:19.311814994
117.94,2,08:58:19.312041170
117.94,1,08:58:19.650577234
117.94,5,08:58:21.363635046
117.94,5,08:58:28.025301547
117.94,1,08:58:28.025315361
117.94,10,08:58:28.025443059
117.94,5,08:58:28.025459801
117.94,1,08:58:28.025459801
117.94,2,08:58:28.025459801
117.94,14,08:58:28.025459801
117.94,2,08:58:28.025677386
117.94,8,08:58:28.025701643
117.94,6,08:58:28.025701643
117.94,1,08:58:28.112235962
117.94,1,08:58:28.212232717
117.94,1,08:58:28.650853697
117.94,3,08:58:28.650952374
117.94,2,08:58:28.650970001
117.94,1,08:58:28.651449456
117.94,1,08:58:34.718223551
117.94,7,08:58:34.718284370
117.94,3,08:58:38.974532666
117.94,1,08:58:38.974933619
117.94,1,08:58:38.998706075
117.94,1,08:58:38.998772544
117.94,2,08:58:39.184064881
117.94,2,08:58:39.222229564
117.93,1,08:58:46.179145648
117.93,1,08:58:46.179374108
117.93,1,08:58:46.179404908
117.93,2,08:58:46.179404908
117.93,7,08:58:46.179404908
117.93,1,08:58:46.179640035
117.93,10,08:58:46.179829053
117.93,4,08:58:46.179843558
117.93,6,08:58:46.179857648
117.93,1,08:58:46.179896473
117.93,1,08:58:46.181300607
117.93,1,08:58:46.190500248
117.93,1,08:58:46.190707915
117.93,1,08:58:46.208131764
117.93,2,08:58:46.208215904
117.93,1,08:58:46.620958504
117.93,1,08:58:46.803207174
117.93,1,08:58:46.803383372
117.93,1,08:58:46.823681267
117.93,2,08:58:48.108629779
117.93,1,08:58:49.099545460
117.92,1,08:58:49.669051049
117.92,1,08:58:49.669151647
117.92,4,08:58:49.669166566
117.92,1,08:58:49.669166566
117.92,2,08:58:49.669261083
117.92,1,08:58:49.669392249
117.92,4,08:58:49.669599692
117.92,1,08:58:49.669806504
117.92,12,08:58:49.669824056
117.92,4,08:58:49.669840584
117.92,4,08:58:49.669854123
117.92,1,08:58:49.669872143
117.92,3,08:58:49.669872143
117.92,1,08:58:49.669886581
117.92,3,08:58:49.669901874
117.92,1,08:58:49.669917947
117.92,5,08:58:49.669940242
117.92,1,08:58:49.695116547
117.92,1,08:58:49.695211564
117.92,3,08:58:49.695227158
117.92,1,08:58:49.930618992
117.92,1,08:58:50.276148175
117.91,1,08:58:52.222059933
117.91,1,08:58:52.222161027
117.91,1,08:58:52.222407845
117.91,1,08:58:52.222533817
117.91,9,08:58:52.222548626
117.91,10,08:58:52.222548626
117.91,5,08:58:52.222632614
117.91,69,08:58:52.222760988
117.91,3,08:58:52.222760988
117.91,4,08:58:52.222774892
117.91,1,08:58:52.222884067
117.91,24,08:58:52.223033001
117.91,1,08:58:52.223033001
117.91,2,08:58:52.223168111
117.91,3,08:58:52.223407439
117.91,27,08:58:52.223407439
117.91,1,08:58:52.238412830
117.91,2,08:58:52.240020940
117.91,3,08:58:52.265052088
117.91,1,08:58:52.278251924
117.91,1,08:58:52.311090330
117.91,1,08:58:52.330166684
117.91,1,08:58:52.505965159
117.91,5,08:58:52.506081172
117.91,2,08:58:52.506101201
117.91,1,08:58:52.506101201
117.91,4,08:58:52.506101201
117.91,1,08:58:54.853239013
117.91,1,08:58:54.853697908
117.91,1,08:58:55.034707187
117.91,1,08:58:58.035084719
117.91,4,08:58:58.241652702
117.91,1,08:58:58.242686732
117.91,2,08:58:58.242686732
117.91,1,08:58:58.246694583
117.91,4,08:58:58.246716275
117.91,1,08:58:58.264172557
117.9,1,08:58:58.979828036
117.9,7,08:58:58.980039066
117.9,1,08:58:58.980053975
117.9,2,08:58:58.980053975
117.9,1,08:58:58.980068026
117.9,2,08:58:58.980082254
117.9,1,08:58:58.980082254
117.9,1,08:58:58.980096310
117.9,25,08:58:58.980112233
117.9,1,08:58:58.980112233
117.9,1,08:58:58.980127986
117.9,1,08:58:58.980141135
117.9,6,08:58:58.980214655
117.9,4,08:58:58.980228355
117.9,7,08:58:58.980245485
117.9,1,08:58:58.980262938
117.9,1,08:58:58.980280602
117.9,3,08:58:58.980293917
117.9,1,08:58:58.980307923
117.9,2,08:58:58.980324973
117.9,1,08:58:58.980342144
117.9,1,08:58:58.980356928
117.9,1,08:58:58.980375123
117.9,1,08:58:58.980389027
117.9,1,08:58:58.980654010
117.9,9,08:58:58.980669351
117.9,4,08:58:58.980683654
117.9,5,08:58:58.980697795
117.9,1,08:58:58.980711088
117.9,4,08:58:58.980728598
117.9,4,08:58:59.041395890
117.9,2,08:58:59.041395890
117.9,2,08:58:59.041479714
117.9,1,08:58:59.041494453
117.9,1,08:58:59.062865654
117.9,2,08:58:59.062865654
117.9,1,08:58:59.062963155
117.9,1,08:58:59.062978732
117.9,3,08:58:59.062978732
117.9,4,08:59:01.918524570
117.9,1,08:59:01.918524570
117.9,1,08:59:01.918538346
117.9,1,08:59:01.956654543
117.9,1,08:59:01.956761621
117.9,4,08:59:01.956913681
117.9,4,08:59:01.957192962
117.9,4,08:59:01.957542414
117.9,1,08:59:01.957711495
117.9,11,08:59:01.962461662
117.9,9,08:59:01.962576705
117.9,2,08:59:01.962576705
117.89,1,08:59:02.501400581
117.89,1,08:59:02.501697695
117.89,2,08:59:02.501931451
117.89,1,08:59:02.501951569
117.89,2,08:59:02.501951569
117.89,4,08:59:02.501951569
117.89,2,08:59:02.501971802
117.89,1,08:59:02.502128475
117.89,3,08:59:02.502128475
117.89,1,08:59:02.502144900
117.89,2,08:59:02.502144900
117.89,1,08:59:02.503628125
117.9,1,08:59:03.031908355
117.9,9,08:59:03.032013213
117.9,1,08:59:03.032037098
117.9,2,08:59:03.032541878
117.9,1,08:59:03.032541878
117.9,1,08:59:03.064583984
117.9,1,08:59:03.282541463
117.9,1,08:59:03.284227091
117.9,1,08:59:03.439344685
117.9,1,08:59:04.040900379
117.9,2,08:59:07.651887696
117.9,1,08:59:07.651887696
117.9,1,08:59:07.651971142
117.9,1,08:59:07.651986986
117.9,1,08:59:07.652065031
117.9,2,08:59:07.652303895
117.9,7,08:59:07.652441725
117.9,1,08:59:07.652543194
117.9,1,08:59:07.652563283
117.9,5,08:59:07.652563283
117.9,1,08:59:07.656189774
117.9,1,08:59:07.679042768
117.9,5,08:59:07.679385786
117.9,2,08:59:07.679401210
117.9,3,08:59:08.284881360
117.9,2,08:59:08.284881360
117.9,1,08:59:08.284971071
117.9,1,08:59:08.284988127
117.91,1,08:59:10.462400644
117.91,1,08:59:10.462419722
117.91,1,08:59:10.462948922
117.91,2,08:59:10.462966647
117.91,3,08:59:10.462966647
117.91,1,08:59:10.463842694
117.91,1,08:59:10.482441996
117.91,2,08:59:10.500774386
117.91,1,08:59:10.500873967
117.91,1,08:59:10.500889439
117.91,2,08:59:10.500889439
117.91,1,08:59:10.646507252
117.91,8,08:59:14.100408688
117.91,1,08:59:14.100422534
117.91,2,08:59:14.100518790
117.91,1,08:59:14.100534806
117.91,2,08:59:14.102442923
117.91,1,08:59:14.203042131
117.91,1,08:59:14.912928790
117.91,1,08:59:14.912942831
117.91,1,08:59:14.913025721
117.91,1,08:59:14.913041142
117.91,1,08:59:15.304906840
117.91,2,08:59:17.178799835
117.91,1,08:59:17.179368147
117.91,1,08:59:17.179730865
117.91,2,08:59:17.214479291
117.91,1,08:59:17.214552093
117.91,2,08:59:18.779756748
117.91,1,08:59:18.779771077
117.91,1,08:59:18.779841928
117.91,1,08:59:18.779857349
117.92,4,08:59:19.007508751
117.91,2,08:59:26.316239451
117.91,1,08:59:26.316389211
117.91,3,08:59:26.316479697
117.91,2,08:59:26.316628336
117.91,1,08:59:26.316628336
117.91,2,08:59:26.316730520
117.91,1,08:59:26.316746196
117.91,1,08:59:26.446446644
117.91,6,08:59:30.669812582
117.91,3,08:59:30.669812582
117.91,5,08:59:30.669935558
117.91,1,08:59:30.669950899
117.91,2,08:59:30.669950899
117.91,4,08:59:30.669950899
117.91,1,08:59:30.670211811
117.91,5,08:59:30.670233894
117.91,1,08:59:30.680649583
117.91,1,08:59:30.680816140
117.91,1,08:59:30.680945037
117.91,1,08:59:30.680964580
117.91,1,08:59:31.260864439
117.91,1,08:59:31.261166618
117.91,4,08:59:31.261181130
117.91,6,08:59:31.261314039
117.91,6,08:59:31.282348900
117.91,9,08:59:31.302389269
117.91,1,08:59:31.302389269
117.91,1,08:59:31.302463439
117.91,1,08:59:31.302596394
117.91,1,08:59:31.302948775
117.91,1,08:59:31.303307042
117.91,1,08:59:31.303954515
117.91,1,08:59:31.316774243
117.91,1,08:59:31.316974890
117.91,1,08:59:31.461272109
117.91,1,08:59:32.023668780
117.91,1,08:59:32.023910795
117.91,1,08:59:32.023998795
117.91,1,08:59:32.024110487
117.91,1,08:59:32.024225330
117.91,1,08:59:32.024544898
117.91,2,08:59:32.024747614
117.91,1,08:59:32.024747614
117.91,2,08:59:36.079777997
117.91,9,08:59:44.770985296
117.91,2,08:59:44.771104739
117.91,1,08:59:44.771126400
117.91,2,08:59:44.771348038
117.91,2,08:59:44.771366064
117.91,1,08:59:44.771483225
117.91,1,08:59:44.771984677
117.91,3,08:59:44.771984677
117.91,2,08:59:44.792534352
117.91,3,08:59:44.792635120
117.91,1,08:59:44.792651012
117.91,2,08:59:44.792651012
117.91,2,08:59:44.895235063
117.91,2,08:59:44.944224246
117.9,1,08:59:45.042640298
117.9,1,08:59:45.043186214
117.9,1,08:59:45.043200627
117.9,1,08:59:45.044009212
117.9,1,08:59:45.044062917
117.9,1,08:59:45.044078814
117.9,5,08:59:45.044093144
117.9,1,08:59:45.044252363
117.9,1,08:59:45.044285775
117.9,2,08:59:45.044311070
117.9,1,08:59:45.044326712
117.9,1,08:59:45.045048613
117.9,1,08:59:45.045067540
117.9,2,08:59:45.045140565
117.9,1,08:59:45.045318433
117.9,1,08:59:45.045334075
117.9,1,08:59:45.045454200
117.9,1,08:59:45.045472458
117.9,1,08:59:45.045576480
117.9,1,08:59:45.045623968
117.9,1,08:59:45.045728542
117.9,2,08:59:45.045745070
117.9,4,08:59:45.046026647
117.9,1,08:59:45.046026647
117.9,5,08:59:45.046199969
117.9,1,08:59:45.046199969
117.9,2,08:59:45.046435055
117.9,3,08:59:45.046464752
117.9,1,08:59:45.046777155
117.9,1,08:59:45.046794240
117.9,1,08:59:45.047215158
117.9,6,08:59:45.047594732
117.9,1,08:59:45.047594732
117.9,1,08:59:45.047708828
117.9,1,08:59:45.048034927
117.9,2,08:59:45.048368962
117.9,1,08:59:45.048368962
117.9,2,08:59:45.048522891
117.9,1,08:59:45.048522891
117.9,1,08:59:45.048539369
117.9,1,08:59:45.051291837
117.9,1,08:59:45.051377814
117.9,1,08:59:45.051559430
117.9,1,08:59:45.051871843
117.9,2,08:59:45.052098508
117.9,1,08:59:45.052223724
117.9,1,08:59:45.052305337
117.9,1,08:59:45.052393784
117.9,1,08:59:45.052487670
117.9,1,08:59:45.054979162
117.9,1,08:59:45.701798666
117.91,1,08:59:47.701198564
117.91,2,08:59:47.701736033
117.91,1,08:59:47.701736033
117.91,2,08:59:47.701888497
117.91,1,08:59:47.701909319
117.91,1,08:59:47.702862678
117.91,4,08:59:47.703285194
117.91,1,08:59:47.705117211
117.91,1,08:59:47.705607192
117.91,1,08:59:47.727856789
117.91,1,08:59:47.868361108
117.91,2,08:59:49.869383089
117.91,1,08:59:50.190463862
117.91,4,08:59:50.533602448
117.91,1,08:59:50.533913804
117.91,1,08:59:50.534242370
117.91,2,08:59:50.555643149
117.91,2,08:59:50.555757551
117.91,1,08:59:50.555774163
117.91,1,08:59:50.555789369
117.91,1,08:59:50.564801904
117.91,10,08:59:50.979689569
117.91,1,08:59:50.979782823
117.91,1,08:59:50.979797968
117.91,1,08:59:50.999961928
117.91,2,08:59:51.000140440
117.91,2,08:59:51.000163173
117.91,1,08:59:51.000163173
117.91,7,08:59:51.000187158
117.91,2,08:59:51.000187158
117.91,1,08:59:51.000187158
117.91,1,08:59:51.031401327
117.91,1,08:59:51.040841171
117.9,3,08:59:52.847714487
117.9,1,08:59:52.847728228
117.9,1,08:59:52.847786177
117.9,5,08:59:54.073088273
117.9,1,08:59:55.130180227
117.9,1,08:59:55.130194224
117.9,3,08:59:55.130258854
117.9,5,08:59:56.171856433
117.9,5,08:59:56.783511517
117.91,6,08:59:57.071620393
117.91,3,08:59:58.522360935
117.91,1,08:59:58.522360935
117.91,1,08:59:58.522508714
117.91,2,08:59:58.522523767
117.91,4,08:59:58.522523767
117.91,1,08:59:58.522775130
117.91,1,08:59:58.522797210
117.91,2,08:59:58.522797210
117.91,1,08:59:58.523302221
117.91,1,08:59:58.523513011
117.91,3,08:59:58.523539171
117.9,4,08:59:59.504807990
117.9,12,08:59:59.504807990
117.9,1,08:59:59.504917472
117.9,1,08:59:59.504939581
117.9,2,08:59:59.504939581
117.9,1,08:59:59.529195077
117.9,1,08:59:59.555139401
117.9,1,08:59:59.629864218
117.9,1,09:00:01.696437473
117.9,1,09:00:01.696613930
117.9,3,09:00:01.696742826
117.9,1,09:00:01.696934606
117.9,2,09:00:01.697272288
117.9,1,09:00:01.697307542
117.9,7,09:00:01.697307542
117.9,2,09:00:01.697307542
117.9,2,09:00:01.720578412
117.9,1,09:00:01.720594165
117.91,1,09:00:01.733332054
117.9,1,09:00:01.746016281
117.9,7,09:00:01.746200412
117.9,1,09:00:01.746222665
117.9,1,09:00:01.746249651
117.9,2,09:00:01.746249651
117.9,4,09:00:01.746249651
117.91,2,09:00:01.761944660
117.9,1,09:00:01.782434411
117.9,3,09:00:01.782546382
117.9,1,09:00:01.782565135
117.9,2,09:00:01.782565135
117.91,1,09:00:01.791959678
117.91,2,09:00:01.791959678
117.9,7,09:00:01.809120664
117.9,3,09:00:01.809248295
117.9,1,09:00:01.809269812
117.9,3,09:00:01.809269812
117.9,2,09:00:01.809269812
117.91,2,09:00:01.824338950
117.9,11,09:00:01.838965602
117.9,1,09:00:01.839181844
117.9,1,09:00:01.856709007
117.9,2,09:00:01.860002409
117.9,1,09:00:01.860095503
117.9,1,09:00:01.860110991
117.9,1,09:00:01.860252873
117.9,2,09:00:01.864925589
117.9,1,09:00:01.865009778
117.9,5,09:00:01.865154072
117.9,1,09:00:01.865264331
117.9,1,09:00:01.885340601
117.9,2,09:00:01.885454150
117.9,7,09:00:01.885475863
117.9,1,09:00:01.885475863
117.9,3,09:00:01.885475863
117.9,1,09:00:01.917786498
117.9,1,09:00:01.934648316
117.9,1,09:00:01.944861053
117.9,1,09:00:01.976839574
117.9,6,09:00:02.002997799
117.9,2,09:00:02.024760608
117.9,1,09:00:02.024848741
117.9,11,09:00:02.245394546
117.9,1,09:00:02.245420619
117.9,2,09:00:02.245420619
117.9,5,09:00:02.287468378
117.9,1,09:00:02.287536368
117.9,1,09:00:02.304800399
117.9,1,09:00:02.703461397
117.9,6,09:00:02.703579351
117.9,1,09:00:02.703597879
117.9,2,09:00:02.703597879
117.9,1,09:00:02.709051316
117.9,1,09:00:02.732839097
117.9,1,09:00:02.737740115
117.9,1,09:00:02.764929413
117.9,1,09:00:02.793567538
117.9,1,09:00:03.178915353
117.9,1,09:00:03.178982521
117.9,1,09:00:03.462891080
117.9,9,09:00:03.497137250
117.9,1,09:00:03.497137250
117.9,1,09:00:03.520945710
117.9,1,09:00:03.521060644
117.9,2,09:00:03.521079007
117.9,1,09:00:03.521079007
117.9,7,09:00:03.521079007
117.91,1,09:00:03.554027226
117.9,9,09:00:03.558588903
117.9,1,09:00:03.582994907
117.9,2,09:00:03.582994907
117.9,1,09:00:03.583079989
117.9,1,09:00:03.583098681
117.9,7,09:00:03.583098681
117.91,1,09:00:03.583845477
117.9,1,09:00:03.610775035
117.9,8,09:00:03.611160027
117.91,1,09:00:03.615604293
117.9,2,09:00:03.634915431
117.9,7,09:00:03.634931175
117.9,1,09:00:03.634931175
117.91,1,09:00:03.642445784
117.9,3,09:00:03.664659755
117.9,1,09:00:03.664747013
117.9,4,09:00:03.664938523
117.9,2,09:00:03.667374345
117.91,2,09:00:03.700127396
117.9,4,09:00:03.731808568
117.9,1,09:00:03.731905815
117.9,3,09:00:03.731905815
117.9,1,09:00:03.732355184
117.9,1,09:00:03.885584487
117.9,7,09:00:03.885604119
117.9,2,09:00:03.885604119
117.9,6,09:00:03.885604119
117.9,1,09:00:03.885604119
117.9,2,09:00:03.885621024
117.9,1,09:00:03.886035199
117.9,2,09:00:03.886035199
117.9,1,09:00:03.910127138
117.9,1,09:00:03.910412959
117.9,1,09:00:03.910670990
117.9,1,09:00:03.933815700
117.91,3,09:00:04.550684234
117.91,1,09:00:04.550746317
117.91,1,09:00:04.553757979
117.91,8,09:00:04.554122037
117.91,4,09:00:04.554122037
117.91,5,09:00:04.554122037
117.91,1,09:00:04.554122037
117.91,1,09:00:04.555123482
117.91,1,09:00:04.555140538
117.91,1,09:00:04.555154691
117.91,1,09:00:04.576288225
117.91,9,09:00:04.576353815
117.91,1,09:00:04.598391784
117.91,1,09:00:04.598519915
117.91,7,09:00:04.598543285
117.91,2,09:00:04.598543285
117.91,1,09:00:04.598543285
117.91,11,09:00:04.598543285
117.91,1,09:00:04.598559685
117.91,5,09:00:04.598874891
117.91,1,09:00:04.598874891
117.92,1,09:00:04.673107635
117.92,1,09:00:04.705077580
117.92,1,09:00:04.734864935
117.92,4,09:00:05.153689632
117.92,2,09:00:05.153835574
117.92,1,09:00:05.153858566
117.92,2,09:00:05.153858566
117.92,5,09:00:05.153858566
117.92,11,09:00:05.153858566
117.92,5,09:00:05.153879046
117.92,6,09:00:05.153879046
117.92,1,09:00:05.153879046
117.92,3,09:00:05.153879046
117.92,1,09:00:05.154228353
117.92,2,09:00:05.154228353
117.92,1,09:00:05.174453981
117.92,1,09:00:05.174529943
117.92,2,09:00:05.215609766
117.92,2,09:00:05.242688132
117.92,1,09:00:05.255759096
117.92,2,09:00:05.275000000
117.92,1,09:00:05.336027375
117.92,1,09:00:05.666741395
117.91,2,09:00:07.196654018
117.91,1,09:00:07.196668076
117.91,5,09:00:07.196757387
117.91,3,09:00:07.196757387
117.91,1,09:00:07.196757387
117.91,2,09:00:07.197305883
117.91,3,09:00:07.197305883
117.91,2,09:00:07.197407234
117.91,5,09:00:07.197407234
117.91,2,09:00:07.197573191
117.91,10,09:00:07.197573191
117.91,8,09:00:07.197591450
117.91,1,09:00:07.197765435
117.91,1,09:00:07.197781006
117.91,1,09:00:07.197795918
117.91,1,09:00:07.197810686
117.91,1,09:00:07.197827252
117.91,1,09:00:07.197842085
117.91,1,09:00:07.197964136
117.91,1,09:00:07.197978417
117.91,2,09:00:07.198440461
117.91,1,09:00:07.198472704
117.91,1,09:00:07.198495296
117.91,2,09:00:07.198495296
117.91,1,09:00:07.199164128
117.91,2,09:00:07.199164128
117.91,1,09:00:07.199571859
117.91,3,09:00:07.199571859
117.91,1,09:00:07.343831840
117.91,1,09:00:07.343948960
117.91,1,09:00:07.860938107
117.91,2,09:00:07.884762839
117.91,1,09:00:07.884824649
117.9,1,09:00:08.681464402
117.9,1,09:00:08.681624248
117.9,1,09:00:08.682956672
117.9,1,09:00:08.683388023
117.9,1,09:00:08.747709916
117.9,3,09:00:08.747787051
117.91,6,09:00:09.685024500
117.91,2,09:00:09.685128404
117.91,4,09:00:09.685128404
117.91,1,09:00:09.729070700
117.9,13,09:00:12.384470620
117.9,1,09:00:12.384624697
117.9,1,09:00:12.384646303
117.9,2,09:00:12.384672399
117.9,1,09:00:12.384672399
117.9,1,09:00:14.647075901
117.9,5,09:00:14.647173904
117.9,1,09:00:14.647190121
117.9,2,09:00:14.647190121
117.9,3,09:00:14.676813586
117.9,1,09:00:14.676902584
117.9,1,09:00:14.676917777
