price,volume,timestamp
118.49,1,09:00:01.080488671
118.49,1,09:00:01.080569672
118.49,1,09:00:01.080584091
118.49,1,09:00:01.080897327
118.49,1,09:00:01.081007630
118.49,1,09:00:01.081130238
118.49,2,09:00:01.081130238
118.49,2,09:00:01.081682513
118.49,1,09:00:01.082350417
118.49,3,09:00:01.082368564
118.49,1,09:00:01.083148365
118.49,1,09:00:01.097924050
118.49,6,09:00:01.098017544
118.49,2,09:00:01.098036254
118.49,1,09:00:01.099431089
118.49,1,09:00:01.175028551
118.5,1,09:00:01.253329833
118.49,1,09:00:01.484301993
118.49,2,09:00:01.484399251
118.49,1,09:00:01.484399251
118.49,1,09:00:01.532774523
118.49,1,09:00:01.532841192
118.48,1,09:00:08.661873135
118.48,9,09:00:08.661889375
118.48,4,09:00:08.661908415
118.48,12,09:00:08.662567678
118.48,1,09:00:08.662581320
118.48,1,09:00:08.662599249
118.48,2,09:00:08.662617979
118.48,1,09:00:08.662634340
118.48,1,09:00:08.662813847
118.48,1,09:00:08.662827435
118.48,4,09:00:08.662841597
118.48,1,09:00:08.662855840
118.48,8,09:00:08.662868963
118.48,1,09:00:08.662883988
118.48,11,09:00:08.663013390
118.48,6,09:00:08.663197269
118.48,8,09:00:08.663237390
118.48,1,09:00:08.663267297
118.48,2,09:00:08.663288785
118.48,5,09:00:08.663328395
118.48,5,09:00:08.663360075
118.48,3,09:00:08.663382372
118.48,1,09:00:08.663409671
118.48,1,09:00:08.663425578
118.48,4,09:00:08.663452107
118.48,4,09:00:08.663819357
118.48,1,09:00:08.664170708
118.48,1,09:00:08.664211821
118.48,1,09:00:08.664626329
118.48,3,09:00:08.664715352
118.48,1,09:00:08.664789840
118.49,1,09:00:08.717542843
118.49,1,09:00:08.717556632
118.49,4,09:00:08.720370738
118.49,2,09:00:08.720370738
118.49,3,09:00:08.720436991
118.49,2,09:00:08.722879716
118.49,2,09:00:08.724771545
118.49,2,09:00:08.762857295
118.49,1,09:00:08.766693222
118.49,1,09:00:08.766763593
118.48,1,09:00:08.896871485
118.49,3,09:00:12.041106038
118.49,1,09:00:12.041181321
118.49,1,09:00:12.071810648
118.49,1,09:00:12.071912949
118.49,2,09:00:12.071931861
118.49,2,09:00:12.109076105
118.49,1,09:00:12.109295151
118.49,2,09:00:12.109390098
118.5,1,09:00:12.153018938
118.5,2,09:00:12.154362777
118.49,2,09:00:20.272838742
118.49,3,09:00:20.272951468
118.49,1,09:00:20.272966924
118.49,1,09:00:20.273331551
118.49,5,09:00:20.273331551
118.49,4,09:00:20.273501180
118.49,1,09:00:20.273501180
118.49,2,09:00:20.273501180
118.49,2,09:00:20.273523270
118.49,3,09:00:20.273523270
118.49,2,09:00:20.315604514
118.49,1,09:00:20.317718327
118.49,2,09:00:20.320844286
118.49,2,09:00:20.323852277
118.48,1,09:00:22.370155927
118.48,1,09:00:22.375069040
118.48,1,09:00:22.375234033
118.48,2,09:00:22.375234033
118.48,1,09:00:22.401236944
118.48,1,09:00:22.401443267
118.47,1,09:00:22.425824737
118.47,2,09:00:22.426480775
118.47,2,09:00:22.426496586
118.47,1,09:00:22.451065576
118.47,1,09:00:22.451219905
118.48,2,09:00:22.456526318
118.47,1,09:00:25.123628226
118.47,2,09:00:25.123727518
118.47,1,09:00:25.123743663
118.47,2,09:00:25.171101157
118.47,1,09:00:25.280738686
118.47,1,09:00:25.281198231
118.47,1,09:00:25.281608737
118.47,1,09:00:26.507068021
118.47,1,09:00:26.507547687
118.47,2,09:00:26.507949889
118.47,1,09:00:26.508046238
118.47,1,09:00:26.539522258
118.47,1,09:00:26.539863673
118.47,2,09:00:26.594165436
118.46,1,09:00:28.221837811
118.46,1,09:00:28.221852311
118.46,1,09:00:28.221949120
118.46,4,09:00:28.222581660
118.46,13,09:00:28.222581660
118.46,2,09:00:28.225759469
118.46,1,09:00:28.225827248
118.46,2,09:00:28.226516153
118.46,4,09:00:31.019298980
118.46,2,09:00:31.019298980
118.46,1,09:00:31.019317933
118.46,4,09:00:31.019317933
118.46,1,09:00:31.067608132
118.46,1,09:00:31.067624640
118.46,1,09:00:32.255708849
118.46,1,09:00:32.370907303
118.46,1,09:00:32.371094257
118.45,1,09:00:33.303767762
118.45,2,09:00:33.303767762
118.45,1,09:00:33.303846328
118.45,1,09:00:33.983633236
118.45,1,09:00:33.983729189
118.45,2,09:00:33.983729189
118.45,1,09:00:33.984425184
118.45,4,09:00:33.984425184
118.45,1,09:00:33.984713422
118.45,1,09:00:33.984730517
118.45,1,09:00:33.984754517
118.45,1,09:00:33.985252912
118.45,4,09:00:33.985765760
118.45,3,09:00:33.985783287
118.45,3,09:00:33.986056141
118.45,1,09:00:35.064826195
118.45,1,09:00:35.065093625
118.45,1,09:00:35.115051947
118.45,1,09:00:35.115244935
118.45,1,09:00:35.115343748
118.45,1,09:00:35.115460764
118.45,1,09:00:35.115476560
118.45,2,09:00:35.187231132
118.45,1,09:00:35.219519140
118.45,4,09:00:35.219855658
118.45,1,09:00:35.220482749
118.45,1,09:00:35.221472646
118.45,1,09:00:35.221941583
118.45,2,09:00:35.294509780
118.45,1,09:00:41.017199277
118.45,2,09:00:41.017199277
118.45,5,09:00:41.017304343
118.45,1,09:00:41.017324752
118.45,2,09:00:41.017324752
118.45,1,09:00:41.017951811
118.45,2,09:00:41.018246470
118.45,1,09:00:41.053373596
118.45,1,09:00:41.214240437
118.45,2,09:00:41.297740745
118.45,2,09:00:41.463463053
118.45,3,09:00:41.463527619
118.45,1,09:00:41.675830830
118.45,2,09:00:41.675830830
118.45,1,09:00:41.675986174
118.45,1,09:00:41.675999880
118.45,4,09:00:41.676014654
118.45,2,09:00:41.676014654
118.45,1,09:00:41.676029275
118.44,1,09:00:41.676029275
118.44,2,09:00:41.676043294
118.44,1,09:00:41.676043294
118.44,1,09:00:41.676199470
118.44,1,09:00:41.676214574
118.44,1,09:00:41.676228106
118.44,1,09:00:41.676244091
118.44,1,09:00:41.676257073
118.44,1,09:00:41.676270465
118.44,4,09:00:41.676283130
118.44,1,09:00:41.676446844
118.44,4,09:00:41.676461046
118.44,2,09:00:41.676476467
118.44,7,09:00:41.676476467
118.44,3,09:00:41.676490285
118.44,3,09:00:41.676507888
118.45,1,09:00:41.718275598
118.45,2,09:00:41.721061699
118.45,1,09:00:41.724656019
118.45,1,09:00:41.728165444
118.45,1,09:00:41.728180669
118.45,1,09:00:41.792043328
118.46,1,09:00:41.792043328
118.45,1,09:00:41.939388611
118.45,1,09:00:41.939616444
118.46,1,09:00:44.977690717
118.46,9,09:00:44.977690717
118.46,2,09:00:44.977914152
118.46,2,09:00:44.977929403
118.46,1,09:00:44.977929403
118.46,2,09:00:44.977942801
118.46,1,09:00:44.977957102
118.46,2,09:00:44.977957102
118.46,1,09:00:44.977975131
118.46,1,09:00:44.977991889
118.46,9,09:00:44.977991889
118.46,4,09:00:44.977991889
118.46,2,09:00:44.978006843
118.46,4,09:00:44.978006843
118.46,1,09:00:44.978020420
118.46,18,09:00:44.978034523
118.46,1,09:00:44.978047495
118.46,2,09:00:44.978063211
118.46,4,09:00:44.978081883
118.46,8,09:00:44.978109675
118.46,13,09:00:44.978124276
118.46,3,09:00:44.978138305
118.46,3,09:00:44.978151847
118.46,6,09:00:44.978176350
118.46,11,09:00:44.979143748
118.46,3,09:00:44.979158307
118.46,3,09:00:44.979171927
118.46,1,09:00:44.979765443
118.46,1,09:00:44.980323372
118.46,1,09:00:45.006664921
118.46,1,09:00:45.006891858
118.46,2,09:00:45.030964771
118.46,2,09:00:45.035856921
118.47,1,09:00:45.049248437
118.47,1,09:00:45.049324940
118.47,2,09:00:45.080184340
118.47,2,09:00:45.080992438
118.47,2,09:00:45.084306407
118.47,2,09:00:45.088273333
118.47,1,09:00:45.088273333
118.47,3,09:00:45.148914096
118.47,1,09:00:45.148928080
118.47,2,09:00:45.148997424
118.47,1,09:00:48.293981122
118.47,1,09:00:48.294077454
118.47,1,09:00:48.294091861
118.47,1,09:00:51.211461187
118.47,3,09:00:51.211461187
118.47,1,09:00:51.211628147
118.47,9,09:00:51.211644771
118.47,1,09:00:51.211644771
118.47,2,09:00:51.211644771
118.47,2,09:00:51.211859161
118.47,1,09:00:51.211880077
118.47,8,09:00:51.211894928
118.47,4,09:00:51.211894928
118.47,2,09:00:51.212031043
118.47,2,09:00:51.212048262
118.47,4,09:00:51.212048262
118.47,1,09:00:51.212076015
118.47,2,09:00:51.212684572
118.47,1,09:00:51.222834034
118.47,1,09:00:51.223165969
118.47,53,09:00:51.223165969
118.47,1,09:00:51.235540498
118.47,1,09:00:51.235912932
118.47,2,09:00:51.236115716
118.47,1,09:00:51.256058335
118.47,1,09:00:51.256131538
118.47,2,09:00:51.256385602
118.47,2,09:00:51.258270058
118.48,2,09:00:51.260472245
118.48,4,09:00:51.263162457
118.47,4,09:00:51.325222159
118.47,4,09:00:51.325240129
118.46,1,09:00:55.746187573
118.46,2,09:00:55.746187573
118.46,2,09:00:55.746313823
118.46,2,09:00:55.746341228
118.46,1,09:00:55.746341228
118.46,7,09:00:55.746341228
118.46,4,09:00:55.746341228
118.46,2,09:00:55.746979774
118.46,1,09:00:55.746979774
118.46,2,09:00:55.747149662
118.46,3,09:00:55.747182492
118.46,1,09:00:55.747182492
118.45,1,09:00:56.057240243
118.46,1,09:00:59.306708917
118.46,1,09:00:59.306728220
118.46,2,09:00:59.431379256
118.47,1,09:01:02.145498497
118.46,1,09:01:03.913936937
118.46,2,09:01:03.914055976
118.46,1,09:01:03.914055976
118.46,1,09:01:03.914076923
118.46,1,09:01:03.914216057
118.46,1,09:01:03.914730728
118.46,1,09:01:03.932122052
118.46,2,09:01:04.498415369
118.46,3,09:01:04.498415369
118.46,1,09:01:04.498415369
118.46,4,09:01:04.498415369
118.46,1,09:01:04.498430494
118.46,1,09:01:04.499371869
118.46,1,09:01:04.520957921
118.46,1,09:01:04.534145036
118.46,1,09:01:06.138104868
118.46,2,09:01:06.138199165
118.46,1,09:01:06.138407130
118.46,1,09:01:06.418154807
118.46,1,09:01:08.035368095
118.46,3,09:01:08.035368095
118.46,1,09:01:08.035754693
118.46,2,09:01:08.035908484
118.46,6,09:01:08.765896180
118.46,3,09:01:08.765896180
118.46,1,09:01:08.765993232
118.46,2,09:01:08.765993232
118.46,1,09:01:08.766008506
118.46,1,09:01:08.766158159
118.45,1,09:01:09.009508836
118.45,2,09:01:09.009617738
118.45,1,09:01:09.009636804
118.45,8,09:01:09.009636804
118.45,1,09:01:09.009659108
118.45,3,09:01:09.009659108
118.45,4,09:01:09.009659108
118.45,8,09:01:09.009659108
118.46,1,09:01:10.488395142
118.46,2,09:01:10.488417699
118.46,1,09:01:10.488417699
118.46,1,09:01:10.488450204
118.46,2,09:01:10.488826550
118.46,1,09:01:10.488826550
118.46,4,09:01:10.488984204
118.46,4,09:01:10.488998600
118.46,1,09:01:10.488998600
118.46,1,09:01:10.489020351
118.46,1,09:01:10.489607973
118.46,1,09:01:10.489713416
118.46,1,09:01:10.489957013
118.46,1,09:01:10.490231221
118.46,1,09:01:10.490345464
118.46,1,09:01:10.523394777
118.46,2,09:01:11.570395524
118.46,1,09:01:11.570501953
118.46,1,09:01:11.573569535
118.46,1,09:01:11.728191304
118.46,2,09:01:11.728191304
118.45,1,09:01:16.386489466
118.45,2,09:01:16.386489466
118.45,1,09:01:16.386756942
118.45,2,09:01:16.386770587
118.45,7,09:01:16.386785885
118.45,4,09:01:16.386785885
118.45,2,09:01:16.386785885
118.45,1,09:01:16.386914586
118.45,1,09:01:16.386929457
118.45,3,09:01:16.386950657
118.45,10,09:01:16.386964702
118.45,1,09:01:16.386964702
118.45,2,09:01:16.386979377
118.45,1,09:01:16.386992942
118.45,4,09:01:16.387195910
118.45,2,09:01:16.387210553
118.45,7,09:01:16.387210553
118.45,4,09:01:16.387210553
118.45,1,09:01:16.387224365
118.45,6,09:01:16.387318836
118.45,1,09:01:16.387348855
118.45,2,09:01:16.387530800
118.45,60,09:01:16.387563233
118.45,2,09:01:16.387579690
118.45,2,09:01:16.642220466
118.46,1,09:01:18.906756717
118.46,3,09:01:18.906841929
118.46,1,09:01:18.907357014
118.46,4,09:01:19.855491220
118.46,2,09:01:19.855491220
118.46,1,09:01:19.855572171
118.46,2,09:01:19.855572171
118.46,1,09:01:19.866189566
118.46,1,09:01:22.652408979
118.46,1,09:01:27.114977251
118.46,3,09:01:27.115493090
118.46,1,09:01:27.115521356
118.46,1,09:01:28.868449363
118.46,1,09:01:28.868467532
118.45,10,09:01:29.454321683
118.45,1,09:01:29.454496572
118.45,1,09:01:29.454516057
118.45,4,09:01:29.454516057
118.45,7,09:01:29.454535888
118.45,2,09:01:29.454535888
118.45,1,09:01:29.454535888
118.45,4,09:01:29.454535888
118.45,3,09:01:29.454535888
118.45,2,09:01:29.454704374
118.45,2,09:01:29.454718844
118.45,1,09:01:29.454733250
118.45,5,09:01:29.454748770
118.45,2,09:01:29.454762313
118.45,2,09:01:29.454776236
118.45,2,09:01:29.454789980
118.45,1,09:01:29.454954108
118.45,3,09:01:29.454968306
118.45,1,09:01:29.454982354
118.45,1,09:01:29.454996860
118.45,9,09:01:29.455011042
118.45,2,09:01:29.455025635
118.45,18,09:01:29.455604111
118.45,2,09:01:29.455750596
118.45,27,09:01:29.455782973
118.45,8,09:01:29.456641165
118.45,20,09:01:29.456656791
118.45,2,09:01:29.456785361
118.45,1,09:01:29.457297098
118.45,1,09:01:29.457311684
118.45,7,09:01:29.457326935
118.45,1,09:01:29.457735863
118.45,3,09:01:29.457753911
118.45,1,09:01:29.457959741
118.45,1,09:01:29.457977488
118.45,4,09:01:29.458027408
118.45,1,09:01:30.217006628
118.46,3,09:01:33.898425461
118.46,1,09:01:35.563403176
118.46,1,09:01:35.563595791
118.46,1,09:01:35.563612396
118.46,2,09:01:35.563612396
118.46,2,09:01:35.563791973
118.46,4,09:01:35.563806226
118.46,4,09:01:35.563820178
118.46,1,09:01:35.563835362
118.46,1,09:01:35.563849596
118.46,2,09:01:35.563992287
118.46,2,09:01:35.564019586
118.46,1,09:01:35.564019586
118.47,1,09:01:38.588895227
118.47,1,09:01:38.589005045
118.47,1,09:01:38.700071187
118.47,1,09:01:38.700086157
118.46,3,09:01:40.064331549
118.46,2,09:01:40.064641654
118.46,1,09:01:40.064822662
118.46,1,09:01:40.064837705
118.46,1,09:01:40.064958249
118.46,1,09:01:40.065122108
118.46,2,09:01:40.065122108
118.46,3,09:01:40.065122108
118.46,7,09:01:40.065337948
118.46,1,09:01:40.065352348
118.46,2,09:01:40.065352348
118.46,1,09:01:40.065367721
118.46,3,09:01:40.065367721
118.46,6,09:01:40.065367721
118.46,1,09:01:40.065381340
118.46,5,09:01:40.065396405
118.46,2,09:01:44.704643410
118.46,1,09:01:44.704779163
118.46,2,09:01:44.704794014
118.46,1,09:01:44.704794014
118.46,1,09:01:44.705011694
118.46,1,09:01:44.705026616
118.46,4,09:01:44.705026616
118.46,10,09:01:44.705026616
118.46,1,09:01:44.705177355
118.46,10,09:01:44.705202372
118.46,2,09:01:44.705202372
118.46,1,09:01:44.715212010
118.46,2,09:01:44.715548908
118.46,1,09:01:44.728832090
118.46,2,09:01:45.414854873
118.46,101,09:01:45.415118716
118.46,2,09:01:45.415118716
118.46,1,09:01:45.415118716
118.46,3,09:01:46.700420394
118.46,1,09:01:46.700525613
118.46,2,09:01:46.700542525
118.46,1,09:01:46.700542525
118.46,1,09:01:46.701006282
118.46,1,09:01:46.860302929
118.46,1,09:01:46.860613257
118.46,1,09:01:46.860720453
118.47,1,09:01:51.284100968
118.47,4,09:01:51.284100968
118.47,2,09:01:51.284100968
118.47,2,09:01:51.284191457
118.47,4,09:01:51.284213906
118.47,1,09:01:51.284213906
118.48,4,09:01:53.181720207
118.48,2,09:01:53.181720207
118.48,17,09:01:53.181834671
118.48,2,09:01:53.181862969
118.48,1,09:01:53.181862969
118.48,6,09:01:53.181862969
118.47,1,09:01:53.363058555
118.47,1,09:01:53.363415079
118.47,1,09:01:53.363667687
118.47,1,09:01:53.363915939
118.47,1,09:01:53.364023178
118.47,1,09:01:57.464706598
118.47,1,09:02:01.275293452
118.47,1,09:02:01.275411192
118.47,1,09:02:01.275427192
118.47,3,09:02:01.275427192
118.47,1,09:02:01.275442309
118.47,1,09:02:01.384037896
118.47,3,09:02:02.609942431
118.47,1,09:02:02.609942431
118.47,9,09:02:02.610040259
118.47,1,09:02:02.610307023
118.47,3,09:02:02.610396283
118.47,1,09:02:02.610416370
118.47,2,09:02:02.610529380
118.48,1,09:02:06.716623221
118.48,1,09:02:07.230457540
118.48,4,09:02:07.230457540
118.48,1,09:02:07.230766679
118.48,7,09:02:07.230911370
118.48,1,09:02:07.230925751
118.48,4,09:02:07.230939799
118.48,1,09:02:07.231165335
118.48,1,09:02:07.412631296
118.48,1,09:02:07.412645709
118.48,1,09:02:07.412722204
118.47,1,09:02:07.420530138
118.48,1,09:02:08.963094920
118.48,2,09:02:08.963094920
118.48,2,09:02:08.963182488
118.48,3,09:02:08.963198431
118.48,2,09:02:08.963198431
118.48,1,09:02:08.963434293
118.48,1,09:02:08.963747410
118.49,3,09:02:14.917079054
118.49,2,09:02:14.917171524
118.49,3,09:02:14.917186686
118.49,1,09:02:14.917186686
118.48,1,09:02:21.669658635
118.48,2,09:02:21.669992315
118.48,1,09:02:21.670456759
118.48,2,09:02:21.670636771
118.48,1,09:02:21.670653788
118.48,1,09:02:21.670668380
118.48,3,09:02:21.670668380
118.48,2,09:02:21.670711594
118.48,2,09:02:21.670726189
118.48,1,09:02:21.670726189
118.48,1,09:02:21.670741296
118.48,1,09:02:21.681289825
118.48,1,09:02:21.681652632
118.48,1,09:02:21.697612592
118.48,1,09:02:23.056330782
118.48,3,09:02:23.056330782
118.48,4,09:02:23.056396338
118.48,4,09:02:23.056811554
118.48,2,09:02:34.859946778
118.48,1,09:02:34.860424057
118.48,1,09:02:34.860447155
118.48,2,09:02:34.860447155
118.48,1,09:02:34.895932671
118.48,1,09:02:34.896197151
118.48,1,09:02:34.973591758
118.48,2,09:02:36.985174748
118.48,5,09:02:36.985504947
118.48,1,09:02:37.022174904
118.48,1,09:02:37.024837391
118.48,1,09:02:37.154081520
118.47,1,09:02:53.336876150
118.48,2,09:02:55.840096967
118.48,7,09:02:55.840096967
118.48,1,09:02:55.840177861
118.48,1,09:02:55.840817773
118.48,1,09:02:55.868821030
118.48,1,09:02:55.869228140
118.48,1,09:02:55.952918332
118.48,1,09:02:56.041414475
118.47,1,09:02:56.891552665
118.48,1,09:03:00.274580302
118.48,1,09:03:00.315234934
118.48,1,09:03:00.315313142
118.48,1,09:03:14.520025747
118.48,1,09:03:14.520124791
118.48,1,09:03:14.520376940
118.48,2,09:03:14.520376940
118.48,1,09:03:14.520498461
118.48,15,09:03:14.520517130
118.48,2,09:03:14.520517130
118.48,1,09:03:14.520723519
118.48,1,09:03:14.715412909
118.49,1,09:03:14.817812577
118.49,2,09:03:28.454503692
118.49,5,09:03:28.454518706
118.49,2,09:03:28.905517612
118.49,1,09:03:29.047268224
118.49,4,09:03:29.047391347
118.49,5,09:03:29.047391347
118.49,1,09:03:29.047412207
118.5,1,09:03:33.616078397
118.5,4,09:03:33.616078397
118.5,2,09:03:33.616140810
118.49,1,09:03:45.760349426
118.49,2,09:03:45.760399979
118.49,4,09:03:45.760704933
118.49,5,09:03:45.760811224
118.49,6,09:03:45.760826353
118.49,2,09:03:45.760826353
118.49,1,09:03:45.760842759
118.49,1,09:03:45.761013585
118.49,2,09:03:45.761031399
118.49,4,09:03:45.761452820
118.49,3,09:03:45.761645540
118.49,22,09:03:45.761890275
118.49,1,09:03:45.761904924
118.49,1,09:03:45.761926985
118.49,1,09:03:45.771179604
118.49,1,09:03:45.771305961
118.49,1,09:03:45.771469130
118.49,1,09:03:45.771553859
118.49,1,09:03:45.786353971
118.49,4,09:03:46.721834151
118.49,1,09:03:46.722407680
118.49,1,09:03:55.030270894
118.49,2,09:03:55.030507882
118.49,1,09:03:55.775494900
118.49,1,09:03:55.775775658
118.49,1,09:03:55.775873428
118.49,1,09:03:55.775888366
118.49,1,09:03:55.776159741
118.49,1,09:03:57.411297766
118.5,8,09:04:17.723917003
118.5,7,09:04:17.724302299
118.5,2,09:04:17.724315982
118.5,1,09:04:17.724411803
118.5,24,09:04:17.724427796
118.5,4,09:04:17.724427796
118.5,4,09:04:17.724526090
118.5,3,09:04:17.724743015
118.5,7,09:04:17.725061434
118.5,6,09:04:17.725304941
118.5,2,09:04:17.725328752
118.5,1,09:04:17.725342471
118.5,1,09:04:17.725486261
118.5,1,09:04:17.735869525
118.5,1,09:04:17.736201788
118.5,1,09:04:17.754262747
118.5,1,09:04:18.277023764
118.5,2,09:04:18.277038186
118.51,1,09:04:29.694893403
118.51,1,09:04:29.694959140
118.51,1,09:04:29.719924651
118.51,3,09:04:29.720481259
118.51,7,09:04:29.720552858
118.51,8,09:04:29.752580387
118.51,2,09:04:29.752773919
118.51,2,09:04:29.755835856
118.51,1,09:04:29.776430993
118.51,1,09:04:29.784958122
118.51,1,09:04:29.805713326
118.51,1,09:04:29.807199091
118.51,1,09:04:29.807385312
118.51,1,09:04:29.807485516
118.51,1,09:04:29.863512290
118.51,1,09:04:29.864749150
118.51,2,09:04:29.865029121
118.52,2,09:04:33.935814749
118.52,1,09:04:33.935968067
118.52,1,09:04:33.935983952
118.52,1,09:04:33.935997517
118.52,4,09:04:33.936194879
118.52,1,09:04:33.936218019
118.52,4,09:04:33.936468726
118.52,13,09:04:33.936499116
118.52,1,09:04:33.936499116
118.52,1,09:04:33.936512897
118.52,1,09:04:33.936648177
118.52,2,09:04:33.936661989
118.52,2,09:04:33.936675560
118.52,1,09:04:33.936707209
118.52,3,09:04:33.936722322
118.52,1,09:04:33.936997337
118.52,1,09:04:33.937789385
118.52,1,09:04:33.938473936
118.52,2,09:04:33.938509864
118.52,1,09:04:33.938704478
118.52,2,09:04:33.939469072
118.52,1,09:04:33.939579201
118.52,1,09:04:33.939596711
118.52,1,09:04:33.939819296
118.52,1,09:04:33.942681521
118.52,1,09:04:34.064016545
118.53,1,09:04:35.109469676
118.53,2,09:04:35.109975935
118.53,1,09:04:35.109975935
118.53,6,09:04:35.110088827
118.53,1,09:04:35.110108524
118.54,4,09:04:35.185112724
118.54,1,09:04:35.185210103
118.54,2,09:04:35.185224177
118.54,1,09:04:35.185224177
118.53,1,09:04:35.186075520
118.53,1,09:04:35.187517830
118.53,4,09:04:35.187517830
118.53,1,09:04:35.207016698
118.53,1,09:04:35.219740660
118.53,1,09:04:36.862049576
118.53,1,09:04:38.534554148
118.53,3,09:04:38.534726397
118.53,4,09:04:38.534726397
118.53,1,09:04:38.534748889
118.53,2,09:04:38.534748889
118.53,3,09:04:38.534748889
118.53,7,09:04:38.534748889
118.53,4,09:04:38.534765296
118.53,1,09:04:38.534765296
118.53,1,09:04:38.535181619
118.53,1,09:04:38.535195119
118.53,1,09:04:38.535250953
118.53,2,09:04:38.535273869
118.53,1,09:04:38.535810985
118.53,1,09:04:38.560183028
118.52,3,09:04:39.728872943
118.52,1,09:04:39.728872943
118.52,2,09:04:39.728986748
118.52,2,09:04:39.729136670
118.52,1,09:04:39.729136670
118.52,1,09:04:39.729167141
118.52,8,09:04:39.729167141
118.52,1,09:04:39.729481226
118.51,1,09:04:47.601531028
118.51,7,09:04:47.601726445
118.51,1,09:04:47.601745128
118.51,1,09:04:47.601928343
118.51,2,09:04:47.601942144
118.51,2,09:04:47.601957626
118.51,1,09:04:47.601957626
118.51,2,09:04:47.602014762
118.51,4,09:04:47.602028743
118.51,2,09:04:47.602043972
118.51,1,09:04:47.602058894
118.51,2,09:04:47.602132420
118.51,2,09:04:47.602147626
118.51,2,09:04:47.602179777
118.51,1,09:04:47.617016303
118.5,1,09:04:47.638757890
118.5,1,09:04:47.639170869
118.5,1,09:04:51.360957538
118.5,5,09:04:51.360957538
118.5,2,09:04:51.361055432
118.5,4,09:04:51.361070626
118.5,3,09:04:51.361070626
118.5,2,09:04:56.415489944
118.49,1,09:04:56.580346408
118.49,13,09:04:56.580346408
118.49,1,09:04:57.318850159
118.5,3,09:05:00.265614092
118.5,1,09:05:00.265614092
118.5,7,09:05:00.265628550
118.49,1,09:05:03.188955552
118.49,10,09:05:03.189237347
118.49,1,09:05:03.189953298
118.49,1,09:05:03.190150399
118.49,1,09:05:03.190178066
118.49,1,09:05:03.190194959
118.49,2,09:05:03.190523026
118.49,1,09:05:03.215438780
118.49,2,09:05:03.403411463
118.49,15,09:05:03.403411463
118.49,5,09:05:03.403613642
118.49,1,09:05:03.403628027
118.5,2,09:05:03.403642910
118.5,7,09:05:03.403642910
118.5,4,09:05:03.403659004
118.5,2,09:05:03.403659004
118.5,3,09:05:03.403659004
118.5,1,09:05:03.403672704
118.5,1,09:05:03.403687741
118.5,1,09:05:03.403703200
118.5,2,09:05:03.403703200
118.5,2,09:05:03.403721005
118.49,7,09:05:03.689773222
118.49,1,09:05:03.689857116
118.49,1,09:05:03.690491983
118.49,2,09:05:03.690491983
118.49,1,09:05:03.690517896
118.49,3,09:05:03.690517896
118.49,2,09:05:03.690689112
118.49,2,09:05:03.690997153
118.49,1,09:05:03.691055243
118.49,2,09:05:03.708292602
118.5,2,09:05:28.188080848
118.5,5,09:05:28.188329939
118.5,1,09:05:28.188423110
118.5,1,09:05:28.188818303
118.49,1,09:05:33.825031302
118.5,3,09:05:41.192141486
118.5,1,09:05:41.217194643
118.5,1,09:05:41.217526335
118.5,5,09:05:41.217540758
118.5,1,09:05:41.217631481
118.5,2,09:05:41.217650780
118.5,1,09:05:41.217650780
118.5,2,09:05:41.218073250
118.5,1,09:05:41.405743140
118.5,4,09:05:41.405810550
118.5,1,09:05:41.850414026
118.5,1,09:05:41.850429927
118.5,1,09:05:41.850517773
118.5,1,09:05:42.019036272
118.5,2,09:05:45.619271721
118.5,6,09:05:45.619271721
118.5,10,09:05:46.899041142
118.51,1,09:05:54.989722642
118.5,1,09:05:56.336706022
118.5,1,09:05:56.337130545
118.5,7,09:05:56.337130545
118.5,1,09:05:56.337275896
118.5,2,09:05:56.337290299
118.5,9,09:05:56.337290299
118.5,1,09:05:56.337290299
118.5,1,09:05:56.337488517
118.5,1,09:05:56.337511755
118.49,2,09:05:56.371447850
118.49,2,09:05:59.123854983
118.49,1,09:05:59.123854983
118.49,1,09:05:59.123952944
118.49,2,09:05:59.123968151
118.49,4,09:05:59.123968151
118.49,1,09:06:04.652878447
118.5,1,09:06:08.236567466
118.5,1,09:06:10.554176411
118.5,1,09:06:10.554260594
118.5,1,09:06:10.554275618
118.5,1,09:06:10.554575419
118.5,1,09:06:10.554815183
118.51,1,09:06:10.656988170
118.51,1,09:06:10.657125188
118.51,17,09:06:10.657252797
118.51,2,09:06:10.657275120
118.51,4,09:06:10.657275120
118.51,3,09:06:10.657275120
118.51,1,09:06:10.657728407
118.51,1,09:06:10.658141290
118.51,1,09:06:10.658306506
118.52,1,09:06:12.897886386
118.52,1,09:06:13.825139446
118.52,1,09:06:21.893035616
118.52,1,09:06:24.781481873
118.52,1,09:06:29.797898451
118.52,3,09:06:29.797898451
118.52,1,09:06:29.797911362
118.52,2,09:06:29.798019245
118.52,4,09:06:29.798296681
118.52,2,09:06:29.798531503
118.52,1,09:06:29.798531503
118.52,4,09:06:29.798531503
118.52,1,09:06:29.798545538
118.52,1,09:06:29.808537150
118.52,1,09:06:29.823123815
118.52,1,09:06:29.823585656
118.52,1,09:06:31.112395430
118.52,1,09:06:32.909547277
118.52,1,09:06:32.909629709
118.52,1,09:06:35.432507330
118.52,4,09:06:37.309441196
118.52,5,09:06:46.115593937
118.52,3,09:06:46.384347325
118.52,1,09:06:46.384347325
118.52,1,09:06:46.384364003
118.52,1,09:06:46.384849561
118.52,1,09:06:46.384947316
118.52,1,09:06:46.385649657
118.52,1,09:06:51.391945928
118.52,1,09:06:51.392076292
118.52,1,09:06:51.392335509
118.52,3,09:06:51.392447546
118.52,1,09:06:51.392447546
118.52,1,09:06:51.392577732
118.52,1,09:06:51.392597050
118.51,1,09:06:56.423203212
118.51,1,09:06:59.871636741
118.51,1,09:06:59.871740368
118.51,2,09:06:59.871769555
118.51,1,09:06:59.871769555
118.51,1,09:06:59.871968685
118.51,1,09:06:59.872267417
118.51,1,09:06:59.872282319
118.51,1,09:06:59.872538680
118.51,1,09:06:59.872557221
118.51,6,09:06:59.872557221
118.51,1,09:07:00.144262632
118.51,1,09:07:00.193101945
118.51,1,09:07:00.193191845
118.51,1,09:07:00.193206814
118.5,2,09:07:01.263571796
118.5,1,09:07:01.263571796
118.5,1,09:07:01.263972815
118.5,1,09:07:01.264351515
118.5,2,09:07:01.264351515
118.5,1,09:07:01.264475213
118.5,1,09:07:01.264490308
118.5,2,09:07:01.264490308
118.5,1,09:07:01.264519668
118.5,1,09:07:02.814659843
118.5,1,09:07:02.815090988
118.5,2,09:07:04.255205181
118.5,1,09:07:04.255282505
118.5,1,09:07:04.290152471
118.5,1,09:07:06.083043362
118.5,1,09:07:06.083133986
118.5,1,09:07:06.083149160
118.5,1,09:07:07.443905427
118.5,2,09:07:07.443905427
118.5,4,09:07:07.444336102
118.5,1,09:07:07.444763696
118.5,2,09:07:08.245414939
118.5,1,09:07:08.246085041
118.5,1,09:07:09.370680186
118.5,1,09:07:09.370749525
118.5,1,09:07:09.913456273
118.5,1,09:07:24.637968568
118.51,1,09:07:26.153901771
118.51,5,09:07:31.108156756
118.51,2,09:07:31.108449898
118.51,1,09:07:31.108564608
118.51,1,09:07:31.108581897
118.51,1,09:07:31.108704595
118.51,2,09:07:31.108704595
118.51,4,09:07:31.108723309
118.51,3,09:07:31.108723309
118.51,1,09:07:31.109028890
118.51,6,09:07:31.109188595
118.51,1,09:07:31.109208691
118.51,1,09:07:31.109224445
118.51,1,09:07:31.110504620
118.51,1,09:07:31.135349124
118.51,1,09:07:31.184947474
118.51,1,09:07:31.219989272
118.51,1,09:07:40.695424986
118.51,2,09:07:40.695693955
118.51,1,09:07:40.695796448
118.51,1,09:07:40.695978966
118.51,14,09:07:40.697308328
118.52,1,09:07:42.166607768
118.52,1,09:07:45.373202889
118.51,2,09:07:48.792118596
118.51,1,09:07:48.792211812
118.51,1,09:07:48.792482164
118.51,2,09:07:48.792630455
118.51,5,09:07:48.792651770
118.51,1,09:07:48.792651770
118.51,10,09:07:48.792669984
118.51,4,09:07:48.794277110
118.51,1,09:07:56.498175214
118.52,2,09:08:17.948044968
118.52,1,09:08:17.948119112
118.52,2,09:08:17.948342085
118.52,2,09:08:17.948357179
118.52,1,09:08:17.948482155
118.52,2,09:08:17.948643195
118.52,1,09:08:17.948850916
118.52,1,09:08:17.948976990
118.52,2,09:08:17.948976990
118.52,1,09:08:17.949059226
118.52,1,09:08:17.949077383
118.52,1,09:08:17.961468126
118.52,1,09:08:18.848773287
118.52,1,09:08:18.848887972
118.52,3,09:08:18.848910022
118.52,1,09:08:18.848910022
118.52,2,09:08:18.849326428
118.52,1,09:08:18.849326428
118.52,1,09:08:18.849354550
118.52,1,09:08:19.277336792
118.52,1,09:08:23.404574139
118.52,1,09:08:25.819948518
118.52,2,09:08:25.819948518
118.52,2,09:08:25.820916482
118.52,1,09:08:28.082428830
118.52,2,09:08:28.082428830
118.52,5,09:08:28.082701185
118.52,1,09:08:28.108673690
118.52,1,09:08:32.338954771
118.52,4,09:08:35.613224067
118.52,1,09:08:35.613626746
118.52,1,09:08:38.800338777
118.52,1,09:08:38.800690228
118.52,1,09:08:38.800876765
118.52,1,09:08:38.800902346
118.52,2,09:08:38.800902346
118.52,6,09:08:38.800918137
118.51,1,09:08:57.975333329
118.52,1,09:08:58.452667395
118.52,1,09:09:00.510311614
118.52,1,09:09:00.510670376
118.52,6,09:09:01.781168230
118.52,1,09:09:01.781262105
118.52,1,09:09:01.781285830
118.52,2,09:09:01.781285830
118.52,1,09:09:01.781822674
118.52,1,09:09:01.791988581
118.52,1,09:09:03.432417118
118.52,1,09:09:04.539009506
118.52,3,09:09:07.994262830
118.52,1,09:09:07.994371012
118.52,1,09:09:07.994390549
118.52,1,09:09:08.135605204
118.52,1,09:09:09.334923970
118.52,1,09:09:09.335007344
118.52,1,09:09:09.335024748
118.52,2,09:09:09.335238771
118.52,2,09:09:09.335408758
118.52,7,09:09:12.455019924
118.52,1,09:09:12.495247032
118.52,1,09:09:12.495312162
118.52,1,09:09:41.406249865
118.52,1,09:09:42.759829432
118.52,1,09:09:42.759919464
118.52,1,09:09:42.759933976
118.52,2,09:09:42.760240900
118.52,2,09:09:42.760370209
118.52,6,09:09:42.760571123
118.52,1,09:09:42.760586232
118.52,1,09:09:42.760601128
118.52,1,09:09:42.760615797
118.52,1,09:09:42.760633896
118.52,1,09:09:43.447430310
118.52,2,09:09:44.336953624
118.52,1,09:09:44.658846534
118.53,1,09:09:45.467823757
118.51,1,09:09:50.468028647
118.52,5,09:09:52.100121408
118.52,1,09:09:52.341464233
118.53,1,09:09:53.404234535
118.52,1,09:09:57.510137455
118.53,1,09:10:01.980813387
118.53,1,09:10:01.980900388
118.53,2,09:10:01.980915086
118.53,1,09:10:01.980915086
118.52,2,09:10:05.726996583
118.52,1,09:10:05.727088839
118.52,4,09:10:05.727088839
118.52,1,09:10:05.727468304
118.52,5,09:10:05.727632304
118.52,1,09:10:05.727649907
118.52,3,09:10:05.727649907
118.52,1,09:10:05.727664275
118.52,8,09:10:05.727664275
118.52,4,09:10:05.727702861
118.52,1,09:10:05.727719270
118.52,1,09:10:08.429302248
118.52,1,09:10:08.429663204
118.51,1,09:10:11.142048701
118.51,1,09:10:11.142772611
118.51,1,09:10:11.191194875
118.52,6,09:10:18.507722261
118.51,1,09:10:20.208915912
118.51,1,09:10:20.208929214
118.51,1,09:10:20.208942866
118.51,1,09:10:20.208957022
118.51,1,09:10:20.209296059
118.51,1,09:10:20.209950312
118.51,1,09:10:20.210094474
118.51,2,09:10:20.210094474
118.51,1,09:10:20.210250001
118.51,1,09:10:20.210270289
118.51,1,09:10:20.210297351
118.51,2,09:10:20.210297351
118.51,2,09:10:20.210635124
118.51,4,09:10:20.210650797
118.51,7,09:10:20.210852442
118.51,1,09:10:20.220893017
118.51,1,09:10:20.220912169
118.51,1,09:10:20.221456587
118.51,1,09:10:20.226747418
118.5,1,09:10:22.802651555
118.5,2,09:10:22.802733740
118.5,1,09:10:22.803094517
118.5,2,09:10:22.803114962
118.5,1,09:10:22.803114962
118.5,1,09:10:22.814413797
118.49,1,09:10:25.558497452
118.49,3,09:10:29.181453443
118.49,1,09:10:29.181453443
118.49,1,09:10:29.181796121
118.49,2,09:10:29.257221934
118.49,3,09:10:29.257221934
118.49,2,09:10:29.257347003
118.49,1,09:10:29.257368075
118.49,1,09:10:29.257385013
118.49,1,09:10:29.924208718
118.49,2,09:10:29.924208718
118.49,1,09:10:29.924348125
118.49,1,09:10:29.924455076
118.49,7,09:10:29.924476798
118.49,2,09:10:29.924476798
118.49,1,09:10:29.924476798
118.49,5,09:10:29.924491358
118.49,14,09:10:29.924744887
118.49,1,09:10:29.924763143
118.49,1,09:10:36.119392967
118.49,1,09:10:36.158732221
118.49,1,09:10:36.178134291
118.49,1,09:10:41.017531870
118.49,1,09:10:41.017852773
118.49,1,09:10:41.017954398
118.49,2,09:10:41.351317800
118.49,7,09:10:41.351404461
118.49,1,09:10:41.351423107
118.49,1,09:10:43.429016870
118.48,1,09:10:43.568099276
118.48,25,09:10:43.568099276
118.48,2,09:10:43.568179653
118.48,1,09:10:43.568195369
118.48,1,09:10:43.594456846
118.48,1,09:10:43.594827354
118.48,3,09:10:43.594934128
118.48,1,09:10:43.594952480
118.48,1,09:10:43.692456721
118.48,1,09:10:47.149367259
118.48,1,09:10:47.149382104
118.48,1,09:10:51.451024389
118.48,1,09:10:51.451298897
118.48,1,09:10:51.472802257
118.48,1,09:10:51.472951940
118.48,1,09:10:51.473353725
118.48,1,09:10:52.301974932
118.48,2,09:10:52.302742186
118.48,1,09:10:52.303596118
118.48,1,09:10:53.839680310
118.48,1,09:10:53.839969398
118.48,2,09:10:53.840078956
118.48,1,09:10:53.840202327
118.48,1,09:10:53.840384309
118.48,2,09:10:53.840384309
118.48,1,09:10:54.415769643
118.48,1,09:10:54.415975057
118.48,1,09:10:54.415990244
118.48,7,09:10:54.415990244
118.48,2,09:10:54.415990244
118.48,2,09:10:54.416004685
118.48,1,09:10:54.416004685
118.48,9,09:10:54.416019482
118.48,4,09:10:54.416019482
118.48,1,09:10:54.416019482
118.48,4,09:10:54.416034571
118.48,1,09:10:54.416034571
118.48,1,09:10:54.416052408
118.48,4,09:10:54.417012547
118.48,1,09:10:54.417695686
118.47,1,09:10:56.502795696
118.48,1,09:10:58.025640412
118.48,2,09:10:58.026276328
118.48,1,09:10:58.026292234
118.48,1,09:10:58.845318393
118.48,3,09:11:04.674429681
118.48,2,09:11:04.674536481
118.48,1,09:11:04.674536481
118.48,1,09:11:04.674551775
118.48,1,09:11:05.006001707
118.48,1,09:11:05.006214843
118.48,1,09:11:05.124658698
118.48,1,09:11:16.352873192
118.47,1,09:11:17.015164126
118.48,1,09:11:19.426784692
118.48,2,09:11:19.426784692
118.48,1,09:11:19.426817985
118.48,1,09:11:19.426836183
118.48,1,09:11:20.306526514
118.48,1,09:11:20.306822898
118.48,1,09:11:20.306927516
118.48,1,09:11:24.718828544
118.48,2,09:11:33.033287476
118.48,1,09:11:33.033287476
118.48,1,09:11:33.033378654
118.48,1,09:11:33.033395643
118.48,1,09:11:33.044235971
118.48,2,09:11:33.044645033
118.49,2,09:11:33.175535785
118.49,1,09:11:33.175626960
118.49,1,09:11:33.175642163
118.48,1,09:11:33.227273499
118.48,1,09:11:38.860597231
118.48,2,09:11:47.015232065
118.48,1,09:11:47.015434495
118.48,1,09:11:57.015045174
118.48,2,09:11:57.015896840
118.48,1,09:12:00.479706264
118.48,7,09:12:00.479785606
118.48,2,09:12:00.479785606
118.48,1,09:12:00.480105634
118.48,1,09:12:00.480338964
118.48,1,09:12:00.480516154
118.48,1,09:12:00.480554493
118.48,1,09:12:00.498844531
118.48,1,09:12:00.505169899
118.48,1,09:12:00.622211137
118.48,1,09:12:00.960578487
118.48,1,09:12:00.960665322
118.48,3,09:12:00.960681905
118.48,1,09:12:00.960681905
118.48,1,09:12:00.961028907
118.48,1,09:12:00.961241662
118.48,1,09:12:00.961256757
118.48,1,09:12:00.961271832
118.48,1,09:12:00.979662982
118.47,25,09:12:01.895125365
118.47,1,09:12:01.895125365
118.47,1,09:12:01.895226946
118.47,1,09:12:01.895243260
118.47,1,09:12:01.921739981
118.47,1,09:12:01.934416726
118.47,1,09:12:04.349251611
118.47,2,09:12:04.349251611
118.47,1,09:12:05.285378090
118.47,1,09:12:05.285494851
118.47,1,09:12:05.311736680
118.46,1,09:12:07.496460189
118.46,2,09:12:07.496460189
118.47,1,09:12:07.633259088
118.47,1,09:12:07.633346102
118.47,1,09:12:07.633362070
118.46,5,09:12:07.960664333
118.46,1,09:12:07.960677821
118.46,2,09:12:07.960691037
118.46,1,09:12:07.960706004
118.46,9,09:12:07.960706004
118.46,1,09:12:07.960721859
118.46,1,09:12:07.960736077
118.46,1,09:12:07.960787354
118.46,1,09:12:07.960804777
118.46,2,09:12:07.960822088
118.46,4,09:12:07.960836175
118.46,2,09:12:07.960850297
118.46,1,09:12:07.960864866
118.46,1,09:12:07.961052419
118.46,37,09:12:07.961068604
118.46,3,09:12:07.961082254
118.46,10,09:12:07.962276901
118.46,1,09:12:07.962293164
118.46,1,09:12:07.962308469
118.46,4,09:12:08.001563999
118.46,1,09:12:08.011003326
118.46,1,09:12:08.011104817
118.46,2,09:12:08.011104817
118.46,1,09:12:08.537759674
118.46,1,09:12:08.537843078
118.45,1,09:12:13.737297653
118.45,3,09:12:13.737527547
118.45,7,09:12:13.737609536
118.45,4,09:12:13.737694522
118.45,12,09:12:13.737807534
118.45,1,09:12:13.737949793
118.45,1,09:12:13.738063834
118.45,2,09:12:13.738222048
118.45,7,09:12:13.738236586
118.45,1,09:12:13.738383664
118.45,10,09:12:13.738383664
118.45,6,09:12:13.738396883
118.45,1,09:12:13.738414842
118.45,2,09:12:13.738414842
118.45,1,09:12:13.761063831
118.45,1,09:12:16.021533844
118.45,2,09:12:16.021903052
118.45,1,09:12:16.021920153
118.45,1,09:12:16.022108582
118.45,1,09:12:16.022522243
118.45,1,09:12:16.022649512
118.45,2,09:12:16.022679918
118.45,2,09:12:16.023241061
118.45,2,09:12:16.256868482
118.45,2,09:12:16.256927058
118.45,1,09:12:17.017660001
118.45,1,09:12:17.017901889
118.45,1,09:12:17.934167794
118.45,1,09:12:17.934184639
118.45,1,09:12:17.934563338
118.45,1,09:12:18.014894748
118.45,2,09:12:18.014990624
118.45,1,09:12:18.015008806
118.45,1,09:12:19.508817941
118.45,1,09:12:20.011503355
118.45,2,09:12:20.013362003
118.45,1,09:12:20.013768972
118.45,2,09:12:20.084421814
118.45,1,09:12:20.084741810
118.45,1,09:12:20.084819650
118.45,1,09:12:37.014317093
118.45,1,09:12:37.014380292
118.45,1,09:12:37.014598081
118.45,1,09:12:43.425537891
118.45,1,09:12:47.015124172
118.45,1,09:12:47.015311955
118.45,1,09:12:49.801128355
118.45,4,09:12:49.801219518
118.45,1,09:12:49.801797312
118.45,2,09:12:49.801797312
118.45,1,09:12:49.962789702
118.45,1,09:12:54.793221056
118.45,1,09:12:54.793559978
118.45,2,09:12:54.793661961
118.45,1,09:12:54.793679449
118.45,2,09:12:54.793801459
118.45,1,09:12:54.793801459
118.45,1,09:12:54.794273519
118.45,1,09:12:54.893523696
118.45,1,09:12:54.953724440
118.44,1,09:12:56.731295464
118.45,2,09:13:05.146358261
118.45,1,09:13:05.146730155
118.45,1,09:13:05.146856708
118.45,1,09:13:05.146880382
118.45,1,09:13:05.147295113
118.45,1,09:13:06.011552774
118.45,1,09:13:15.428666465
118.45,1,09:13:15.428848757
118.45,4,09:13:15.428861784
118.45,1,09:13:15.428876815
118.45,2,09:13:15.428876815
118.45,2,09:13:15.429019362
118.45,1,09:13:15.429041077
118.45,1,09:13:15.946703439
118.44,3,09:13:22.104186404
118.44,3,09:13:22.104281316
118.44,1,09:13:22.104296115
118.44,1,09:13:27.015700071
118.44,2,09:13:31.281284099
118.44,1,09:13:31.281388077
118.44,4,09:13:31.281402932
118.44,3,09:13:31.281402932
118.44,2,09:13:37.015220610
118.45,1,09:13:40.268831614
118.45,1,09:13:40.268938485
118.45,1,09:13:40.268958799
118.45,1,09:13:40.322573482
118.45,2,09:13:40.322573482
118.45,2,09:13:40.322667685
118.45,1,09:13:42.916463425
118.45,1,09:13:45.197820604
118.45,2,09:13:45.197820604
118.45,1,09:13:45.197901504
118.46,2,09:13:45.239356930
118.45,1,09:13:56.592939419
118.45,4,09:13:56.593142505
118.45,3,09:13:56.593464399
118.45,1,09:13:56.593480405
118.45,2,09:13:56.593493861
118.45,4,09:13:56.593572859
118.45,4,09:13:56.593588889
118.45,1,09:13:56.593964626
118.45,2,09:13:56.594164552
118.45,1,09:13:56.594348644
118.45,2,09:13:56.594791459
118.45,2,09:13:56.595005041
118.45,1,09:13:56.595020215
118.45,2,09:13:56.595115262
118.45,1,09:13:57.015665516
118.44,1,09:13:57.015732728
118.45,1,09:13:57.150808237
118.45,1,09:13:57.152361935
118.46,1,09:13:57.258906047
118.46,1,09:14:04.901321617
118.46,2,09:14:04.901321617
118.46,2,09:14:04.901546254
118.46,1,09:14:04.901560756
118.46,1,09:14:04.901575131
118.46,1,09:14:04.901747169
118.46,1,09:14:04.901761127
118.46,1,09:14:04.901774794
118.46,1,09:14:04.901789428
118.46,1,09:14:04.901803722
118.46,2,09:14:04.901803722
118.46,1,09:14:04.901816941
118.46,1,09:14:04.902132612
118.46,1,09:14:04.907959164
118.46,1,09:14:04.938242963
118.46,3,09:14:04.953896665
118.46,1,09:14:04.953896665
118.46,1,09:14:04.953991861
118.46,1,09:14:04.996382570
118.46,1,09:14:05.011124708
118.45,1,09:14:09.071168780
118.45,4,09:14:09.071168780
118.45,2,09:14:09.071253966
118.45,7,09:14:09.071268911
118.45,1,09:14:16.019061732
118.45,1,09:14:16.019075213
118.45,1,09:14:16.019185482
118.45,1,09:14:16.019204013
118.45,2,09:14:16.019204013
118.45,1,09:14:16.019583326
118.45,1,09:14:16.019740679
118.45,1,09:14:16.019762018
118.45,8,09:14:16.019762018
118.45,1,09:14:16.019779243
118.44,1,09:14:17.015824420
118.45,1,09:14:18.816755158
118.45,1,09:14:18.997769672
118.45,3,09:14:18.998154295
118.45,1,09:14:19.434041948
118.45,1,09:14:27.015863509
118.45,1,09:14:27.015920990
118.45,1,09:14:37.015555535
118.45,1,09:14:37.277253123
118.46,1,09:14:37.950678090
118.46,2,09:14:37.951160264
118.46,1,09:14:37.951160264
118.46,1,09:14:37.951318473
118.46,1,09:14:37.951336694
118.46,1,09:14:37.951353161
118.46,2,09:14:37.951353161
118.46,1,09:14:41.200703203
118.46,7,09:14:41.200703203
118.46,1,09:14:41.200961981
118.46,2,09:14:41.201153673
118.46,5,09:14:41.201172563
118.46,13,09:14:41.201172563
118.46,1,09:14:41.201172563
118.46,1,09:14:41.201195645
118.46,2,09:14:41.201195645
118.46,4,09:14:41.202417960
118.46,1,09:14:41.202435644
118.45,1,09:14:41.205920924
118.45,2,09:14:41.205920924
118.45,1,09:14:41.206025164
118.45,4,09:14:41.206045692
118.45,1,09:14:41.222936485
118.45,1,09:14:41.223343624
118.46,1,09:14:41.227201406
118.46,1,09:14:41.227811230
118.45,2,09:14:47.015687354
118.45,1,09:14:47.151187762
118.45,1,09:14:47.151279233
118.45,1,09:14:47.151294324
118.45,1,09:14:47.151464597
118.45,1,09:14:57.015534423
118.45,1,09:14:57.914680258
118.46,1,09:14:58.683431212
118.46,1,09:14:58.683539269
118.46,1,09:14:58.683560588
118.46,7,09:15:02.044968159
118.46,7,09:15:02.045072085
118.46,2,09:15:02.045089219
118.46,3,09:15:02.045179110
118.46,2,09:15:02.045194562
118.46,1,09:15:02.045194562
118.46,1,09:15:02.045211369
118.46,1,09:15:02.045627739
118.46,1,09:15:02.045641867
118.46,1,09:15:02.045657099
118.46,7,09:15:02.045657099
118.45,1,09:15:05.765772115
118.45,2,09:15:05.765772115
118.45,1,09:15:05.766312989
118.45,1,09:15:05.766327533
118.45,1,09:15:05.766834169
118.45,2,09:15:05.766834169
118.45,1,09:15:05.766940453
118.45,1,09:15:05.766960194
118.45,1,09:15:05.779986690
118.45,1,09:15:05.780144939
118.45,1,09:15:05.780158839
118.45,1,09:15:05.780240213
118.45,1,09:15:05.806455620
118.45,1,09:15:07.049287724
118.45,1,09:15:07.049411961
118.45,1,09:15:07.049814059
118.45,1,09:15:08.023560032
118.45,2,09:15:08.147119070
118.45,2,09:15:08.147438037
118.45,1,09:15:08.147528891
118.45,1,09:15:10.573181361
118.45,1,09:15:10.639385672
118.45,1,09:15:10.639557711
118.45,2,09:15:10.639708729
118.46,1,09:15:11.873478651
118.46,1,09:15:17.559893743
118.46,1,09:15:17.559991090
118.46,1,09:15:17.560008891
118.46,2,09:15:18.485418212
118.46,1,09:15:18.485707691
118.46,1,09:15:18.485853121
118.46,1,09:15:18.547951703
118.46,1,09:15:23.750206739
118.46,1,09:15:23.750301813
118.46,1,09:15:34.058788285
118.46,3,09:15:34.058963513
118.46,1,09:15:34.058963513
118.46,1,09:15:34.059131507
118.46,1,09:15:34.059147254
118.46,6,09:15:34.059147254
118.46,5,09:15:34.059160739
118.46,2,09:15:34.059176482
118.46,1,09:15:34.059176482
118.46,2,09:15:34.088705484
118.46,2,09:15:34.090563847
118.47,2,09:15:38.168656280
118.47,1,09:15:38.168788682
118.47,1,09:15:38.168803168
118.47,5,09:15:38.168803168
118.47,8,09:15:38.169014067
118.47,2,09:15:38.169014067
118.47,1,09:15:38.169035322
118.47,2,09:15:38.169035322
118.47,1,09:15:39.173827652
118.48,1,09:15:40.585547139
118.48,1,09:15:40.585647842
118.48,1,09:15:40.585663859
118.48,11,09:15:40.585663859
118.48,2,09:15:46.858395416
118.48,1,09:15:46.858494017
118.48,6,09:15:46.858509400
118.49,2,09:15:47.882275678
118.49,1,09:15:47.882275678
118.49,2,09:15:47.882383655
118.49,1,09:15:47.882400001
118.49,1,09:15:47.882414928
118.48,1,09:15:49.509423216
118.47,1,09:15:57.515350111
118.48,1,09:16:02.292009749
118.48,3,09:16:02.292009749
118.48,1,09:16:02.292135493
118.48,11,09:16:02.292135493
118.48,3,09:16:02.292154018
118.48,1,09:16:02.292154018
118.49,9,09:16:18.962003995
118.49,1,09:16:18.962003995
118.49,12,09:16:18.962129904
118.49,1,09:16:18.962148215
118.49,4,09:16:18.962166426
118.49,1,09:16:18.962166426
118.5,2,09:16:23.864228585
118.5,1,09:16:23.864228585
118.5,15,09:16:23.864228585
118.5,1,09:16:23.864242594
118.5,2,09:16:23.864323798
118.5,5,09:16:23.864337741
118.5,2,09:16:23.864337741
118.5,2,09:16:23.864353267
118.5,1,09:16:23.864353267
118.5,1,09:16:23.864468198
118.5,8,09:16:23.866569179
118.51,1,09:16:23.896684746
118.51,1,09:16:23.935912906
118.51,1,09:16:23.936198839
118.51,7,09:16:23.936299367
118.51,1,09:16:23.936299367
118.51,3,09:16:23.936316312
118.51,2,09:16:23.936316312
118.51,15,09:16:23.936456408
118.51,1,09:16:23.937165450
118.51,1,09:16:23.937256276
118.51,1,09:16:23.937770451
118.51,3,09:16:23.938111507
118.51,1,09:16:23.963886540
118.51,2,09:16:23.963966476
118.51,3,09:16:23.963981391
118.51,1,09:16:23.966084896
118.51,1,09:16:23.968631489
118.51,1,09:16:24.018832627
118.51,3,09:16:24.019352362
118.51,1,09:16:24.019368198
118.52,2,09:16:36.806916310
118.52,6,09:16:36.806973606
118.52,1,09:16:36.919045884
118.52,1,09:16:36.919367948
118.52,1,09:16:40.675754778
118.52,1,09:16:43.216195941
118.51,1,09:16:47.844650465
118.51,8,09:16:50.456223360
118.51,4,09:16:50.456223360
118.51,1,09:16:50.456411354
118.51,2,09:16:50.456426340
118.51,1,09:16:50.456426340
118.51,3,09:16:50.456442484
118.51,2,09:16:50.456442484
118.51,6,09:16:50.456644029
118.51,1,09:16:50.456664922
118.51,1,09:16:50.456679687
118.51,1,09:16:50.456849181
118.5,2,09:16:52.703220437
118.5,1,09:16:52.703342357
118.5,1,09:16:52.703360545
118.5,1,09:16:52.703384776
118.5,1,09:16:52.703617488
118.5,2,09:16:52.706606473
118.49,1,09:16:56.026399013
118.49,2,09:17:02.256188759
118.49,1,09:17:02.256269084
118.49,1,09:17:02.256672623
118.49,1,09:17:02.256688991
118.49,1,09:17:02.256802027
118.49,1,09:17:02.256972625
118.49,3,09:17:07.143751319
118.49,3,09:17:07.143913290
118.49,2,09:17:07.144118551
118.49,2,09:17:07.144280321
118.49,1,09:17:07.144280321
118.49,1,09:17:07.144302333
118.49,4,09:17:07.144396816
118.49,1,09:17:07.144607319
118.49,1,09:17:07.144623952
118.49,1,09:17:07.144716016
118.49,1,09:17:08.604159180
118.49,1,09:17:08.604372014
118.49,2,09:17:08.604510600
118.49,1,09:17:08.630488628
118.49,1,09:17:08.755016772
118.48,2,09:17:23.189693864
118.48,1,09:17:23.190212331
118.48,5,09:17:23.190302293
118.48,1,09:17:23.190318082
118.48,1,09:17:23.227223383
118.48,3,09:17:23.227313637
118.48,1,09:17:23.253872397
118.48,5,09:17:23.253872397
118.47,1,09:17:25.400067876
118.47,1,09:17:25.419357734
118.47,2,09:17:28.557626989
118.47,14,09:17:28.557982121
118.47,4,09:17:28.558321579
118.47,1,09:17:28.558338510
118.47,5,09:17:28.558338510
118.47,26,09:17:28.558405538
118.47,1,09:17:28.558405538
118.46,1,09:17:29.495901954
118.46,6,09:17:31.570116712
118.46,2,09:17:31.570262123
118.46,1,09:17:31.570284619
118.46,2,09:17:31.570284619
118.46,1,09:17:31.570301255
118.46,1,09:17:31.760230619
118.46,1,09:17:31.867849237
118.46,1,09:17:32.250735159
118.46,3,09:17:32.287531070
118.46,1,09:17:32.287754087
118.46,1,09:17:32.287944989
118.46,1,09:17:33.483557311
118.46,1,09:17:33.483572878
118.46,1,09:17:33.483874833
118.46,1,09:17:36.392275772
118.46,2,09:17:36.392292304
118.46,1,09:17:36.392292304
118.46,1,09:17:36.392607522
118.46,1,09:17:36.570131075
118.46,1,09:17:36.570234758
118.46,1,09:17:36.570250557
118.46,2,09:17:36.570250557
118.46,1,09:17:39.630151108
118.46,2,09:17:39.630275537
118.46,2,09:17:39.630291025
118.46,1,09:17:39.630291025
118.46,13,09:17:39.630291025
118.46,1,09:17:39.630304475
118.46,8,09:17:39.630508503
118.46,1,09:17:39.630527210
118.46,1,09:17:39.655412340
118.46,2,09:17:39.715993144
118.45,1,09:17:39.772134222
118.46,1,09:17:39.850446601
118.46,2,09:17:39.914547446
118.46,1,09:17:39.979197741
118.46,3,09:17:40.062476220
118.46,1,09:17:40.062551404
118.46,1,09:17:40.062566220
118.46,2,09:17:40.187366865
118.46,1,09:17:40.321893950
118.46,5,09:17:40.406378262
118.45,1,09:17:42.821786085
118.45,1,09:17:42.822165059
118.45,1,09:17:42.830879817
118.45,1,09:17:44.458710862
118.45,2,09:17:44.458849874
118.45,1,09:17:44.458867637
118.45,3,09:17:44.459046930
118.46,2,09:17:44.459591636
118.46,1,09:17:44.459722760
118.46,1,09:17:44.459745742
118.46,7,09:17:44.459745742
118.46,2,09:17:45.229933664
118.46,1,09:17:51.027527581
118.46,1,09:17:56.822060136
118.46,1,09:17:56.822595130
118.46,1,09:17:56.892956057
118.46,1,09:17:57.015943246
118.46,1,09:17:57.015959223
118.47,1,09:17:59.517638303
118.47,1,09:17:59.517729573
118.47,8,09:17:59.518131651
118.47,2,09:17:59.518131651
118.47,2,09:17:59.518146605
118.47,1,09:17:59.518146605
118.47,2,09:17:59.518314836
118.47,1,09:17:59.518330910
118.47,1,09:17:59.532292826
118.47,1,09:17:59.532378611
118.47,1,09:17:59.535847296
118.47,1,09:17:59.630839628
118.46,1,09:18:01.841867336
118.46,1,09:18:01.842090648
118.46,1,09:18:01.842105899
118.46,2,09:18:01.842105899
118.46,1,09:18:01.842119876
118.46,2,09:18:01.842134568
118.46,1,09:18:01.842134568
118.46,1,09:18:01.842149109
118.46,7,09:18:01.842164094
118.46,1,09:18:01.842164094
118.46,11,09:18:01.842177489
118.46,1,09:18:01.842192459
118.46,1,09:18:01.842206718
118.46,1,09:18:01.842221793
118.46,2,09:18:01.842280909
118.46,2,09:18:01.842295184
118.46,2,09:18:01.842310730
118.46,1,09:18:01.842326298
118.46,4,09:18:01.842339901
118.46,3,09:18:01.842353843
118.46,1,09:18:01.842369405
118.46,1,09:18:07.016005790
118.46,2,09:18:07.016005790
118.46,1,09:18:07.016231595
118.47,1,09:18:16.557924494
118.47,1,09:18:16.558062820
118.47,3,09:18:16.558229280
118.47,1,09:18:16.558242233
118.47,6,09:18:16.558717876
118.47,4,09:18:16.558717876
118.47,2,09:18:16.558717876
118.47,2,09:18:16.558743367
118.47,1,09:18:16.558743367
118.47,8,09:18:16.558743367
118.47,1,09:18:16.558913587
118.47,1,09:18:16.558942419
118.47,1,09:18:16.558956343
118.47,1,09:18:16.558969706
118.47,1,09:18:16.558983565
118.47,1,09:18:16.558996995
118.47,1,09:18:16.559011101
118.47,2,09:18:16.559028612
118.47,1,09:18:16.560363955
118.47,2,09:18:16.560580400
118.47,1,09:18:16.562535974
118.47,2,09:18:16.562842397
118.47,1,09:18:16.562842397
118.47,1,09:18:16.566938657
118.47,1,09:18:16.567190858
118.47,1,09:18:16.567210272
118.47,2,09:18:16.578685310
118.47,1,09:18:16.578791715
118.47,1,09:18:16.578811825
118.47,1,09:18:16.584805583
118.47,1,09:18:16.585251250
118.47,1,09:18:16.671270581
118.47,7,09:18:18.757200975
118.47,4,09:18:18.778260241
118.47,3,09:18:18.778365187
118.47,3,09:18:18.778391705
118.47,2,09:18:18.778391705
118.47,1,09:18:18.778391705
118.47,3,09:18:18.801963887
118.47,1,09:18:18.801963887
118.47,3,09:18:18.802817073
118.47,3,09:18:19.212172995
118.47,1,09:18:20.230131113
118.47,1,09:18:20.230340304
118.47,1,09:18:20.231186895
118.47,2,09:18:20.231186895
118.47,3,09:18:20.231275740
118.47,1,09:18:20.231403593
118.47,2,09:18:20.231504649
118.47,1,09:18:20.231606028
118.47,1,09:18:25.385692879
118.47,3,09:18:25.385914872
118.47,6,09:18:25.386005295
118.47,1,09:18:25.386301147
118.47,1,09:18:25.386428526
118.47,38,09:18:25.386443550
118.47,1,09:18:25.386522308
118.47,3,09:18:25.386539620
118.47,1,09:18:37.015343032
118.47,2,09:18:37.015343032
118.47,1,09:18:37.015853784
118.47,1,09:18:37.016176315
118.47,1,09:18:37.016190740
118.47,1,09:18:37.016317561
118.47,1,09:18:37.016336848
118.47,8,09:18:37.016336848
118.47,1,09:18:37.016536861
118.47,2,09:18:37.016564235
118.47,1,09:18:37.041080215
118.46,1,09:18:47.015282102
118.46,2,09:18:47.015282102
118.46,1,09:18:53.210912806
118.46,1,09:18:53.211220047
118.46,1,09:18:53.211484387
118.46,1,09:18:53.211651714
118.46,3,09:18:53.211666559
118.46,1,09:18:53.211666559
118.46,4,09:18:53.211695244
118.46,2,09:18:53.211723282
118.46,1,09:18:53.212311682
118.46,5,09:18:53.212327035
118.46,2,09:18:53.212327035
118.46,1,09:18:53.212341409
118.46,1,09:18:53.212931089
118.46,1,09:18:53.212944952
118.46,8,09:18:53.213105732
118.46,2,09:18:53.213119332
118.46,10,09:18:53.213132918
118.46,1,09:18:53.213149680
118.46,4,09:18:53.213164506
118.46,7,09:18:53.213184135
118.46,1,09:18:53.213199031
118.46,4,09:18:53.216225246
118.46,1,09:18:53.216509807
118.46,1,09:18:53.216882910
118.46,1,09:18:53.216980507
118.46,1,09:18:53.216997195
118.46,2,09:18:53.217187032
118.46,1,09:18:53.564343565
118.46,3,09:18:54.437955792
118.45,1,09:18:56.409940349
118.45,2,09:18:57.015828382
118.45,1,09:18:57.015828382
118.45,1,09:18:57.016233182
118.45,2,09:18:58.816767018
118.45,1,09:19:00.553559400
118.45,1,09:19:00.553919349
118.45,2,09:19:00.553919349
118.45,1,09:19:00.584995367
118.45,1,09:19:01.630116586
118.45,1,09:19:04.580144351
118.45,2,09:19:04.580470112
118.45,1,09:19:04.580470112
118.45,1,09:19:04.580564455
118.45,1,09:19:04.580682603
118.45,1,09:19:04.681685315
118.45,1,09:19:04.682060733
118.45,1,09:19:04.682075754
118.45,1,09:19:04.682882147
118.45,2,09:19:04.683103295
118.45,3,09:19:08.913351458
118.45,1,09:19:08.913365116
118.45,1,09:19:08.913477266
118.45,7,09:19:08.913494146
118.45,1,09:19:08.913494146
118.45,2,09:19:08.913494146
118.45,1,09:19:08.913706520
118.45,2,09:19:08.913721685
118.45,1,09:19:08.914137570
118.45,1,09:19:09.024985106
118.45,1,09:19:16.050411417
118.45,7,09:19:16.050776181
118.45,1,09:19:16.050907177
118.45,1,09:19:16.051229077
118.45,1,09:19:16.051387272
118.45,8,09:19:16.051387272
118.45,1,09:19:16.051414085
118.45,3,09:19:16.051414085
118.45,1,09:19:16.075013929
118.45,1,09:19:16.075030899
118.45,2,09:19:16.075030899
118.45,1,09:19:16.075046655
118.45,2,09:19:16.075046655
118.45,3,09:19:16.075046655
118.45,1,09:19:16.174255211
118.45,1,09:19:16.181918510
118.45,1,09:19:19.032009890
118.45,1,09:19:20.382139130
118.45,1,09:19:20.955109353
118.45,1,09:19:20.955326418
118.45,6,09:19:20.955326418
118.45,3,09:19:20.955426959
118.45,2,09:19:20.977408289
118.45,1,09:19:20.977408289
118.45,2,09:19:20.977553247
118.45,3,09:19:20.977553247
118.45,2,09:19:20.977575663
118.45,1,09:19:20.977575663
118.45,7,09:19:20.977575663
118.45,8,09:19:20.977596427
118.45,6,09:19:20.977596427
118.45,1,09:19:20.979468117
118.45,8,09:19:21.007787498
118.45,2,09:19:21.007854045
118.45,1,09:19:21.027408538
118.45,2,09:19:21.027408538
118.46,3,09:19:30.321927033
118.46,2,09:19:30.322060862
118.46,1,09:19:30.322089608
118.46,3,09:19:30.322089608
118.46,2,09:19:30.713637132
118.46,1,09:19:30.713743349
118.46,1,09:19:30.715881588
118.46,1,09:19:31.291896651
118.46,2,09:19:31.292261006
118.47,1,09:19:32.400623990
118.47,1,09:19:32.401015731
118.46,1,09:19:36.389615019
118.46,3,09:19:36.389714961
118.46,1,09:19:36.390327028
118.46,1,09:19:36.390361745
118.46,6,09:19:36.390361745
118.46,7,09:19:36.390361745
118.46,2,09:19:36.436427525
118.46,1,09:19:36.436520534
118.46,1,09:19:37.638459235
118.46,1,09:19:37.638474515
118.46,3,09:19:37.638577453
118.46,1,09:19:39.405801295
118.46,1,09:19:39.406468546
118.46,1,09:19:39.505167548
118.46,1,09:19:39.530077014
118.45,3,09:19:47.014581363
118.46,1,09:19:53.461191104
118.46,3,09:19:53.461615524
118.46,9,09:19:53.461615524
118.46,1,09:19:53.461615524
118.46,1,09:19:53.484081641
118.46,2,09:19:53.484194255
118.46,1,09:19:53.484218982
118.46,3,09:19:53.484218982
118.46,2,09:19:53.484218982
118.46,1,09:19:53.484945800
118.46,1,09:19:53.484965634
118.46,1,09:19:53.485070504
118.46,1,09:19:53.574155835
118.45,1,09:19:53.785056122
118.45,1,09:19:53.785434000
118.45,3,09:19:53.785434000
118.45,1,09:19:53.785637219
118.45,1,09:19:53.785651261
118.45,1,09:19:53.785666182
118.45,1,09:19:53.785680518
118.45,1,09:19:53.785694662
118.45,3,09:19:53.785709434
118.45,3,09:19:53.785836070
118.45,3,09:19:53.785850975
118.45,4,09:19:53.785866118
118.45,2,09:19:53.785930240
118.45,2,09:19:53.785943801
118.45,1,09:19:53.785961567
118.45,1,09:19:53.786179020
118.45,5,09:19:53.786194540
118.45,2,09:19:53.786208831
118.45,1,09:19:53.786249814
118.45,3,09:19:53.787807239
118.45,1,09:19:53.788158547
118.45,1,09:19:53.788175984
118.45,4,09:19:53.792886081
118.45,7,09:19:53.793150641
118.45,1,09:19:53.793725244
118.45,19,09:19:53.793725244
118.45,1,09:19:56.846573332
118.45,1,09:19:59.412046794
118.45,1,09:19:59.412211322
118.45,1,09:19:59.412525046
118.45,1,09:19:59.412631309
118.45,1,09:19:59.412647654
118.45,1,09:19:59.439523240
118.45,1,09:19:59.828566958
118.45,1,09:19:59.828656974
118.45,1,09:19:59.828952949
118.45,2,09:19:59.828971205
118.45,1,09:19:59.829080454
118.45,2,09:19:59.829080454
118.46,10,09:20:01.197254056
118.46,1,09:20:01.197347332
118.46,1,09:20:01.197364487
118.45,1,09:20:06.551346265
118.45,1,09:20:06.551526184
118.45,2,09:20:06.551541023
118.45,1,09:20:06.551541023
118.45,3,09:20:06.551541023
118.45,1,09:20:06.551557010
118.45,1,09:20:06.551572130
118.45,5,09:20:06.551572130
118.45,2,09:20:07.015445259
118.45,1,09:20:07.015513278
118.45,1,09:20:17.015692655
118.45,2,09:20:17.015756661
118.46,2,09:20:18.867624710
118.45,2,09:20:23.997775493
118.45,6,09:20:23.997775493
118.45,1,09:20:23.998324697
118.45,1,09:20:23.998489790
118.45,1,09:20:23.998510266
118.45,1,09:20:23.998531550
118.45,1,09:20:23.998547741
118.45,1,09:20:25.943269764
118.45,3,09:20:27.014415775
118.45,1,09:20:31.001383849
118.45,1,09:20:31.001503126
118.45,1,09:20:31.001821444
118.45,1,09:20:31.001951543
118.45,1,09:20:31.002071119
118.45,1,09:20:31.002214569
118.45,1,09:20:31.002424757
118.44,1,09:20:37.015348979
118.44,1,09:20:37.015417052
118.44,1,09:20:37.243991540
118.44,1,09:20:47.015239565
118.44,1,09:20:47.015305101
118.44,1,09:20:47.691900716
118.44,1,09:20:50.499734737
118.44,1,09:20:50.500343548
118.44,1,09:20:50.500364520
118.44,8,09:20:50.500364520
118.44,5,09:20:50.500387581
118.44,2,09:20:50.500387581
118.44,1,09:20:50.500387581
118.44,1,09:20:50.501670623
118.44,1,09:20:50.502364248
118.43,1,09:20:51.492120817
118.43,1,09:20:51.492231766
118.43,3,09:20:51.492256601
118.43,1,09:20:51.492256601
118.43,1,09:20:51.492539482
118.43,2,09:20:51.492539482
118.43,1,09:20:51.524677906
118.43,1,09:20:51.526072938
118.43,2,09:20:51.526072938
118.43,2,09:20:51.578658083
118.43,1,09:20:51.634585687
118.43,1,09:20:51.707451854
118.43,2,09:20:51.707701940
118.43,1,09:20:51.707701940
118.43,2,09:20:51.844916717
118.43,1,09:20:52.215414607
118.43,1,09:20:52.300207161
118.43,1,09:20:52.472850166
118.43,1,09:20:52.494750380
118.43,1,09:20:53.450862465
118.43,1,09:20:53.451125441
118.43,1,09:20:53.536707182
118.43,1,09:20:54.813555805
118.43,1,09:20:54.898224300
118.43,1,09:20:54.928987477
118.43,1,09:20:54.929180010
118.43,2,09:20:57.014734128
118.43,1,09:20:57.014734128
118.43,1,09:20:57.266254923
118.44,1,09:21:00.489548334
118.44,1,09:21:00.489675183
118.44,2,09:21:00.489692824
118.44,1,09:21:00.489692824
118.44,1,09:21:00.489712847
118.44,2,09:21:00.489712847
118.44,3,09:21:00.489712847
118.44,1,09:21:00.494445527
118.44,2,09:21:00.533949056
118.44,1,09:21:00.534047789
118.44,2,09:21:00.534062624
118.44,1,09:21:02.921451007
118.44,1,09:21:11.030253102
118.44,2,09:21:11.030512711
118.44,1,09:21:11.030669402
118.44,1,09:21:11.030853725
118.43,1,09:21:11.078691110
118.43,1,09:21:11.574605861
118.43,7,09:21:11.574699074
118.43,6,09:21:11.574699074
118.43,2,09:21:11.660027271
118.43,1,09:21:11.684812891
118.43,1,09:21:13.588684611
118.43,2,09:21:13.588878978
118.43,3,09:21:13.589287771
118.43,1,09:21:13.589287771
118.43,2,09:21:13.589287771
118.44,1,09:21:13.594704295
118.44,3,09:21:13.594704295
118.43,8,09:21:20.638797811
118.43,1,09:21:20.638797811
118.42,1,09:21:25.885349963
118.42,3,09:21:25.885349963
118.42,1,09:21:25.885443959
118.42,13,09:21:25.885756389
118.42,3,09:21:25.885770619
118.42,21,09:21:25.885862219
118.42,1,09:21:25.885876868
118.42,3,09:21:25.886171265
118.42,4,09:21:25.886171265
118.42,4,09:21:25.886292036
118.42,1,09:21:25.886438129
118.42,4,09:21:25.886438129
118.42,32,09:21:25.886454164
118.42,3,09:21:25.886596279
118.42,3,09:21:25.886609540
118.42,4,09:21:25.886624683
118.42,14,09:21:25.886624683
118.42,22,09:21:25.886656782
118.42,3,09:21:25.886826478
118.42,4,09:21:25.886826478
118.42,1,09:21:25.887111485
118.42,1,09:21:25.890861339
118.42,1,09:21:25.890967242
118.42,1,09:21:25.890984513
118.42,7,09:21:25.890984513
118.42,2,09:21:25.896475645
118.42,4,09:21:25.997146616
118.42,12,09:21:25.998143697
118.42,1,09:21:25.998143697
118.42,2,09:21:26.228827480
118.42,3,09:21:27.015144997
118.42,10,09:21:31.263074108
118.42,1,09:21:31.263622382
118.42,4,09:21:31.263622382
118.42,3,09:21:31.264216561
118.42,1,09:21:31.264372715
118.42,4,09:21:31.264403172
118.42,1,09:21:31.264403172
118.43,1,09:21:36.559039804
118.43,1,09:21:36.559153794
118.43,2,09:21:36.559173013
118.43,1,09:21:36.559173013
118.43,1,09:21:36.746807616
118.43,1,09:21:49.685811374
118.43,1,09:21:49.686000612
118.43,7,09:21:49.686000612
118.43,1,09:21:49.686014269
118.43,2,09:21:49.686014269
118.43,1,09:21:49.686189593
118.43,1,09:21:49.686204017
118.43,1,09:21:49.686218736
118.43,2,09:21:49.686218736
118.43,1,09:21:49.686374877
118.43,1,09:21:49.686413680
118.43,6,09:21:49.686413680
118.43,1,09:21:49.770928971
118.43,5,09:21:49.854489879
118.42,5,09:21:52.050592687
118.42,1,09:21:52.050965609
118.42,3,09:21:56.696183766
118.42,1,09:21:56.696685107
118.42,1,09:21:56.696794631
118.42,1,09:21:56.704052263
118.42,1,09:21:56.704217239
118.42,1,09:21:56.704239745
118.42,1,09:21:56.704502058
118.42,1,09:21:56.704695889
118.42,1,09:21:56.704730890
118.41,1,09:21:56.905713300
118.42,1,09:21:56.917951531
118.42,1,09:21:56.918208117
118.42,5,09:22:01.176846381
118.42,1,09:22:01.176846381
118.42,4,09:22:06.150540583
118.42,2,09:22:06.150779587
118.42,1,09:22:06.150779587
118.42,11,09:22:06.150971580
118.42,2,09:22:06.150994639
118.42,3,09:22:06.150994639
118.42,1,09:22:06.151127641
118.42,1,09:22:06.151158291
118.42,1,09:22:08.044979855
118.42,3,09:22:08.044979855
118.41,4,09:22:15.561571890
118.41,7,09:22:15.561571890
118.41,1,09:22:15.561768193
118.41,2,09:22:15.561786244
118.41,1,09:22:15.561786244
118.41,1,09:22:15.562041218
118.41,11,09:22:15.562057557
118.41,1,09:22:15.562057557
118.41,2,09:22:15.562057557
118.41,11,09:22:15.562358097
118.41,1,09:22:15.562378552
118.41,2,09:22:15.562378552
118.41,1,09:22:15.562416449
118.41,11,09:22:15.562416449
118.41,2,09:22:15.562416449
118.41,1,09:22:33.954732546
118.41,1,09:22:33.954806121
118.41,3,09:22:33.954932068
118.41,1,09:22:33.955181694
118.41,1,09:22:33.955316795
118.41,2,09:22:33.955338930
118.41,1,09:22:33.955338930
118.41,1,09:22:33.955457582
118.41,1,09:22:33.956522346
118.41,1,09:22:33.956878717
118.41,1,09:22:33.957328963
118.41,1,09:22:33.957462624
118.41,1,09:22:33.957478826
118.41,1,09:22:33.958115337
118.41,1,09:22:34.065132545
118.41,6,09:22:34.313280018
118.41,1,09:22:34.313280018
118.41,2,09:22:34.313280018
118.41,1,09:22:34.313344911
118.4,2,09:22:37.063839516
118.4,1,09:22:41.535496404
118.4,1,09:22:48.277553505
118.4,3,09:22:49.839801079
118.4,4,09:22:49.839940445
118.4,2,09:22:49.839955172
118.4,1,09:22:49.839955172
118.4,1,09:22:49.840155405
118.4,1,09:22:49.840169329
118.4,2,09:22:49.840169329
118.4,2,09:22:49.840192247
118.4,6,09:22:49.840192247
118.4,1,09:22:49.840192247
118.4,1,09:22:49.892116505
118.4,1,09:22:50.064079943
118.4,1,09:22:50.064191425
118.4,9,09:22:50.070324681
118.4,1,09:22:50.070633362
118.4,2,09:22:50.070725141
118.4,1,09:22:50.070833039
118.4,4,09:22:51.455060174
118.4,2,09:22:51.455060174
118.4,1,09:22:51.455150827
118.41,1,09:22:52.756289718
118.41,1,09:22:52.756365907
118.41,1,09:22:52.909751235
118.41,1,09:22:52.993419730
118.4,1,09:22:56.080196612
118.41,1,09:22:56.080707523
118.41,1,09:22:56.080825161
118.41,2,09:22:56.080853668
118.41,1,09:22:56.080853668
118.41,5,09:22:56.080853668
118.41,1,09:22:56.181684780
118.41,1,09:22:56.182350264
118.41,1,09:22:59.604835717
118.41,1,09:22:59.604942747
118.41,4,09:22:59.604959294
118.41,1,09:22:59.604959294
118.41,2,09:22:59.604972682
118.41,1,09:22:59.605191177
118.41,2,09:22:59.605209303
118.41,1,09:22:59.658324666
118.41,1,09:22:59.705216110
118.41,1,09:22:59.791658725
118.41,1,09:23:00.040528699
118.41,6,09:23:01.169233838
118.41,1,09:23:01.169233838
118.41,11,09:23:04.093808735
118.41,1,09:23:04.093808735
118.41,1,09:23:04.093880851
118.41,1,09:23:04.093898362
118.41,11,09:23:04.093898362
118.41,3,09:23:04.194099748
118.4,1,09:23:18.599068762
118.41,1,09:23:20.959483201
118.4,1,09:23:25.336195724
118.4,2,09:23:25.336195724
118.4,1,09:23:25.336209547
118.4,1,09:23:25.336879541
118.4,1,09:23:25.337187239
118.4,1,09:23:25.337200475
118.4,1,09:23:25.337342788
118.4,2,09:23:25.337356971
118.4,1,09:23:25.337356971
118.4,6,09:23:25.337388120
118.4,1,09:23:25.337388120
118.4,1,09:23:25.337403934
118.4,5,09:23:25.338430573
118.4,2,09:23:25.378315849
118.4,1,09:23:25.414687969
118.4,1,09:23:25.414706583
118.4,1,09:23:25.415026637
118.4,1,09:23:27.486298714
118.4,2,09:23:27.487875325
118.4,1,09:23:27.487875325
118.4,2,09:23:27.487962493
118.4,1,09:23:28.892500335
118.4,1,09:23:28.892653717
118.4,4,09:23:28.892653717
118.4,4,09:23:28.892669324
118.4,1,09:23:28.892669324
118.4,5,09:23:28.892802702
118.4,1,09:23:28.892802702
118.4,1,09:23:28.892819790
118.4,1,09:23:28.892907176
118.4,1,09:23:28.893708183
118.4,1,09:23:30.404853170
118.4,2,09:23:30.405001883
118.4,3,09:23:30.405019138
118.4,10,09:23:30.405019138
118.4,1,09:23:30.405042328
118.4,2,09:23:30.405042328
118.4,1,09:23:34.001359261
118.4,1,09:23:34.001463701
118.4,1,09:23:34.001800295
118.4,1,09:23:34.005851080
118.4,1,09:23:39.511242846
118.4,1,09:23:47.016891272
118.4,1,09:23:49.242635396
118.4,1,09:23:56.449579483
118.4,1,09:24:00.231261953
118.4,1,09:24:01.016523321
118.41,2,09:24:01.194236797
118.4,1,09:24:06.617358342
118.41,4,09:24:14.319809634
118.41,1,09:24:14.319809634
118.41,25,09:24:14.320034727
118.41,7,09:24:14.320034727
118.41,2,09:24:14.320049605
118.41,1,09:24:14.320049605
118.41,1,09:24:14.320166911
118.41,2,09:24:14.320186777
118.41,1,09:24:14.320186777
118.41,2,09:24:14.320386559
118.41,1,09:24:14.320404502
118.41,1,09:24:14.320417833
118.41,1,09:24:14.320450217
118.41,3,09:24:14.340683745
118.41,3,09:24:14.340755511
118.41,1,09:24:15.414295104
118.41,1,09:24:15.414441049
118.41,1,09:24:15.414454976
118.41,2,09:24:15.414454976
118.41,1,09:24:15.414471497
118.41,7,09:24:15.414471497
118.41,2,09:24:15.414471497
118.41,1,09:24:15.414485753
118.41,1,09:24:15.414667279
118.4,1,09:24:15.414680768
118.4,1,09:24:15.414694518
118.4,1,09:24:15.414708364
118.4,6,09:24:15.414721843
118.4,1,09:24:15.414734796
118.4,1,09:24:15.414748307
118.4,1,09:24:15.414761798
118.4,2,09:24:15.414775238
118.4,1,09:24:15.414791097
118.4,1,09:24:15.414804268
118.4,1,09:24:15.414817686
118.4,2,09:24:15.414831430
118.4,1,09:24:15.414845583
118.4,7,09:24:15.414858819
118.4,1,09:24:15.414872006
118.4,1,09:24:15.414890440
118.41,2,09:24:15.415232172
118.41,1,09:24:15.440149492
118.4,6,09:24:15.632719429
118.4,4,09:24:15.632914197
118.4,1,09:24:15.632928891
118.4,7,09:24:15.632928891
118.4,3,09:24:15.632928891
118.4,7,09:24:15.632943494
118.4,1,09:24:15.632943494
118.4,3,09:24:15.632958335
118.4,1,09:24:15.632958335
118.4,3,09:24:15.632973711
118.4,5,09:24:15.632973711
118.4,1,09:24:15.632988495
118.4,2,09:24:15.632988495
118.4,1,09:24:15.633001842
118.4,10,09:24:15.670591818
118.4,1,09:24:15.787137972
118.39,1,09:24:29.016937947
118.39,1,09:24:33.545337211
118.39,1,09:24:33.545422632
118.39,3,09:24:33.545731617
118.39,3,09:24:33.545941726
118.39,1,09:24:34.206486423
118.39,1,09:24:34.206501915
118.39,1,09:24:34.206521099
118.39,2,09:24:34.206521099
118.39,7,09:24:34.206521099
118.39,2,09:24:34.206928877
118.39,1,09:24:34.230225859
118.39,1,09:24:34.562377414
118.39,2,09:24:35.914453791
118.39,1,09:24:35.914553258
118.39,1,09:24:35.914568718
118.39,1,09:24:41.207580687
118.39,1,09:24:41.207939810
118.39,4,09:24:44.830423634
118.39,2,09:24:44.830715017
118.39,1,09:24:44.831085247
118.39,1,09:24:44.842279750
118.39,1,09:24:44.856186953
118.39,1,09:24:44.856963726
118.39,1,09:24:44.857162347
118.39,1,09:24:45.118288813
118.39,1,09:24:45.118608528
118.39,1,09:24:45.553567687
118.39,1,09:24:45.553810164
118.39,1,09:24:45.553912010
118.38,1,09:24:47.666707804
118.39,1,09:24:50.846339448
118.39,1,09:24:50.846407649
118.4,9,09:24:56.236832414
118.4,1,09:24:56.237042458
118.4,1,09:24:56.237056624
118.4,1,09:24:56.237073421
118.4,2,09:24:56.237073421
118.4,1,09:24:56.237087898
118.4,1,09:24:56.237103901
118.4,1,09:24:56.237118349
118.4,1,09:24:56.237133103
118.4,1,09:24:56.237146783
118.4,1,09:24:56.257653944
118.4,1,09:24:56.257772398
118.4,1,09:24:56.257792130
118.4,2,09:24:56.257792130
118.4,1,09:24:56.258369608
118.4,1,09:24:56.282700236
118.4,1,09:24:56.282814363
118.4,1,09:24:56.282833775
118.4,2,09:24:56.282833775
118.4,1,09:24:56.282848546
118.4,1,09:24:56.300648895
118.4,1,09:24:56.301138821
118.4,7,09:24:56.351379393
118.4,1,09:24:56.351459328
118.39,1,09:24:56.523453449
118.4,1,09:24:56.523977254
118.4,1,09:24:56.622626653
118.4,3,09:24:57.023471424
118.39,4,09:24:57.023651264
118.39,1,09:24:57.023668035
118.39,2,09:24:57.023668035
118.39,6,09:24:57.023682109
118.39,5,09:24:57.023682109
118.39,2,09:24:57.023682109
118.39,7,09:24:57.023696176
118.39,2,09:24:57.023696176
118.39,1,09:24:57.023696176
118.39,9,09:24:57.023696176
118.39,4,09:24:57.023713764
118.39,2,09:24:57.023713764
118.4,4,09:24:57.504078889
118.4,3,09:24:57.504183029
118.4,4,09:24:57.504183029
118.4,1,09:24:57.504183029
118.4,1,09:24:57.504548494
118.4,1,09:24:57.504576405
118.4,1,09:24:57.505395716
118.4,1,09:24:57.505615418
118.4,1,09:24:57.505718519
118.4,1,09:24:57.505845303
118.4,1,09:24:57.506074077
118.4,1,09:24:57.506194429
118.4,1,09:24:57.506674570
118.4,1,09:24:57.506956445
118.4,1,09:24:57.507155395
118.4,1,09:24:57.507173030
118.4,1,09:24:57.507700643
118.4,1,09:24:57.507721315
118.4,1,09:24:57.507900448
118.4,3,09:24:57.508106920
118.4,2,09:24:57.508106920
118.4,1,09:24:58.276934851
118.4,2,09:24:58.281377700
118.4,1,09:24:58.281478304
118.4,1,09:24:58.281496647
118.4,1,09:24:59.202940308
118.4,1,09:24:59.203931040
118.4,1,09:24:59.242406296
118.4,1,09:25:00.702697577
118.4,2,09:25:00.703898715
118.4,2,09:25:00.741647726
118.4,3,09:25:00.741726878
118.4,1,09:25:03.102198996
118.4,1,09:25:05.560574824
118.4,1,09:25:05.560691131
118.4,1,09:25:05.560709067
118.4,1,09:25:07.256795004
118.4,1,09:25:07.256879547
118.4,1,09:25:07.256897726
118.4,2,09:25:07.256897726
118.4,1,09:25:09.653037923
118.4,1,09:25:12.641474894
118.4,1,09:25:12.642497727
118.4,1,09:25:12.643517879
118.39,5,09:25:13.607536976
118.39,2,09:25:14.146875560
118.39,3,09:25:14.147132321
118.39,1,09:25:14.147147533
118.39,4,09:25:14.147147533
118.39,2,09:25:14.147147533
118.39,2,09:25:14.147285002
118.39,2,09:25:14.147298477
118.39,2,09:25:14.147312221
118.39,6,09:25:14.147327271
118.39,7,09:25:14.147327271
118.39,1,09:25:14.147327271
118.39,3,09:25:14.147548183
118.39,2,09:25:14.147562417
118.39,1,09:25:14.147562417
118.39,3,09:25:14.147576112
118.39,2,09:25:14.147591185
118.39,1,09:25:14.147591185
118.39,1,09:25:14.147745943
118.39,1,09:25:14.147767687
118.39,3,09:25:14.148078439
118.39,3,09:25:14.148711434
118.39,1,09:25:14.148927612
118.39,8,09:25:14.148927612
118.39,1,09:25:19.685895877
118.39,3,09:25:19.685895877
118.39,1,09:25:19.685972399
118.4,7,09:25:19.955626610
118.4,2,09:25:19.955626610
118.4,1,09:25:19.956527620
118.4,1,09:25:19.956541405
118.4,2,09:25:19.956541405
118.4,1,09:25:19.956555128
118.4,1,09:25:19.956568984
118.4,1,09:25:19.956586977
118.4,2,09:25:19.956599998
118.4,1,09:25:19.956751004
118.4,2,09:25:19.956769417
118.4,1,09:25:19.956786067
118.4,1,09:25:19.956815521
118.4,1,09:25:19.957393354
118.4,1,09:25:19.957602464
118.4,1,09:25:19.978649460
118.4,3,09:25:20.966173406
118.4,1,09:25:20.966300398
118.4,7,09:25:20.966300398
118.4,1,09:25:20.966317636
118.4,8,09:25:20.966317636
118.4,1,09:25:20.967891055
118.4,1,09:25:20.967906131
118.4,2,09:25:20.967906131
118.4,1,09:25:20.967993715
118.4,1,09:25:20.968219542
118.4,1,09:25:20.968234988
118.4,3,09:25:20.968755286
118.4,2,09:25:20.970259699
118.4,1,09:25:20.970259699
118.4,2,09:25:20.988431211
118.4,4,09:25:21.471040438
118.4,2,09:25:21.857309227
118.4,1,09:25:21.857309227
118.4,7,09:25:21.857402142
118.4,1,09:25:21.857417253
118.39,1,09:25:39.016139397
118.39,1,09:25:48.482608207
118.39,1,09:25:53.016794802
118.39,1,09:25:57.319472991
118.39,1,09:26:07.016454579
118.4,1,09:26:11.551592279
118.4,2,09:26:11.551771439
118.4,1,09:26:11.551787416
118.4,7,09:26:11.551801122
118.4,6,09:26:11.551991430
118.4,1,09:26:11.552004896
118.4,1,09:26:11.552020815
118.4,1,09:26:11.552034950
118.4,2,09:26:11.552195644
118.4,2,09:26:11.552213011
118.4,1,09:26:11.552228182
118.4,1,09:26:11.552249020
118.4,1,09:26:11.552262844
118.4,1,09:26:11.552277798
118.4,1,09:26:11.552291232
118.4,1,09:26:11.552305107
118.4,1,09:26:11.552318604
118.4,1,09:26:11.552332687
118.4,1,09:26:11.552346137
118.4,1,09:26:11.552359561
118.4,1,09:26:11.552465651
118.4,6,09:26:11.552479657
118.4,3,09:26:11.552493807
118.4,1,09:26:11.552509564
118.4,1,09:26:11.552523507
118.4,2,09:26:11.552543856
118.4,1,09:26:11.552543856
118.4,1,09:26:11.552556863
118.4,1,09:26:11.562194424
118.4,5,09:26:13.543797883
118.4,1,09:26:13.544121441
118.4,1,09:26:13.544499076
118.4,1,09:26:13.544785754
118.4,2,09:26:15.011892971
118.41,1,09:26:18.782764546
118.41,2,09:26:19.523472905
118.41,1,09:26:19.523472905
118.41,4,09:26:19.523487625
118.41,2,09:26:19.523487625
118.41,1,09:26:19.523487625
118.41,1,09:26:19.523508384
118.42,1,09:26:21.794207261
118.42,1,09:26:21.794557162
118.42,1,09:26:21.818087844
118.41,1,09:26:24.977041125
118.41,1,09:26:24.977630823
118.41,1,09:26:24.977654884
118.41,2,09:26:24.977654884
118.41,7,09:26:24.977763425
118.41,1,09:26:24.977776929
118.41,1,09:26:24.978047981
118.41,13,09:26:24.978047981
118.41,1,09:26:24.978166208
118.41,1,09:26:24.978187546
118.41,1,09:26:24.991929732
118.41,1,09:26:25.003444438
118.41,2,09:26:33.215469971
118.41,1,09:26:33.215624453
118.41,1,09:26:33.215640386
118.41,3,09:26:33.215640386
118.41,2,09:26:33.215640386
118.41,1,09:26:33.215847919
118.41,1,09:26:33.215862734
118.41,10,09:26:33.215862734
118.41,2,09:26:33.215862734
118.41,3,09:26:33.216015042
118.41,1,09:26:34.846587429
118.41,2,09:26:34.846681639
118.41,3,09:26:34.846696334
118.41,1,09:26:35.722155682
118.41,1,09:26:35.722264546
118.41,2,09:26:35.722280427
118.41,4,09:26:35.722280427
118.41,11,09:26:35.722296101
118.41,2,09:26:35.768072569
118.41,3,09:26:35.768072569
118.41,1,09:26:35.768086018
118.41,7,09:26:35.768184179
118.41,1,09:26:35.768326448
118.41,1,09:26:35.811490500
118.41,2,09:26:35.927881282
118.41,1,09:26:35.927956386
118.42,18,09:26:42.781095217
118.42,3,09:26:42.781187157
118.42,1,09:26:42.781203273
118.42,2,09:26:42.781203273
118.42,1,09:26:42.823870524
118.42,1,09:26:42.955982904
118.42,2,09:26:42.956114238
118.42,1,09:26:42.983302470
118.41,1,09:26:56.429110311
118.42,2,09:26:57.171018002
118.42,2,09:26:57.171111784
118.42,3,09:26:57.171125944
118.42,1,09:26:57.171125944
118.41,1,09:27:02.247330441
118.41,4,09:27:02.247428319
118.41,3,09:27:02.247428319
118.41,1,09:27:02.247906369
118.41,2,09:27:02.247906369
118.41,1,09:27:02.247922069
118.41,1,09:27:02.248145307
118.41,1,09:27:02.248163483
118.41,1,09:27:02.263718548
118.41,9,09:27:02.263793511
118.41,1,09:27:02.267504113
118.41,2,09:27:02.285147106
118.41,7,09:27:02.285243278
118.41,7,09:27:02.285260610
118.4,1,09:27:02.324712919
118.4,1,09:27:02.324804551
118.4,1,09:27:02.324818996
118.41,1,09:27:02.352029822
118.41,3,09:27:02.352145396
118.41,3,09:27:02.352167745
118.41,2,09:27:02.352167745
118.41,1,09:27:02.352167745
118.41,7,09:27:02.352167745
118.41,13,09:27:02.352167745
118.41,1,09:27:02.363303325
118.41,5,09:27:02.673751433
118.41,7,09:27:02.673855702
118.41,1,09:27:02.673872354
118.41,2,09:27:02.673872354
118.41,11,09:27:02.673872354
118.41,10,09:27:02.673886985
118.4,7,09:27:02.698506842
118.4,2,09:27:02.698506842
118.4,1,09:27:02.698506842
118.41,1,09:27:02.737082454
118.41,7,09:27:02.737082454
118.41,3,09:27:02.737167806
118.41,11,09:27:02.737184324
118.41,1,09:27:02.737184324
118.41,1,09:27:02.740859983
118.41,1,09:27:02.850562362
118.41,3,09:27:02.850629565
118.41,1,09:27:02.886397534
118.4,1,09:27:03.016358870
118.41,1,09:27:03.055196149
118.41,1,09:27:03.055272437
118.41,7,09:27:03.318380763
118.41,2,09:27:03.318494222
118.41,1,09:27:03.318509300
118.41,4,09:27:03.318509300
118.41,1,09:27:03.318524898
118.41,2,09:27:03.318524898
118.41,1,09:27:06.512817210
118.4,1,09:27:06.525261534
118.4,1,09:27:06.525350686
118.4,5,09:27:06.525350686
118.41,1,09:27:06.539237333
118.41,2,09:27:06.555923117
118.41,7,09:27:06.556017491
118.41,12,09:27:06.556034736
118.41,10,09:27:06.556034736
118.41,2,09:27:06.556034736
118.41,7,09:27:06.612817971
118.41,2,09:27:06.612817971
118.41,1,09:27:06.701613365
118.41,2,09:27:06.701694424
118.41,2,09:27:06.740676623
118.41,1,09:27:06.740763028
118.41,1,09:27:11.042715142
118.41,1,09:27:14.683981675
118.41,1,09:27:14.946756236
118.41,2,09:27:14.946843787
118.41,1,09:27:25.358988106
118.42,1,09:27:29.917236497
118.42,2,09:27:29.917236497
118.42,1,09:27:29.917343668
118.42,1,09:27:29.917367646
118.42,1,09:27:29.917548067
118.42,1,09:27:29.917631488
118.42,4,09:27:29.917646490
118.42,1,09:27:29.918285351
118.42,1,09:27:29.918308411
118.42,1,09:27:29.983435832
118.42,1,09:27:40.027493806
118.42,1,09:27:50.842328544
118.42,1,09:27:50.859171050
118.42,1,09:27:56.825430012
118.42,1,09:27:56.825590937
118.42,4,09:27:56.825664924
118.42,1,09:27:56.846660301
118.41,1,09:27:57.824319521
118.41,1,09:27:58.523797804
118.42,1,09:27:58.787692961
118.42,6,09:27:58.787751627
118.42,1,09:28:02.838384942
118.41,1,09:28:10.691727259
118.41,1,09:28:10.691819105
118.41,1,09:28:10.692097492
118.41,6,09:28:10.692206289
118.41,1,09:28:10.692229297
118.41,2,09:28:10.692604980
118.41,1,09:28:10.692604980
118.41,9,09:28:10.692604980
118.41,1,09:28:10.693430860
118.41,6,09:28:10.730276445
118.41,10,09:28:10.730404633
118.41,2,09:28:10.730423242
118.41,1,09:28:10.730423242
118.41,3,09:28:10.730423242
118.41,6,09:28:10.730423242
118.41,7,09:28:10.730438803
118.41,2,09:28:10.730583449
118.4,7,09:28:10.829658947
118.4,1,09:28:10.829658947
118.4,1,09:28:10.829726297
118.41,6,09:28:10.840371742
118.41,1,09:28:10.840371742
118.41,1,09:28:10.840471478
118.41,2,09:28:10.840487289
118.41,1,09:28:10.840487289
118.41,1,09:28:10.890034183
118.41,1,09:28:11.399854601
118.41,1,09:28:12.851988751
118.41,1,09:28:14.689161067
118.4,3,09:28:14.699947705
118.4,2,09:28:14.700042015
118.4,1,09:28:14.700056982
118.41,2,09:28:14.744042839
118.41,1,09:28:17.424870796
118.41,2,09:28:17.425204130
118.41,1,09:28:17.456412713
118.41,1,09:28:20.454015055
118.41,2,09:28:20.454015055
118.41,1,09:28:20.454364127
118.41,3,09:28:20.454489976
118.41,1,09:28:20.454489976
118.41,1,09:28:20.696228676
118.41,10,09:28:31.120840273
118.41,1,09:28:31.120840273
118.41,9,09:28:31.178431275
118.41,11,09:28:31.206589060
118.41,11,09:28:31.256648361
118.41,9,09:28:31.256648361
118.41,1,09:28:31.274700035
118.41,1,09:28:31.274792428
118.41,2,09:28:31.274807804
118.41,1,09:28:31.323760352
118.41,2,09:28:31.324491026
118.41,1,09:28:32.847265019
118.41,2,09:28:33.541822099
118.41,1,09:28:33.541837369
118.41,2,09:28:33.597041404
118.41,1,09:28:33.597041404
118.41,1,09:28:41.517198660
118.41,2,09:28:41.517198660
118.41,2,09:28:41.517371230
118.41,1,09:28:41.542843387
118.41,1,09:28:41.544429748
118.41,1,09:28:41.544525446
118.41,9,09:28:41.544540746
118.4,1,09:28:41.893062645
118.41,1,09:28:41.922904998
118.41,1,09:28:41.981610853
118.41,1,09:28:50.930430830
118.41,2,09:28:50.930778981
118.41,1,09:28:50.930901214
118.41,7,09:28:50.930924664
118.41,1,09:28:50.930924664
118.41,1,09:28:50.957030011
118.41,4,09:28:51.021226865
118.41,1,09:28:51.021226865
118.4,1,09:28:57.798082107
118.41,1,09:28:57.825036205
118.41,2,09:28:57.825052579
118.41,3,09:29:00.183697447
118.41,2,09:29:00.183697447
118.4,3,09:29:02.847485911
118.4,1,09:29:02.847499985
118.4,2,09:29:02.847499985
118.4,1,09:29:02.847575619
118.4,1,09:29:02.847592787
118.41,3,09:29:02.862571503
118.41,1,09:29:02.862571503
118.41,2,09:29:02.862689835
118.41,1,09:29:02.862714074
118.41,3,09:29:02.862714074
118.41,4,09:29:02.862714074
118.41,1,09:29:02.874002307
118.41,1,09:29:02.874397632
118.41,3,09:29:02.929965566
118.41,1,09:29:12.829256157
118.41,1,09:29:26.983241683
118.42,1,09:29:31.184659985
118.42,1,09:29:31.184756683
118.42,1,09:29:31.184771624
118.42,2,09:29:31.184771624
118.41,1,09:29:36.914541686
118.41,2,09:29:36.914768722
118.41,10,09:29:36.914783193
118.41,3,09:29:36.914783193
118.41,1,09:29:36.914797026
118.41,1,09:29:36.914812908
118.41,6,09:29:36.914812908
118.41,1,09:29:36.914826930
118.41,1,09:29:36.914840940
118.41,1,09:29:36.915211444
118.41,1,09:29:36.915226426
118.41,1,09:29:36.915239933
118.41,1,09:29:36.915254778
118.41,3,09:29:36.915268615
118.41,1,09:29:36.915283422
118.41,2,09:29:36.915283422
118.41,1,09:29:36.915298743
118.41,1,09:29:36.915312173
118.41,1,09:29:36.915328181
118.41,1,09:29:36.915736818
118.41,1,09:29:38.807163938
118.42,1,09:29:39.700885263
118.42,3,09:29:39.701036898
118.42,1,09:29:39.701057164
118.42,2,09:29:39.701088297
118.42,9,09:29:39.701088297
118.42,2,09:29:39.701736437
118.42,10,09:29:39.701751346
118.42,1,09:29:39.701781202
118.42,1,09:29:39.701795730
118.42,6,09:29:39.701810027
118.42,1,09:29:39.701823192
118.42,8,09:29:39.712246810
118.42,4,09:29:39.712246810
118.42,1,09:29:39.712246810
118.42,5,09:29:39.712344282
118.42,2,09:29:39.712344282
118.42,2,09:29:39.712643903
118.42,1,09:29:39.713384528
118.42,3,09:29:39.713408073
118.42,1,09:29:39.745552482
118.42,1,09:29:39.766545666
118.42,1,09:29:39.767048277
118.41,1,09:29:43.596722484
118.41,1,09:29:43.596819185
118.41,2,09:29:43.596833698
118.41,1,09:29:43.596833698
118.41,1,09:29:43.596849055
118.4,5,09:29:45.418573004
118.4,2,09:29:45.418661679
118.41,1,09:29:45.433388494
118.41,4,09:29:45.436374392
118.41,9,09:29:45.436374392
118.41,9,09:29:45.436532722
118.41,4,09:29:45.436555686
118.41,2,09:29:45.436555686
118.41,3,09:29:45.436555686
118.41,5,09:29:45.436576911
118.41,2,09:29:45.436576911
118.41,10,09:29:45.436576911
118.41,1,09:29:45.436576911
118.41,1,09:29:45.461863776
118.41,1,09:29:45.507304605
118.41,1,09:29:45.507324260
118.41,4,09:29:45.507324260
118.4,1,09:29:45.529103136
118.4,1,09:29:45.529204515
118.4,1,09:29:45.529219047
118.4,3,09:29:48.095682370
118.4,2,09:29:48.095682370
118.4,1,09:29:48.313932999
118.4,1,09:29:48.314024852
118.4,1,09:29:48.314039867
118.4,1,09:29:48.314417422
118.4,1,09:29:50.444628010
118.4,1,09:29:50.445105098
118.4,1,09:29:50.445674144
118.4,6,09:29:50.445727439
118.4,1,09:29:51.646533003
118.39,1,09:29:56.147972404
118.4,1,09:30:00.012112118
118.39,1,09:30:00.472642154
118.39,1,09:30:00.473099619
118.39,1,09:30:00.473274199
118.39,1,09:30:00.473300992
118.39,3,09:30:00.473300992
118.39,1,09:30:00.473316838
118.39,1,09:30:00.473462093
118.39,3,09:30:00.473479420
118.39,1,09:30:00.490072724
118.38,1,09:30:02.687617097
118.38,1,09:30:05.272817822
118.38,1,09:30:05.273242201
118.38,2,09:30:05.274006293
118.38,1,09:30:05.274135736
118.38,2,09:30:05.274179022
118.38,1,09:30:05.274179022
118.38,4,09:30:05.274179022
118.38,2,09:30:05.274783137
118.38,1,09:30:06.266387165
118.38,1,09:30:06.266494512
118.38,2,09:30:06.266523469
118.38,3,09:30:06.266523469
118.38,1,09:30:06.267202022
118.38,3,09:30:06.267202022
118.38,1,09:30:06.267414930
118.38,7,09:30:06.364721832
118.38,1,09:30:06.364721832
118.38,2,09:30:06.364721832
118.37,4,09:30:13.020031865
118.37,1,09:30:13.020421862
118.37,2,09:30:13.020421862
118.37,3,09:30:13.055844315
118.37,1,09:30:13.126493824
118.37,2,09:30:13.126493824
118.37,2,09:30:13.126572905
118.36,1,09:30:15.529315986
118.36,2,09:30:15.529315986
118.36,1,09:30:15.529439863
118.36,1,09:30:16.548393743
118.36,1,09:30:16.548489312
118.36,2,09:30:16.549002805
118.36,3,09:30:16.549807531
118.36,1,09:30:16.549807531
118.36,8,09:30:16.549807531
118.36,4,09:30:16.652027473
118.36,1,09:30:16.652027473
118.37,1,09:30:23.599566831
118.37,1,09:30:24.513072247
118.37,3,09:30:24.513072247
118.37,4,09:30:24.513072247
118.38,1,09:30:33.059693785
118.38,10,09:30:33.060138105
118.38,7,09:30:33.060318187
118.38,1,09:30:33.060318187
118.38,3,09:30:33.060318187
118.38,2,09:30:33.060318187
118.38,1,09:30:33.060375545
118.38,2,09:30:33.073907125
118.38,9,09:30:33.073993183
118.38,1,09:30:33.074008533
118.38,1,09:30:33.074789870
118.38,8,09:30:33.082169343
118.38,1,09:30:33.244687677
118.38,4,09:30:34.865407344
118.38,5,09:30:34.865585264
118.38,3,09:30:34.866311941
118.38,2,09:30:34.866311941
118.38,1,09:30:34.866855193
118.38,1,09:30:34.878533052
118.38,2,09:30:34.878533052
118.38,2,09:30:34.878872295
118.38,1,09:30:34.890276620
118.37,1,09:30:57.539005427
118.38,1,09:31:01.526386322
118.38,5,09:31:01.526386322
118.38,2,09:31:01.526461132
118.38,2,09:31:01.526820754
118.38,1,09:31:01.526834857
118.38,3,09:31:01.526948331
118.38,1,09:31:01.526967883
118.38,1,09:31:01.527115307
118.38,2,09:31:01.527115307
118.38,1,09:31:01.566165219
118.38,1,09:31:01.566479567
118.38,1,09:31:01.566580872
118.38,2,09:31:01.576524945
118.38,1,09:31:01.608150513
118.38,1,09:31:01.610004499
118.38,4,09:31:01.618891151
118.38,2,09:31:01.704417455
118.37,1,09:31:06.539162840
118.37,1,09:31:06.539261204
118.37,1,09:31:06.539279985
118.38,5,09:31:12.369674063
118.38,2,09:31:12.369755122
118.38,1,09:31:12.369774220
118.38,1,09:31:29.417471983
118.38,1,09:31:29.417909045
118.38,2,09:31:29.418099832
118.38,1,09:31:29.418099832
118.38,1,09:31:29.418203041
118.38,1,09:31:29.418220824
118.38,2,09:31:33.094243562
118.38,1,09:31:33.094243562
118.38,1,09:31:33.094661640
118.38,8,09:31:33.094808763
118.38,1,09:31:33.094827711
118.38,2,09:31:33.094827711
118.38,13,09:31:33.094846421
118.38,2,09:31:33.094846421
118.38,2,09:31:33.116401014
118.38,1,09:31:33.118086165
118.38,1,09:31:33.119391066
118.38,1,09:31:38.842464682
118.37,1,09:31:42.996688950
118.37,1,09:31:42.996794936
118.37,1,09:31:42.997157743
118.37,1,09:31:42.997347860
118.37,1,09:31:42.997362743
118.37,1,09:31:42.997378417
118.37,2,09:31:42.997378417
118.37,3,09:31:42.997378417
118.37,1,09:31:42.997394820
118.37,4,09:31:42.997654178
118.37,1,09:31:42.997668056
118.37,1,09:31:42.997702133
118.37,2,09:31:42.997715493
118.37,1,09:31:42.997729214
118.37,1,09:31:42.997745707
118.37,1,09:31:43.020979797
118.37,1,09:31:43.023931961
118.37,1,09:31:50.030943291
118.36,2,09:31:56.871554651
118.36,2,09:31:59.888167364
118.36,3,09:31:59.888167364
118.36,2,09:31:59.888310856
118.36,1,09:31:59.888328795
118.36,1,09:31:59.888343701
118.36,1,09:31:59.888358287
118.36,2,09:31:59.888358287
118.36,4,09:31:59.888525198
118.36,1,09:31:59.888539176
118.36,2,09:31:59.888552491
118.36,2,09:31:59.888565851
118.36,1,09:31:59.888579118
118.36,1,09:31:59.888592414
118.36,1,09:31:59.888609582
118.36,1,09:31:59.888623451
118.36,7,09:31:59.888642679
118.36,1,09:31:59.888660247
118.36,1,09:31:59.888674161
118.36,1,09:31:59.888691022
118.36,2,09:31:59.888711316
118.36,1,09:31:59.888731950
118.36,8,09:31:59.888750497
118.36,1,09:31:59.888764468
118.36,1,09:31:59.888779015
118.36,1,09:31:59.888791955
118.36,3,09:31:59.888857952
118.36,1,09:31:59.888872813
118.36,2,09:31:59.888890569
118.36,2,09:31:59.888917078
118.36,1,09:31:59.890588393
118.36,1,09:31:59.913430250
118.36,1,09:31:59.913729611
118.36,1,09:31:59.913987091
118.36,2,09:32:00.204548304
118.36,2,09:32:03.380784457
118.36,7,09:32:03.380784457
118.36,5,09:32:03.380912034
118.36,1,09:32:03.380929609
118.36,3,09:32:03.380929609
118.36,1,09:32:03.380945173
118.36,1,09:32:03.390411122
118.36,3,09:32:03.390411122
118.36,1,09:32:07.842034532
118.36,2,09:32:07.842247235
118.36,1,09:32:07.842532643
118.36,1,09:32:07.842665491
118.36,10,09:32:07.842665491
118.36,1,09:32:07.856134534
118.36,2,09:32:07.856134534
118.36,2,09:32:07.856216768
118.36,1,09:32:07.856456246
118.36,1,09:32:09.016874249
118.36,8,09:32:11.337169547
118.36,1,09:32:25.213977578
118.36,1,09:32:25.214010465
118.36,4,09:32:25.214010465
118.36,2,09:32:25.214010465
118.36,1,09:32:25.224653327
118.36,1,09:32:25.224729474
118.36,4,09:32:25.454790595
118.36,1,09:32:27.117772425
118.36,2,09:32:30.422996968
118.36,1,09:32:31.537347790
118.35,1,09:32:37.129892452
118.35,2,09:32:37.129892452
118.35,4,09:32:37.129892452
118.35,1,09:32:37.130411764
118.35,3,09:32:37.130411764
118.35,1,09:32:37.130726496
118.35,5,09:32:37.130741888
118.35,1,09:32:37.130741888
118.35,1,09:32:37.130756413
118.35,3,09:32:37.130756413
118.35,1,09:32:37.130772614
118.35,1,09:32:37.131133133
118.35,1,09:32:37.131150697
118.35,2,09:32:37.131175059
118.35,1,09:32:37.131193996
118.35,3,09:32:37.131208426
118.35,1,09:32:37.131245642
118.35,1,09:32:37.131300528
118.35,1,09:32:37.131315052
118.35,1,09:32:37.131330218
118.35,1,09:32:37.131544908
118.35,1,09:32:37.131560521
118.35,1,09:32:37.131576281
118.35,3,09:32:37.131599373
118.35,6,09:32:37.133630238
118.35,3,09:32:37.134261700
118.35,2,09:32:37.134277508
118.35,4,09:32:37.134294465
118.35,1,09:32:37.134310230
118.35,8,09:32:37.134325219
118.35,1,09:32:37.134352062
118.35,2,09:32:43.956928906
118.35,2,09:32:43.957398751
118.35,3,09:32:43.957520576
118.35,1,09:32:43.957520576
118.35,10,09:32:43.957520576
118.35,1,09:32:43.957834864
118.35,3,09:32:43.957834864
118.35,1,09:32:43.959155694
118.35,3,09:32:43.959174340
118.35,1,09:32:45.963489717
118.35,1,09:32:45.963611864
118.35,1,09:32:45.963638712
118.35,1,09:32:45.986455397
118.35,2,09:32:45.989054566
118.35,1,09:32:45.989416294
118.35,1,09:32:45.989753363
118.35,1,09:32:46.288108301
118.35,1,09:32:46.288186339
118.35,1,09:32:46.288212266
118.35,1,09:32:46.290236891
118.35,2,09:32:46.290339042
118.35,1,09:32:46.379712926
118.35,1,09:32:46.666506451
118.35,1,09:33:02.220099377
118.35,4,09:33:02.220221780
118.35,1,09:33:02.220239259
118.35,8,09:33:02.220239259
118.35,10,09:33:02.220259112
118.35,2,09:33:02.220259112
118.35,3,09:33:02.220259112
118.35,1,09:33:02.220888622
118.35,2,09:33:02.221061559
118.35,1,09:33:02.221076167
118.35,1,09:33:02.221093895
118.35,1,09:33:02.221126382
118.35,3,09:33:02.221126382
118.35,2,09:33:02.221141735
118.35,1,09:33:02.221155450
118.35,2,09:33:02.221172567
118.35,2,09:33:02.221378948
118.35,5,09:33:02.222015962
118.35,1,09:33:02.259334166
118.35,1,09:33:12.120171920
118.35,2,09:33:12.120171920
118.35,1,09:33:12.120273270
118.35,1,09:33:12.120290215
118.35,3,09:33:12.120290215
118.35,1,09:33:12.120703130
118.35,2,09:33:12.120703130
118.35,1,09:33:12.142566112
118.35,3,09:33:13.321799301
118.35,1,09:33:13.321920695
118.35,2,09:33:13.321920695
118.35,1,09:33:13.322157134
118.35,1,09:33:13.322187902
118.35,3,09:33:18.992242765
118.35,3,09:33:18.992342897
118.35,8,09:33:18.992371403
118.35,2,09:33:18.992371403
118.35,1,09:33:18.992371403
118.35,1,09:33:20.015772963
118.35,2,09:33:20.015772963
118.35,3,09:33:20.015869753
118.35,2,09:33:20.015888831
118.35,8,09:33:20.015888831
118.35,1,09:33:20.015888831
118.35,1,09:33:20.016853014
118.35,2,09:33:20.016871313
118.35,1,09:33:20.016871313
118.35,6,09:33:20.017245672
118.35,1,09:33:20.017608591
118.35,1,09:33:26.148221858
118.35,2,09:33:29.423730696
118.35,3,09:33:29.423730696
118.35,2,09:33:29.423961365
118.35,1,09:33:29.424067461
118.35,2,09:33:29.424320081
118.35,3,09:33:31.143376244
118.35,1,09:33:31.143742328
118.35,1,09:33:31.149511351
118.35,1,09:33:31.149584307
118.35,1,09:33:32.858660825
118.35,1,09:33:39.531882969
118.35,1,09:33:50.805070894
118.36,1,09:33:51.294875343
118.35,1,09:33:54.439176103
118.35,7,09:33:54.439302074
118.35,1,09:33:54.439542025
118.35,7,09:33:54.439542025
118.35,8,09:33:54.439708652
118.35,1,09:33:54.439732921
118.35,1,09:33:54.439754086
118.35,1,09:33:54.443608131
118.35,3,09:33:54.443608131
118.35,2,09:33:54.443933366
118.34,1,09:33:54.450820619
118.34,2,09:33:54.450915540
118.34,1,09:33:54.450946555
118.34,2,09:33:54.450946555
118.35,1,09:33:54.465360407
118.35,1,09:33:54.466013714
118.35,4,09:33:56.016122311
118.35,1,09:33:56.182149115
118.35,1,09:33:56.506127911
118.36,2,09:34:04.468760100
118.36,1,09:34:04.468760100
118.36,2,09:34:04.468832244
118.36,2,09:34:26.333741303
118.36,6,09:34:30.379387293
118.36,1,09:34:32.496425806
118.35,1,09:34:32.837859183
118.36,12,09:34:35.510781179
118.36,1,09:34:35.510993824
118.36,2,09:34:35.511007514
118.36,1,09:34:35.511007514
118.36,1,09:34:35.511022653
118.36,1,09:34:35.511036980
118.36,1,09:34:35.511051249
118.36,4,09:34:35.511066305
118.36,1,09:34:35.511066305
118.36,5,09:34:35.511080279
118.36,1,09:34:35.511095685
118.36,1,09:34:35.511117799
118.36,1,09:34:35.546426084
118.37,2,09:34:36.184772955
118.36,1,09:34:43.920574293
118.36,15,09:34:43.920574293
118.36,1,09:34:43.920722356
118.36,7,09:34:43.920737530
118.36,13,09:34:43.920737530
118.36,1,09:34:43.920752285
118.36,2,09:34:43.920752285
118.36,2,09:34:43.920766001
118.36,2,09:34:43.920789763
118.36,1,09:34:43.920789763
118.36,2,09:34:43.920903638
118.36,1,09:34:43.946578588
118.36,1,09:34:43.967631991
118.36,6,09:34:51.901406294
118.36,5,09:34:52.322099882
118.37,1,09:34:55.111457386
118.37,1,09:34:55.727206065
118.37,1,09:34:56.831557432
118.37,1,09:34:57.148538160
118.36,1,09:35:03.385550950
118.36,1,09:35:03.385653114
118.36,1,09:35:03.385681936
118.36,7,09:35:03.386896700
118.36,2,09:35:03.387002200
118.36,1,09:35:03.387024460
118.36,2,09:35:03.387024460
118.36,1,09:35:03.423761167
118.36,2,09:35:03.424035105
118.36,1,09:35:03.425028782
118.36,1,09:35:10.110533719
118.36,4,09:35:10.110533719
118.36,1,09:35:10.110626833
118.36,5,09:35:15.685107338
118.36,1,09:35:15.685173088
118.36,1,09:35:21.639875723
118.37,2,09:35:23.809814961
118.37,1,09:35:23.810207428
118.37,2,09:35:23.810207428
118.37,2,09:35:23.810295114
118.37,1,09:35:23.810310907
118.37,7,09:35:23.810310907
118.37,1,09:35:23.810446487
118.37,3,09:35:23.810446487
118.37,9,09:35:23.810661233
118.37,1,09:35:23.810661233
118.37,1,09:35:23.891544396
118.37,1,09:35:28.133650119
118.37,5,09:35:28.133650119
118.37,2,09:35:28.133766542
118.37,1,09:35:28.133795511
118.37,8,09:35:28.133795511
118.37,1,09:35:28.186933598
118.37,1,09:35:28.225534596
118.37,2,09:35:28.225736750
118.37,1,09:35:28.250553031
118.37,1,09:35:28.314110698
118.37,3,09:35:29.824133865
118.37,2,09:35:29.824254461
118.37,4,09:35:29.824274649
118.37,1,09:35:29.824274649
118.37,2,09:35:29.824344425
118.37,5,09:35:29.824359901
118.37,5,09:35:29.824510931
118.37,1,09:35:34.343576477
118.37,1,09:35:34.343908419
118.37,1,09:35:34.343922380
118.37,1,09:35:34.344117276
118.37,1,09:35:34.344133346
118.37,2,09:35:34.344149228
118.37,8,09:35:34.344149228
118.37,1,09:35:34.344162943
118.37,6,09:35:34.344162943
118.37,3,09:35:34.344162943
118.37,1,09:35:34.344177155
118.37,3,09:35:39.697866687
118.37,2,09:35:39.698167029
118.37,2,09:35:39.850992662
118.37,2,09:35:41.074624869
118.37,1,09:35:41.075027394
118.37,1,09:35:41.075161506
118.37,1,09:35:44.443167574
118.37,1,09:35:44.443494287
118.37,1,09:35:44.443595611
118.37,3,09:35:44.443595611
118.37,3,09:35:44.444327909
118.37,1,09:35:44.444327909
118.37,2,09:35:44.444902350
118.37,1,09:35:44.445441876
118.37,1,09:35:44.445468580
118.37,1,09:35:45.969541570
118.37,3,09:35:45.969752035
118.37,3,09:35:47.902650683
118.37,2,09:35:47.902764964
118.37,2,09:35:47.902802939
118.37,1,09:35:47.902802939
118.37,1,09:35:47.903358170
118.37,1,09:35:47.903386653
118.37,1,09:35:47.908391167
118.37,1,09:35:47.908487519
118.37,1,09:35:47.908507375
118.37,1,09:35:47.924502483
118.37,1,09:35:47.927098024
118.36,1,09:35:47.935251556
118.36,2,09:35:47.935347341
118.36,1,09:35:47.935347341
118.37,8,09:35:47.936175060
118.36,5,09:35:49.132336713
118.36,1,09:35:49.132336713
118.36,2,09:35:53.940427648
118.36,1,09:35:53.940620167
118.36,2,09:35:53.940634657
118.36,1,09:35:53.940634657
118.36,5,09:35:53.940649767
118.36,3,09:35:53.940649767
118.36,1,09:35:53.940663328
118.36,8,09:35:53.940678746
118.36,2,09:35:53.940678746
118.36,1,09:35:53.940678746
118.36,2,09:35:53.940692590
118.36,1,09:35:53.940692590
118.36,1,09:35:53.940705773
118.36,8,09:35:53.940720497
118.36,2,09:35:53.940720497
118.36,7,09:35:53.940736976
118.36,3,09:35:53.941676880
118.36,1,09:35:53.941767485
118.36,7,09:35:53.941938214
118.36,1,09:35:56.464416336
118.37,1,09:36:01.034654009
118.37,6,09:36:03.985418656
118.37,1,09:36:03.985418656
118.37,2,09:36:03.985433219
118.37,3,09:36:03.986486271
118.38,1,09:36:08.870306814
118.38,2,09:36:08.870306814
118.38,8,09:36:08.870532584
118.38,8,09:36:08.870546898
118.38,1,09:36:08.870546898
118.38,1,09:36:08.870560926
118.38,2,09:36:08.870560926
118.38,1,09:36:08.870575358
118.38,4,09:36:08.870588683
118.38,1,09:36:08.870604174
118.38,3,09:36:08.870619291
118.38,1,09:36:08.870634017
118.38,2,09:36:08.870647550
118.38,8,09:36:08.870662209
118.38,1,09:36:08.870678049
118.38,2,09:36:08.870692516
118.38,2,09:36:08.870731076
118.39,1,09:36:12.744189299
118.39,1,09:36:12.744643078
118.39,2,09:36:14.381778836
118.39,1,09:36:14.382271719
118.39,1,09:36:14.382379191
118.39,7,09:36:14.382405511
118.39,1,09:36:14.382405511
118.39,3,09:36:14.389795179
118.39,2,09:36:14.401970200
118.39,3,09:36:14.903541950
118.39,2,09:36:15.403983765
118.39,1,09:36:15.404068801
118.39,2,09:36:15.404093617
118.39,1,09:36:15.462423517
118.39,1,09:36:15.462505549
118.39,2,09:36:15.462522046
118.39,2,09:36:15.903041926
118.39,7,09:36:15.903041926
118.4,2,09:36:20.359425594
118.4,1,09:36:20.359526864
118.4,1,09:36:20.359567626
118.4,2,09:36:20.359567626
118.39,3,09:36:24.185717513
118.39,2,09:36:24.185717513
118.39,1,09:36:24.185841814
118.39,1,09:36:24.185871101
118.39,2,09:36:24.185871101
118.39,6,09:36:24.186026300
118.39,1,09:36:24.186026300
118.39,1,09:36:24.186147475
118.39,2,09:36:24.197859331
118.39,1,09:36:24.198208067
118.39,4,09:36:24.209989309
118.39,1,09:36:24.209989309
118.39,6,09:36:24.210083187
118.39,2,09:36:24.210104599
118.39,1,09:36:24.210374730
118.39,1,09:36:24.210687101
118.39,1,09:36:24.211847017
118.39,1,09:36:24.234285300
