bidVolume,bidPrice,askVolume,askPrice,timestamp
22,110.45,113,110.46,09:00:00.012769413
23,110.45,113,110.46,09:00:00.045558160
24,110.45,113,110.46,09:00:00.045716128
25,110.45,113,110.46,09:00:00.148661632
26,110.45,113,110.46,09:00:00.148828464
25,110.45,113,110.46,09:00:00.464442560
24,110.45,113,110.46,09:00:00.467214509
15,110.45,113,110.46,09:00:00.468364314
14,110.45,113,110.46,09:00:00.538303343
15,110.45,113,110.46,09:00:00.693324156
16,110.45,113,110.46,09:00:00.693671528
25,110.45,113,110.46,09:00:00.694715153
24,110.45,113,110.46,09:00:00.825093625
23,110.45,113,110.46,09:00:00.825169061
14,110.45,113,110.46,09:00:00.825298660
7,110.45,113,110.46,09:00:00.959205169
6,110.45,113,110.46,09:00:00.964187709
2,110.45,113,110.46,09:00:00.968478752
1,110.45,113,110.46,09:00:00.968694202
133,110.44,113,110.46,09:00:01.014114740
143,110.44,113,110.46,09:00:01.014114740
133,110.44,113,110.46,09:00:01.016873294
163,110.44,113,110.46,09:00:01.017191430
166,110.44,113,110.46,09:00:01.019151402
163,110.44,113,110.46,09:00:01.019486643
166,110.44,113,110.46,09:00:01.019710800
163,110.44,113,110.46,09:00:01.021833090
153,110.44,113,110.46,09:00:01.022935722
159,110.44,113,110.46,09:00:01.024317585
161,110.44,113,110.46,09:00:01.024705615
157,110.44,113,110.46,09:00:01.027966899
155,110.44,113,110.46,09:00:01.028377209
159,110.44,113,110.46,09:00:01.029119785
155,110.44,113,110.46,09:00:01.029749668
159,110.44,113,110.46,09:00:01.032816777
155,110.44,113,110.46,09:00:01.037311487
141,110.44,113,110.46,09:00:01.038101896
145,110.44,113,110.46,09:00:01.051690250
141,110.44,113,110.46,09:00:01.052535750
145,110.44,113,110.46,09:00:01.055699934
141,110.44,113,110.46,09:00:01.056843933
139,110.44,113,110.46,09:00:01.057176166
143,110.44,113,110.46,09:00:01.068783649
145,110.44,113,110.46,09:00:01.068889089
141,110.44,113,110.46,09:00:01.080770142
135,110.44,113,110.46,09:00:01.081267108
135,110.44,1,110.45,09:00:01.081404005
135,110.44,2,110.45,09:00:01.081547793
135,110.44,4,110.45,09:00:01.081564503
135,110.44,12,110.45,09:00:01.081769041
135,110.44,13,110.45,09:00:01.081769041
135,110.44,12,110.45,09:00:01.081871560
125,110.44,12,110.45,09:00:01.081871560
125,110.44,14,110.45,09:00:01.081871560
125,110.44,13,110.45,09:00:01.082047025
131,110.44,13,110.45,09:00:01.082790192
135,110.44,13,110.45,09:00:01.083241756
125,110.44,13,110.45,09:00:01.083591855
125,110.44,14,110.45,09:00:01.084777689
125,110.44,13,110.45,09:00:01.088295984
125,110.44,11,110.45,09:00:01.088443292
119,110.44,11,110.45,09:00:01.092070838
119,110.44,10,110.45,09:00:01.098036254
119,110.44,2,110.45,09:00:01.098707499
119,110.44,117,110.46,09:00:01.098707499
121,110.44,117,110.46,09:00:01.098779259
121,110.44,123,110.46,09:00:01.099109520
133,110.44,123,110.46,09:00:01.099266064
133,110.44,113,110.46,09:00:01.099600141
129,110.44,113,110.46,09:00:01.100049670
123,110.44,113,110.46,09:00:01.102177829
123,110.44,1,110.45,09:00:01.104184577
123,110.44,3,110.45,09:00:01.104362083
129,110.44,3,110.45,09:00:01.112104669
125,110.44,3,110.45,09:00:01.118100124
119,110.44,3,110.45,09:00:01.128584865
119,110.44,12,110.45,09:00:01.130189552
119,110.44,13,110.45,09:00:01.131801323
119,110.44,4,110.45,09:00:01.141856433
119,110.44,3,110.45,09:00:01.141961556
119,110.44,4,110.45,09:00:01.147144487
119,110.44,3,110.45,09:00:01.175236238
119,110.44,1,110.45,09:00:01.175456571
121,110.44,1,110.45,09:00:01.175668829
125,110.44,1,110.45,09:00:01.176087344
131,110.44,1,110.45,09:00:01.185967436
127,110.44,1,110.45,09:00:01.203015321
127,110.44,2,110.45,09:00:01.203245200
127,110.44,8,110.45,09:00:01.203481499
127,110.44,2,110.45,09:00:01.206696797
127,110.44,1,110.45,09:00:01.217029362
127,110.44,112,110.46,09:00:01.222453307
131,110.44,112,110.46,09:00:01.222711341
137,110.44,112,110.46,09:00:01.223067997
141,110.44,112,110.46,09:00:01.223541043
145,110.44,112,110.46,09:00:01.223904323
141,110.44,112,110.46,09:00:01.225439009
145,110.44,112,110.46,09:00:01.225975691
141,110.44,112,110.46,09:00:01.226336455
139,110.44,112,110.46,09:00:01.226703633
135,110.44,112,110.46,09:00:01.227055815
137,110.44,112,110.46,09:00:01.227447024
141,110.44,112,110.46,09:00:01.232438863
137,110.44,112,110.46,09:00:01.235147254
135,110.44,112,110.46,09:00:01.235502686
139,110.44,112,110.46,09:00:01.247938474
155,110.44,112,110.46,09:00:01.253982789
141,110.44,112,110.46,09:00:01.258994475
135,110.44,112,110.46,09:00:01.259411813
139,110.44,112,110.46,09:00:01.284849307
153,110.44,112,110.46,09:00:01.304851830
155,110.44,112,110.46,09:00:01.305197593
139,110.44,112,110.46,09:00:01.335269825
139,110.44,113,110.46,09:00:01.407661465
133,110.44,113,110.46,09:00:01.482153706
135,110.44,113,110.46,09:00:01.482518868
135,110.44,1,110.45,09:00:01.484927849
125,110.44,1,110.45,09:00:01.484927849
125,110.44,9,110.45,09:00:01.485156483
125,110.44,10,110.45,09:00:01.485250623
125,110.44,19,110.45,09:00:01.485267705
125,110.44,18,110.45,09:00:01.485368431
119,110.44,18,110.45,09:00:01.495270007
119,110.44,19,110.45,09:00:01.520230144
119,110.44,20,110.45,09:00:01.520338076
119,110.44,21,110.45,09:00:01.520514763
119,110.44,22,110.45,09:00:01.521508148
119,110.44,23,110.45,09:00:01.521574014
119,110.44,24,110.45,09:00:01.522763865
119,110.44,25,110.45,09:00:01.522934106
119,110.44,26,110.45,09:00:01.523045014
119,110.44,25,110.45,09:00:01.532982081
119,110.44,26,110.45,09:00:01.533255426
119,110.44,27,110.45,09:00:01.575910952
119,110.44,26,110.45,09:00:01.584013119
119,110.44,25,110.45,09:00:01.584166553
119,110.44,26,110.45,09:00:01.592115344
119,110.44,25,110.45,09:00:01.620230417
119,110.44,24,110.45,09:00:01.621458173
119,110.44,23,110.45,09:00:01.621641053
119,110.44,24,110.45,09:00:01.627883077
119,110.44,23,110.45,09:00:01.672916550
119,110.44,24,110.45,09:00:01.731983611
119,110.44,25,110.45,09:00:01.750051946
119,110.44,24,110.45,09:00:01.826591799
119,110.44,25,110.45,09:00:02.042938956
119,110.44,27,110.45,09:00:02.043064985
119,110.44,29,110.45,09:00:02.043167292
119,110.44,30,110.45,09:00:02.049024600
101,110.44,30,110.45,09:00:02.088061278
101,110.44,28,110.45,09:00:03.323916774
101,110.44,27,110.45,09:00:03.324112645
101,110.44,26,110.45,09:00:03.324204044
101,110.44,27,110.45,09:00:03.324669215
101,110.44,28,110.45,09:00:03.330054244
101,110.44,27,110.45,09:00:03.810051373
101,110.44,26,110.45,09:00:03.810204600
101,110.44,27,110.45,09:00:03.810275140
101,110.44,26,110.45,09:00:03.810487499
119,110.44,26,110.45,09:00:03.813308786
133,110.44,26,110.45,09:00:03.818794531
133,110.44,27,110.45,09:00:03.821128886
133,110.44,28,110.45,09:00:03.821300939
133,110.44,27,110.45,09:00:03.831767313
133,110.44,29,110.45,09:00:03.842092531
119,110.44,29,110.45,09:00:03.844199843
119,110.44,30,110.45,09:00:03.852172615
119,110.44,28,110.45,09:00:03.880161852
119,110.44,27,110.45,09:00:03.880338764
119,110.44,26,110.45,09:00:03.887987305
119,110.44,27,110.45,09:00:03.898477192
119,110.44,28,110.45,09:00:03.898617541
119,110.44,29,110.45,09:00:03.912421236
119,110.44,30,110.45,09:00:03.912694964
119,110.44,29,110.45,09:00:04.157991467
119,110.44,30,110.45,09:00:04.160516412
119,110.44,29,110.45,09:00:04.164804137
119,110.44,28,110.45,09:00:04.166658616
119,110.44,27,110.45,09:00:04.169798984
119,110.44,26,110.45,09:00:04.807086823
119,110.44,17,110.45,09:00:04.817481802
119,110.44,16,110.45,09:00:04.817642896
110,110.44,16,110.45,09:00:04.825211697
108,110.44,16,110.45,09:00:04.825442368
107,110.44,16,110.45,09:00:04.825457552
106,110.44,16,110.45,09:00:04.825457552
91,110.44,16,110.45,09:00:04.825471885
83,110.44,16,110.45,09:00:04.825471885
77,110.44,16,110.45,09:00:04.825488906
69,110.44,16,110.45,09:00:04.825488906
59,110.44,16,110.45,09:00:04.825488906
58,110.44,16,110.45,09:00:04.825488906
56,110.44,16,110.45,09:00:04.825488906
48,110.44,16,110.45,09:00:04.825504532
32,110.44,16,110.45,09:00:04.825504532
29,110.44,16,110.45,09:00:04.825518138
28,110.44,16,110.45,09:00:04.825532131
27,110.44,16,110.45,09:00:04.825546157
25,110.44,16,110.45,09:00:04.825874440
24,110.44,16,110.45,09:00:04.825888393
20,110.44,16,110.45,09:00:04.825888393
19,110.44,16,110.45,09:00:04.825904344
19,110.44,51,110.45,09:00:04.825923036
19,110.44,54,110.45,09:00:04.825960159
19,110.44,63,110.45,09:00:04.825960159
28,110.44,63,110.45,09:00:04.825960159
28,110.44,64,110.45,09:00:04.825978828
28,110.44,66,110.45,09:00:04.826062841
28,110.44,67,110.45,09:00:04.826062841
29,110.44,67,110.45,09:00:04.826062841
31,110.44,67,110.45,09:00:04.826062841
31,110.44,82,110.45,09:00:04.826098224
34,110.44,82,110.45,09:00:04.826113721
35,110.44,82,110.45,09:00:04.826131750
17,110.44,82,110.45,09:00:04.826131750
21,110.44,82,110.45,09:00:04.836180841
21,110.44,83,110.45,09:00:04.836802949
21,110.44,82,110.45,09:00:04.847668416
29,110.44,82,110.45,09:00:04.853079833
29,110.44,67,110.45,09:00:04.853520453
30,110.44,67,110.45,09:00:04.853624473
56,110.44,67,110.45,09:00:05.128983073
69,110.44,67,110.45,09:00:05.130052490
87,110.44,67,110.45,09:00:05.932147632
87,110.44,58,110.45,09:00:06.105274509
87,110.44,67,110.45,09:00:06.106956732
97,110.44,67,110.45,09:00:06.107150889
111,110.44,67,110.45,09:00:07.795318165
97,110.44,67,110.45,09:00:07.820704949
96,110.44,67,110.45,09:00:07.931524013
88,110.44,67,110.45,09:00:08.386613973
70,110.44,67,110.45,09:00:08.396396926
67,110.44,67,110.45,09:00:08.429094595
68,110.44,67,110.45,09:00:08.576693071
69,110.44,67,110.45,09:00:08.638208900
70,110.44,67,110.45,09:00:08.640357983
69,110.44,67,110.45,09:00:08.661086584
60,110.44,67,110.45,09:00:08.661086584
59,110.44,67,110.45,09:00:08.661307804
57,110.44,67,110.45,09:00:08.661322450
56,110.44,67,110.45,09:00:08.661322450
52,110.44,67,110.45,09:00:08.661322450
26,110.44,67,110.45,09:00:08.661338335
13,110.44,67,110.45,09:00:08.661338335
3,110.44,67,110.45,09:00:08.661338335
2,110.44,67,110.45,09:00:08.661358277
1,110.44,67,110.45,09:00:08.661358277
149,110.43,67,110.45,09:00:08.661358277
152,110.43,67,110.45,09:00:08.661774799
152,110.43,83,110.45,09:00:08.661793013
160,110.43,83,110.45,09:00:08.661889375
160,110.43,91,110.45,09:00:08.661889375
160,110.43,96,110.45,09:00:08.661922076
161,110.43,96,110.45,09:00:08.662157435
162,110.43,96,110.45,09:00:08.662172776
172,110.43,96,110.45,09:00:08.662301803
170,110.43,96,110.45,09:00:08.662980571
165,110.43,96,110.45,09:00:08.663153207
164,110.43,96,110.45,09:00:08.663168065
159,110.43,96,110.45,09:00:08.663168065
151,110.43,96,110.45,09:00:08.663237390
151,110.43,91,110.45,09:00:08.663759731
150,110.43,91,110.45,09:00:08.663853725
145,110.43,91,110.45,09:00:08.663853725
145,110.43,109,110.45,09:00:08.664155697
131,110.43,109,110.45,09:00:08.664245293
131,110.43,111,110.45,09:00:08.664582915
115,110.43,111,110.45,09:00:08.664771051
115,110.43,109,110.45,09:00:08.664804191
125,110.43,109,110.45,09:00:08.665018790
119,110.43,109,110.45,09:00:08.665382937
105,110.43,109,110.45,09:00:08.688786333
111,110.43,109,110.45,09:00:08.707404958
119,110.43,109,110.45,09:00:08.708571502
131,110.43,109,110.45,09:00:08.708919188
131,110.43,91,110.45,09:00:08.709078367
132,110.43,91,110.45,09:00:08.715256854
137,110.43,91,110.45,09:00:08.715331833
9,110.44,91,110.45,09:00:08.717819899
18,110.44,91,110.45,09:00:08.718044433
19,110.44,91,110.45,09:00:08.718675495
21,110.44,91,110.45,09:00:08.720698239
21,110.44,75,110.45,09:00:08.723202196
26,110.44,75,110.45,09:00:08.763110841
44,110.44,75,110.45,09:00:08.772184188
26,110.44,75,110.45,09:00:08.885863170
24,110.44,75,110.45,09:00:09.601540122
23,110.44,75,110.45,09:00:09.811518395
23,110.44,92,110.45,09:00:09.811801266
14,110.44,92,110.45,09:00:10.012841257
5,110.44,92,110.45,09:00:10.015745293
14,110.44,92,110.45,09:00:10.224956272
5,110.44,92,110.45,09:00:10.325714825
14,110.44,92,110.45,09:00:10.392110767
15,110.44,92,110.45,09:00:10.773212721
16,110.44,92,110.45,09:00:10.773376139
17,110.44,92,110.45,09:00:10.773538743
18,110.44,92,110.45,09:00:10.774458047
18,110.44,75,110.45,09:00:10.855065136
19,110.44,75,110.45,09:00:11.762096554
54,110.44,75,110.45,09:00:12.041467033
72,110.44,75,110.45,09:00:12.072065244
82,110.44,75,110.45,09:00:12.072160664
85,110.44,75,110.45,09:00:12.087060423
91,110.44,75,110.45,09:00:12.097728167
88,110.44,75,110.45,09:00:12.109628917
82,110.44,75,110.45,09:00:12.120341734
85,110.44,75,110.45,09:00:12.120499581
91,110.44,75,110.45,09:00:12.131207019
91,110.44,67,110.45,09:00:12.153445966
92,110.44,67,110.45,09:00:12.154614106
91,110.44,67,110.45,09:00:12.170274701
105,110.44,67,110.45,09:00:12.178692106
91,110.44,67,110.45,09:00:12.205070790
105,110.44,67,110.45,09:00:12.716225822
91,110.44,67,110.45,09:00:12.741635478
105,110.44,67,110.45,09:00:13.395528060
91,110.44,67,110.45,09:00:13.420948911
91,110.44,69,110.45,09:00:13.884326532
105,110.44,69,110.45,09:00:14.095061429
102,110.44,69,110.45,09:00:20.274204549
84,110.44,69,110.45,09:00:20.274204549
84,110.44,81,110.45,09:00:20.274715858
84,110.44,87,110.45,09:00:20.274789656
74,110.44,87,110.45,09:00:20.274955320
68,110.44,87,110.45,09:00:20.284397494
54,110.44,87,110.45,09:00:20.298641208
53,110.44,87,110.45,09:00:20.319944463
52,110.44,87,110.45,09:00:20.618403104
51,110.44,87,110.45,09:00:20.619956859
50,110.44,87,110.45,09:00:20.620145117
49,110.44,87,110.45,09:00:20.620695377
59,110.44,87,110.45,09:00:20.648069490
60,110.44,87,110.45,09:00:20.992603643
60,110.44,81,110.45,09:00:20.992772843
60,110.44,69,110.45,09:00:20.992841470
61,110.44,69,110.45,09:00:20.992946982
60,110.44,69,110.45,09:00:21.014127256
60,110.44,74,110.45,09:00:21.018494663
61,110.44,74,110.45,09:00:21.114156163
60,110.44,74,110.45,09:00:22.171582593
59,110.44,74,110.45,09:00:22.171716289
59,110.44,86,110.45,09:00:22.171881105
59,110.44,92,110.45,09:00:22.172001572
49,110.44,92,110.45,09:00:22.172096836
49,110.44,93,110.45,09:00:22.187472388
14,110.44,93,110.45,09:00:22.207369530
5,110.44,93,110.45,09:00:22.207770841
19,110.44,93,110.45,09:00:22.213829684
14,110.44,93,110.45,09:00:22.370565828
11,110.44,93,110.45,09:00:22.374832070
9,110.44,93,110.45,09:00:22.374918410
7,110.44,93,110.45,09:00:22.375253248
7,110.44,97,110.45,09:00:22.375478739
117,110.43,97,110.45,09:00:22.375576115
117,110.43,12,110.44,09:00:22.375721327
117,110.43,33,110.44,09:00:22.375751265
117,110.43,34,110.44,09:00:22.375751987
117,110.43,35,110.44,09:00:22.375835424
117,110.43,44,110.44,09:00:22.375858991
111,110.43,44,110.44,09:00:22.376153708
111,110.43,64,110.44,09:00:22.376341075
111,110.43,65,110.44,09:00:22.376358707
129,110.43,65,110.44,09:00:22.376358707
129,110.43,71,110.44,09:00:22.376579017
129,110.43,59,110.44,09:00:22.376594450
129,110.43,50,110.44,09:00:22.376627835
129,110.43,49,110.44,09:00:22.376935455
129,110.43,48,110.44,09:00:22.376964898
129,110.43,42,110.44,09:00:22.377327618
119,110.43,42,110.44,09:00:22.377359196
119,110.43,43,110.44,09:00:22.377736383
119,110.43,45,110.44,09:00:22.378204056
119,110.43,46,110.44,09:00:22.378339271
149,110.43,46,110.44,09:00:22.378339271
146,110.43,46,110.44,09:00:22.378843127
146,110.43,47,110.44,09:00:22.378963386
116,110.43,47,110.44,09:00:22.379335670
130,110.43,47,110.44,09:00:22.383509511
130,110.43,54,110.44,09:00:22.393496502
130,110.43,55,110.44,09:00:22.400470675
130,110.43,57,110.44,09:00:22.400775972
130,110.43,58,110.44,09:00:22.400923431
130,110.43,56,110.44,09:00:22.401696128
130,110.43,57,110.44,09:00:22.407878303
130,110.43,58,110.44,09:00:22.412879416
130,110.43,60,110.44,09:00:22.426185121
130,110.43,69,110.44,09:00:22.426310224
129,110.43,69,110.44,09:00:22.426310224
128,110.43,69,110.44,09:00:22.426496586
128,110.43,70,110.44,09:00:22.426601713
128,110.43,71,110.44,09:00:22.451644510
133,110.43,71,110.44,09:00:22.476510930
134,110.43,71,110.44,09:00:22.531134441
134,110.43,70,110.44,09:00:22.531379885
134,110.43,69,110.44,09:00:22.531737706
120,110.43,69,110.44,09:00:22.534050686
120,110.43,68,110.44,09:00:22.546938373
120,110.43,70,110.44,09:00:22.643342977
120,110.43,68,110.44,09:00:22.648150704
120,110.43,69,110.44,09:00:22.687747449
120,110.43,71,110.44,09:00:22.704773434
120,110.43,72,110.44,09:00:22.785951291
120,110.43,70,110.44,09:00:22.813125245
120,110.43,61,110.44,09:00:23.021103978
120,110.43,62,110.44,09:00:23.205483080
120,110.43,63,110.44,09:00:23.205659377
120,110.43,72,110.44,09:00:23.205729620
120,110.43,73,110.44,09:00:23.205802119
119,110.43,73,110.44,09:00:23.205969246
119,110.43,72,110.44,09:00:23.235614920
119,110.43,73,110.44,09:00:23.776898453
101,110.43,73,110.44,09:00:25.055848383
93,110.43,73,110.44,09:00:25.123900210
83,110.43,73,110.44,09:00:25.124122520
74,110.43,73,110.44,09:00:25.124122520
56,110.43,73,110.44,09:00:25.124430555
50,110.43,73,110.44,09:00:25.134716758
42,110.43,73,110.44,09:00:25.134910988
30,110.43,73,110.44,09:00:25.134993856
22,110.43,73,110.44,09:00:25.134993856
15,110.43,73,110.44,09:00:25.134993856
24,110.43,73,110.44,09:00:25.135143322
30,110.43,73,110.44,09:00:25.181371609
24,110.43,73,110.44,09:00:25.191396763
34,110.43,73,110.44,09:00:25.281717399
40,110.43,73,110.44,09:00:25.291960568
30,110.43,73,110.44,09:00:25.292076278
24,110.43,73,110.44,09:00:25.301981489
32,110.43,73,110.44,09:00:26.507414535
42,110.43,73,110.44,09:00:26.507716091
60,110.43,73,110.44,09:00:26.507822807
42,110.43,73,110.44,09:00:26.508147265
34,110.43,73,110.44,09:00:26.508334467
24,110.43,73,110.44,09:00:26.508334467
30,110.43,73,110.44,09:00:26.518170700
24,110.43,73,110.44,09:00:26.528172701
30,110.43,73,110.44,09:00:26.550380057
48,110.43,73,110.44,09:00:26.553005026
58,110.43,73,110.44,09:00:26.553099007
52,110.43,73,110.44,09:00:26.560427647
58,110.43,73,110.44,09:00:26.570447981
48,110.43,73,110.44,09:00:26.594461058
30,110.43,73,110.44,09:00:26.594844840
24,110.43,73,110.44,09:00:26.605220060
19,110.43,73,110.44,09:00:26.612272827
16,110.43,73,110.44,09:00:26.612483691
7,110.43,73,110.44,09:00:26.612560177
16,110.43,73,110.44,09:00:26.612641453
16,110.43,88,110.44,09:00:26.612709371
16,110.43,92,110.44,09:00:26.612860651
15,110.43,92,110.44,09:00:26.618925059
14,110.43,92,110.44,09:00:26.619003638
13,110.43,92,110.44,09:00:26.619112662
11,110.43,92,110.44,09:00:26.619128860
10,110.43,92,110.44,09:00:26.619128860
1,110.43,92,110.44,09:00:26.619187961
165,110.42,92,110.44,09:00:26.631880341
159,110.42,92,110.44,09:00:26.632030126
162,110.42,92,110.44,09:00:26.632186657
162,110.42,110,110.44,09:00:26.632203425
162,110.42,118,110.44,09:00:26.632203425
179,110.42,118,110.44,09:00:26.632203425
180,110.42,118,110.44,09:00:26.632292769
188,110.42,118,110.44,09:00:26.632310321
184,110.42,118,110.44,09:00:26.656412284
188,110.42,118,110.44,09:00:26.687777463
189,110.42,118,110.44,09:00:26.704010642
188,110.42,118,110.44,09:00:26.743162407
189,110.42,118,110.44,09:00:26.774116587
193,110.42,118,110.44,09:00:26.923273728
2,110.43,118,110.44,09:00:27.256632116
7,110.43,118,110.44,09:00:27.256876199
16,110.43,118,110.44,09:00:27.266916207
16,110.43,100,110.44,09:00:27.267084140
17,110.43,100,110.44,09:00:27.968204777
16,110.43,100,110.44,09:00:27.985215523
16,110.43,103,110.44,09:00:27.990772533
14,110.43,103,110.44,09:00:28.160179909
14,110.43,102,110.44,09:00:28.175684335
5,110.43,102,110.44,09:00:28.215264677
193,110.42,102,110.44,09:00:28.215518450
193,110.42,120,110.44,09:00:28.215882168
189,110.42,120,110.44,09:00:28.216080286
188,110.42,120,110.44,09:00:28.216080286
182,110.42,120,110.44,09:00:28.216558925
178,110.42,120,110.44,09:00:28.216963959
176,110.42,120,110.44,09:00:28.217312409
164,110.42,120,110.44,09:00:28.222451203
164,110.42,128,110.44,09:00:28.222451203
165,110.42,128,110.44,09:00:28.222766716
165,110.42,120,110.44,09:00:28.223020488
173,110.42,120,110.44,09:00:28.223410696
179,110.42,120,110.44,09:00:28.223720360
171,110.42,120,110.44,09:00:28.224840701
169,110.42,120,110.44,09:00:28.225199427
165,110.42,120,110.44,09:00:28.225565769
164,110.42,120,110.44,09:00:28.226039978
164,110.42,124,110.44,09:00:28.226159728
174,110.42,124,110.44,09:00:28.226332061
175,110.42,124,110.44,09:00:28.226422642
175,110.42,120,110.44,09:00:28.226601999
173,110.42,120,110.44,09:00:28.226696537
173,110.42,121,110.44,09:00:28.226931190
173,110.42,122,110.44,09:00:28.226931190
195,110.42,122,110.44,09:00:28.227059036
165,110.42,122,110.44,09:00:28.227417707
169,110.42,122,110.44,09:00:28.282905499
179,110.42,122,110.44,09:00:28.283280984
183,110.42,122,110.44,09:00:28.283628187
187,110.42,122,110.44,09:00:28.302311110
183,110.42,122,110.44,09:00:28.302668709
187,110.42,122,110.44,09:00:28.324268796
189,110.42,122,110.44,09:00:28.324582809
193,110.42,122,110.44,09:00:28.345486806
195,110.42,122,110.44,09:00:28.345907909
1,110.43,122,110.44,09:00:28.347397896
3,110.43,122,110.44,09:00:28.347688738
4,110.43,122,110.44,09:00:28.348004603
5,110.43,122,110.44,09:00:28.348396811
5,110.43,104,110.44,09:00:28.348772599
14,110.43,104,110.44,09:00:28.348947847
15,110.43,104,110.44,09:00:28.348947847
16,110.43,104,110.44,09:00:28.349022135
15,110.43,104,110.44,09:00:28.349484829
14,110.43,104,110.44,09:00:28.349556736
15,110.43,104,110.44,09:00:28.349888563
16,110.43,104,110.44,09:00:28.350149875
15,110.43,104,110.44,09:00:28.350431564
14,110.43,104,110.44,09:00:28.350578192
16,110.43,104,110.44,09:00:28.350918009
14,110.43,104,110.44,09:00:28.351362335
15,110.43,104,110.44,09:00:28.351564184
16,110.43,104,110.44,09:00:28.351889627
16,110.43,103,110.44,09:00:28.358666029
16,110.43,102,110.44,09:00:28.358730162
15,110.43,102,110.44,09:00:28.367691138
14,110.43,102,110.44,09:00:28.367882559
15,110.43,102,110.44,09:00:28.368070959
14,110.43,102,110.44,09:00:28.383185120
13,110.43,102,110.44,09:00:28.383259036
4,110.43,102,110.44,09:00:28.383883376
5,110.43,102,110.44,09:00:28.384280716
14,110.43,102,110.44,09:00:28.384366213
15,110.43,102,110.44,09:00:28.384670918
14,110.43,102,110.44,09:00:28.384856975
13,110.43,102,110.44,09:00:28.387896247
12,110.43,102,110.44,09:00:28.392768406
3,110.43,102,110.44,09:00:28.397003814
2,110.43,102,110.44,09:00:28.397295224
3,110.43,102,110.44,09:00:28.415193740
2,110.43,102,110.44,09:00:28.431951349
3,110.43,102,110.44,09:00:28.470106575
12,110.43,102,110.44,09:00:28.484741153
13,110.43,102,110.44,09:00:28.563807557
14,110.43,102,110.44,09:00:28.563965915
15,110.43,102,110.44,09:00:28.564113643
14,110.43,102,110.44,09:00:28.632131307
13,110.43,102,110.44,09:00:28.632269582
14,110.43,102,110.44,09:00:28.648884107
13,110.43,102,110.44,09:00:28.688383354
12,110.43,102,110.44,09:00:28.688491651
13,110.43,102,110.44,09:00:28.694055378
14,110.43,102,110.44,09:00:28.727570299
13,110.43,102,110.44,09:00:28.743066298
12,110.43,102,110.44,09:00:28.816362377
3,110.43,102,110.44,09:00:28.894243639
2,110.43,102,110.44,09:00:28.894874243
202,110.42,102,110.44,09:00:28.895034541
202,110.42,104,110.44,09:00:28.906309328
202,110.42,106,110.44,09:00:28.906377566
1,110.43,106,110.44,09:00:28.906454075
3,110.43,106,110.44,09:00:28.906633297
3,110.43,105,110.44,09:00:28.917772133
3,110.43,104,110.44,09:00:28.917772133
12,110.43,104,110.44,09:00:29.155732792
12,110.43,105,110.44,09:00:29.177174363
13,110.43,105,110.44,09:00:29.370529412
14,110.43,105,110.44,09:00:29.374916395
13,110.43,105,110.44,09:00:29.377490716
12,110.43,105,110.44,09:00:29.377629814
13,110.43,105,110.44,09:00:29.529028914
12,110.43,105,110.44,09:00:29.633556519
13,110.43,105,110.44,09:00:29.797242801
12,110.43,105,110.44,09:00:29.839595410
3,110.43,105,110.44,09:00:29.984250592
1,110.43,105,110.44,09:00:29.984635581
202,110.42,105,110.44,09:00:29.984789178
202,110.42,107,110.44,09:00:29.996145393
202,110.42,109,110.44,09:00:29.996219239
1,110.43,109,110.44,09:00:29.997103803
2,110.43,109,110.44,09:00:29.997264167
2,110.43,108,110.44,09:00:30.008373275
2,110.43,107,110.44,09:00:30.008446280
1,110.43,107,110.44,09:00:30.010232833
202,110.42,107,110.44,09:00:30.010396832
195,110.42,107,110.44,09:00:30.052055230
1,110.43,107,110.44,09:00:30.071921893
1,110.43,106,110.44,09:00:30.083197536
1,110.43,105,110.44,09:00:30.083263792
195,110.42,105,110.44,09:00:30.089783732
195,110.42,123,110.44,09:00:30.090152103
1,110.43,123,110.44,09:00:30.360564836
195,110.42,123,110.44,09:00:30.365637290
1,110.43,123,110.44,09:00:30.367171400
195,110.42,123,110.44,09:00:30.371330175
195,110.42,125,110.44,09:00:30.376915928
195,110.42,127,110.44,09:00:30.376984382
1,110.43,127,110.44,09:00:30.506742767
1,110.43,126,110.44,09:00:30.518017292
1,110.43,125,110.44,09:00:30.518092201
203,110.42,125,110.44,09:00:30.538583815
202,110.42,125,110.44,09:00:30.539020953
195,110.42,125,110.44,09:00:30.539122166
195,110.42,126,110.44,09:00:30.549856575
195,110.42,127,110.44,09:00:30.549927826
189,110.42,127,110.44,09:00:31.012581366
189,110.42,9,110.43,09:00:31.019720789
165,110.42,9,110.43,09:00:31.020035113
165,110.42,10,110.43,09:00:31.020580369
165,110.42,11,110.43,09:00:31.020580369
165,110.42,36,110.43,09:00:31.020580369
165,110.42,49,110.43,09:00:31.020580369
165,110.42,55,110.43,09:00:31.020580369
195,110.42,55,110.43,09:00:31.020581837
195,110.42,54,110.43,09:00:31.020877158
195,110.42,53,110.43,09:00:31.020877158
195,110.42,47,110.43,09:00:31.021100686
195,110.42,48,110.43,09:00:31.021429664
195,110.42,49,110.43,09:00:31.021546842
165,110.42,49,110.43,09:00:31.021907817
165,110.42,40,110.43,09:00:31.022245296
165,110.42,39,110.43,09:00:31.022441155
165,110.42,38,110.43,09:00:31.022510278
165,110.42,13,110.43,09:00:31.022925545
165,110.42,14,110.43,09:00:31.022925545
165,110.42,1,110.43,09:00:31.022947257
165,110.42,2,110.43,09:00:31.023167903
165,110.42,11,110.43,09:00:31.023356111
195,110.42,11,110.43,09:00:31.023598202
165,110.42,11,110.43,09:00:31.024431510
165,110.42,2,110.43,09:00:31.029352001
164,110.42,2,110.43,09:00:31.029613453
164,110.42,11,110.43,09:00:31.030847513
164,110.42,14,110.43,09:00:31.030946562
164,110.42,15,110.43,09:00:31.033456510
164,110.42,17,110.43,09:00:31.033735158
164,110.42,26,110.43,09:00:31.038180500
164,110.42,27,110.43,09:00:31.042953610
164,110.42,26,110.43,09:00:31.043768153
164,110.42,27,110.43,09:00:31.081779674
164,110.42,28,110.43,09:00:31.083018962
164,110.42,27,110.43,09:00:31.083872792
164,110.42,28,110.43,09:00:31.084308069
164,110.42,29,110.43,09:00:31.087372924
164,110.42,28,110.43,09:00:31.091067622
164,110.42,27,110.43,09:00:31.091497042
164,110.42,26,110.43,09:00:31.095206483
164,110.42,27,110.43,09:00:31.097669425
164,110.42,28,110.43,09:00:31.097797723
164,110.42,29,110.43,09:00:31.098126724
164,110.42,30,110.43,09:00:31.134287794
164,110.42,29,110.43,09:00:31.203723534
164,110.42,30,110.43,09:00:31.204399931
164,110.42,29,110.43,09:00:31.252986237
164,110.42,30,110.43,09:00:31.253360185
164,110.42,55,110.43,09:00:31.326502803
164,110.42,68,110.43,09:00:31.326599219
164,110.42,70,110.43,09:00:31.378819173
164,110.42,45,110.43,09:00:31.713212252
164,110.42,32,110.43,09:00:31.713280338
164,110.42,31,110.43,09:00:31.715989120
164,110.42,32,110.43,09:00:31.716398419
147,110.42,32,110.43,09:00:31.720885728
147,110.42,56,110.43,09:00:31.815989137
147,110.42,70,110.43,09:00:31.816095447
146,110.42,70,110.43,09:00:31.816162270
147,110.42,70,110.43,09:00:31.817168878
146,110.42,70,110.43,09:00:31.819431020
147,110.42,70,110.43,09:00:31.850255320
166,110.42,70,110.43,09:00:32.001658569
166,110.42,56,110.43,09:00:32.006229839
166,110.42,32,110.43,09:00:32.006296040
166,110.42,31,110.43,09:00:32.120804440
166,110.42,30,110.43,09:00:32.120972997
166,110.42,29,110.43,09:00:32.121954465
166,110.42,30,110.43,09:00:32.132055056
166,110.42,31,110.43,09:00:32.132189801
166,110.42,32,110.43,09:00:32.137828414
166,110.42,56,110.43,09:00:32.139320125
166,110.42,70,110.43,09:00:32.139389635
166,110.42,69,110.43,09:00:32.146529931
166,110.42,55,110.43,09:00:32.146529931
166,110.42,31,110.43,09:00:32.146613952
166,110.42,30,110.43,09:00:32.146731822
166,110.42,29,110.43,09:00:32.147178903
166,110.42,30,110.43,09:00:32.160050644
166,110.42,31,110.43,09:00:32.179010191
166,110.42,32,110.43,09:00:32.184984439
166,110.42,56,110.43,09:00:32.246617663
166,110.42,70,110.43,09:00:32.246685276
147,110.42,70,110.43,09:00:32.250914511
166,110.42,70,110.43,09:00:32.351164614
147,110.42,70,110.43,09:00:32.379674426
146,110.42,70,110.43,09:00:32.421092338
165,110.42,70,110.43,09:00:32.479924808
166,110.42,70,110.43,09:00:32.480084929
147,110.42,70,110.43,09:00:32.668611004
146,110.42,70,110.43,09:00:32.668756097
165,110.42,70,110.43,09:00:32.960965737
166,110.42,70,110.43,09:00:32.961124790
166,110.42,56,110.43,09:00:33.143842137
166,110.42,32,110.43,09:00:33.143905269
166,110.42,31,110.43,09:00:33.144008287
166,110.42,32,110.43,09:00:33.144193112
147,110.42,32,110.43,09:00:33.224417640
147,110.42,57,110.43,09:00:33.256230560
147,110.42,70,110.43,09:00:33.256298202
147,110.42,72,110.43,09:00:33.304211855
146,110.42,72,110.43,09:00:33.304230703
147,110.42,72,110.43,09:00:33.322996487
146,110.42,72,110.43,09:00:33.497140110
147,110.42,72,110.43,09:00:33.499285406
146,110.42,72,110.43,09:00:33.549113898
137,110.42,72,110.43,09:00:33.984166671
129,110.42,72,110.43,09:00:33.984786871
119,110.42,72,110.43,09:00:33.985783287
116,110.42,72,110.43,09:00:33.985961981
122,110.42,72,110.43,09:00:33.986227003
138,110.42,72,110.43,09:00:33.986414438
122,110.42,72,110.43,09:00:33.986865068
116,110.42,72,110.43,09:00:33.995381839
110,110.42,72,110.43,09:00:34.029674728
116,110.42,72,110.43,09:00:34.040349757
117,110.42,72,110.43,09:00:34.040491851
116,110.42,72,110.43,09:00:34.088975888
113,110.42,72,110.43,09:00:34.855802662
114,110.42,72,110.43,09:00:34.855991606
115,110.42,72,110.43,09:00:34.856216665
116,110.42,72,110.43,09:00:34.858594285
115,110.42,72,110.43,09:00:35.065668331
114,110.42,72,110.43,09:00:35.110634072
113,110.42,72,110.43,09:00:35.114966497
113,110.42,87,110.43,09:00:35.115820256
114,110.42,87,110.43,09:00:35.117568553
109,110.42,87,110.43,09:00:35.117781410
108,110.42,87,110.43,09:00:35.117781410
101,110.42,87,110.43,09:00:35.117781410
83,110.42,87,110.43,09:00:35.117912012
78,110.42,87,110.43,09:00:35.117912012
75,110.42,87,110.43,09:00:35.117912012
77,110.42,87,110.43,09:00:35.117912012
75,110.42,87,110.43,09:00:35.118155893
74,110.42,87,110.43,09:00:35.118155893
75,110.42,87,110.43,09:00:35.122659282
76,110.42,87,110.43,09:00:35.124260078
75,110.42,87,110.43,09:00:35.124761072
76,110.42,87,110.43,09:00:35.125092522
70,110.42,87,110.43,09:00:35.126447221
69,110.42,87,110.43,09:00:35.126532379
70,110.42,87,110.43,09:00:35.126693049
71,110.42,87,110.43,09:00:35.126995887
70,110.42,87,110.43,09:00:35.132652817
69,110.42,87,110.43,09:00:35.132766599
70,110.42,87,110.43,09:00:35.132951351
69,110.42,87,110.43,09:00:35.133466298
68,110.42,87,110.43,09:00:35.133573917
69,110.42,87,110.43,09:00:35.133942938
70,110.42,87,110.43,09:00:35.137147758
71,110.42,87,110.43,09:00:35.137290027
70,110.42,87,110.43,09:00:35.140737787
69,110.42,87,110.43,09:00:35.140881643
68,110.42,87,110.43,09:00:35.142623869
69,110.42,87,110.43,09:00:35.143860012
68,110.42,87,110.43,09:00:35.145618228
69,110.42,87,110.43,09:00:35.146007531
70,110.42,87,110.43,09:00:35.147042663
69,110.42,87,110.43,09:00:35.150710160
68,110.42,87,110.43,09:00:35.151066410
69,110.42,87,110.43,09:00:35.151582957
70,110.42,87,110.43,09:00:35.156615244
69,110.42,87,110.43,09:00:35.158742740
70,110.42,87,110.43,09:00:35.159714512
69,110.42,87,110.43,09:00:35.161753442
70,110.42,87,110.43,09:00:35.165821496
71,110.42,87,110.43,09:00:35.166035295
70,110.42,87,110.43,09:00:35.172617495
71,110.42,87,110.43,09:00:35.176521265
70,110.42,87,110.43,09:00:35.183571746
69,110.42,87,110.43,09:00:35.183709304
71,110.42,87,110.43,09:00:35.187459119
72,110.42,87,110.43,09:00:35.187642155
70,110.42,87,110.43,09:00:35.189986938
69,110.42,87,110.43,09:00:35.192898261
67,110.42,87,110.43,09:00:35.193551934
66,110.42,87,110.43,09:00:35.193869959
65,110.42,87,110.43,09:00:35.193869959
64,110.42,87,110.43,09:00:35.193985770
63,110.42,87,110.43,09:00:35.194010858
56,110.42,87,110.43,09:00:35.194031905
41,110.42,87,110.43,09:00:35.194031905
32,110.42,87,110.43,09:00:35.194031905
27,110.42,87,110.43,09:00:35.194031905
27,110.42,92,110.43,09:00:35.194893763
27,110.42,93,110.43,09:00:35.196347234
26,110.42,93,110.43,09:00:35.197440315
27,110.42,93,110.43,09:00:35.198441220
27,110.42,92,110.43,09:00:35.200666124
28,110.42,92,110.43,09:00:35.201075167
27,110.42,92,110.43,09:00:35.202324497
26,110.42,92,110.43,09:00:35.202391092
27,110.42,92,110.43,09:00:35.204251558
27,110.42,87,110.43,09:00:35.204437792
29,110.42,87,110.43,09:00:35.204437792
29,110.42,72,110.43,09:00:35.208317725
38,110.42,72,110.43,09:00:35.208482112
40,110.42,72,110.43,09:00:35.219410747
48,110.42,72,110.43,09:00:35.219502203
49,110.42,72,110.43,09:00:35.219758192
67,110.42,72,110.43,09:00:35.220042871
66,110.42,72,110.43,09:00:35.221726457
58,110.42,72,110.43,09:00:35.224650452
64,110.42,72,110.43,09:00:35.230932133
58,110.42,72,110.43,09:00:35.240943433
58,110.42,87,110.43,09:00:35.308315328
40,110.42,87,110.43,09:00:35.331697308
38,110.42,87,110.43,09:00:35.332238677
56,110.42,87,110.43,09:00:35.342148030
56,110.42,72,110.43,09:00:35.366920213
56,110.42,90,110.43,09:00:36.271336617
64,110.42,90,110.43,09:00:36.297140364
64,110.42,72,110.43,09:00:36.298321342
56,110.42,72,110.43,09:00:36.320596723
56,110.42,90,110.43,09:00:36.416923572
64,110.42,90,110.43,09:00:36.419570917
56,110.42,90,110.43,09:00:36.421090683
64,110.42,90,110.43,09:00:36.429463006
56,110.42,90,110.43,09:00:36.465410607
64,110.42,90,110.43,09:00:36.537316914
56,110.42,90,110.43,09:00:37.096598584
54,110.42,90,110.43,09:00:37.097040052
53,110.42,90,110.43,09:00:37.097848695
44,110.42,90,110.43,09:00:37.101499703
26,110.42,90,110.43,09:00:37.101639879
27,110.42,90,110.43,09:00:37.103388767
29,110.42,90,110.43,09:00:37.103535718
38,110.42,90,110.43,09:00:37.118305793
56,110.42,90,110.43,09:00:37.202924480
56,110.42,72,110.43,09:00:37.300623497
56,110.42,86,110.43,09:00:37.401780860
56,110.42,90,110.43,09:00:37.401963273
47,110.42,90,110.43,09:00:37.762834878
45,110.42,90,110.43,09:00:37.774610289
44,110.42,90,110.43,09:00:37.988892843
43,110.42,90,110.43,09:00:37.990858829
44,110.42,90,110.43,09:00:38.019424259
46,110.42,90,110.43,09:00:38.019573075
44,110.42,90,110.43,09:00:38.021002601
43,110.42,90,110.43,09:00:38.021139583
44,110.42,90,110.43,09:00:38.027675420
43,110.42,90,110.43,09:00:38.056532348
44,110.42,90,110.43,09:00:38.438577542
26,110.42,90,110.43,09:00:39.720154714
26,110.42,94,110.43,09:00:39.720415515
26,110.42,95,110.43,09:00:39.720482079
32,110.42,95,110.43,09:00:39.925111528
40,110.42,95,110.43,09:00:40.096879248
41,110.42,95,110.43,09:00:40.096957168
43,110.42,95,110.43,09:00:40.096957168
35,110.42,95,110.43,09:00:40.097264822
35,110.42,91,110.43,09:00:40.097279980
35,110.42,90,110.43,09:00:40.097340365
36,110.42,90,110.43,09:00:40.097462364
54,110.42,90,110.43,09:00:40.097552348
63,110.42,90,110.43,09:00:40.097552348
71,110.42,90,110.43,09:00:40.097629680
63,110.42,90,110.43,09:00:40.097913615
64,110.42,90,110.43,09:00:40.098087848
64,110.42,86,110.43,09:00:40.098172581
64,110.42,72,110.43,09:00:40.098172581
63,110.42,72,110.43,09:00:40.100437607
54,110.42,72,110.43,09:00:40.100665425
55,110.42,72,110.43,09:00:40.101499811
54,110.42,72,110.43,09:00:40.102855276
55,110.42,72,110.43,09:00:40.104272007
64,110.42,72,110.43,09:00:40.106841845
66,110.42,72,110.43,09:00:41.018154787
64,110.42,72,110.43,09:00:41.018536882
70,110.42,72,110.43,09:00:41.028419726
64,110.42,72,110.43,09:00:41.038428374
66,110.42,72,110.43,09:00:41.053595610
72,110.42,72,110.43,09:00:41.064015228
76,110.42,72,110.43,09:00:41.072018598
80,110.42,72,110.43,09:00:41.073726610
90,110.42,72,110.43,09:00:41.074090069
70,110.42,72,110.43,09:00:41.074517192
71,110.42,72,110.43,09:00:41.113178239
70,110.42,72,110.43,09:00:41.143797755
69,110.42,72,110.43,09:00:41.676542663
69,110.42,87,110.43,09:00:41.676857674
68,110.42,87,110.43,09:00:41.677000186
59,110.42,87,110.43,09:00:41.677043024
68,110.42,87,110.43,09:00:41.677043024
50,110.42,87,110.43,09:00:41.677043024
51,110.42,87,110.43,09:00:41.677263674
50,110.42,87,110.43,09:00:41.680561496
51,110.42,87,110.43,09:00:41.686439165
45,110.42,87,110.43,09:00:41.687259528
46,110.42,87,110.43,09:00:41.718530005
47,110.42,87,110.43,09:00:41.721335072
47,110.42,72,110.43,09:00:41.724809779
65,110.42,72,110.43,09:00:41.725040844
64,110.42,72,110.43,09:00:41.749094209
65,110.42,72,110.43,09:00:41.792573572
67,110.42,72,110.43,09:00:41.792756540
66,110.42,72,110.43,09:00:41.792895677
64,110.42,72,110.43,09:00:41.793114947
70,110.42,72,110.43,09:00:41.803148871
71,110.42,72,110.43,09:00:41.846045554
72,110.42,72,110.43,09:00:41.848474608
71,110.42,72,110.43,09:00:41.849483964
71,110.42,70,110.43,09:00:41.849613948
70,110.42,70,110.43,09:00:41.869343028
52,110.42,70,110.43,09:00:41.939858537
53,110.42,70,110.43,09:00:41.942210606
57,110.42,70,110.43,09:00:41.942210606
59,110.42,70,110.43,09:00:41.942341674
58,110.42,70,110.43,09:00:41.948870004
52,110.42,70,110.43,09:00:41.950515634
58,110.42,70,110.43,09:00:41.960496550
76,110.42,70,110.43,09:00:41.971725329
76,110.42,74,110.43,09:00:42.259157402
76,110.42,73,110.43,09:00:44.684939141
76,110.42,72,110.43,09:00:44.684939141
76,110.42,63,110.43,09:00:44.685094732
76,110.42,60,110.43,09:00:44.685114188
76,110.42,59,110.43,09:00:44.685114188
76,110.42,57,110.43,09:00:44.685114188
76,110.42,48,110.43,09:00:44.685140441
76,110.42,47,110.43,09:00:44.685140441
76,110.42,45,110.43,09:00:44.685140441
76,110.42,44,110.43,09:00:44.685140441
76,110.42,43,110.43,09:00:44.685140441
76,110.42,42,110.43,09:00:44.685140441
76,110.42,24,110.43,09:00:44.685140441
79,110.42,24,110.43,09:00:44.685445455
80,110.42,24,110.43,09:00:44.685460389
80,110.42,27,110.43,09:00:44.685548977
80,110.42,14,110.43,09:00:44.685569818
80,110.42,7,110.43,09:00:44.685569818
81,110.42,7,110.43,09:00:44.685569818
95,110.42,7,110.43,09:00:44.685569818
95,110.42,41,110.43,09:00:44.685847413
100,110.42,41,110.43,09:00:44.685865441
101,110.42,41,110.43,09:00:44.686043096
103,110.42,41,110.43,09:00:44.686043096
104,110.42,41,110.43,09:00:44.686043096
124,110.42,41,110.43,09:00:44.686043096
124,110.42,44,110.43,09:00:44.686043096
124,110.42,45,110.43,09:00:44.686060591
124,110.42,46,110.43,09:00:44.686060591
124,110.42,47,110.43,09:00:44.686148856
124,110.42,48,110.43,09:00:44.686370628
124,110.42,49,110.43,09:00:44.686481469
124,110.42,50,110.43,09:00:44.686481469
134,110.42,50,110.43,09:00:44.686499396
104,110.42,50,110.43,09:00:44.686960592
104,110.42,49,110.43,09:00:44.978377434
104,110.42,48,110.43,09:00:44.978393328
104,110.42,47,110.43,09:00:44.978844590
104,110.42,44,110.43,09:00:44.979060890
132,110.42,44,110.43,09:00:44.979094513
132,110.42,43,110.43,09:00:44.979112422
132,110.42,42,110.43,09:00:44.979130439
132,110.42,8,110.43,09:00:44.979130439
142,110.42,8,110.43,09:00:44.979241023
142,110.42,5,110.43,09:00:44.979260777
142,110.42,4,110.43,09:00:44.979437156
142,110.42,246,110.44,09:00:44.979728601
144,110.42,246,110.44,09:00:44.979749757
144,110.42,1,110.43,09:00:44.979801504
152,110.42,1,110.43,09:00:44.979847959
152,110.42,232,110.44,09:00:44.980077596
152,110.42,6,110.43,09:00:44.980077596
152,110.42,9,110.43,09:00:44.980323372
182,110.42,9,110.43,09:00:44.980323372
182,110.42,3,110.43,09:00:44.980524748
182,110.42,1,110.43,09:00:44.980524748
182,110.42,218,110.44,09:00:44.980782710
182,110.42,222,110.44,09:00:44.980880502
158,110.42,222,110.44,09:00:44.981024746
158,110.42,216,110.44,09:00:44.981165032
152,110.42,216,110.44,09:00:44.981359032
152,110.42,218,110.44,09:00:44.989872769
152,110.42,220,110.44,09:00:44.990222603
152,110.42,224,110.44,09:00:44.990544653
151,110.42,224,110.44,09:00:44.999935240
151,110.42,220,110.44,09:00:45.031355841
151,110.42,216,110.44,09:00:45.036263503
159,110.42,216,110.44,09:00:45.040408290
165,110.42,216,110.44,09:00:45.040760509
167,110.42,216,110.44,09:00:45.041121019
173,110.42,216,110.44,09:00:45.043121564
177,110.42,216,110.44,09:00:45.046602723
179,110.42,216,110.44,09:00:45.047032022
9,110.43,216,110.44,09:00:45.049694188
10,110.43,216,110.44,09:00:45.050061889
16,110.43,216,110.44,09:00:45.050061889
17,110.43,216,110.44,09:00:45.070128085
19,110.43,216,110.44,09:00:45.070234719
13,110.43,216,110.44,09:00:45.070395896
15,110.43,216,110.44,09:00:45.081535903
19,110.43,216,110.44,09:00:45.149339654
17,110.43,216,110.44,09:00:45.149356524
19,110.43,216,110.44,09:00:45.501786297
21,110.43,216,110.44,09:00:45.505920035
22,110.43,216,110.44,09:00:45.546825031
21,110.43,216,110.44,09:00:45.689936668
19,110.43,216,110.44,09:00:45.690042598
15,110.43,216,110.44,09:00:45.690067148
13,110.43,216,110.44,09:00:45.690067148
11,110.43,216,110.44,09:00:45.690067148
2,110.43,216,110.44,09:00:45.690846917
1,110.43,216,110.44,09:00:45.691050168
10,110.43,216,110.44,09:00:45.691295752
11,110.43,216,110.44,09:00:45.693037882
10,110.43,216,110.44,09:00:45.693189773
1,110.43,216,110.44,09:00:45.694391315
10,110.43,216,110.44,09:00:45.694465843
13,110.43,216,110.44,09:00:45.695557407
15,110.43,216,110.44,09:00:45.695645201
12,110.43,216,110.44,09:00:45.695939563
13,110.43,216,110.44,09:00:45.696100462
14,110.43,216,110.44,09:00:45.696206965
15,110.43,216,110.44,09:00:45.696369028
14,110.43,216,110.44,09:00:45.696751805
13,110.43,216,110.44,09:00:45.697135853
12,110.43,216,110.44,09:00:45.697242010
14,110.43,216,110.44,09:00:45.697531018
12,110.43,216,110.44,09:00:45.697786295
15,110.43,216,110.44,09:00:45.698164585
16,110.43,216,110.44,09:00:45.698264968
17,110.43,216,110.44,09:00:45.698264968
18,110.43,216,110.44,09:00:45.698317411
19,110.43,216,110.44,09:00:45.698495337
20,110.43,216,110.44,09:00:45.698605504
21,110.43,216,110.44,09:00:45.701243409
22,110.43,216,110.44,09:00:45.701641826
21,110.43,216,110.44,09:00:45.702076643
22,110.43,216,110.44,09:00:45.702488818
21,110.43,216,110.44,09:00:45.702891094
22,110.43,216,110.44,09:00:45.703291465
21,110.43,216,110.44,09:00:45.705478475
22,110.43,216,110.44,09:00:45.706964304
21,110.43,216,110.44,09:00:45.713338107
22,110.43,216,110.44,09:00:45.715088250
21,110.43,216,110.44,09:00:45.721535912
20,110.43,216,110.44,09:00:45.721669106
19,110.43,216,110.44,09:00:45.721739205
18,110.43,216,110.44,09:00:45.721807131
20,110.43,216,110.44,09:00:45.721913768
21,110.43,216,110.44,09:00:45.722461518
20,110.43,216,110.44,09:00:45.775237130
18,110.43,216,110.44,09:00:45.775405846
19,110.43,216,110.44,09:00:45.792137986
20,110.43,216,110.44,09:00:45.793193558
21,110.43,216,110.44,09:00:45.793373618
20,110.43,216,110.44,09:00:46.328325632
19,110.43,216,110.44,09:00:46.328435452
18,110.43,216,110.44,09:00:46.332800134
20,110.43,216,110.44,09:00:46.337089385
21,110.43,216,110.44,09:00:46.337239766
20,110.43,216,110.44,09:00:46.339704202
19,110.43,216,110.44,09:00:46.350936117
20,110.43,216,110.44,09:00:46.375900163
19,110.43,216,110.44,09:00:46.398980952
17,110.43,216,110.44,09:00:46.475661099
16,110.43,216,110.44,09:00:46.476282583
15,110.43,216,110.44,09:00:46.476390062
12,110.43,216,110.44,09:00:46.476454468
13,110.43,216,110.44,09:00:46.476820756
14,110.43,216,110.44,09:00:46.476972109
15,110.43,216,110.44,09:00:46.477116573
14,110.43,216,110.44,09:00:46.477262384
13,110.43,216,110.44,09:00:46.477346525
12,110.43,216,110.44,09:00:46.477452602
13,110.43,216,110.44,09:00:46.707357393
15,110.43,216,110.44,09:00:46.707509500
21,110.43,216,110.44,09:00:46.712617946
19,110.43,216,110.44,09:00:46.724703634
18,110.43,216,110.44,09:00:46.725075800
12,110.43,216,110.44,09:00:46.725075800
13,110.43,216,110.44,09:00:46.728020483
14,110.43,216,110.44,09:00:46.728167942
13,110.43,216,110.44,09:00:46.728844658
12,110.43,216,110.44,09:00:46.729100140
13,110.43,216,110.44,09:00:46.732488527
14,110.43,216,110.44,09:00:46.734756874
15,110.43,216,110.44,09:00:46.735003075
16,110.43,216,110.44,09:00:46.735253149
17,110.43,216,110.44,09:00:46.735423773
18,110.43,216,110.44,09:00:46.736775320
19,110.43,216,110.44,09:00:46.740737923
21,110.43,216,110.44,09:00:46.743256951
20,110.43,216,110.44,09:00:46.808719174
18,110.43,216,110.44,09:00:46.808786057
17,110.43,216,110.44,09:00:46.813133318
18,110.43,216,110.44,09:00:46.821476594
17,110.43,216,110.44,09:00:46.821675332
16,110.43,216,110.44,09:00:46.825249839
17,110.43,216,110.44,09:00:46.827229156
18,110.43,216,110.44,09:00:46.833185260
17,110.43,216,110.44,09:00:46.852659803
16,110.43,216,110.44,09:00:46.853775407
17,110.43,216,110.44,09:00:46.935616466
18,110.43,216,110.44,09:00:46.935930513
19,110.43,216,110.44,09:00:46.988580438
20,110.43,216,110.44,09:00:46.988651340
19,110.43,216,110.44,09:00:47.064795997
20,110.43,216,110.44,09:00:47.071678549
19,110.43,216,110.44,09:00:47.288284755
18,110.43,216,110.44,09:00:47.304792938
17,110.43,216,110.44,09:00:47.304958490
16,110.43,216,110.44,09:00:47.372067508
15,110.43,216,110.44,09:00:47.372131700
14,110.43,216,110.44,09:00:47.372275943
13,110.43,216,110.44,09:00:47.372344154
12,110.43,216,110.44,09:00:47.372659475
3,110.43,216,110.44,09:00:47.372956294
2,110.43,216,110.44,09:00:47.380869933
197,110.42,216,110.44,09:00:47.381526300
197,110.42,231,110.44,09:00:47.449850042
6,110.43,231,110.44,09:00:47.554229308
8,110.43,231,110.44,09:00:47.554761809
6,110.43,231,110.44,09:00:47.606957750
15,110.43,231,110.44,09:00:48.294231106
6,110.43,231,110.44,09:00:48.409330122
15,110.43,231,110.44,09:00:48.646660039
15,110.43,217,110.44,09:00:49.392279900
16,110.43,217,110.44,09:00:50.285131557
15,110.43,217,110.44,09:00:50.285317086
16,110.43,217,110.44,09:00:50.294647224
21,110.43,217,110.44,09:00:51.212076015
24,110.43,217,110.44,09:00:51.212501794
26,110.43,217,110.44,09:00:51.212636457
34,110.43,217,110.44,09:00:51.212654419
38,110.43,217,110.44,09:00:51.212684572
38,110.43,199,110.44,09:00:51.212684572
39,110.43,199,110.44,09:00:51.212684572
57,110.43,199,110.44,09:00:51.212684572
58,110.43,199,110.44,09:00:51.212684572
59,110.43,199,110.44,09:00:51.212684572
60,110.43,199,110.44,09:00:51.213027317
59,110.43,199,110.44,09:00:51.213055791
65,110.43,199,110.44,09:00:51.222919550
64,110.43,199,110.44,09:00:51.223236021
63,110.43,199,110.44,09:00:51.223563457
59,110.43,199,110.44,09:00:51.223586334
41,110.43,199,110.44,09:00:51.224133625
33,110.43,199,110.44,09:00:51.224415620
36,110.43,199,110.44,09:00:51.224489568
39,110.43,199,110.44,09:00:51.224582176
39,110.43,198,110.44,09:00:51.224597101
39,110.43,197,110.44,09:00:51.224682809
39,110.43,196,110.44,09:00:51.224682809
39,110.43,195,110.44,09:00:51.224682809
39,110.43,194,110.44,09:00:51.224682809
39,110.43,193,110.44,09:00:51.224784460
33,110.43,193,110.44,09:00:51.234083999
37,110.43,193,110.44,09:00:51.325012881
55,110.43,193,110.44,09:00:51.325222159
56,110.43,193,110.44,09:00:51.325314807
62,110.43,193,110.44,09:00:51.335761498
56,110.43,193,110.44,09:00:51.345825883
38,110.43,193,110.44,09:00:51.442311651
37,110.43,193,110.44,09:00:51.657624460
33,110.43,193,110.44,09:00:51.657694926
30,110.43,193,110.44,09:00:52.583678561
33,110.43,193,110.44,09:00:52.584257155
30,110.43,193,110.44,09:00:52.588342957
25,110.43,193,110.44,09:00:52.595557547
24,110.43,193,110.44,09:00:52.595624001
25,110.43,193,110.44,09:00:52.618748745
27,110.43,193,110.44,09:00:52.618888473
29,110.43,193,110.44,09:00:52.643335346
30,110.43,193,110.44,09:00:52.808560911
31,110.43,193,110.44,09:00:52.812805337
29,110.43,193,110.44,09:00:53.374380859
30,110.43,193,110.44,09:00:53.375416142
31,110.43,193,110.44,09:00:53.375562657
32,110.43,193,110.44,09:00:53.619681927
31,110.43,193,110.44,09:00:54.282009904
30,110.43,193,110.44,09:00:54.282092432
29,110.43,193,110.44,09:00:54.282111065
28,110.43,193,110.44,09:00:54.282111065
27,110.43,193,110.44,09:00:54.282171562
25,110.43,193,110.44,09:00:54.282241001
24,110.43,193,110.44,09:00:54.282400336
15,110.43,193,110.44,09:00:54.282875484
16,110.43,193,110.44,09:00:54.284398795
17,110.43,193,110.44,09:00:54.284543095
18,110.43,193,110.44,09:00:54.284648459
27,110.43,193,110.44,09:00:54.284792932
28,110.43,193,110.44,09:00:54.284902251
29,110.43,193,110.44,09:00:54.284974587
28,110.43,193,110.44,09:00:54.285684842
29,110.43,193,110.44,09:00:54.285847431
28,110.43,193,110.44,09:00:54.286053671
29,110.43,193,110.44,09:00:54.290204800
28,110.43,193,110.44,09:00:54.293185325
27,110.43,193,110.44,09:00:54.310076155
29,110.43,193,110.44,09:00:54.399084375
33,110.43,193,110.44,09:00:54.399423760
27,110.43,193,110.44,09:00:55.695750405
25,110.43,193,110.44,09:00:55.695880858
24,110.43,193,110.44,09:00:55.695880858
21,110.43,193,110.44,09:00:55.695895475
18,110.43,193,110.44,09:00:55.695895475
17,110.43,193,110.44,09:00:55.695895475
16,110.43,193,110.44,09:00:55.696152625
8,110.43,193,110.44,09:00:55.696176226
6,110.43,193,110.44,09:00:55.696176226
2,110.43,193,110.44,09:00:55.696176226
1,110.43,193,110.44,09:00:55.696251512
190,110.42,193,110.44,09:00:55.696251512
170,110.42,193,110.44,09:00:55.696266997
170,110.42,211,110.44,09:00:55.696492152
174,110.42,211,110.44,09:00:55.707563958
174,110.42,2,110.43,09:00:55.746550905
173,110.42,2,110.43,09:00:55.747182492
173,110.42,3,110.43,09:00:55.747330747
173,110.42,4,110.43,09:00:55.747349262
173,110.42,5,110.43,09:00:55.747367464
173,110.42,6,110.43,09:00:55.747367464
165,110.42,6,110.43,09:00:55.747598308
165,110.42,9,110.43,09:00:55.747598308
165,110.42,12,110.43,09:00:55.747598308
143,110.42,12,110.43,09:00:55.748122650
143,110.42,10,110.43,09:00:55.748501703
143,110.42,11,110.43,09:00:55.778176344
149,110.42,11,110.43,09:00:55.796080310
149,110.42,8,110.43,09:00:55.990898162
149,110.42,41,110.43,09:00:56.051924087
156,110.42,41,110.43,09:00:56.052119112
156,110.42,44,110.43,09:00:56.669538124
156,110.42,41,110.43,09:00:56.670043743
156,110.42,42,110.43,09:00:56.670714352
156,110.42,43,110.43,09:00:56.670968838
156,110.42,42,110.43,09:00:56.671768440
156,110.42,43,110.43,09:00:56.672096532
156,110.42,44,110.43,09:00:56.672287441
156,110.42,46,110.43,09:00:56.672287441
156,110.42,45,110.43,09:00:56.672516952
156,110.42,44,110.43,09:00:56.672624420
156,110.42,43,110.43,09:00:56.672907374
156,110.42,44,110.43,09:00:56.776444504
156,110.42,43,110.43,09:00:56.939933406
156,110.42,41,110.43,09:00:57.152295749
156,110.42,42,110.43,09:00:58.218984831
156,110.42,41,110.43,09:00:58.223191074
156,110.42,40,110.43,09:00:59.306255615
156,110.42,39,110.43,09:00:59.306362975
156,110.42,38,110.43,09:00:59.306388054
156,110.42,37,110.43,09:00:59.306388054
156,110.42,34,110.43,09:00:59.306388054
156,110.42,33,110.43,09:00:59.306388054
156,110.42,214,110.44,09:00:59.306388054
6,110.43,214,110.44,09:00:59.306946671
6,110.43,196,110.44,09:00:59.307497598
14,110.43,196,110.44,09:00:59.307497598
14,110.43,192,110.44,09:00:59.307620763
8,110.43,192,110.44,09:00:59.310156672
7,110.43,192,110.44,09:00:59.316880161
174,110.42,192,110.44,09:00:59.317102256
174,110.42,210,110.44,09:00:59.317318778
166,110.42,210,110.44,09:00:59.317906134
162,110.42,210,110.44,09:00:59.318274671
166,110.42,210,110.44,09:00:59.327425557
170,110.42,210,110.44,09:00:59.327769448
174,110.42,210,110.44,09:00:59.370691307
178,110.42,210,110.44,09:00:59.410713066
184,110.42,210,110.44,09:00:59.411091718
180,110.42,210,110.44,09:00:59.418686247
176,110.42,210,110.44,09:00:59.419038612
172,110.42,210,110.44,09:00:59.431809540
174,110.42,210,110.44,09:00:59.432177751
170,110.42,210,110.44,09:00:59.665366298
170,110.42,211,110.44,09:00:59.666317699
170,110.42,210,110.44,09:00:59.998995527
174,110.42,210,110.44,09:01:00.001221785
176,110.42,210,110.44,09:01:00.001583087
180,110.42,210,110.44,09:01:00.004392723
184,110.42,210,110.44,09:01:00.006390705
180,110.42,210,110.44,09:01:00.009235548
176,110.42,210,110.44,09:01:00.009584147
180,110.42,210,110.44,09:01:00.044533851
184,110.42,210,110.44,09:01:00.063814500
180,110.42,210,110.44,09:01:00.065696991
178,110.42,210,110.44,09:01:00.066076597
182,110.42,210,110.44,09:01:00.067449601
183,110.42,210,110.44,09:01:00.067591230
187,110.42,210,110.44,09:01:00.067897684
1,110.43,210,110.44,09:01:00.068945761
2,110.43,210,110.44,09:01:00.068945761
8,110.43,210,110.44,09:01:00.069251786
8,110.43,192,110.44,09:01:00.069642886
9,110.43,192,110.44,09:01:00.069907418
11,110.43,192,110.44,09:01:00.070060803
12,110.43,192,110.44,09:01:00.070515843
21,110.43,192,110.44,09:01:00.072142235
26,110.43,192,110.44,09:01:00.072290513
21,110.43,192,110.44,09:01:00.086427104
20,110.43,192,110.44,09:01:00.086776563
18,110.43,192,110.44,09:01:00.086856308
17,110.43,192,110.44,09:01:00.087239465
16,110.43,192,110.44,09:01:00.087410582
15,110.43,192,110.44,09:01:00.087410582
16,110.43,192,110.44,09:01:00.089527358
19,110.43,192,110.44,09:01:00.089727921
20,110.43,192,110.44,09:01:00.139298278
19,110.43,192,110.44,09:01:00.145496536
20,110.43,192,110.44,09:01:00.152661289
21,110.43,192,110.44,09:01:00.152835100
20,110.43,192,110.44,09:01:00.155125313
19,110.43,192,110.44,09:01:00.159594621
20,110.43,192,110.44,09:01:00.169154713
21,110.43,192,110.44,09:01:00.170116290
20,110.43,192,110.44,09:01:00.171030760
21,110.43,192,110.44,09:01:00.188544974
20,110.43,192,110.44,09:01:00.199387446
19,110.43,192,110.44,09:01:00.199456166
21,110.43,192,110.44,09:01:00.247052374
19,110.43,192,110.44,09:01:00.259069267
20,110.43,192,110.44,09:01:00.274390977
22,110.43,192,110.44,09:01:00.274533092
20,110.43,192,110.44,09:01:00.289600425
22,110.43,192,110.44,09:01:00.292364039
20,110.43,192,110.44,09:01:00.327206499
21,110.43,192,110.44,09:01:00.338458488
22,110.43,192,110.44,09:01:00.345400198
24,110.43,192,110.44,09:01:00.735191294
25,110.43,192,110.44,09:01:00.735325206
26,110.43,192,110.44,09:01:00.735434914
25,110.43,192,110.44,09:01:00.735601237
24,110.43,192,110.44,09:01:00.735865535
25,110.43,192,110.44,09:01:00.735997870
26,110.43,192,110.44,09:01:00.741378614
25,110.43,192,110.44,09:01:00.743953681
24,110.43,192,110.44,09:01:00.744018206
23,110.43,192,110.44,09:01:00.744130322
22,110.43,192,110.44,09:01:00.744201765
23,110.43,192,110.44,09:01:00.746882726
24,110.43,192,110.44,09:01:00.747040976
23,110.43,192,110.44,09:01:00.749255645
24,110.43,192,110.44,09:01:00.750662227
25,110.43,192,110.44,09:01:00.802137945
24,110.43,192,110.44,09:01:00.802863444
25,110.43,192,110.44,09:01:00.909254864
24,110.43,192,110.44,09:01:00.909396314
25,110.43,192,110.44,09:01:00.911519987
26,110.43,192,110.44,09:01:00.911704025
31,110.43,192,110.44,09:01:00.936748671
39,110.43,192,110.44,09:01:00.936849686
31,110.43,192,110.44,09:01:01.022604069
39,110.43,192,110.44,09:01:01.172855043
31,110.43,192,110.44,09:01:01.246958145
39,110.43,192,110.44,09:01:01.724070129
31,110.43,192,110.44,09:01:02.155816100
31,110.43,193,110.44,09:01:02.540307834
31,110.43,192,110.44,09:01:02.540692361
39,110.43,192,110.44,09:01:02.543567246
31,110.43,192,110.44,09:01:03.477003632
30,110.43,192,110.44,09:01:03.477209622
29,110.43,192,110.44,09:01:03.477209622
28,110.43,192,110.44,09:01:03.477227603
27,110.43,192,110.44,09:01:03.477306662
26,110.43,192,110.44,09:01:03.477306662
21,110.43,192,110.44,09:01:03.477507907
12,110.43,192,110.44,09:01:03.477637472
13,110.43,192,110.44,09:01:03.478092201
14,110.43,192,110.44,09:01:03.478491529
12,110.43,192,110.44,09:01:03.479351477
6,110.43,192,110.44,09:01:03.479502632
3,110.43,192,110.44,09:01:03.479581069
2,110.43,192,110.44,09:01:03.479714152
2,110.43,193,110.44,09:01:03.479985441
1,110.43,193,110.44,09:01:03.482225990
1,110.43,211,110.44,09:01:03.482480447
2,110.43,211,110.44,09:01:03.482681221
3,110.43,211,110.44,09:01:03.482930255
2,110.43,211,110.44,09:01:03.487608338
1,110.43,211,110.44,09:01:03.488638640
199,110.42,211,110.44,09:01:03.489360368
198,110.42,211,110.44,09:01:03.551640385
199,110.42,211,110.44,09:01:03.807717798
1,110.43,211,110.44,09:01:03.807851590
2,110.43,211,110.44,09:01:03.808168402
10,110.43,211,110.44,09:01:03.808267724
10,110.43,193,110.44,09:01:03.808499766
9,110.43,193,110.44,09:01:03.808569871
8,110.43,193,110.44,09:01:03.912011607
195,110.42,193,110.44,09:01:03.914730728
194,110.42,193,110.44,09:01:03.914747817
189,110.42,193,110.44,09:01:03.914747817
183,110.42,193,110.44,09:01:03.914872737
183,110.42,2,110.43,09:01:03.914872737
177,110.42,2,110.43,09:01:03.914888144
165,110.42,2,110.43,09:01:03.914888144
151,110.42,2,110.43,09:01:03.914985786
151,110.42,40,110.43,09:01:03.915271051
151,110.42,48,110.43,09:01:03.915271051
131,110.42,48,110.43,09:01:03.915464184
131,110.42,46,110.43,09:01:03.915596459
131,110.42,38,110.43,09:01:03.915596459
161,110.42,38,110.43,09:01:03.915956506
161,110.42,211,110.44,09:01:03.916057584
161,110.42,231,110.44,09:01:03.916057584
159,110.42,231,110.44,09:01:03.916404067
159,110.42,211,110.44,09:01:03.916589407
155,110.42,211,110.44,09:01:03.916840921
157,110.42,211,110.44,09:01:03.917255571
157,110.42,1,110.43,09:01:03.917347571
157,110.42,3,110.43,09:01:03.917347571
157,110.42,6,110.43,09:01:03.917532847
161,110.42,6,110.43,09:01:03.917737852
161,110.42,5,110.43,09:01:03.917737852
157,110.42,5,110.43,09:01:03.917823074
159,110.42,5,110.43,09:01:03.917823074
161,110.42,5,110.43,09:01:03.918219010
161,110.42,6,110.43,09:01:03.918379841
155,110.42,6,110.43,09:01:03.918684376
155,110.42,4,110.43,09:01:03.918700721
155,110.42,3,110.43,09:01:03.918700721
141,110.42,3,110.43,09:01:03.918999445
145,110.42,3,110.43,09:01:03.919347694
141,110.42,3,110.43,09:01:03.919695873
141,110.42,1,110.43,09:01:03.920182228
141,110.42,215,110.44,09:01:03.920182228
141,110.42,211,110.44,09:01:03.920653066
145,110.42,211,110.44,09:01:03.920810825
153,110.42,211,110.44,09:01:03.921115318
149,110.42,211,110.44,09:01:03.923946135
147,110.42,211,110.44,09:01:03.924314467
143,110.42,211,110.44,09:01:03.924915539
139,110.42,211,110.44,09:01:03.925216956
137,110.42,211,110.44,09:01:03.925561852
139,110.42,211,110.44,09:01:03.930641445
147,110.42,211,110.44,09:01:03.930885800
147,110.42,1,110.43,09:01:03.931756408
147,110.42,210,110.44,09:01:03.932218622
143,110.42,210,110.44,09:01:03.932845345
145,110.42,210,110.44,09:01:03.933192557
137,110.42,210,110.44,09:01:03.980021107
149,110.42,210,110.44,09:01:04.014528621
156,110.42,210,110.44,09:01:04.014598999
156,110.42,211,110.44,09:01:04.390223403
164,110.42,211,110.44,09:01:04.498165173
178,110.42,211,110.44,09:01:04.498783623
158,110.42,211,110.44,09:01:04.499357489
159,110.42,211,110.44,09:01:04.500017089
171,110.42,211,110.44,09:01:04.500177251
187,110.42,211,110.44,09:01:04.500641430
186,110.42,211,110.44,09:01:04.501243086
9,110.43,211,110.44,09:01:04.502521897
18,110.43,211,110.44,09:01:04.502789817
19,110.43,211,110.44,09:01:04.502875794
19,110.43,193,110.44,09:01:04.503076069
18,110.43,193,110.44,09:01:04.503168670
19,110.43,193,110.44,09:01:04.503511659
18,110.43,193,110.44,09:01:04.503723214
19,110.43,193,110.44,09:01:04.504430529
24,110.43,193,110.44,09:01:04.504993011
25,110.43,193,110.44,09:01:04.505659512
26,110.43,193,110.44,09:01:04.505742003
28,110.43,193,110.44,09:01:04.505833103
27,110.43,193,110.44,09:01:04.506034252
29,110.43,193,110.44,09:01:04.506354806
27,110.43,193,110.44,09:01:04.506504350
26,110.43,193,110.44,09:01:04.506828386
27,110.43,193,110.44,09:01:04.507142578
26,110.43,193,110.44,09:01:04.507244978
27,110.43,193,110.44,09:01:04.507459095
26,110.43,193,110.44,09:01:04.507720165
27,110.43,193,110.44,09:01:04.509257161
28,110.43,193,110.44,09:01:04.509809776
29,110.43,193,110.44,09:01:04.510555577
29,110.43,192,110.44,09:01:04.510555577
28,110.43,192,110.44,09:01:04.510970222
27,110.43,192,110.44,09:01:04.511049426
26,110.43,192,110.44,09:01:04.511128012
27,110.43,192,110.44,09:01:04.511486066
26,110.43,192,110.44,09:01:04.511777506
27,110.43,192,110.44,09:01:04.512039952
26,110.43,192,110.44,09:01:04.512808681
27,110.43,192,110.44,09:01:04.512980334
28,110.43,192,110.44,09:01:04.513559725
29,110.43,192,110.44,09:01:04.513922758
28,110.43,192,110.44,09:01:04.514829046
27,110.43,192,110.44,09:01:04.514941967
28,110.43,192,110.44,09:01:04.515243241
27,110.43,192,110.44,09:01:04.515562101
26,110.43,192,110.44,09:01:04.515741010
27,110.43,192,110.44,09:01:04.515994446
28,110.43,192,110.44,09:01:04.516065361
27,110.43,192,110.44,09:01:04.516409937
26,110.43,192,110.44,09:01:04.516640779
24,110.43,192,110.44,09:01:04.516748142
23,110.43,192,110.44,09:01:04.516913744
18,110.43,192,110.44,09:01:04.516987361
9,110.43,192,110.44,09:01:04.517603354
201,110.42,192,110.44,09:01:04.517666605
201,110.42,210,110.44,09:01:04.518100571
200,110.42,210,110.44,09:01:04.518414758
194,110.42,210,110.44,09:01:04.518585695
190,110.42,210,110.44,09:01:04.518963732
188,110.42,210,110.44,09:01:04.519308667
188,110.42,211,110.44,09:01:04.520358680
184,110.42,211,110.44,09:01:04.521030048
184,110.42,40,110.43,09:01:04.521550567
170,110.42,40,110.43,09:01:04.521572432
170,110.42,211,110.44,09:01:04.532145468
170,110.42,213,110.44,09:01:04.533789574
170,110.42,215,110.44,09:01:04.534242170
170,110.42,211,110.44,09:01:04.534585846
170,110.42,210,110.44,09:01:04.539747775
172,110.42,210,110.44,09:01:04.556872443
180,110.42,210,110.44,09:01:04.557278512
186,110.42,210,110.44,09:01:04.564272950
182,110.42,210,110.44,09:01:04.585213023
180,110.42,210,110.44,09:01:04.585579154
184,110.42,210,110.44,09:01:04.601469148
191,110.42,210,110.44,09:01:04.635803664
185,110.42,210,110.44,09:01:04.636503058
185,110.42,211,110.44,09:01:04.669150422
189,110.42,211,110.44,09:01:04.719627465
193,110.42,211,110.44,09:01:04.732502098
197,110.42,211,110.44,09:01:04.732856053
203,110.42,211,110.44,09:01:04.823270957
207,110.42,211,110.44,09:01:04.830732729
208,110.42,211,110.44,09:01:04.840465970
207,110.42,211,110.44,09:01:04.852426627
201,110.42,211,110.44,09:01:04.852701830
197,110.42,211,110.44,09:01:04.853073014
207,110.42,211,110.44,09:01:05.405403586
199,110.42,211,110.44,09:01:05.746682401
193,110.42,211,110.44,09:01:06.135352655
185,110.42,211,110.44,09:01:06.138199165
179,110.42,211,110.44,09:01:06.138817373
177,110.42,211,110.44,09:01:06.139096620
177,110.42,4,110.43,09:01:06.417928926
177,110.42,26,110.43,09:01:06.418027982
177,110.42,44,110.43,09:01:06.418154807
177,110.42,46,110.43,09:01:06.418297674
177,110.42,44,110.43,09:01:06.418614992
177,110.42,45,110.43,09:01:06.451776739
177,110.42,23,110.43,09:01:07.108412311
177,110.42,5,110.43,09:01:07.108473524
177,110.42,1,110.43,09:01:07.108724765
177,110.42,2,110.43,09:01:07.116674555
177,110.42,4,110.43,09:01:07.116841697
177,110.42,13,110.43,09:01:07.116904106
177,110.42,35,110.43,09:01:07.239066316
177,110.42,51,110.43,09:01:07.239168961
177,110.42,42,110.43,09:01:07.740161005
177,110.42,26,110.43,09:01:07.740321309
177,110.42,4,110.43,09:01:07.740391076
177,110.42,2,110.43,09:01:08.034907939
177,110.42,1,110.43,09:01:08.035260646
177,110.42,220,110.44,09:01:08.036091831
177,110.42,216,110.44,09:01:08.036297905
183,110.42,216,110.44,09:01:08.036440344
183,110.42,222,110.44,09:01:08.036440344
187,110.42,222,110.44,09:01:08.036532500
187,110.42,216,110.44,09:01:08.036689639
213,110.42,216,110.44,09:01:08.036981416
213,110.42,217,110.44,09:01:08.088585934
213,110.42,216,110.44,09:01:08.498145746
213,110.42,2,110.43,09:01:08.766141545
213,110.42,4,110.43,09:01:08.766497244
213,110.42,5,110.43,09:01:08.766753929
213,110.42,27,110.43,09:01:08.766753929
205,110.42,27,110.43,09:01:08.766753929
205,110.42,33,110.43,09:01:08.766753929
205,110.42,37,110.43,09:01:08.766767177
205,110.42,53,110.43,09:01:08.766830336
205,110.42,54,110.43,09:01:08.766853289
205,110.42,50,110.43,09:01:08.767163644
183,110.42,50,110.43,09:01:08.767374563
183,110.42,49,110.43,09:01:08.767552322
183,110.42,50,110.43,09:01:08.791360710
176,110.42,50,110.43,09:01:09.009980811
176,110.42,51,110.43,09:01:09.009995939
176,110.42,54,110.43,09:01:09.010099114
170,110.42,54,110.43,09:01:09.010118327
158,110.42,54,110.43,09:01:09.010216979
158,110.42,55,110.43,09:01:09.010244246
158,110.42,64,110.43,09:01:09.010325142
158,110.42,65,110.43,09:01:09.010533338
158,110.42,66,110.43,09:01:09.010554515
148,110.42,66,110.43,09:01:09.010643546
120,110.42,66,110.43,09:01:09.010662473
120,110.42,65,110.43,09:01:09.010888326
120,110.42,64,110.43,09:01:09.010888326
120,110.42,55,110.43,09:01:09.010971229
120,110.42,64,110.43,09:01:09.011072124
120,110.42,65,110.43,09:01:09.011338112
120,110.42,66,110.43,09:01:09.011338112
120,110.42,57,110.43,09:01:09.011430450
120,110.42,56,110.43,09:01:09.353547594
120,110.42,55,110.43,09:01:09.353614634
120,110.42,56,110.43,09:01:09.355576703
134,110.42,56,110.43,09:01:09.450910817
139,110.42,56,110.43,09:01:09.451033284
139,110.42,55,110.43,09:01:09.451111451
139,110.42,53,110.43,09:01:10.487533993
139,110.42,51,110.43,09:01:10.487533993
139,110.42,29,110.43,09:01:10.487641213
139,110.42,23,110.43,09:01:10.487655616
139,110.42,7,110.43,09:01:10.487655616
139,110.42,6,110.43,09:01:10.487655616
139,110.42,5,110.43,09:01:10.487887692
139,110.42,4,110.43,09:01:10.487902794
139,110.42,1,110.43,09:01:10.487902794
139,110.42,245,110.44,09:01:10.487923069
45,110.43,245,110.44,09:01:10.487923069
45,110.43,223,110.44,09:01:10.488577149
47,110.43,223,110.44,09:01:10.488811954
45,110.43,223,110.44,09:01:10.489118258
51,110.43,223,110.44,09:01:10.489232294
61,110.43,223,110.44,09:01:10.489232294
65,110.43,223,110.44,09:01:10.489457030
65,110.43,205,110.44,09:01:10.489479490
66,110.43,205,110.44,09:01:10.489479490
66,110.43,197,110.44,09:01:10.489479490
60,110.43,197,110.44,09:01:10.489518105
50,110.43,197,110.44,09:01:10.490534011
50,110.43,215,110.44,09:01:10.490548676
50,110.43,218,110.44,09:01:10.499271035
50,110.43,221,110.44,09:01:10.499345870
46,110.43,221,110.44,09:01:10.509708073
45,110.43,221,110.44,09:01:10.509773037
46,110.43,221,110.44,09:01:10.509887005
47,110.43,221,110.44,09:01:10.567163726
48,110.43,221,110.44,09:01:10.570331967
49,110.43,221,110.44,09:01:10.570864162
50,110.43,221,110.44,09:01:10.571257010
51,110.43,221,110.44,09:01:10.571645523
52,110.43,221,110.44,09:01:10.571919310
53,110.43,221,110.44,09:01:10.571919310
54,110.43,221,110.44,09:01:10.571996052
54,110.43,203,110.44,09:01:10.572080676
60,110.43,203,110.44,09:01:10.572162804
61,110.43,203,110.44,09:01:10.572240785
62,110.43,203,110.44,09:01:10.573333162
61,110.43,203,110.44,09:01:10.573856192
62,110.43,203,110.44,09:01:10.575102926
61,110.43,203,110.44,09:01:10.578775218
60,110.43,203,110.44,09:01:10.578941100
61,110.43,203,110.44,09:01:10.579498775
60,110.43,203,110.44,09:01:10.579697074
59,110.43,203,110.44,09:01:10.583062598
60,110.43,203,110.44,09:01:10.588585778
61,110.43,203,110.44,09:01:10.593879738
62,110.43,203,110.44,09:01:10.606451600
66,110.43,203,110.44,09:01:10.610410813
67,110.43,203,110.44,09:01:10.610410813
68,110.43,203,110.44,09:01:10.631613530
67,110.43,203,110.44,09:01:10.633843062
68,110.43,203,110.44,09:01:10.645708102
76,110.43,203,110.44,09:01:10.646656198
77,110.43,203,110.44,09:01:10.651941768
76,110.43,203,110.44,09:01:10.652904900
77,110.43,203,110.44,09:01:10.738532774
76,110.43,203,110.44,09:01:10.769913589
77,110.43,203,110.44,09:01:10.787917632
76,110.43,203,110.44,09:01:10.876769376
75,110.43,203,110.44,09:01:10.946431154
67,110.43,203,110.44,09:01:10.958304418
61,110.43,203,110.44,09:01:10.964912311
62,110.43,203,110.44,09:01:10.965277936
62,110.43,221,110.44,09:01:10.965442707
61,110.43,221,110.44,09:01:10.965619442
60,110.43,221,110.44,09:01:10.965619442
60,110.43,222,110.44,09:01:10.982782745
59,110.43,222,110.44,09:01:11.023390266
60,110.43,222,110.44,09:01:11.033697349
59,110.43,222,110.44,09:01:11.187539021
58,110.43,222,110.44,09:01:11.188548924
59,110.43,222,110.44,09:01:11.188783590
60,110.43,222,110.44,09:01:11.189039433
62,110.43,222,110.44,09:01:11.190975684
63,110.43,222,110.44,09:01:11.191167732
62,110.43,222,110.44,09:01:11.191263812
61,110.43,222,110.44,09:01:11.220677677
60,110.43,222,110.44,09:01:11.220948586
59,110.43,222,110.44,09:01:11.220948586
60,110.43,222,110.44,09:01:11.223774059
61,110.43,222,110.44,09:01:11.224090945
62,110.43,222,110.44,09:01:11.224448225
61,110.43,222,110.44,09:01:11.227159986
60,110.43,222,110.44,09:01:11.227738581
61,110.43,222,110.44,09:01:11.227964997
62,110.43,222,110.44,09:01:11.228110683
61,110.43,222,110.44,09:01:11.231605000
62,110.43,222,110.44,09:01:11.232111512
62,110.43,223,110.44,09:01:11.498480001
61,110.43,223,110.44,09:01:11.570687616
60,110.43,223,110.44,09:01:11.570770663
59,110.43,223,110.44,09:01:11.570855371
57,110.43,223,110.44,09:01:11.571183718
56,110.43,223,110.44,09:01:11.571260740
58,110.43,223,110.44,09:01:11.573394089
58,110.43,205,110.44,09:01:11.573490735
59,110.43,205,110.44,09:01:11.573648056
58,110.43,205,110.44,09:01:11.605372976
59,110.43,205,110.44,09:01:11.642862554
58,110.43,205,110.44,09:01:11.728612557
54,110.43,205,110.44,09:01:11.728612557
53,110.43,205,110.44,09:01:11.728612557
52,110.43,205,110.44,09:01:11.728612557
51,110.43,205,110.44,09:01:11.728725655
49,110.43,205,110.44,09:01:11.728744468
48,110.43,205,110.44,09:01:11.728744468
48,110.43,223,110.44,09:01:11.728744468
48,110.43,231,110.44,09:01:11.728814519
48,110.43,225,110.44,09:01:11.729178751
48,110.43,223,110.44,09:01:11.729530249
47,110.43,223,110.44,09:01:11.944169676
46,110.43,223,110.44,09:01:11.946529632
1,110.43,223,110.44,09:01:12.817164304
1,110.43,231,110.44,09:01:12.817843282
172,110.42,231,110.44,09:01:12.818076088
178,110.42,231,110.44,09:01:12.818222360
178,110.42,223,110.44,09:01:13.223824166
178,110.42,229,110.44,09:01:13.324485034
178,110.42,231,110.44,09:01:13.324853828
9,110.43,231,110.44,09:01:14.532995180
15,110.43,231,110.44,09:01:14.533171312
6,110.43,231,110.44,09:01:14.533668291
6,110.43,223,110.44,09:01:15.102916624
184,110.42,223,110.44,09:01:15.103077518
178,110.42,223,110.44,09:01:15.103495872
178,110.42,229,110.44,09:01:15.103644025
178,110.42,231,110.44,09:01:15.104032316
178,110.42,223,110.44,09:01:15.404907535
178,110.42,229,110.44,09:01:16.023254819
178,110.42,231,110.44,09:01:16.023625485
178,110.42,225,110.44,09:01:16.042386554
178,110.42,223,110.44,09:01:16.042765259
178,110.42,229,110.44,09:01:16.143070261
178,110.42,231,110.44,09:01:16.143435320
178,110.42,223,110.44,09:01:16.176629467
178,110.42,229,110.44,09:01:16.277279291
178,110.42,231,110.44,09:01:16.277664542
178,110.42,223,110.44,09:01:16.310816481
178,110.42,30,110.43,09:01:16.387579690
178,110.42,39,110.43,09:01:16.387741217
178,110.42,49,110.43,09:01:16.387757923
178,110.42,46,110.43,09:01:16.388449613
177,110.42,46,110.43,09:01:16.388463264
177,110.42,37,110.43,09:01:16.388516585
181,110.42,37,110.43,09:01:16.388724518
181,110.42,10,110.43,09:01:16.388793689
181,110.42,227,110.44,09:01:16.388793689
177,110.42,227,110.44,09:01:16.389260284
177,110.42,241,110.44,09:01:16.389342975
177,110.42,231,110.44,09:01:16.389686082
171,110.42,231,110.44,09:01:16.397879019
177,110.42,231,110.44,09:01:16.407891709
177,110.42,1,110.43,09:01:16.410493810
177,110.42,230,110.44,09:01:17.797468615
177,110.42,231,110.44,09:01:17.944219645
2,110.43,231,110.44,09:01:18.904149845
4,110.43,231,110.44,09:01:18.904445460
12,110.43,231,110.44,09:01:18.904531332
10,110.43,231,110.44,09:01:18.904888849
11,110.43,231,110.44,09:01:18.904974449
12,110.43,231,110.44,09:01:18.904990686
13,110.43,231,110.44,09:01:18.904990686
14,110.43,231,110.44,09:01:18.905180699
13,110.43,231,110.44,09:01:18.905422361
14,110.43,231,110.44,09:01:18.905492932
15,110.43,231,110.44,09:01:18.906862163
24,110.43,231,110.44,09:01:18.907123509
25,110.43,231,110.44,09:01:18.907123509
26,110.43,231,110.44,09:01:18.907357014
28,110.43,231,110.44,09:01:18.907357014
28,110.43,223,110.44,09:01:18.907357014
27,110.43,223,110.44,09:01:18.907511814
25,110.43,223,110.44,09:01:18.907723758
29,110.43,223,110.44,09:01:18.907723758
30,110.43,223,110.44,09:01:18.907723758
30,110.43,225,110.44,09:01:18.907787512
29,110.43,225,110.44,09:01:18.907871490
29,110.43,223,110.44,09:01:18.908093835
30,110.43,223,110.44,09:01:18.908456524
29,110.43,223,110.44,09:01:18.908720898
30,110.43,223,110.44,09:01:18.912501487
29,110.43,223,110.44,09:01:18.912848885
30,110.43,223,110.44,09:01:18.915110611
29,110.43,223,110.44,09:01:18.918171819
31,110.43,223,110.44,09:01:18.921907077
32,110.43,223,110.44,09:01:18.937672774
33,110.43,223,110.44,09:01:18.937846978
34,110.43,223,110.44,09:01:18.937913967
42,110.43,223,110.44,09:01:18.943954427
48,110.43,223,110.44,09:01:18.944053556
47,110.43,223,110.44,09:01:18.944144371
47,110.43,205,110.44,09:01:18.944144371
48,110.43,205,110.44,09:01:19.384185053
47,110.43,205,110.44,09:01:19.546577335
45,110.43,205,110.44,09:01:19.663470008
44,110.43,205,110.44,09:01:19.663614402
46,110.43,205,110.44,09:01:19.738828527
47,110.43,205,110.44,09:01:19.739033794
49,110.43,205,110.44,09:01:19.854344332
43,110.43,205,110.44,09:01:19.855772080
42,110.43,205,110.44,09:01:19.855772080
42,110.43,223,110.44,09:01:19.855953200
34,110.43,223,110.44,09:01:19.856037934
33,110.43,223,110.44,09:01:19.856120522
31,110.43,223,110.44,09:01:19.856220045
22,110.43,223,110.44,09:01:19.856341773
18,110.43,223,110.44,09:01:19.856411319
17,110.43,223,110.44,09:01:19.856411319
17,110.43,231,110.44,09:01:19.856496735
17,110.43,227,110.44,09:01:19.857016239
17,110.43,231,110.44,09:01:19.857403185
18,110.43,231,110.44,09:01:19.866620127
18,110.43,227,110.44,09:01:19.866907876
17,110.43,227,110.44,09:01:19.868217412
26,110.43,227,110.44,09:01:20.074474874
26,110.43,223,110.44,09:01:20.074724072
27,110.43,223,110.44,09:01:20.495831693
34,110.43,223,110.44,09:01:20.644802831
33,110.43,223,110.44,09:01:20.793247643
24,110.43,223,110.44,09:01:20.793406020
26,110.43,223,110.44,09:01:20.883623665
24,110.43,223,110.44,09:01:21.092764942
25,110.43,223,110.44,09:01:21.104629474
26,110.43,223,110.44,09:01:21.104790319
31,110.43,223,110.44,09:01:21.105034699
30,110.43,223,110.44,09:01:21.280460511
31,110.43,223,110.44,09:01:21.559093060
30,110.43,223,110.44,09:01:21.769762792
29,110.43,223,110.44,09:01:21.822395488
24,110.43,223,110.44,09:01:21.966553913
16,110.43,223,110.44,09:01:21.966722410
16,110.43,231,110.44,09:01:21.966804383
18,110.43,231,110.44,09:01:22.626598998
19,110.43,231,110.44,09:01:22.626703784
18,110.43,231,110.44,09:01:22.626919270
18,110.43,225,110.44,09:01:22.627274715
27,110.43,225,110.44,09:01:22.627493273
27,110.43,223,110.44,09:01:22.627754724
32,110.43,223,110.44,09:01:22.628017148
30,110.43,223,110.44,09:01:22.628129717
21,110.43,223,110.44,09:01:22.630882483
16,110.43,223,110.44,09:01:22.630882483
16,110.43,231,110.44,09:01:22.631076379
18,110.43,231,110.44,09:01:22.652629600
16,110.43,231,110.44,09:01:22.652852467
16,110.43,223,110.44,09:01:22.653222345
17,110.43,223,110.44,09:01:22.653720994
16,110.43,223,110.44,09:01:22.671055307
14,110.43,223,110.44,09:01:22.762619853
13,110.43,223,110.44,09:01:22.762619853
12,110.43,223,110.44,09:01:22.762729626
11,110.43,223,110.44,09:01:22.762746432
10,110.43,223,110.44,09:01:22.762746432
9,110.43,223,110.44,09:01:22.762746432
7,110.43,223,110.44,09:01:22.762746432
170,110.42,223,110.44,09:01:22.762763751
170,110.42,9,110.43,09:01:22.762763751
170,110.42,223,110.44,09:01:22.763599546
170,110.42,239,110.44,09:01:22.763847052
1,110.43,239,110.44,09:01:22.763933244
6,110.43,239,110.44,09:01:22.764123328
6,110.43,231,110.44,09:01:22.764300460
5,110.43,231,110.44,09:01:22.771048926
4,110.43,231,110.44,09:01:22.798007904
4,110.43,230,110.44,09:01:22.798131452
176,110.42,230,110.44,09:01:23.121312864
170,110.42,230,110.44,09:01:23.121766754
9,110.43,230,110.44,09:01:23.159851776
16,110.43,230,110.44,09:01:23.160026346
7,110.43,230,110.44,09:01:23.160177353
176,110.42,230,110.44,09:01:23.331978105
170,110.42,230,110.44,09:01:23.332408113
170,110.42,231,110.44,09:01:23.362206319
170,110.42,230,110.44,09:01:27.111168768
9,110.43,230,110.44,09:01:27.111444828
16,110.43,230,110.44,09:01:27.111695177
18,110.43,230,110.44,09:01:27.115698658
21,110.43,230,110.44,09:01:27.115714214
24,110.43,230,110.44,09:01:27.115788127
25,110.43,230,110.44,09:01:27.116151048
30,110.43,230,110.44,09:01:27.116171775
30,110.43,222,110.44,09:01:27.116171775
25,110.43,222,110.44,09:01:27.228182968
24,110.43,222,110.44,09:01:27.228330862
24,110.43,223,110.44,09:01:27.249676689
22,110.43,223,110.44,09:01:27.308007724
25,110.43,223,110.44,09:01:27.842536459
22,110.43,223,110.44,09:01:27.970963738
15,110.43,223,110.44,09:01:27.971888451
17,110.43,223,110.44,09:01:28.008640674
18,110.43,223,110.44,09:01:28.008793875
17,110.43,223,110.44,09:01:28.058408201
15,110.43,223,110.44,09:01:28.058950740
12,110.43,223,110.44,09:01:28.059513226
9,110.43,223,110.44,09:01:28.059803545
9,110.43,231,110.44,09:01:28.060339695
178,110.42,231,110.44,09:01:28.076339024
170,110.42,231,110.44,09:01:28.076751407
1,110.43,231,110.44,09:01:28.864565487
2,110.43,231,110.44,09:01:28.864565487
6,110.43,231,110.44,09:01:28.864746415
13,110.43,231,110.44,09:01:28.864937317
13,110.43,227,110.44,09:01:28.865906145
13,110.43,231,110.44,09:01:28.866279488
13,110.43,227,110.44,09:01:28.866883453
22,110.43,227,110.44,09:01:28.868699434
22,110.43,223,110.44,09:01:28.869117227
27,110.43,223,110.44,09:01:29.255102164
26,110.43,223,110.44,09:01:29.455038543
25,110.43,223,110.44,09:01:29.455105960
21,110.43,223,110.44,09:01:29.455122316
19,110.43,223,110.44,09:01:29.455149887
10,110.43,223,110.44,09:01:29.455588741
5,110.43,223,110.44,09:01:29.455620060
170,110.42,223,110.44,09:01:29.455637951
170,110.42,1,110.43,09:01:29.455637951
170,110.42,13,110.43,09:01:29.455750596
170,110.42,25,110.43,09:01:29.455797439
170,110.42,71,110.43,09:01:29.456278014
170,110.42,89,110.43,09:01:29.456620416
156,110.42,89,110.43,09:01:29.456671816
154,110.42,89,110.43,09:01:29.456686654
150,110.42,89,110.43,09:01:29.456686654
145,110.42,89,110.43,09:01:29.456686654
145,110.42,90,110.43,09:01:29.456705317
145,110.42,92,110.43,09:01:29.456720193
131,110.42,92,110.43,09:01:29.456736382
131,110.42,93,110.43,09:01:29.456736382
131,110.42,96,110.43,09:01:29.456753066
149,110.42,96,110.43,09:01:29.456823339
149,110.42,101,110.43,09:01:29.456931847
148,110.42,101,110.43,09:01:29.456947140
148,110.42,89,110.43,09:01:29.456947140
148,110.42,93,110.43,09:01:29.457281118
148,110.42,92,110.43,09:01:29.457344903
148,110.42,91,110.43,09:01:29.457396919
148,110.42,79,110.43,09:01:29.457410980
148,110.42,72,110.43,09:01:29.457427590
148,110.42,54,110.43,09:01:29.457458035
148,110.42,53,110.43,09:01:29.457473350
148,110.42,50,110.43,09:01:29.457685860
150,110.42,50,110.43,09:01:29.457719757
132,110.42,50,110.43,09:01:29.457753911
132,110.42,46,110.43,09:01:29.457753911
132,110.42,47,110.43,09:01:29.457768865
130,110.42,47,110.43,09:01:29.457929329
130,110.42,8,110.43,09:01:29.457944931
130,110.42,9,110.43,09:01:29.457995434
130,110.42,11,110.43,09:01:29.457995434
132,110.42,11,110.43,09:01:29.458012745
132,110.42,12,110.43,09:01:29.458045297
132,110.42,13,110.43,09:01:29.458045297
130,110.42,13,110.43,09:01:29.458109641
132,110.42,13,110.43,09:01:29.458186166
132,110.42,12,110.43,09:01:29.465207690
132,110.42,11,110.43,09:01:29.465314200
126,110.42,11,110.43,09:01:29.465764967
126,110.42,12,110.43,09:01:29.465912964
126,110.42,13,110.43,09:01:29.466430548
124,110.42,13,110.43,09:01:29.469236228
124,110.42,14,110.43,09:01:29.474879249
137,110.42,14,110.43,09:01:29.554720513
143,110.42,14,110.43,09:01:29.554824449
143,110.42,13,110.43,09:01:29.554945303
147,110.42,13,110.43,09:01:29.554945303
149,110.42,13,110.43,09:01:29.555008570
149,110.42,11,110.43,09:01:29.555128768
149,110.42,10,110.43,09:01:29.555200148
149,110.42,11,110.43,09:01:29.574074934
149,110.42,10,110.43,09:01:29.779439860
149,110.42,9,110.43,09:01:30.190230216
149,110.42,4,110.43,09:01:30.190319873
149,110.42,3,110.43,09:01:30.190409710
149,110.42,4,110.43,09:01:30.190579128
149,110.42,3,110.43,09:01:30.193773145
155,110.42,3,110.43,09:01:30.200422480
155,110.42,1,110.43,09:01:30.232484940
155,110.42,226,110.44,09:01:30.232564658
155,110.42,222,110.44,09:01:30.232936567
156,110.42,222,110.44,09:01:30.243816074
156,110.42,223,110.44,09:01:30.675194552
2,110.43,223,110.44,09:01:33.788592199
7,110.43,223,110.44,09:01:33.788960902
7,110.43,231,110.44,09:01:33.789787761
5,110.43,231,110.44,09:01:33.791744235
5,110.43,223,110.44,09:01:33.804887363
5,110.43,231,110.44,09:01:33.906311187
162,110.42,231,110.44,09:01:33.906471033
156,110.42,231,110.44,09:01:33.906951116
156,110.42,223,110.44,09:01:33.907439569
156,110.42,222,110.44,09:01:34.888750807
9,110.43,222,110.44,09:01:35.129007374
15,110.43,222,110.44,09:01:35.129326762
6,110.43,222,110.44,09:01:35.130371830
12,110.43,222,110.44,09:01:35.564172549
14,110.43,222,110.44,09:01:35.564172549
20,110.43,222,110.44,09:01:35.564172549
21,110.43,222,110.44,09:01:35.564250994
21,110.43,204,110.44,09:01:35.564272923
30,110.43,204,110.44,09:01:35.564272923
32,110.43,204,110.44,09:01:35.564384219
33,110.43,204,110.44,09:01:35.564456046
34,110.43,204,110.44,09:01:35.564456046
38,110.43,204,110.44,09:01:35.564637064
39,110.43,204,110.44,09:01:35.564637064
33,110.43,204,110.44,09:01:35.564709214
33,110.43,205,110.44,09:01:36.214298928
32,110.43,205,110.44,09:01:36.696626825
38,110.43,205,110.44,09:01:38.561858976
39,110.43,205,110.44,09:01:38.562072643
47,110.43,205,110.44,09:01:38.563216226
47,110.43,190,110.44,09:01:38.566764764
47,110.43,186,110.44,09:01:38.566764764
39,110.43,186,110.44,09:01:38.569030641
33,110.43,186,110.44,09:01:38.570275045
33,110.43,185,110.44,09:01:38.573345146
33,110.43,179,110.44,09:01:38.575664338
39,110.43,179,110.44,09:01:38.575664338
47,110.43,179,110.44,09:01:38.575820373
82,110.43,179,110.44,09:01:38.579909553
91,110.43,179,110.44,09:01:38.580058604
106,110.43,179,110.44,09:01:38.585157514
106,110.43,170,110.44,09:01:38.586677082
106,110.43,168,110.44,09:01:38.596455290
106,110.43,166,110.44,09:01:38.596527998
106,110.43,164,110.44,09:01:38.599163018
91,110.43,164,110.44,09:01:38.610551294
82,110.43,164,110.44,09:01:38.611086247
47,110.43,164,110.44,09:01:38.611155502
39,110.43,164,110.44,09:01:38.621771551
33,110.43,164,110.44,09:01:38.622077154
41,110.43,164,110.44,09:01:38.667578023
47,110.43,164,110.44,09:01:38.667651930
39,110.43,164,110.44,09:01:38.857998398
33,110.43,164,110.44,09:01:38.858383086
33,110.43,163,110.44,09:01:38.869285824
33,110.43,162,110.44,09:01:38.869353948
32,110.43,162,110.44,09:01:39.065522467
31,110.43,162,110.44,09:01:39.065668386
29,110.43,162,110.44,09:01:39.069008137
30,110.43,162,110.44,09:01:39.069750607
31,110.43,162,110.44,09:01:39.069847852
30,110.43,162,110.44,09:01:39.072105668
29,110.43,162,110.44,09:01:39.072201918
30,110.43,162,110.44,09:01:39.088965291
31,110.43,162,110.44,09:01:39.089107313
30,110.43,162,110.44,09:01:39.223655970
31,110.43,162,110.44,09:01:39.243911926
31,110.43,163,110.44,09:01:39.272652986
32,110.43,163,110.44,09:01:39.384599152
38,110.43,163,110.44,09:01:39.705118108
39,110.43,163,110.44,09:01:39.705283868
40,110.43,163,110.44,09:01:39.705440732
34,110.43,163,110.44,09:01:39.750901513
33,110.43,163,110.44,09:01:39.751087919
32,110.43,163,110.44,09:01:39.751156188
31,110.43,163,110.44,09:01:39.789831359
30,110.43,163,110.44,09:01:39.790126781
29,110.43,163,110.44,09:01:39.809734030
30,110.43,163,110.44,09:01:39.829554195
29,110.43,163,110.44,09:01:39.849775539
23,110.43,163,110.44,09:01:40.064958249
14,110.43,163,110.44,09:01:40.065561187
14,110.43,172,110.44,09:01:40.065716886
13,110.43,172,110.44,09:01:40.065821142
13,110.43,190,110.44,09:01:40.065839788
11,110.43,190,110.44,09:01:40.065839788
11,110.43,201,110.44,09:01:40.065947426
7,110.43,201,110.44,09:01:40.065947426
7,110.43,209,110.44,09:01:40.065971205
1,110.43,209,110.44,09:01:40.066083205
1,110.43,208,110.44,09:01:40.275238793
10,110.43,208,110.44,09:01:40.507338860
10,110.43,199,110.44,09:01:40.507416700
12,110.43,199,110.44,09:01:40.507852194
14,110.43,199,110.44,09:01:40.507924277
12,110.43,199,110.44,09:01:40.508085461
13,110.43,199,110.44,09:01:40.519827561
14,110.43,199,110.44,09:01:40.519992274
16,110.43,199,110.44,09:01:40.520188996
18,110.43,199,110.44,09:01:40.520188996
22,110.43,199,110.44,09:01:40.520204924
23,110.43,199,110.44,09:01:40.520278791
24,110.43,199,110.44,09:01:40.520278791
23,110.43,199,110.44,09:01:40.521729841
24,110.43,199,110.44,09:01:40.524013276
30,110.43,199,110.44,09:01:40.631011072
38,110.43,199,110.44,09:01:40.631177293
40,110.43,199,110.44,09:01:40.631177293
40,110.43,191,110.44,09:01:40.631947779
40,110.43,180,110.44,09:01:40.631947779
41,110.43,180,110.44,09:01:40.632082358
42,110.43,180,110.44,09:01:40.632226678
42,110.43,162,110.44,09:01:40.632316521
75,110.43,162,110.44,09:01:40.637185318
86,110.43,162,110.44,09:01:40.637329638
85,110.43,162,110.44,09:01:40.698365096
74,110.43,162,110.44,09:01:40.699242331
41,110.43,162,110.44,09:01:40.699308222
42,110.43,162,110.44,09:01:40.725733299
56,110.43,162,110.44,09:01:41.546257456
66,110.43,162,110.44,09:01:41.546393239
67,110.43,162,110.44,09:01:41.546526803
71,110.43,162,110.44,09:01:41.546658669
105,110.43,162,110.44,09:01:41.546658669
104,110.43,162,110.44,09:01:41.546858943
114,110.43,162,110.44,09:01:41.546927773
100,110.43,162,110.44,09:01:41.560145046
96,110.43,162,110.44,09:01:41.560225497
86,110.43,162,110.44,09:01:42.111716406
52,110.43,162,110.44,09:01:42.212472680
42,110.43,162,110.44,09:01:42.212548129
42,110.43,163,110.44,09:01:42.216128229
41,110.43,163,110.44,09:01:43.182341661
42,110.43,163,110.44,09:01:43.184310094
41,110.43,163,110.44,09:01:43.431006401
40,110.43,163,110.44,09:01:43.431079146
34,110.43,163,110.44,09:01:43.591370560
26,110.43,163,110.44,09:01:43.591518450
27,110.43,163,110.44,09:01:43.723122569
26,110.43,163,110.44,09:01:43.755743731
27,110.43,163,110.44,09:01:43.810635005
26,110.43,163,110.44,09:01:43.936386960
27,110.43,163,110.44,09:01:44.294352519
26,110.43,163,110.44,09:01:44.705418968
24,110.43,163,110.44,09:01:44.705518504
23,110.43,163,110.44,09:01:44.705548238
21,110.43,163,110.44,09:01:44.705548238
20,110.43,163,110.44,09:01:44.705548238
11,110.43,163,110.44,09:01:44.705572644
9,110.43,163,110.44,09:01:44.705572644
8,110.43,163,110.44,09:01:44.705890446
7,110.43,163,110.44,09:01:44.705909146
7,110.43,172,110.44,09:01:44.706082532
7,110.43,187,110.44,09:01:44.706118983
5,110.43,187,110.44,09:01:44.706142074
5,110.43,191,110.44,09:01:44.706142074
5,110.43,209,110.44,09:01:44.706142074
1,110.43,209,110.44,09:01:44.706172839
1,110.43,217,110.44,09:01:44.706172839
183,110.42,217,110.44,09:01:44.706644544
189,110.42,217,110.44,09:01:44.706738317
189,110.42,215,110.44,09:01:44.706819827
189,110.42,1,110.43,09:01:44.706938403
189,110.42,5,110.43,09:01:44.707033783
189,110.42,6,110.43,09:01:44.707033783
183,110.42,6,110.43,09:01:44.707155251
183,110.42,5,110.43,09:01:44.707340003
183,110.42,1,110.43,09:01:44.707456032
183,110.42,221,110.44,09:01:44.707456032
183,110.42,215,110.44,09:01:44.707559321
183,110.42,219,110.44,09:01:44.707907013
183,110.42,215,110.44,09:01:44.708238613
183,110.42,1,110.43,09:01:44.727414552
183,110.42,2,110.43,09:01:44.727740439
183,110.42,1,110.43,09:01:44.789744957
180,110.42,1,110.43,09:01:45.223040276
180,110.42,41,110.43,09:01:45.225231737
180,110.42,1,110.43,09:01:45.238529093
180,110.42,214,110.44,09:01:45.414943955
2,110.43,214,110.44,09:01:45.415097014
22,110.43,214,110.44,09:01:45.415246348
22,110.43,199,110.44,09:01:45.415267254
22,110.43,195,110.44,09:01:45.415267254
23,110.43,195,110.44,09:01:45.415315929
24,110.43,195,110.44,09:01:45.415402725
32,110.43,195,110.44,09:01:45.415692488
32,110.43,189,110.44,09:01:45.415692488
38,110.43,189,110.44,09:01:45.415692488
39,110.43,189,110.44,09:01:45.415692488
44,110.43,189,110.44,09:01:45.415983938
44,110.43,171,110.44,09:01:45.415983938
50,110.43,171,110.44,09:01:45.415983938
51,110.43,171,110.44,09:01:45.416139640
60,110.43,171,110.44,09:01:45.416139640
61,110.43,171,110.44,09:01:45.416139640
62,110.43,171,110.44,09:01:45.416139640
62,110.43,162,110.44,09:01:45.416139640
61,110.43,162,110.44,09:01:45.416159036
71,110.43,162,110.44,09:01:45.416159036
51,110.43,162,110.44,09:01:45.416175726
45,110.43,162,110.44,09:01:45.416403519
36,110.43,162,110.44,09:01:45.416582789
45,110.43,162,110.44,09:01:45.416699688
46,110.43,162,110.44,09:01:45.416944421
45,110.43,162,110.44,09:01:45.417737757
46,110.43,162,110.44,09:01:45.417929335
45,110.43,162,110.44,09:01:45.420141580
46,110.43,162,110.44,09:01:45.420247679
45,110.43,162,110.44,09:01:45.420976847
46,110.43,162,110.44,09:01:45.421500628
36,110.43,162,110.44,09:01:45.679697436
28,110.43,162,110.44,09:01:45.683954892
27,110.43,162,110.44,09:01:45.684094044
26,110.43,162,110.44,09:01:45.785695098
25,110.43,162,110.44,09:01:45.785840775
26,110.43,162,110.44,09:01:45.788407317
25,110.43,162,110.44,09:01:45.788550600
24,110.43,162,110.44,09:01:46.274546441
24,110.43,176,110.44,09:01:46.700877830
22,110.43,176,110.44,09:01:46.701006282
16,110.43,176,110.44,09:01:46.701006282
16,110.43,185,110.44,09:01:46.701129904
7,110.43,185,110.44,09:01:46.701129904
7,110.43,190,110.44,09:01:46.701129904
7,110.43,208,110.44,09:01:46.701330679
2,110.43,208,110.44,09:01:46.701330679
3,110.43,208,110.44,09:01:46.701398935
3,110.43,199,110.44,09:01:46.701516905
3,110.43,201,110.44,09:01:46.701535702
2,110.43,201,110.44,09:01:46.701749826
2,110.43,199,110.44,09:01:46.702068816
8,110.43,199,110.44,09:01:46.711426998
10,110.43,199,110.44,09:01:46.711610738
8,110.43,199,110.44,09:01:46.847202807
2,110.43,199,110.44,09:01:46.860511575
1,110.43,199,110.44,09:01:46.860810324
186,110.42,199,110.44,09:01:46.860810324
186,110.42,205,110.44,09:01:46.860996164
180,110.42,205,110.44,09:01:46.861086560
180,110.42,212,110.44,09:01:46.883675296
2,110.43,212,110.44,09:01:47.101358191
4,110.43,212,110.44,09:01:47.101478108
8,110.43,212,110.44,09:01:47.101669890
6,110.43,212,110.44,09:01:47.299255283
2,110.43,212,110.44,09:01:47.299421504
180,110.42,212,110.44,09:01:47.299574614
1,110.43,212,110.44,09:01:47.691072212
5,110.43,212,110.44,09:01:47.691251684
6,110.43,212,110.44,09:01:47.691507437
7,110.43,212,110.44,09:01:47.691747917
8,110.43,212,110.44,09:01:47.691825436
17,110.43,212,110.44,09:01:47.691965923
16,110.43,212,110.44,09:01:47.692127783
21,110.43,212,110.44,09:01:47.692237369
21,110.43,194,110.44,09:01:47.692335693
20,110.43,194,110.44,09:01:47.697366470
15,110.43,194,110.44,09:01:47.697463455
16,110.43,194,110.44,09:01:47.758678447
17,110.43,194,110.44,09:01:47.758876543
22,110.43,194,110.44,09:01:47.809653497
21,110.43,194,110.44,09:01:47.885474032
21,110.43,193,110.44,09:01:48.370362646
23,110.43,193,110.44,09:01:48.432469867
24,110.43,193,110.44,09:01:48.432818692
25,110.43,193,110.44,09:01:48.433095180
27,110.43,193,110.44,09:01:48.433169600
28,110.43,193,110.44,09:01:48.433337683
29,110.43,193,110.44,09:01:48.433408787
31,110.43,193,110.44,09:01:48.521703098
30,110.43,193,110.44,09:01:48.522186089
38,110.43,193,110.44,09:01:50.328016454
39,110.43,193,110.44,09:01:50.328096089
45,110.43,193,110.44,09:01:50.328212946
37,110.43,193,110.44,09:01:50.328279689
37,110.43,179,110.44,09:01:50.328393230
37,110.43,174,110.44,09:01:50.328393230
45,110.43,174,110.44,09:01:50.333848837
63,110.43,174,110.44,09:01:50.334215732
63,110.43,175,110.44,09:01:50.352464656
63,110.43,169,110.44,09:01:51.284547163
107,110.43,169,110.44,09:01:51.284547163
107,110.43,168,110.44,09:01:51.284643483
117,110.43,168,110.44,09:01:51.284663019
123,110.43,168,110.44,09:01:51.295054956
141,110.43,168,110.44,09:01:53.182221416
141,110.43,160,110.44,09:01:53.182234763
123,110.43,160,110.44,09:01:53.363234432
123,110.43,161,110.44,09:01:53.363395857
113,110.43,161,110.44,09:01:53.363489953
113,110.43,160,110.44,09:01:53.757685464
113,110.43,167,110.44,09:01:55.166868149
123,110.43,167,110.44,09:01:56.334085695
123,110.43,166,110.44,09:01:57.351135803
123,110.43,165,110.44,09:01:57.351245384
123,110.43,166,110.44,09:01:57.549096213
123,110.43,167,110.44,09:01:57.549595835
113,110.43,167,110.44,09:01:57.549690522
113,110.43,168,110.44,09:01:57.550097841
113,110.43,167,110.44,09:01:58.534747199
115,110.43,167,110.44,09:01:59.784441516
115,110.43,168,110.44,09:02:00.037191911
115,110.43,167,110.44,09:02:00.109594977
115,110.43,168,110.44,09:02:00.126798221
71,110.43,168,110.44,09:02:01.275547880
69,110.43,168,110.44,09:02:01.275932917
63,110.43,168,110.44,09:02:01.286252797
45,110.43,168,110.44,09:02:01.358750538
37,110.43,168,110.44,09:02:01.358816823
31,110.43,168,110.44,09:02:01.666925020
37,110.43,168,110.44,09:02:02.609826729
45,110.43,168,110.44,09:02:02.610040259
85,110.43,168,110.44,09:02:02.610529380
103,110.43,168,110.44,09:02:02.611015586
113,110.43,168,110.44,09:02:02.611116159
103,110.43,168,110.44,09:02:02.611854638
109,110.43,168,110.44,09:02:02.621332995
119,110.43,168,110.44,09:02:02.631111024
119,110.43,167,110.44,09:02:02.631381432
113,110.43,167,110.44,09:02:02.631472392
113,110.43,168,110.44,09:02:02.631541004
119,110.43,168,110.44,09:02:02.641785600
119,110.43,167,110.44,09:02:02.676903417
119,110.43,166,110.44,09:02:02.679405086
119,110.43,165,110.44,09:02:02.680135015
119,110.43,166,110.44,09:02:02.687050569
119,110.43,167,110.44,09:02:02.691007190
109,110.43,167,110.44,09:02:02.692556759
112,110.43,167,110.44,09:02:02.692710093
112,110.43,166,110.44,09:02:02.725110153
122,110.43,166,110.44,09:02:02.725455151
122,110.43,165,110.44,09:02:02.726705841
122,110.43,164,110.44,09:02:02.732492575
139,110.43,164,110.44,09:02:02.802775358
139,110.43,163,110.44,09:02:02.812530211
139,110.43,162,110.44,09:02:02.812763251
139,110.43,166,110.44,09:02:03.418106737
139,110.43,167,110.44,09:02:03.710373067
139,110.43,166,110.44,09:02:03.711091360
139,110.43,165,110.44,09:02:06.604915766
139,110.43,164,110.44,09:02:06.604986602
139,110.43,162,110.44,09:02:06.605203405
139,110.43,161,110.44,09:02:06.605274936
139,110.43,160,110.44,09:02:06.605352179
139,110.43,159,110.44,09:02:06.608550836
139,110.43,155,110.44,09:02:07.231338244
139,110.43,146,110.44,09:02:07.231352570
139,110.43,143,110.44,09:02:07.231468528
169,110.43,143,110.44,09:02:07.231651747
169,110.43,138,110.44,09:02:07.231651747
169,110.43,135,110.44,09:02:07.231785421
169,110.43,132,110.44,09:02:07.231925673
169,110.43,118,110.44,09:02:07.231954909
169,110.43,116,110.44,09:02:07.231954909
169,110.43,88,110.44,09:02:07.231954909
169,110.43,81,110.44,09:02:07.231968151
169,110.43,74,110.44,09:02:07.231968151
169,110.43,56,110.44,09:02:07.232098451
169,110.43,53,110.44,09:02:07.232320342
169,110.43,18,110.44,09:02:07.232572956
169,110.43,11,110.44,09:02:07.232572956
169,110.43,4,110.44,09:02:07.232572956
169,110.43,129,110.45,09:02:07.232572956
31,110.44,129,110.45,09:02:07.232746172
33,110.44,129,110.45,09:02:07.232964691
33,110.44,159,110.45,09:02:07.232964691
36,110.44,159,110.45,09:02:07.232964691
51,110.44,159,110.45,09:02:07.232964691
52,110.44,159,110.45,09:02:07.232983029
60,110.44,159,110.45,09:02:07.233008265
58,110.44,159,110.45,09:02:07.233176367
62,110.44,159,110.45,09:02:07.233457151
47,110.44,159,110.45,09:02:07.233711586
49,110.44,159,110.45,09:02:07.233711586
48,110.44,159,110.45,09:02:07.233711586
40,110.44,159,110.45,09:02:07.233711586
40,110.44,141,110.45,09:02:07.233826395
50,110.44,141,110.45,09:02:07.233826395
59,110.44,141,110.45,09:02:07.234199621
50,110.44,141,110.45,09:02:07.236524665
50,110.44,117,110.45,09:02:07.238428491
50,110.44,111,110.45,09:02:07.238863214
52,110.44,111,110.45,09:02:07.239358209
49,110.44,111,110.45,09:02:07.243032280
50,110.44,111,110.45,09:02:07.248707095
49,110.44,111,110.45,09:02:07.250030624
58,110.44,111,110.45,09:02:07.256154670
59,110.44,111,110.45,09:02:07.289615401
60,110.44,111,110.45,09:02:07.293775749
59,110.44,111,110.45,09:02:07.372103013
59,110.44,110,110.45,09:02:07.378290681
50,110.44,110,110.45,09:02:07.409355631
40,110.44,110,110.45,09:02:07.409719428
12,110.44,110,110.45,09:02:07.409839010
21,110.44,110,110.45,09:02:07.410278798
22,110.44,110,110.45,09:02:07.410475672
23,110.44,110,110.45,09:02:07.410571806
22,110.44,110,110.45,09:02:07.410642023
21,110.44,110,110.45,09:02:07.410800379
21,110.44,111,110.45,09:02:07.411488713
18,110.44,111,110.45,09:02:07.412989440
9,110.44,111,110.45,09:02:07.412989440
9,110.44,129,110.45,09:02:07.413096985
7,110.44,129,110.45,09:02:07.413359391
3,110.44,129,110.45,09:02:07.413359391
1,110.44,129,110.45,09:02:07.420911933
10,110.44,129,110.45,09:02:07.429981413
1,110.44,129,110.45,09:02:07.478069091
10,110.44,129,110.45,09:02:08.963418866
15,110.44,129,110.45,09:02:09.229946746
15,110.44,111,110.45,09:02:09.230118135
10,110.44,111,110.45,09:02:09.237458987
10,110.44,129,110.45,09:02:09.237851934
1,110.44,129,110.45,09:02:09.240481382
10,110.44,129,110.45,09:02:09.772389429
10,110.44,111,110.45,09:02:09.773051480
15,110.44,111,110.45,09:02:09.773051480
50,110.44,111,110.45,09:02:09.773209326
59,110.44,111,110.45,09:02:09.773282651
69,110.44,111,110.45,09:02:09.773472880
69,110.44,110,110.45,09:02:09.869648814
69,110.44,111,110.45,09:02:10.272016978
69,110.44,110,110.45,09:02:10.628482351
69,110.44,118,110.45,09:02:11.310353434
70,110.44,118,110.45,09:02:11.764672942
69,110.44,118,110.45,09:02:11.777439559
69,110.44,111,110.45,09:02:11.842189021
87,110.44,111,110.45,09:02:12.082436004
87,110.44,99,110.45,09:02:12.083086637
87,110.44,93,110.45,09:02:12.083086637
77,110.44,93,110.45,09:02:12.083106381
79,110.44,93,110.45,09:02:12.083402870
80,110.44,93,110.45,09:02:12.083420800
62,110.44,93,110.45,09:02:12.117715805
60,110.44,93,110.45,09:02:12.145513366
60,110.44,109,110.45,09:02:12.182750522
62,110.44,109,110.45,09:02:12.262441471
65,110.44,109,110.45,09:02:12.262441471
66,110.44,109,110.45,09:02:12.262441471
74,110.44,109,110.45,09:02:12.262517929
74,110.44,93,110.45,09:02:12.262582348
66,110.44,93,110.45,09:02:12.262806761
65,110.44,93,110.45,09:02:12.265381108
66,110.44,93,110.45,09:02:12.266037344
65,110.44,93,110.45,09:02:12.544992242
62,110.44,93,110.45,09:02:12.545384474
63,110.44,93,110.45,09:02:12.563317182
