price,volume,timestamp
110.45,1,09:00:01.014114740
110.45,2,09:00:01.098707499
110.45,1,09:00:01.222453307
110.44,9,09:00:04.825211697
110.44,2,09:00:04.825442368
110.44,1,09:00:04.825457552
110.44,8,09:00:04.825471885
110.44,15,09:00:04.825471885
110.44,8,09:00:04.825488906
110.44,1,09:00:04.825488906
110.44,2,09:00:04.825488906
110.44,10,09:00:04.825488906
110.44,6,09:00:04.825488906
110.44,8,09:00:04.825504532
110.44,16,09:00:04.825504532
110.44,3,09:00:04.825518138
110.44,1,09:00:04.825532131
110.44,1,09:00:04.825546157
110.44,2,09:00:04.825874440
110.44,4,09:00:04.825888393
110.44,1,09:00:04.825888393
110.44,1,09:00:04.825904344
110.44,9,09:00:08.661086584
110.44,1,09:00:08.661086584
110.44,1,09:00:08.661307804
110.44,2,09:00:08.661322450
110.44,4,09:00:08.661322450
110.44,1,09:00:08.661322450
110.44,10,09:00:08.661338335
110.44,26,09:00:08.661338335
110.44,13,09:00:08.661338335
110.44,1,09:00:08.661358277
110.44,3,09:00:22.374832070
110.44,2,09:00:22.374918410
110.44,2,09:00:22.375253248
110.44,7,09:00:22.375576115
110.43,1,09:00:28.367691138
110.43,1,09:00:30.538583815
110.43,9,09:00:31.022245296
110.43,1,09:00:44.684939141
110.43,9,09:00:44.685094732
110.43,2,09:00:44.685114188
110.43,1,09:00:44.685114188
110.43,3,09:00:44.685114188
110.43,1,09:00:44.685140441
110.43,9,09:00:44.685140441
110.43,2,09:00:44.685140441
110.43,18,09:00:44.685140441
110.43,4,09:00:44.979728601
110.43,2,09:00:44.980524748
110.43,6,09:00:44.980524748
110.43,1,09:00:44.980782710
110.43,1,09:00:45.721535912
110.43,6,09:00:55.695750405
110.43,1,09:00:55.695880858
110.43,2,09:00:55.695880858
110.43,3,09:00:55.695895475
110.43,1,09:00:55.695895475
110.43,1,09:00:55.696152625
110.43,8,09:00:55.696176226
110.43,2,09:00:55.748501703
110.43,1,09:00:59.306255615
110.43,1,09:00:59.306362975
110.43,3,09:00:59.306388054
110.43,1,09:00:59.306388054
110.43,33,09:00:59.306388054
110.43,1,09:00:59.316880161
110.43,7,09:00:59.317102256
110.43,2,09:01:03.915596459
110.43,1,09:01:03.917737852
110.43,2,09:01:03.918700721
110.43,1,09:01:03.918700721
110.43,2,09:01:03.920182228
110.43,1,09:01:03.920182228
110.43,1,09:01:03.932218622
110.43,1,09:01:08.036091831
110.43,2,09:01:10.487533993
110.43,22,09:01:10.487641213
110.43,16,09:01:10.487655616
110.43,6,09:01:10.487655616
110.43,1,09:01:10.487655616
110.43,1,09:01:10.487887692
110.43,3,09:01:10.487902794
110.43,1,09:01:10.487902794
110.43,1,09:01:10.487923069
110.43,3,09:01:16.388449613
110.43,1,09:01:17.797468615
110.43,1,09:01:22.762619853
110.43,2,09:01:22.762619853
110.43,1,09:01:22.762729626
110.43,1,09:01:22.762746432
110.43,2,09:01:22.762746432
110.43,7,09:01:22.762763751
110.43,9,09:01:22.763599546
110.43,1,09:01:22.798007904
110.43,1,09:01:29.455038543
110.43,1,09:01:29.455105960
110.43,4,09:01:29.455122316
110.43,2,09:01:29.455149887
110.43,5,09:01:29.455637951
110.43,1,09:01:29.457396919
110.43,12,09:01:29.457410980
110.43,7,09:01:29.457427590
110.43,2,09:01:30.232484940
110.43,1,09:01:30.232564658
110.43,1,09:01:44.706644544
110.43,1,09:01:44.707340003
110.43,4,09:01:44.707456032
110.43,1,09:01:44.707456032
110.43,1,09:01:45.414943955
110.44,4,09:02:07.231338244
110.44,9,09:02:07.231352570
110.44,3,09:02:07.231468528
110.44,5,09:02:07.231651747
110.44,3,09:02:07.231785421
110.44,3,09:02:07.231925673
110.44,2,09:02:07.231954909
110.44,14,09:02:07.231954909
110.44,28,09:02:07.231954909
110.44,7,09:02:07.231968151
110.44,18,09:02:07.232098451
110.44,3,09:02:07.232320342
110.44,35,09:02:07.232572956
110.44,4,09:02:07.232572956
110.44,7,09:02:07.232572956
110.44,3,09:02:07.243032280
110.44,1,09:02:25.309385281
110.44,1,09:03:03.658286995
110.44,1,09:03:03.658347628
110.44,1,09:03:06.165412606
110.44,3,09:03:14.617794741
110.44,3,09:03:14.617910381
110.44,1,09:03:14.617931367
110.44,1,09:03:14.617946820
110.44,2,09:03:14.618251544
110.44,7,09:03:14.618251544
110.44,1,09:03:14.618389870
110.44,1,09:03:14.619402234
110.44,2,09:03:14.619502503
110.44,2,09:03:14.619606487
110.44,2,09:03:14.619853185
110.44,2,09:03:14.619997274
110.44,1,09:03:14.620345008
110.44,3,09:03:14.620373072
110.44,5,09:03:14.620373072
110.45,1,09:03:42.669346275
110.45,1,09:03:42.669429028
110.45,1,09:03:42.669452551
110.45,1,09:03:42.680368784
110.45,4,09:03:42.680368784
110.45,1,09:04:21.191305743
110.45,4,09:04:21.191657950
110.45,1,09:04:21.192000795
110.45,2,09:04:21.192000795
110.45,3,09:04:21.192015877
110.45,2,09:04:21.193190593
110.45,1,09:04:21.193190593
110.45,1,09:04:21.228913625
110.45,2,09:04:21.320201073
110.45,1,09:04:21.362035554
110.46,1,09:04:33.958153977
110.46,2,09:04:33.958153977
110.46,1,09:04:39.728500759
110.46,4,09:04:39.728500759
110.45,1,09:04:47.637409613
110.45,9,09:04:47.671109840
110.45,1,09:04:47.671193948
110.45,2,09:04:47.671212451
110.45,2,09:04:47.671590066
110.45,1,09:04:47.671812204
110.45,1,09:06:10.592581949
110.45,1,09:06:10.658065040
110.45,1,09:06:10.658087552
110.45,5,09:06:10.658120137
110.45,3,09:06:10.658120137
110.45,17,09:06:10.658120137
110.45,4,09:06:10.658120137
110.46,1,09:06:24.782276698
110.46,1,09:06:24.782381651
110.45,3,09:06:59.872083881
110.45,1,09:06:59.872267417
110.45,2,09:06:59.872282319
110.45,1,09:06:59.872381855
110.45,1,09:06:59.872397608
110.45,1,09:06:59.872416279
110.45,1,09:07:11.154862361
110.45,1,09:07:46.334842065
110.45,3,09:07:46.334842065
110.45,3,09:07:46.334973407
110.45,2,09:07:46.334973407
110.45,1,09:07:46.334993454
110.45,2,09:07:46.334993454
110.45,25,09:07:46.334993454
110.45,6,09:07:46.335196462
110.45,6,09:07:46.335225838
110.45,2,09:07:46.335225838
110.45,9,09:07:48.792669984
110.45,12,09:07:48.793181664
110.45,3,09:07:48.793210592
110.45,20,09:07:48.793210592
110.45,1,09:07:48.793210592
110.45,7,09:07:48.793210592
110.45,1,09:07:48.842967093
110.45,1,09:07:48.843299368
110.45,4,09:07:51.362068731
110.45,1,09:07:51.362554945
110.45,4,09:07:51.373472964
110.45,1,09:07:51.373490755
110.45,4,09:08:25.819515599
110.45,6,09:08:25.819592542
110.45,1,09:09:42.779979881
110.45,1,09:09:42.780104321
110.45,1,09:09:42.780122443
110.45,3,09:09:42.780122443
110.45,9,09:09:42.780122443
110.45,1,09:10:11.141632461
110.45,1,09:10:11.141707059
110.45,6,09:10:11.142745948
110.45,2,09:10:18.701178767
110.45,1,09:10:18.701382690
110.45,3,09:10:18.701474616
110.45,9,09:10:18.701674999
110.45,19,09:10:18.701793745
110.45,2,09:10:18.701793745
110.45,7,09:10:18.701814203
110.45,4,09:10:18.701814203
110.45,3,09:10:18.701814203
110.45,3,09:10:18.702060177
110.45,6,09:10:18.702237623
110.45,5,09:10:18.702414292
110.45,2,09:10:20.207949798
110.45,2,09:10:20.208075426
110.45,4,09:10:20.208075426
110.45,2,09:10:20.208514722
110.45,1,09:10:20.208678709
110.45,6,09:10:20.208707519
110.45,1,09:10:20.208707519
110.45,10,09:10:20.208707519
110.44,2,09:10:22.818267471
110.44,1,09:10:22.818267471
110.43,1,09:10:41.352688004
110.43,2,09:10:41.352688004
110.43,3,09:10:41.352806508
110.43,1,09:10:41.352806508
110.43,12,09:10:41.352991005
110.43,3,09:10:41.353005459
110.43,1,09:10:41.353019603
110.43,3,09:10:41.353019603
110.43,2,09:10:41.353191558
110.43,1,09:10:41.353649337
110.43,3,09:10:41.353649337
110.43,1,09:10:41.353947653
110.43,3,09:10:41.354302853
110.43,2,09:10:41.354457573
110.43,6,09:10:41.354457573
110.43,3,09:10:41.371763140
110.43,4,09:10:41.371900149
110.43,5,09:10:42.912463969
110.43,9,09:10:42.912557380
110.43,1,09:10:42.912573850
110.43,5,09:10:42.912573850
110.43,4,09:10:42.912573850
110.43,1,09:10:44.211462605
110.43,3,09:10:44.211532289
110.43,1,09:10:44.211843325
110.43,1,09:10:51.471132984
110.43,1,09:10:54.379169061
110.43,1,09:11:04.697635082
110.43,1,09:11:19.426234401
110.43,1,09:11:19.426371050
110.43,1,09:11:19.426386468
110.43,2,09:11:19.426399950
110.43,25,09:11:19.426587146
110.43,9,09:11:19.426601534
110.43,1,09:11:19.426601534
110.43,5,09:11:19.426757396
110.43,1,09:11:19.427185187
110.43,1,09:11:47.116415308
110.43,9,09:11:47.116591576
110.43,1,09:11:47.116614696
110.43,25,09:11:47.116614696
110.43,1,09:11:47.116628844
110.43,3,09:11:47.116955477
110.43,1,09:11:47.116988654
110.44,1,09:11:55.903538077
110.43,7,09:12:00.480985317
110.43,7,09:12:00.481000302
110.43,1,09:12:00.481257518
110.43,5,09:12:00.481257518
110.43,37,09:12:00.481257518
110.42,25,09:12:07.961485830
110.42,1,09:12:07.961500201
110.42,2,09:12:07.961500201
110.42,1,09:12:07.961513558
110.42,1,09:12:07.961557500
110.42,1,09:12:07.961578911
110.42,2,09:12:07.961592271
110.42,2,09:12:07.961612272
110.42,3,09:12:07.962166479
110.42,1,09:12:07.962232303
110.42,14,09:12:07.962263455
110.42,1,09:12:07.962570263
110.42,7,09:12:07.962584695
110.42,3,09:12:07.962655502
110.42,9,09:12:07.962753870
110.42,18,09:12:07.962782712
110.42,4,09:12:07.963305403
110.42,1,09:12:08.223438472
110.42,2,09:12:08.223506553
110.41,1,09:12:13.900325746
110.42,7,09:13:15.428088179
110.42,2,09:13:15.428230293
110.42,1,09:13:15.428245538
110.42,3,09:13:15.428245538
110.42,1,09:13:15.428498696
110.42,1,09:13:15.428526195
110.42,2,09:13:15.428526195
110.42,27,09:13:15.428526195
110.41,1,09:13:37.140294752
110.41,1,09:13:55.002203397
110.41,3,09:13:55.002219326
110.41,1,09:13:55.002219326
110.41,1,09:14:11.892393888
110.41,1,09:14:11.892408319
110.41,2,09:14:11.892448290
110.41,2,09:14:20.464258722
110.42,6,09:14:38.549585443
110.42,3,09:14:38.550150521
110.42,2,09:14:38.550150521
110.42,1,09:14:38.550328556
110.42,5,09:14:38.550328556
110.42,2,09:14:38.550328556
110.42,4,09:14:38.550328556
110.42,1,09:14:38.550774175
110.42,9,09:14:38.550805729
110.42,4,09:14:38.550805729
110.42,2,09:14:38.560842381
110.42,2,09:14:38.561065811
110.42,1,09:14:38.611205224
110.42,1,09:14:41.201394361
110.42,9,09:14:41.201408367
110.42,1,09:14:41.201424406
110.42,18,09:14:41.201424406
110.42,1,09:14:41.201441209
110.42,4,09:14:41.201463401
110.42,2,09:14:41.201643497
110.42,3,09:14:41.201680102
110.42,1,09:14:41.201696850
110.42,2,09:14:41.201727682
110.42,6,09:14:41.202872942
110.42,2,09:14:41.202890110
110.42,1,09:14:41.211909627
110.41,5,09:14:52.695290256
110.42,9,09:14:58.315389044
110.42,1,09:14:58.315389044
110.42,1,09:14:58.315507819
110.42,1,09:14:58.315522523
110.42,9,09:14:58.315522523
110.42,2,09:14:58.315522523
110.42,6,09:14:58.315522523
110.42,1,09:14:58.315753623
110.42,5,09:14:58.326115040
110.42,14,09:15:02.044480278
110.42,1,09:15:02.044579558
110.42,10,09:15:02.044579558
110.42,1,09:15:02.046720858
110.42,1,09:15:02.219536047
110.42,1,09:15:02.242635117
110.42,2,09:15:11.762838471
110.42,4,09:15:11.762920161
110.42,3,09:15:11.763024027
110.42,1,09:15:11.763461526
110.42,1,09:15:11.763599389
110.42,3,09:15:11.763621655
110.42,1,09:15:12.012809560
110.43,9,09:15:39.343774638
110.43,1,09:15:39.343981773
110.43,2,09:15:39.343996986
110.43,1,09:15:39.343996986
110.43,1,09:15:39.344010439
110.43,1,09:15:39.344024045
110.43,1,09:15:39.344038256
110.43,1,09:15:39.344053811
110.43,1,09:15:39.344068848
110.43,4,09:15:39.344068848
110.43,1,09:15:39.344086343
110.44,1,09:16:23.863777952
110.44,1,09:16:23.863889837
110.44,1,09:16:23.864007402
110.44,2,09:16:23.864024650
110.44,1,09:16:23.864728202
110.44,4,09:16:23.864747753
110.44,3,09:16:23.864747753
110.44,2,09:16:23.864747753
110.44,5,09:16:23.864747753
110.44,1,09:16:23.874518740
110.44,1,09:16:23.874832241
110.45,1,09:16:36.807364559
110.45,1,09:16:36.807455956
110.45,1,09:16:36.807474644
110.45,1,09:16:36.818240368
110.45,1,09:16:36.818402922
110.45,2,09:16:36.818562829
110.45,1,09:16:37.535217916
110.45,2,09:16:50.667918099
110.44,1,09:17:00.801337401
110.44,1,09:17:00.815227384
110.44,10,09:17:24.268610612
110.44,2,09:17:24.268720938
110.44,1,09:17:24.268744675
110.44,4,09:17:24.268744675
110.44,3,09:17:24.268744675
110.43,2,09:17:28.559523378
110.43,2,09:17:32.198221326
110.43,1,09:17:32.198395115
110.43,1,09:17:32.198410984
110.43,34,09:17:32.198410984
110.43,9,09:17:32.198410984
110.43,2,09:17:32.198410984
110.43,1,09:17:32.198434910
110.43,5,09:17:32.198434910
110.43,17,09:17:32.198434910
110.43,10,09:17:32.198434910
110.43,11,09:17:32.230919233
110.43,11,09:17:32.250579163
110.43,1,09:17:33.569271685
110.43,9,09:17:33.569516612
110.43,2,09:17:33.632129080
110.43,2,09:17:36.477745784
110.43,2,09:17:36.653188511
110.43,4,09:17:36.721740901
110.43,2,09:17:36.721931566
110.43,3,09:17:36.722021646
110.43,10,09:17:39.657961113
110.43,1,09:17:39.678246428
110.43,7,09:17:39.700431793
110.43,2,09:17:39.700744189
110.43,1,09:17:39.720046658
110.43,3,09:17:39.720138757
110.43,4,09:17:39.914920981
110.43,2,09:17:39.979595111
110.43,3,09:17:39.998096840
110.43,1,09:17:40.008380877
110.43,1,09:17:40.028152846
110.43,2,09:17:40.048146382
110.43,7,09:17:40.048231793
110.43,1,09:17:40.048231793
110.43,2,09:17:40.069210509
110.43,5,09:17:40.069210509
110.43,1,09:17:40.069288607
110.43,5,09:17:40.146983159
110.43,2,09:17:40.147285201
110.43,2,09:17:40.147460928
110.43,2,09:17:40.168328675
110.43,3,09:17:40.168403315
110.43,1,09:17:40.188907504
110.43,1,09:17:40.189092829
110.43,3,09:17:40.322268746
110.43,1,09:17:45.301200183
110.43,2,09:17:45.301282237
110.43,3,09:17:45.301299018
110.43,1,09:17:45.301299018
110.43,6,09:17:45.301557070
110.43,4,09:17:45.500890161
110.43,1,09:17:46.998468414
110.43,1,09:17:46.998815753
110.43,1,09:18:01.926454261
110.43,3,09:18:07.101824070
110.43,1,09:18:07.101824070
110.43,1,09:18:49.869534459
110.43,1,09:18:49.869656621
110.42,1,09:19:10.770983582
110.42,1,09:19:11.348080917
110.42,2,09:19:11.348173192
110.42,2,09:19:11.348425291
110.43,3,09:19:32.287921114
110.43,6,09:19:32.287921114
110.43,6,09:19:32.288224570
110.43,1,09:19:32.288224570
110.43,5,09:19:32.288243201
110.43,1,09:19:32.288243201
110.42,1,09:20:31.338644119
110.42,4,09:20:34.315194961
110.42,3,09:20:34.326056997
110.42,1,09:20:34.326074272
110.42,1,09:20:34.355199174
110.42,1,09:20:34.365826446
110.42,4,09:20:41.704432531
110.42,4,09:20:41.715468430
110.42,1,09:20:41.715628997
110.42,1,09:20:49.188539185
110.42,1,09:20:49.360108072
110.42,5,09:20:49.360188883
110.41,1,09:20:51.577678864
110.41,1,09:20:51.577757893
110.41,1,09:20:51.577774341
110.41,1,09:20:51.578329302
110.41,1,09:20:51.701951049
110.41,3,09:20:51.702453882
110.41,3,09:20:51.702535976
110.41,1,09:20:51.702551653
110.41,1,09:20:51.718275010
110.41,2,09:20:51.718364022
110.41,1,09:20:51.718364022
110.41,1,09:20:51.743484137
110.41,3,09:20:51.935129113
110.41,2,09:20:52.299916806
110.41,2,09:20:52.547971245
110.41,2,09:20:53.536389697
110.41,1,09:20:53.600084165
110.41,2,09:20:53.669925012
110.41,2,09:20:54.898967170
110.41,1,09:20:54.982929229
110.41,1,09:20:54.983002018
110.41,2,09:20:55.180498937
110.41,2,09:20:55.180642556
110.41,1,09:20:55.180663487
110.41,9,09:20:55.180663487
110.41,1,09:20:55.180686044
110.41,5,09:20:55.180686044
110.41,2,09:20:55.180686044
110.41,2,09:21:11.703638327
110.41,5,09:21:13.588418444
110.41,4,09:21:13.588775804
110.41,6,09:21:13.589498421
110.41,1,09:21:13.589498421
110.41,3,09:21:13.589555452
110.41,1,09:21:13.600066967
110.41,7,09:21:13.600154650
110.41,1,09:21:36.559334799
110.41,1,09:21:36.559352028
110.41,1,09:21:36.746353335
110.4,2,09:22:15.646883506
110.4,3,09:22:34.038518545
110.4,2,09:22:47.339925894
110.4,3,09:22:47.340047664
110.4,1,09:22:47.340070659
110.4,5,09:22:47.340248627
110.4,3,09:22:52.656677180
110.4,3,09:22:52.656762824
110.4,1,09:22:52.667477877
110.4,2,09:22:52.667477877
110.4,1,09:22:52.840048617
110.4,1,09:22:52.840844546
110.4,2,09:22:56.081216957
110.4,2,09:22:56.081245136
110.4,1,09:22:56.081245136
110.4,1,09:22:56.081637670
110.4,1,09:22:56.265315333
110.4,2,09:22:56.334035652
110.4,2,09:22:59.705647499
110.4,1,09:22:59.706091322
110.4,2,09:22:59.789850864
110.4,2,09:23:04.094407589
110.4,1,09:23:04.094689596
110.4,1,09:23:04.094776815
110.4,1,09:23:16.317479629
110.4,6,09:23:16.317479629
110.4,1,09:23:16.317558323
110.4,9,09:23:16.317576829
110.4,1,09:23:16.328185452
110.4,1,09:23:16.328273144
110.4,9,09:23:22.579699480
110.4,6,09:23:25.257810077
110.4,1,09:23:25.257940416
110.4,2,09:23:25.258161154
110.4,5,09:23:25.258161154
110.4,9,09:23:25.258470012
110.4,2,09:23:25.336046514
110.4,1,09:23:25.336617176
110.4,2,09:23:25.336617176
110.4,4,09:23:25.336865970
110.4,1,09:23:25.336865970
110.4,20,09:23:25.337066180
110.4,2,09:23:25.337066180
110.4,2,09:23:25.337082833
110.4,1,09:23:25.337082833
110.4,13,09:23:25.337375351
110.4,1,09:23:25.337425323
110.4,1,09:23:25.521801890
110.4,1,09:23:25.521817720
110.4,1,09:23:34.000961374
110.4,2,09:24:56.237526804
110.4,7,09:24:56.237540640
110.4,14,09:24:56.237645264
110.4,13,09:24:56.237661373
110.4,2,09:24:56.237676281
110.4,3,09:24:56.237697184
110.4,7,09:24:56.237723466
110.4,2,09:24:56.237723466
110.4,2,09:24:56.255788829
110.4,1,09:24:56.313302713
110.4,9,09:24:56.507376463
110.4,1,09:24:56.529393660
110.4,1,09:24:57.024189882
110.4,4,09:24:57.504724155
110.4,8,09:24:57.504724155
110.4,9,09:24:57.504744037
110.4,1,09:24:58.305790895
110.4,1,09:25:14.147789146
110.4,1,09:25:18.721303698
110.4,1,09:25:18.721320043
110.4,1,09:25:18.721502018
110.4,1,09:25:18.721615752
110.41,1,09:26:42.782057147
110.41,4,09:26:42.782057147
110.4,1,09:28:10.760770622
110.4,1,09:28:17.456244360
110.39,1,09:28:40.692721148
110.39,4,09:29:15.444853906
110.4,2,09:29:45.408239847
110.4,1,09:29:45.408239847
110.4,1,09:29:45.408387847
110.4,4,09:29:45.408416208
110.4,1,09:29:45.409243997
110.4,1,09:29:48.808380216
110.4,6,09:29:48.808467979
110.4,1,09:29:48.808484642
110.39,2,09:30:05.349313954
110.39,4,09:30:05.349429801
110.39,5,09:30:05.349444710
110.39,2,09:30:05.349444710
110.39,8,09:30:05.349457999
110.39,8,09:30:05.349471634
110.39,4,09:30:05.349502108
110.39,10,09:30:05.350067147
110.39,26,09:30:05.350143868
110.39,4,09:30:05.350417561
110.39,5,09:30:05.350438303
110.39,1,09:30:06.268737476
110.39,2,09:30:06.268737476
110.39,1,09:30:06.269073358
110.39,1,09:30:06.296549795
110.38,1,09:30:16.568895597
110.39,3,09:30:33.061241045
110.39,1,09:30:33.061321371
110.39,1,09:30:34.867222593
110.39,4,09:30:34.867222593
110.39,1,09:31:01.532515690
110.39,3,09:31:01.532515690
110.39,1,09:31:29.467153602
110.39,1,09:31:29.467362328
110.38,7,09:31:45.570297361
110.38,1,09:31:49.018275540
110.38,1,09:31:49.287979016
110.37,1,09:32:43.956391508
110.37,3,09:32:43.956414894
110.37,2,09:32:45.965043468
110.37,11,09:32:45.965516343
110.37,4,09:33:18.708202798
110.38,1,09:33:53.278171280
110.37,3,09:33:53.460528563
110.37,4,09:34:28.212726039
110.38,3,09:34:35.512445991
110.38,2,09:34:35.512460269
110.38,1,09:34:35.512475293
110.38,1,09:34:35.512490179
110.38,1,09:34:35.512503818
110.38,2,09:34:35.512503818
110.38,4,09:34:35.512517827
110.38,3,09:34:35.512882621
110.38,6,09:34:35.513017299
110.38,1,09:34:35.513047914
110.38,7,09:34:35.513047914
110.38,3,09:34:35.513047914
110.38,3,09:34:35.522984350
110.38,1,09:34:37.542195756
110.38,1,09:34:41.227883439
110.38,1,09:34:41.227962745
110.38,1,09:34:52.312741521
110.38,2,09:34:52.313218382
110.38,1,09:35:03.374512243
110.38,15,09:35:16.281353072
110.39,1,09:35:36.561098657
110.39,2,09:35:36.561098657
110.39,1,09:35:36.561294343
110.39,1,09:35:36.561308477
110.39,2,09:35:36.561322000
110.39,1,09:35:36.561336624
110.39,1,09:35:36.561349971
110.39,1,09:35:36.561365190
110.39,12,09:35:36.561365190
110.39,3,09:35:36.561365190
110.39,1,09:35:36.561378884
110.39,2,09:35:36.561392449
110.39,1,09:35:36.561406500
110.39,2,09:35:36.561420225
110.39,1,09:35:36.561436462
110.39,16,09:35:36.561456769
110.39,2,09:36:06.428052017
110.39,1,09:36:06.428052017
110.4,1,09:36:08.872682341
110.4,2,09:36:18.718928072
110.4,1,09:36:18.719022712
110.4,4,09:36:22.865289858
110.4,1,09:36:26.002778612
110.41,1,09:36:27.663250688
110.41,1,09:36:27.663353152
110.41,1,09:36:27.663374964
110.41,3,09:36:37.051871905
110.41,1,09:36:37.051871905
110.41,1,09:36:37.051960836
110.41,1,09:36:37.052360279
110.41,1,09:36:37.448886004
110.41,1,09:36:37.449435616
110.41,3,09:36:37.449435616
110.41,4,09:36:37.486487974
110.41,1,09:36:37.486575961
110.41,5,09:37:09.575511150
110.41,2,09:37:09.575658369
110.41,2,09:37:09.575683057
110.41,4,09:37:09.575683057
110.41,1,09:37:09.575683057
110.41,1,09:37:09.575699361
110.41,5,09:37:09.575699361
110.41,4,09:37:09.576242068
110.41,3,09:37:09.652766032
110.41,5,09:37:09.652766032
110.41,1,09:37:09.652766032
110.41,1,09:37:18.627057230
110.41,1,09:37:18.637857040
110.42,2,09:37:21.760148092
110.42,1,09:37:21.760148092
110.42,1,09:37:21.760234761
110.42,10,09:37:32.065533837
110.42,2,09:37:32.065596067
110.42,2,09:37:32.065610391
110.42,1,09:37:32.065628624
110.42,2,09:37:32.065660746
110.42,3,09:37:32.065674454
110.42,1,09:37:32.065698109
110.42,1,09:37:32.065712301
110.42,1,09:37:32.065726170
110.42,1,09:37:32.065743530
110.42,6,09:37:32.065758313
110.42,1,09:37:49.077822444
110.42,4,09:37:49.078083055
110.42,2,09:37:49.078102034
110.42,1,09:37:49.078102034
110.42,2,09:37:49.078124828
110.42,2,09:37:49.084314430
110.42,1,09:37:49.084328237
110.42,1,09:37:49.084349674
110.42,4,09:37:49.084447274
110.42,1,09:38:00.320279449
110.42,2,09:38:00.320279449
110.43,1,09:38:07.567784010
110.43,1,09:38:07.567798183
110.43,2,09:38:07.567813063
110.43,3,09:38:07.567827290
110.43,10,09:38:07.567843600
110.43,2,09:38:07.578255362
110.43,3,09:38:12.978121489
110.43,2,09:38:12.978121489
110.43,1,09:38:13.004012286
110.43,2,09:38:20.617910934
110.42,3,09:38:53.331491970
110.42,1,09:38:53.331491970
110.42,7,09:38:53.331561250
110.42,4,09:38:53.433174536
110.42,1,09:38:53.433174536
110.42,2,09:38:53.433174536
110.42,2,09:38:53.433242545
110.42,2,09:38:53.499420722
110.42,1,09:38:56.311231232
110.42,1,09:38:58.195420992
110.42,1,09:38:58.195434502
110.42,1,09:38:58.195533529
110.42,1,09:38:58.195553972
110.42,2,09:38:58.195892966
110.42,1,09:38:58.219535954
110.42,1,09:38:58.258881156
110.42,2,09:38:58.278819412
110.42,1,09:38:58.327764310
110.42,2,09:38:58.327764310
110.42,1,09:38:58.327853795
110.42,1,09:38:58.327873171
110.42,3,09:38:58.327873171
110.42,1,09:38:58.415717864
110.42,2,09:39:02.580717344
110.4,1,09:39:17.561876974
110.4,2,09:39:17.561876974
110.4,2,09:39:17.610523574
110.4,1,09:39:17.690931315
110.4,1,09:39:17.691896973
110.4,5,09:39:18.102459380
110.4,2,09:39:22.837397005
110.4,1,09:39:22.837506541
110.4,1,09:39:22.837522957
110.4,6,09:39:22.837522957
110.4,1,09:39:22.837550366
110.41,2,09:39:31.145484930
110.41,2,09:39:31.156202746
110.41,1,09:39:31.340649959
110.41,1,09:40:20.576591373
110.41,1,09:40:20.576849067
110.41,1,09:40:33.072650499
110.41,1,09:40:33.072747898
110.41,1,09:40:33.072763674
110.41,2,09:40:33.072763674
110.41,3,09:40:33.072860140
110.41,2,09:40:33.073188444
110.41,3,09:40:33.073188444
110.41,2,09:40:33.083921092
110.42,2,09:41:40.053687938
110.42,1,09:41:40.053687938
110.42,1,09:41:40.053776179
110.42,2,09:41:46.983885374
110.42,10,09:41:46.983899627
110.42,33,09:41:46.984330529
110.42,4,09:41:46.984346539
110.41,1,09:41:59.578290436
110.41,1,09:41:59.578491695
110.41,1,09:41:59.578510620
110.41,2,09:41:59.579133735
110.41,6,09:41:59.579412254
110.41,4,09:41:59.579426254
110.41,1,09:41:59.579442395
110.41,1,09:42:16.907008988
110.41,3,09:42:16.907008988
110.41,3,09:42:16.907420421
110.41,2,09:42:16.907442649
110.41,1,09:42:16.907442649
110.41,1,09:42:16.907936139
110.41,1,09:42:16.907963525
110.41,2,09:42:16.917929236
110.41,5,09:42:19.587141630
110.41,1,09:42:35.800898612
110.41,2,09:42:35.800898612
110.42,1,09:42:56.289795370
110.42,1,09:42:56.289810182
110.42,1,09:42:56.290245817
110.42,1,09:42:56.290262584
110.42,1,09:42:56.300509018
110.43,1,09:42:58.581146922
110.43,1,09:42:58.581160884
110.43,1,09:42:58.581179556
110.43,1,09:42:58.581308487
110.42,1,09:43:00.166379711
110.43,1,09:43:00.370453916
110.43,2,09:43:00.370453916
110.43,2,09:43:00.370818860
110.43,1,09:43:01.046198061
110.43,2,09:43:01.046198061
110.43,1,09:43:01.046266564
110.43,6,09:43:02.045018848
110.43,1,09:43:02.080824093
110.43,6,09:43:04.920780643
110.43,4,09:43:04.920879932
110.43,2,09:43:04.920879932
110.43,6,09:43:04.920898015
110.43,2,09:43:04.920898015
110.43,6,09:43:05.038221172
110.43,5,09:43:06.037537898
110.43,6,09:43:07.041606757
110.43,6,09:43:07.053037814
110.43,40,09:43:07.053360905
110.43,3,09:43:07.053709487
110.43,6,09:43:07.053809237
110.43,8,09:43:07.054086341
110.42,1,09:43:08.052254907
110.42,1,09:43:08.052360427
110.42,1,09:43:08.052386581
110.42,6,09:43:09.047650781
110.42,5,09:43:10.045617383
110.42,1,09:43:11.036758977
110.42,1,09:43:11.036773207
110.42,2,09:43:11.036773207
110.42,1,09:43:11.036864023
110.42,5,09:43:12.052506394
110.42,1,09:43:12.052506394
110.42,5,09:43:13.046986960
110.42,1,09:43:13.046986960
110.42,6,09:43:14.036022477
110.42,1,09:43:15.033683521
110.42,1,09:43:15.033701700
110.42,2,09:43:15.033701700
110.42,1,09:43:15.033754615
110.42,2,09:43:16.043599664
110.42,4,09:43:16.043599664
110.42,6,09:43:17.033441435
110.42,6,09:43:18.044873589
110.42,1,09:43:18.079150330
110.42,4,09:43:19.042978534
110.42,2,09:43:19.043124854
110.42,1,09:43:19.075976687
110.42,5,09:43:20.041763288
110.42,6,09:43:21.039955672
110.42,1,09:43:22.045735130
110.42,1,09:43:22.045843412
110.42,1,09:43:22.045861742
110.42,2,09:43:22.045861742
110.42,3,09:43:23.033463295
110.42,3,09:43:23.033569564
110.42,4,09:43:24.048919545
110.42,2,09:43:24.048919545
110.42,6,09:43:25.040501599
110.42,5,09:43:26.038462977
110.42,2,09:43:27.041772765
110.42,4,09:43:27.042271146
110.42,1,09:43:27.071049065
110.42,6,09:43:28.032837462
110.42,6,09:43:29.041068416
110.42,6,09:43:30.049079341
110.42,5,09:43:31.036142081
110.42,6,09:43:32.027121528
110.42,6,09:43:33.066474863
110.42,1,09:43:34.823387569
110.42,5,09:43:34.823650551
110.42,1,09:43:34.823650551
110.42,5,09:43:35.029114957
110.42,1,09:43:35.029359725
110.42,2,09:43:36.038755431
110.42,3,09:43:36.038935738
110.42,1,09:43:37.038818680
110.42,5,09:43:37.039199051
110.42,6,09:43:38.045708623
110.42,6,09:43:39.048934323
110.42,6,09:43:40.042149368
110.42,5,09:43:41.030005182
110.42,4,09:43:42.044577805
110.42,2,09:43:42.044908745
110.42,1,09:43:43.037795083
110.42,3,09:43:43.038082661
110.42,2,09:43:43.038198789
110.42,6,09:43:44.040135758
110.42,6,09:43:45.048817017
110.42,5,09:43:46.030852464
110.42,1,09:43:46.062510439
110.42,6,09:43:47.030456089
110.42,1,09:43:47.058134588
110.42,6,09:43:48.051225348
110.42,1,09:43:48.075017182
110.42,1,09:43:49.041629671
110.42,5,09:43:49.041629671
110.42,3,09:43:50.035703288
110.42,3,09:43:50.035896085
110.42,5,09:43:51.043884664
110.42,6,09:43:52.031104746
110.42,6,09:43:53.046653217
110.42,6,09:43:54.031092047
110.42,6,09:43:55.031785692
110.42,1,09:43:56.043559997
110.42,1,09:43:56.043659261
110.42,2,09:43:56.043673945
110.42,6,09:43:57.044534070
110.41,5,09:44:01.042267138
110.41,6,09:44:02.041892810
110.41,6,09:44:03.047451886
110.41,6,09:44:04.032901783
110.41,6,09:44:05.030302257
110.41,5,09:44:06.040799268
110.41,6,09:44:07.039904920
110.41,6,09:44:08.041118388
110.41,6,09:44:09.034496201
110.41,6,09:44:10.043481998
110.41,5,09:44:11.036407625
110.41,6,09:44:12.047383138
110.41,6,09:44:13.050901170
110.42,1,09:44:13.060865802
110.42,6,09:44:13.060865802
110.42,6,09:44:13.061029338
110.42,5,09:44:13.061046912
110.42,6,09:44:13.061046912
110.42,1,09:44:13.061046912
110.42,2,09:44:13.061046912
110.42,12,09:44:13.061068465
110.42,1,09:44:13.061068465
110.42,5,09:44:13.061068465
110.42,1,09:44:13.061981094
110.41,6,09:44:14.031862020
110.41,19,09:44:14.408849748
110.41,1,09:44:14.408970035
110.41,7,09:44:14.408970035
110.41,5,09:44:14.408970035
110.41,15,09:44:14.408984013
110.41,6,09:44:15.034320916
110.41,3,09:44:16.037388495
110.41,2,09:44:16.037476626
110.41,6,09:44:17.036065788
110.41,6,09:44:18.032168675
110.41,6,09:44:19.042143671
110.41,6,09:44:20.034684723
110.41,5,09:44:21.034784606
110.41,6,09:44:22.039487962
110.41,1,09:44:23.035452559
110.41,2,09:44:23.035452559
110.41,2,09:44:23.035548553
110.41,1,09:44:23.035548553
110.41,3,09:44:24.036444224
110.41,2,09:44:24.036444224
110.41,1,09:44:24.036444224
110.41,1,09:44:25.038040227
110.41,5,09:44:25.038040227
110.41,5,09:44:26.042402527
110.41,5,09:44:27.030017802
110.41,1,09:44:27.030017802
110.41,6,09:44:28.041315530
110.41,5,09:44:29.054161373
110.41,1,09:44:29.054161373
110.41,5,09:44:30.036819382
110.41,1,09:44:30.036819382
110.41,5,09:44:31.041682789
110.42,2,09:44:31.542758476
110.42,6,09:44:31.542758476
110.42,1,09:44:31.542758476
110.42,1,09:44:31.542797727
110.42,12,09:44:31.542797727
110.42,1,09:44:31.543507595
110.42,9,09:44:31.543708993
110.42,8,09:44:31.544018672
110.42,2,09:44:31.544406718
110.42,5,09:44:34.782697145
110.42,1,09:44:34.783143140
110.42,2,09:44:34.783159268
110.42,4,09:44:34.783159268
110.42,6,09:44:34.783159268
110.42,1,09:44:34.793840634
110.42,4,09:44:35.043855926
110.42,2,09:44:35.043934264
110.42,1,09:44:35.044286136
110.42,5,09:44:36.033797443
110.42,5,09:44:37.035600337
110.42,1,09:44:37.035600337
110.42,2,09:44:38.036784987
110.42,1,09:44:38.036784987
110.42,2,09:44:38.036876085
110.42,1,09:44:38.036876085
110.42,1,09:44:39.045327873
110.42,1,09:44:39.045343661
110.42,4,09:44:39.045343661
110.42,6,09:44:40.032996511
110.42,2,09:44:41.036759383
110.42,3,09:44:41.036759383
110.42,6,09:44:42.037216016
110.42,1,09:44:43.034559974
110.42,4,09:44:43.034633049
110.42,1,09:44:44.031807878
110.42,1,09:44:44.031911958
110.42,2,09:44:44.031926966
110.42,1,09:44:44.031926966
110.42,1,09:44:45.034670838
110.42,1,09:44:45.034684364
110.42,1,09:44:45.034776803
110.42,3,09:44:45.034776803
110.42,5,09:44:46.032807070
110.42,6,09:44:47.039614748
110.42,6,09:44:48.037400843
110.42,5,09:44:49.035454224
110.42,1,09:44:49.035454224
110.42,4,09:44:50.047127523
110.42,1,09:44:50.047144867
110.42,5,09:44:51.045761341
110.42,1,09:44:51.045761341
110.42,6,09:44:52.035804449
110.42,2,09:44:53.044173188
110.42,2,09:44:53.044213409
110.42,3,09:44:54.036103553
110.42,3,09:44:54.036185505
110.42,1,09:44:55.044021131
110.42,4,09:44:55.044021131
110.42,1,09:44:56.039155895
110.42,1,09:44:56.039169920
110.42,4,09:44:56.039241059
110.42,2,09:44:57.036560928
110.42,3,09:44:57.036560928
110.42,1,09:44:57.036560928
110.42,2,09:44:58.044305512
110.42,4,09:44:58.044305512
110.42,5,09:44:59.036691280
110.42,1,09:44:59.036763151
110.42,5,09:45:00.041683271
110.42,3,09:45:01.038639033
110.42,2,09:45:02.044786966
110.42,4,09:45:02.044786966
110.42,2,09:45:03.032878991
110.42,3,09:45:03.032878991
110.42,1,09:45:03.032878991
110.42,5,09:45:04.038330484
110.42,1,09:45:04.038927616
110.42,1,09:45:04.059044923
110.42,2,09:45:05.039263676
110.42,3,09:45:05.039263676
110.42,3,09:45:06.046805459
110.42,2,09:45:07.037782287
110.42,4,09:45:07.037782287
110.42,5,09:45:08.031505174
110.42,1,09:45:08.031989989
110.42,1,09:45:08.061391902
110.42,3,09:45:09.042174555
110.42,2,09:45:10.035464430
110.42,1,09:45:10.035478301
110.42,1,09:45:10.035631655
110.42,6,09:45:11.045674218
110.42,6,09:45:12.037155965
110.42,3,09:45:13.047071319
110.42,6,09:45:14.035293982
110.42,2,09:45:15.057735341
110.42,3,09:45:15.057735341
110.42,6,09:45:16.040628224
110.42,6,09:45:17.040471636
110.42,6,09:45:18.068703196
110.42,6,09:45:19.045404574
110.42,5,09:45:20.035019535
110.42,3,09:45:21.042410570
110.42,3,09:45:21.042448711
110.42,6,09:45:22.054940070
110.42,6,09:45:23.040271847
110.42,2,09:45:24.046829572
110.42,4,09:45:24.046917953
110.42,5,09:45:25.050984527
110.42,6,09:45:26.047290436
110.42,3,09:45:27.047674241
110.42,3,09:45:27.047692061
110.42,2,09:45:28.043527531
110.42,4,09:45:28.043614900
110.42,3,09:45:29.045454570
110.42,2,09:45:29.045454570
110.42,1,09:45:29.045454570
110.42,4,09:45:30.034947033
110.42,1,09:45:30.034947033
110.42,3,09:45:31.040656923
110.42,2,09:45:32.042470460
110.42,1,09:45:32.042484725
110.42,3,09:45:32.042557905
110.42,5,09:45:33.046720280
110.42,1,09:45:33.046720280
110.42,6,09:45:34.038048761
110.42,5,09:45:35.047832687
110.42,1,09:45:35.048024796
110.42,1,09:45:36.039713582
110.42,5,09:45:36.039713582
110.42,6,09:45:37.038788191
110.42,2,09:45:37.925685942
110.42,3,09:45:37.926309447
110.42,1,09:45:37.926309447
110.42,1,09:45:37.926683797
110.42,3,09:45:37.926761439
110.42,1,09:45:37.927030402
110.41,6,09:45:38.031690807
110.41,5,09:45:39.035344683
110.41,1,09:45:39.035344683
110.41,4,09:45:40.032870521
110.41,1,09:45:40.032870521
110.41,6,09:45:41.036843649
110.41,1,09:45:42.081750159
110.41,5,09:45:42.081750159
110.41,6,09:45:43.034747131
110.41,1,09:45:44.040879919
110.41,5,09:45:44.040964709
110.41,5,09:45:45.038328316
110.41,6,09:45:46.043208405
110.41,6,09:45:47.054624739
110.41,1,09:45:48.043983834
110.41,4,09:45:48.044061072
110.41,6,09:45:49.050878281
110.41,5,09:45:50.047692765
110.41,6,09:45:51.040509717
110.41,6,09:45:52.042556464
110.41,6,09:45:53.041281947
110.41,6,09:45:54.050748357
110.41,3,09:45:55.043604308
110.41,5,09:45:55.043604308
110.41,11,09:45:55.043604308
110.4,1,09:45:55.043714174
110.4,1,09:45:55.043741604
110.4,3,09:45:55.043741604
110.4,2,09:45:55.043741604
110.4,7,09:45:55.043741604
110.41,1,09:46:00.772991364
110.41,5,09:46:04.204939842
110.41,2,09:46:04.215583337
110.41,3,09:46:04.215583337
110.41,1,09:46:04.226213005
110.41,3,09:46:04.226283585
110.41,5,09:46:04.236870092
110.41,4,09:46:04.248288751
110.41,1,09:46:04.248288751
110.41,2,09:46:04.259044886
110.41,1,09:46:04.259044886
110.41,5,09:46:04.269684257
110.41,5,09:46:04.280224497
110.41,5,09:46:04.290867853
110.41,5,09:46:04.301493176
110.41,5,09:46:04.312031679
110.41,5,09:46:04.322589670
110.41,5,09:46:04.333112968
110.41,2,09:46:04.343708120
110.41,3,09:46:04.343775800
110.41,5,09:46:04.354299965
110.41,3,09:46:04.364851654
110.41,2,09:46:04.364851654
110.41,2,09:46:04.375450856
110.41,3,09:46:04.375450856
110.41,1,09:46:04.386213776
110.41,1,09:46:04.386319424
110.41,1,09:46:04.386346454
110.41,5,09:46:04.396860344
110.41,5,09:46:04.407407676
110.41,1,09:46:04.417999728
110.41,2,09:46:04.418013283
110.41,2,09:46:04.418080966
110.41,1,09:46:04.428803581
110.41,3,09:46:04.428803581
110.41,1,09:46:04.428818909
110.41,5,09:46:04.439453307
110.41,5,09:46:04.450008234
110.41,1,09:46:04.460645085
110.41,1,09:46:04.460746173
110.41,1,09:46:04.460765592
110.41,1,09:46:04.460947249
110.41,5,09:46:04.471385766
110.41,5,09:46:04.482027162
110.41,5,09:46:04.492569054
110.41,1,09:46:04.503189592
110.41,1,09:46:04.503285695
110.41,1,09:46:04.503307065
110.41,1,09:46:04.503397481
110.41,2,09:46:04.503897778
110.41,5,09:46:04.514022055
110.41,1,09:46:04.514310388
110.4,21,09:46:10.094008647
110.4,3,09:46:10.094008647
110.4,3,09:46:10.094042398
110.4,1,09:46:10.094042398
110.4,2,09:46:10.094042398
110.4,5,09:46:10.094042398
110.4,12,09:46:10.094042398
110.41,1,09:46:12.548378538
110.41,4,09:46:12.690851468
110.41,3,09:46:12.690851468
110.41,5,09:46:12.690962173
110.41,1,09:46:12.690988717
110.41,12,09:46:12.691304660
110.42,1,09:46:29.979591147
110.42,1,09:46:29.979703361
110.42,1,09:46:29.979738788
110.42,2,09:46:29.979738788
110.42,3,09:46:29.979738788
110.42,1,09:46:30.364135158
110.41,3,09:46:33.577455614
110.41,2,09:46:33.577455614
110.41,5,09:46:33.577678282
110.41,3,09:46:33.577692414
110.41,1,09:46:33.577707160
110.41,1,09:46:33.577721329
110.41,1,09:46:33.577737169
110.41,12,09:46:33.577751076
110.41,1,09:46:33.577765710
110.41,6,09:46:33.577810017
110.41,7,09:46:33.577810017
110.41,1,09:46:33.577828558
110.41,39,09:46:33.577842900
110.41,11,09:46:33.577856538
110.41,1,09:46:33.577870446
110.41,1,09:46:33.578736036
110.41,1,09:46:36.221484775
110.41,1,09:46:36.221578349
110.4,1,09:46:45.359909153
110.4,1,09:47:08.923237923
110.4,12,09:47:08.923237923
110.4,1,09:47:08.923409597
110.4,3,09:47:08.923441738
110.4,100,09:47:08.923441738
110.4,1,09:47:08.923441738
110.4,7,09:47:08.923441738
110.4,2,09:47:08.923441738
110.4,50,09:47:08.923441738
110.4,10,09:47:08.923441738
110.4,1,09:47:16.649655136
110.4,4,09:47:16.649728752
110.4,4,09:47:16.649999382
110.4,1,09:47:16.650135448
110.4,6,09:47:16.650135448
110.4,6,09:47:16.650163557
110.4,2,09:47:16.650163557
110.4,1,09:47:16.650699724
110.4,1,09:47:16.651804922
110.4,1,09:47:16.651818592
110.4,1,09:47:16.652039726
110.4,3,09:47:16.660755655
110.41,2,09:48:03.687424914
110.4,1,09:49:24.505262493
110.4,1,09:49:24.505835610
110.4,2,09:49:24.505835610
110.4,3,09:49:24.505835610
110.4,4,09:49:24.505852496
110.4,6,09:49:24.505852496
110.4,1,09:49:24.506265721
110.4,9,09:49:24.506265721
110.4,30,09:49:24.506502988
110.4,2,09:49:24.506676898
110.4,12,09:49:24.506694431
110.4,6,09:49:24.506694431
110.4,3,09:49:24.506694431
110.4,1,09:49:24.507159004
110.4,3,09:49:24.507159004
110.4,23,09:49:24.507351451
110.4,1,09:49:24.507373623
110.4,8,09:49:24.507373623
110.4,6,09:49:24.507373623
110.4,16,09:49:24.507373623
110.4,33,09:49:24.507393400
110.4,1,09:49:24.516414948
110.4,4,09:49:24.516414948
110.4,5,09:49:24.527298406
110.4,5,09:49:24.538045213
110.4,2,09:49:24.548764581
110.4,1,09:49:24.548778962
110.4,1,09:49:24.548849175
110.4,1,09:49:24.559814021
110.4,4,09:49:24.559814021
110.4,5,09:49:24.570544535
110.4,5,09:49:24.581185330
110.4,2,09:49:24.592015344
110.4,1,09:49:24.592126633
110.4,1,09:49:24.592141394
110.4,5,09:49:24.603018980
110.4,1,09:49:24.613813342
110.4,4,09:49:24.613813342
110.4,5,09:49:24.777517699
110.4,1,09:49:24.777517699
110.4,5,09:49:24.798781606
110.4,1,09:49:32.514834494
110.4,3,09:49:32.515254945
110.4,3,09:49:32.515547389
110.4,1,09:49:32.515547389
110.4,11,09:49:32.515658731
110.4,4,09:49:32.535860225
110.4,1,09:49:32.536078131
110.4,5,09:49:32.546699675
110.4,5,09:49:32.557366928
110.4,5,09:49:32.570056505
110.4,5,09:49:32.580566736
110.4,5,09:49:35.178833947
110.4,5,09:49:35.189690271
110.4,4,09:49:35.210855039
110.4,1,09:49:35.211091029
110.4,5,09:49:35.221675030
110.4,5,09:49:36.266616088
110.4,5,09:49:36.277448831
110.4,5,09:49:36.288340189
110.4,5,09:49:36.299006484
110.4,5,09:49:36.309737317
110.4,5,09:49:36.320460739
110.4,1,09:49:45.226703944
110.4,3,09:49:45.305372903
110.4,1,09:50:00.188700325
110.4,1,09:50:09.707860226
110.4,1,09:50:09.707942932
110.39,2,09:50:34.932700989
110.39,1,09:50:34.932715440
110.39,3,09:50:34.932783384
110.39,2,09:50:34.932810530
110.39,7,09:50:34.932810530
110.4,1,09:51:02.033347023
110.4,9,09:51:02.033362706
110.4,3,09:51:02.033947163
110.4,1,09:51:02.033947163
110.4,2,09:51:06.974274813
110.4,1,09:51:06.974274813
110.4,1,09:51:06.974613130
110.4,1,09:51:06.984860293
110.4,1,09:51:25.935048136
110.4,1,09:51:25.946576394
110.4,1,09:52:17.161974679
110.4,1,09:52:18.590013456
110.4,5,09:52:56.047867604
110.4,1,09:53:04.031521396
110.4,3,09:53:04.031521396
110.4,1,09:53:04.032159268
110.4,1,09:53:04.042242092
110.4,1,09:53:04.042259769
110.4,1,09:53:04.133771434
110.4,1,09:53:26.581168086
110.4,1,09:53:26.581269807
110.4,1,09:54:08.990936734
110.4,1,09:54:33.395486405
110.4,2,09:54:37.290932970
110.4,41,09:54:37.290932970
110.4,1,09:54:37.290932970
110.4,2,09:54:37.291024568
110.41,3,09:56:06.782227538
110.41,1,09:56:06.782227538
110.41,3,09:56:06.782359649
110.41,1,09:56:06.782470619
110.41,1,09:56:06.782763875
110.41,4,09:56:06.783147643
110.41,3,09:56:06.783147643
110.41,1,09:56:06.783147643
110.41,1,09:56:06.783343181
110.41,4,09:56:06.783419943
110.41,13,09:56:06.783444535
110.41,12,09:56:06.783534538
110.41,1,09:56:06.783752691
110.41,5,09:56:06.783767318
110.41,9,09:56:06.783781747
110.41,12,09:56:06.783895898
110.41,2,09:56:06.783895898
110.41,1,09:56:06.784316346
110.41,1,09:56:06.784468441
110.41,3,09:56:06.784495106
110.41,13,09:56:06.784495106
110.41,1,09:56:06.784495106
110.41,2,09:56:06.784828921
110.41,4,09:56:06.784828921
110.41,1,09:56:06.784828921
110.41,3,09:56:06.784828921
110.41,10,09:56:07.163398455
110.41,1,09:56:21.694695285
110.4,12,09:57:12.524549829
110.4,7,09:57:12.524549829
110.41,1,09:58:01.098947713
110.41,5,09:58:01.098947713
110.41,1,09:58:01.099030497
110.41,3,09:58:01.109642677
110.4,1,09:58:47.348178834
110.4,1,09:58:47.348192936
110.4,2,09:58:47.348192936
110.4,2,09:59:22.548869472
110.4,13,09:59:30.699888181
110.4,3,09:59:30.700195778
110.4,4,09:59:30.700326523
110.4,78,09:59:30.700326523
110.4,1,09:59:30.700459439
110.4,2,09:59:30.700459439
110.4,1,09:59:30.700488018
110.39,2,09:59:57.326218712
110.39,1,09:59:57.326218712
110.39,1,09:59:57.326310563
110.38,4,09:59:57.326327891
110.39,2,09:59:57.327060283
