price,volume,timestamp
2333.5,1,09:00:00.007892694
2333.6,1,09:00:00.024216445
2333.6,6,09:00:00.466259742
2333.5,1,09:00:00.467480167
2333.5,1,09:00:00.467818929
2333.4,1,09:00:00.664201970
2333.4,1,09:00:00.664273942
2333.4,1,09:00:00.664341448
2333.3,2,09:00:00.669410594
2333.2,2,09:00:00.671615944
2333.2,2,09:00:00.671656883
2333.1,1,09:00:00.681460299
2333.1,1,09:00:00.717230144
2333.1,1,09:00:00.717442203
2333.1,1,09:00:00.836594002
2333.2,1,09:00:00.837436521
2333.1,1,09:00:00.877085151
2333.1,1,09:00:00.877334596
2333.0,1,09:00:00.896147220
2333.2,2,09:00:00.896274720
2333.0,1,09:00:00.905088738
2333.0,5,09:00:00.919954366
2332.9,1,09:00:01.012454350
2333.2,2,09:00:01.020362689
2333.1,7,09:00:01.020362689
2333.0,2,09:00:01.020362689
2333.0,1,09:00:01.021202178
2333.0,3,09:00:01.021538076
2333.0,1,09:00:01.022387764
2332.9,2,09:00:01.083513458
2333.0,1,09:00:01.093732177
2333.1,1,09:00:01.098885071
2333.2,1,09:00:01.140450018
2333.2,1,09:00:01.140737640
2333.2,1,09:00:01.140899531
2333.2,2,09:00:01.140949676
2333.3,1,09:00:01.182105609
2333.3,1,09:00:01.204119427
2333.3,2,09:00:01.204553792
2333.3,2,09:00:01.205548209
2333.3,1,09:00:01.205801187
2333.4,1,09:00:01.220078288
2333.4,3,09:00:01.222581954
2333.4,1,09:00:01.223438910
2333.3,1,09:00:01.243848398
2333.2,1,09:00:01.309513439
2333.2,1,09:00:01.309701027
2333.2,1,09:00:01.311542030
2333.2,1,09:00:01.482173838
2333.1,1,09:00:01.541512003
2333.0,2,09:00:01.571861257
2333.0,1,09:00:01.649770857
2332.9,1,09:00:01.825108348
2332.9,3,09:00:01.825859194
2332.8,1,09:00:01.860792751
2332.8,1,09:00:02.005840771
2332.8,3,09:00:02.006074366
2332.8,1,09:00:02.006306381
2332.8,1,09:00:02.006468807
2332.8,1,09:00:02.007250298
2332.8,1,09:00:02.117290506
2332.8,1,09:00:02.117572352
2332.7,9,09:00:02.158927355
2332.7,2,09:00:02.159196106
2332.6,1,09:00:02.161401076
2332.6,1,09:00:02.163778564
2332.5,1,09:00:02.222035291
2332.6,1,09:00:02.223065060
2332.6,1,09:00:02.509673824
2332.5,2,09:00:02.586380527
2332.6,1,09:00:02.587903617
2332.5,4,09:00:02.601336374
2332.5,4,09:00:02.637881211
2332.6,1,09:00:02.653488154
2332.7,1,09:00:02.713926453
2332.5,3,09:00:02.714310442
2332.5,1,09:00:02.722170082
2332.5,1,09:00:02.722386010
2332.5,4,09:00:02.874136391
2332.5,1,09:00:02.882136522
2332.4,2,09:00:02.981568516
2332.6,1,09:00:03.018424773
2332.4,1,09:00:03.099561494
2332.4,3,09:00:03.099881340
2332.4,1,09:00:03.100843664
2332.4,3,09:00:03.103328605
2332.4,1,09:00:03.170790847
2332.4,1,09:00:03.171009322
2332.4,1,09:00:03.171043352
2332.3,1,09:00:03.323320161
2332.3,1,09:00:03.323551173
2332.3,1,09:00:03.465626881
2332.2,5,09:00:03.833149866
2332.1,3,09:00:03.833163982
2332.1,1,09:00:03.833163982
2332.2,2,09:00:03.848098195
2332.1,1,09:00:03.857119850
2332.2,1,09:00:04.088687196
2332.3,5,09:00:04.088963294
2332.3,2,09:00:04.115984734
2332.3,1,09:00:04.210139090
2332.3,1,09:00:04.284879527
2332.3,1,09:00:04.348556582
2332.3,1,09:00:04.363137411
2332.4,1,09:00:04.363624749
2332.4,1,09:00:04.363834823
2332.4,1,09:00:04.364210361
2332.3,1,09:00:04.365549357
2332.3,1,09:00:04.366706171
2332.3,1,09:00:04.371676745
2332.3,1,09:00:04.371757512
2332.4,1,09:00:04.372091733
2332.4,1,09:00:04.372452563
2332.4,1,09:00:04.376968107
2332.3,1,09:00:04.403673028
2332.3,1,09:00:04.418466553
2332.3,1,09:00:04.427377242
2332.3,1,09:00:04.442174735
2332.3,1,09:00:04.468091946
2332.3,3,09:00:04.470013164
2332.3,1,09:00:04.471568142
2332.3,1,09:00:04.634346429
2332.3,1,09:00:04.655329264
2332.3,1,09:00:04.655475458
2332.2,1,09:00:04.689653651
2332.2,6,09:00:04.703385144
2332.3,1,09:00:04.704618721
2332.3,2,09:00:04.704663813
2332.3,1,09:00:04.798158530
2332.3,2,09:00:04.798508307
2332.4,4,09:00:04.975882738
2332.5,4,09:00:05.017065891
2332.5,1,09:00:05.018278847
2332.5,1,09:00:05.091502344
2332.5,1,09:00:05.091976085
2332.5,2,09:00:05.093367646
2332.5,2,09:00:05.093459776
2332.4,1,09:00:05.177400735
2332.4,1,09:00:05.187093654
2332.6,4,09:00:05.364665684
2332.5,4,09:00:05.364665684
2332.5,1,09:00:05.764657527
2332.5,1,09:00:05.803617048
2332.5,2,09:00:06.104487157
2332.6,9,09:00:06.104487157
2332.6,1,09:00:06.105108031
2332.6,1,09:00:06.105375498
2332.6,2,09:00:06.106055493
2332.6,8,09:00:06.106129091
2332.5,1,09:00:06.370985598
2332.5,1,09:00:07.092295635
2332.5,2,09:00:07.093108435
2332.5,1,09:00:07.208815199
2332.5,1,09:00:07.489054257
2332.6,4,09:00:07.787971666
2332.6,1,09:00:07.787986031
2332.5,1,09:00:07.789865967
2332.4,2,09:00:07.927616901
2332.4,4,09:00:07.927893172
2332.3,1,09:00:07.929374070
2332.4,1,09:00:07.966908147
2332.3,3,09:00:07.977441764
2332.2,2,09:00:07.977441764
2332.4,1,09:00:08.139386673
2332.4,1,09:00:08.142557982
2332.4,1,09:00:08.143108422
2332.3,5,09:00:08.171805419
2332.3,1,09:00:08.172694256
2332.4,1,09:00:08.233545922
2332.3,2,09:00:08.382666107
2332.3,1,09:00:08.384167225
2332.2,6,09:00:08.605758008
2332.1,5,09:00:08.701162770
2332.2,2,09:00:08.884676765
2332.2,1,09:00:08.884942114
2332.2,1,09:00:09.222950050
2332.2,1,09:00:09.600498799
2332.2,1,09:00:09.989678568
2332.2,1,09:00:10.127430628
2332.1,10,09:00:10.202434088
2332.2,1,09:00:10.204051891
2332.1,1,09:00:10.204634444
2332.2,1,09:00:10.391045281
2332.2,1,09:00:10.391280076
2332.2,1,09:00:10.391350039
2332.2,1,09:00:10.391456461
2332.2,1,09:00:11.505010982
2332.3,1,09:00:11.621960146
2332.2,1,09:00:12.128761400
2332.2,1,09:00:12.353955969
2332.2,1,09:00:12.403645744
2332.1,1,09:00:12.551135839
2332.2,1,09:00:13.067746272
2332.2,2,09:00:13.092610260
2332.3,1,09:00:13.512541324
2332.2,2,09:00:13.512541324
2332.2,1,09:00:13.635741090
2332.1,1,09:00:13.864016293
2332.1,1,09:00:15.280223667
2332.2,1,09:00:15.468331516
2332.2,1,09:00:15.468592676
2332.3,1,09:00:15.487847901
2332.3,3,09:00:15.487882856
2332.3,2,09:00:15.488155914
2332.3,2,09:00:15.488535995
2332.3,1,09:00:15.532100189
2332.3,1,09:00:15.532291934
2332.4,2,09:00:15.540117139
2332.4,3,09:00:15.540836584
2332.4,1,09:00:15.541368287
2332.4,1,09:00:15.541846812
2332.3,1,09:00:15.736203195
2332.4,2,09:00:15.782691577
2332.2,1,09:00:15.823279451
2332.2,1,09:00:15.833709764
2332.2,1,09:00:15.972538917
2332.2,1,09:00:15.972748723
2332.3,1,09:00:16.048667978
2332.3,1,09:00:16.106487066
2332.3,1,09:00:16.260997179
2332.4,1,09:00:17.095974259
2332.3,1,09:00:17.265029826
2332.5,6,09:00:18.058761845
2332.4,2,09:00:18.058761845
2332.6,1,09:00:18.058775227
2332.5,2,09:00:18.059403646
2332.5,2,09:00:18.059444242
2332.5,2,09:00:18.059574200
2332.6,1,09:00:18.060562006
2332.5,1,09:00:18.060810488
2332.6,6,09:00:18.061472584
2332.6,1,09:00:18.063646705
2332.5,1,09:00:18.201728183
2332.5,1,09:00:18.201976275
2332.6,1,09:00:18.616482238
2332.5,1,09:00:20.196715885
2332.5,1,09:00:21.698742921
2332.5,2,09:00:21.699392913
2332.5,1,09:00:22.280309121
2332.4,2,09:00:22.370025614
2332.3,5,09:00:22.465527109
2332.3,1,09:00:22.466555585
2332.2,2,09:00:22.704057492
2332.2,1,09:00:22.824987227
2332.1,1,09:00:22.924721349
2332.2,1,09:00:23.020629729
2332.1,2,09:00:24.211280786
2332.1,1,09:00:24.211590350
2332.1,2,09:00:24.499064609
2332.1,2,09:00:24.578299798
2332.0,1,09:00:24.643076037
2332.0,4,09:00:24.643086287
2331.9,6,09:00:24.643086287
2331.9,2,09:00:24.643139750
2332.0,1,09:00:24.645610274
2332.0,1,09:00:24.645829258
2331.9,2,09:00:24.988355115
2332.0,1,09:00:25.072502396
2331.9,5,09:00:25.228914776
2331.8,3,09:00:25.228914776
2331.9,1,09:00:25.230724496
2331.9,2,09:00:25.300089062
2331.8,1,09:00:25.300288167
2331.8,1,09:00:25.300372607
2331.8,1,09:00:25.615467328
2331.7,1,09:00:25.642388269
2331.7,1,09:00:25.643781501
2331.7,1,09:00:25.644981685
2331.6,2,09:00:25.848199232
2331.6,2,09:00:25.848215479
2331.6,1,09:00:25.848215479
2331.6,1,09:00:25.848524746
2331.6,1,09:00:25.849776826
2331.6,1,09:00:25.850459473
2331.5,10,09:00:25.967244406
2331.5,6,09:00:25.967257142
2331.3,9,09:00:25.967257142
2331.4,10,09:00:25.967257142
2331.5,1,09:00:25.969372696
2331.5,1,09:00:25.972177783
2331.5,1,09:00:25.972254786
2331.5,1,09:00:25.973261495
2331.6,4,09:00:25.981097675
2331.6,1,09:00:26.028236227
2331.7,1,09:00:26.079635050
2331.6,1,09:00:26.102574778
2331.6,1,09:00:26.103229594
2331.6,1,09:00:26.103424216
2331.6,1,09:00:26.129401977
2331.5,1,09:00:26.135057624
2331.5,2,09:00:26.135203909
2331.5,2,09:00:26.135478074
2331.4,1,09:00:26.182892298
2331.5,1,09:00:26.232271615
2331.5,1,09:00:26.275690314
2331.5,2,09:00:26.472052602
2331.5,1,09:00:26.475839002
2331.4,2,09:00:26.802778868
2331.3,1,09:00:27.011497176
2331.3,2,09:00:27.011909427
2331.3,1,09:00:27.012412154
2331.3,1,09:00:27.112464414
2331.3,1,09:00:27.112692531
2331.3,1,09:00:27.122777003
2331.3,1,09:00:27.333400383
2331.3,3,09:00:27.333629712
2331.4,1,09:00:27.493727159
2331.5,1,09:00:27.660610306
2331.5,1,09:00:27.660937596
2331.5,1,09:00:27.712332399
2331.5,1,09:00:27.712384525
2331.5,1,09:00:28.169150016
2331.5,1,09:00:28.214313877
2331.5,2,09:00:28.214520602
2331.5,2,09:00:28.345776758
2331.4,2,09:00:28.889479877
2331.4,2,09:00:28.892258193
2331.4,1,09:00:28.892450397
2331.4,4,09:00:28.892503616
2331.3,1,09:00:28.893187636
2331.4,1,09:00:29.243081380
2331.4,1,09:00:29.273619006
2331.4,1,09:00:29.273728131
2331.3,2,09:00:29.328312302
2331.4,2,09:00:29.337182526
2331.4,2,09:00:29.337763418
2331.4,2,09:00:29.717821518
2331.4,2,09:00:29.718565280
2331.5,1,09:00:29.762488192
2331.5,1,09:00:29.762937587
2331.7,1,09:00:30.089604456
2331.6,1,09:00:30.147835383
2331.5,1,09:00:30.155640988
2331.5,1,09:00:30.454831841
2331.4,5,09:00:31.171112994
2331.4,2,09:00:31.171632246
2331.4,3,09:00:31.171761158
2331.5,1,09:00:31.333772446
2331.4,1,09:00:31.472498840
2331.7,1,09:00:32.022974532
2331.6,1,09:00:32.083161747
2331.5,1,09:00:32.153286605
2331.7,1,09:00:32.298477575
2331.5,1,09:00:32.375883723
2331.6,1,09:00:32.939505081
2331.6,1,09:00:33.754207638
2331.6,1,09:00:33.884552200
2331.4,2,09:00:34.591040830
2331.4,1,09:00:34.724747954
2331.5,1,09:00:34.735326348
2331.5,2,09:00:34.749501274
2331.4,1,09:00:35.403380649
2331.5,1,09:00:35.676339868
2331.5,2,09:00:35.676713515
2331.5,3,09:00:35.944518244
2331.5,2,09:00:36.302137236
2331.4,7,09:00:36.323044431
2331.5,1,09:00:36.323044431
2331.4,2,09:00:36.323496318
2331.4,1,09:00:36.541153447
2331.3,7,09:00:36.546715585
2331.3,1,09:00:36.559190685
2331.4,1,09:00:36.591116477
2331.3,1,09:00:36.621754528
2331.4,1,09:00:36.622192508
2331.3,1,09:00:36.631641947
2331.4,1,09:00:36.732441353
2331.5,1,09:00:36.744746258
2331.4,1,09:00:36.746066144
2331.5,2,09:00:37.043621950
2331.4,1,09:00:37.097483363
2331.5,1,09:00:37.102475611
2331.4,1,09:00:37.102554272
2331.4,1,09:00:37.102984198
2331.4,2,09:00:37.103727960
2331.5,9,09:00:37.587110135
2331.4,1,09:00:37.587110135
2331.4,1,09:00:37.588858510
2331.3,2,09:00:37.600513118
2331.3,1,09:00:37.600973293
2331.3,2,09:00:38.940182911
2331.3,1,09:00:38.940213337
2331.3,3,09:00:40.097611814
2331.3,1,09:00:40.342227002
2331.2,1,09:00:40.564043930
2331.3,2,09:00:40.602813688
2331.3,1,09:00:41.046876086
2331.4,3,09:00:41.058038313
2331.4,1,09:00:41.098573454
2331.4,1,09:00:41.099060565
2331.5,3,09:00:41.529498308
2331.5,1,09:00:41.529547138
2331.5,1,09:00:41.636868476
2331.6,2,09:00:41.832729217
2331.7,1,09:00:41.836659744
2331.7,1,09:00:41.862442206
2331.7,1,09:00:41.903592514
2331.7,2,09:00:41.903669975
2331.7,1,09:00:41.903750998
2331.7,1,09:00:42.021646726
2331.7,1,09:00:42.021918251
2331.6,1,09:00:42.588604189
2331.7,2,09:00:43.166128221
2331.7,2,09:00:43.166379205
2331.7,1,09:00:43.925872912
2331.6,3,09:00:44.292553531
2331.6,1,09:00:44.313562367
2331.6,2,09:00:44.313817745
2331.6,1,09:00:44.333311505
2331.5,1,09:00:44.558051530
2331.5,2,09:00:44.740557337
2331.5,2,09:00:44.741400743
2331.4,2,09:00:44.748500147
2331.5,1,09:00:44.761658960
2331.5,1,09:00:44.771637924
2331.5,1,09:00:44.776567275
2331.6,1,09:00:44.971146584
2331.6,1,09:00:44.971426999
2331.8,1,09:00:45.430841779
2331.6,1,09:00:45.507884845
2331.7,1,09:00:45.696593867
2331.7,1,09:00:46.086006276
2331.8,2,09:00:46.256796133
2331.6,2,09:00:46.373618291
2331.5,3,09:00:46.373618291
2331.5,1,09:00:47.175688238
2331.4,3,09:00:47.621635996
2331.4,2,09:00:47.621983357
2331.5,1,09:00:49.831680308
2331.4,4,09:00:50.235060504
2331.3,1,09:00:50.235060504
2331.5,1,09:00:50.236313487
2331.5,2,09:00:50.236600850
2331.5,1,09:00:50.236641523
2331.3,1,09:00:51.230300297
2331.4,1,09:00:52.584416357
2331.4,1,09:00:52.584792823
2331.3,2,09:00:53.146966700
2331.4,1,09:00:53.147597618
2331.5,4,09:00:53.960513989
2331.4,1,09:00:54.282194528
2331.4,1,09:00:54.282425663
2331.4,4,09:00:54.368252824
2331.5,1,09:00:54.379261559
2331.5,1,09:00:55.806711659
2331.4,3,09:00:56.105705518
2331.4,1,09:00:56.106674649
2331.4,1,09:00:56.533011531
2331.4,1,09:00:56.553673354
2331.4,2,09:00:56.555402528
2331.3,2,09:00:56.670250109
2331.3,3,09:00:56.716179010
2331.4,1,09:00:58.329418818
2331.4,1,09:00:58.681000873
2331.5,1,09:00:58.916405701
2331.5,1,09:00:58.952083013
2331.5,1,09:00:59.010292758
2331.3,1,09:00:59.068518247
2331.6,1,09:00:59.727076863
2331.4,2,09:00:59.791739494
2331.5,1,09:00:59.997587276
2331.5,1,09:01:00.172771942
2331.5,1,09:01:00.731488834
2331.6,1,09:01:00.937740337
2331.5,5,09:01:01.056285152
2331.5,1,09:01:01.056822002
2331.6,3,09:01:01.111959796
2331.7,2,09:01:01.611258051
2331.7,3,09:01:02.154638627
2331.7,1,09:01:02.154984945
2331.5,3,09:01:03.272023033
2331.4,1,09:01:03.695494011
2331.4,1,09:01:03.912702979
2331.4,1,09:01:03.921792296
2331.4,1,09:01:03.922001509
2331.5,2,09:01:04.499464754
2331.4,1,09:01:04.542031427
2331.3,5,09:01:04.777468049
2331.4,2,09:01:05.052176328
2331.5,1,09:01:05.267137422
2331.3,6,09:01:05.381180681
2331.3,6,09:01:05.381612762
2331.3,1,09:01:05.409594243
2331.3,1,09:01:05.430772741
2331.3,2,09:01:05.430994157
2331.4,1,09:01:05.466007212
2331.4,4,09:01:05.745775243
2331.3,3,09:01:06.142979508
2331.3,2,09:01:06.274828482
2331.2,3,09:01:06.418207589
2331.2,1,09:01:06.418249898
2331.2,3,09:01:06.418303816
2331.2,11,09:01:06.418631560
2331.2,1,09:01:06.436552845
2331.2,2,09:01:06.436940478
2331.3,1,09:01:06.452577590
2331.3,1,09:01:06.784051316
2331.3,6,09:01:06.924671138
2331.1,1,09:01:07.150793082
2331.3,1,09:01:07.815075914
2331.2,2,09:01:07.815439160
2331.2,2,09:01:07.815569559
2331.3,2,09:01:07.815687347
2331.3,2,09:01:07.820404729
2331.3,1,09:01:08.471008050
2331.2,2,09:01:08.765974700
2331.2,1,09:01:08.828090587
2331.1,2,09:01:09.622443752
2331.3,1,09:01:09.694664988
2331.3,1,09:01:09.881950864
2331.3,5,09:01:10.058143903
2331.4,3,09:01:10.059541153
2331.4,2,09:01:10.059585350
2331.4,1,09:01:10.060065478
2331.3,1,09:01:10.152972285
2331.3,19,09:01:10.171328132
2331.3,4,09:01:10.183825893
2331.3,15,09:01:10.184177964
2331.3,5,09:01:10.184304184
2331.4,1,09:01:10.561859623
2331.4,1,09:01:10.806389293
2331.4,2,09:01:10.806699744
2331.5,2,09:01:10.870296344
2331.5,1,09:01:10.870586756
2331.4,1,09:01:11.231582532
2331.3,2,09:01:12.489247741
2331.3,1,09:01:13.373164257
2331.3,1,09:01:13.934535546
2331.3,3,09:01:14.532212477
2331.4,2,09:01:14.532212477
2331.4,2,09:01:14.532890378
2331.4,3,09:01:14.533007709
2331.2,1,09:01:14.924057397
2331.2,3,09:01:14.924726235
2331.2,1,09:01:14.945557839
2331.2,1,09:01:14.966628350
2331.3,2,09:01:15.156230250
2331.3,1,09:01:15.244350486
2331.1,5,09:01:16.248576627
2331.1,8,09:01:16.248895052
2331.1,2,09:01:16.317951021
2331.1,1,09:01:17.448916166
2331.1,1,09:01:17.449161054
2331.1,1,09:01:17.793573138
2331.2,1,09:01:17.797237344
2331.2,1,09:01:17.806921418
2331.3,2,09:01:18.459359634
2331.3,1,09:01:18.492794745
2331.3,1,09:01:18.662557851
2331.3,1,09:01:18.662725067
2331.4,1,09:01:19.387771741
2331.5,1,09:01:19.387782675
2331.5,4,09:01:19.388196514
2331.4,1,09:01:19.388247904
2331.5,1,09:01:19.507358961
2331.3,1,09:01:19.794005846
2331.4,1,09:01:20.702440992
2331.4,1,09:01:20.792269815
2331.4,1,09:01:21.272045332
2331.3,3,09:01:21.314425386
2331.4,1,09:01:21.314425386
2331.4,1,09:01:21.315229848
2331.4,1,09:01:21.315489568
2331.4,2,09:01:21.765611508
2331.4,1,09:01:21.788363735
2331.5,1,09:01:22.039666347
2331.4,1,09:01:22.044607488
2331.4,1,09:01:22.065085205
2331.4,2,09:01:22.626835529
2331.4,1,09:01:22.711624304
2331.3,3,09:01:22.832617077
2331.4,9,09:01:23.159096872
2331.5,1,09:01:23.678512400
2331.6,1,09:01:25.031162188
2331.5,1,09:01:26.104458814
2331.5,1,09:01:26.107231030
2331.5,1,09:01:26.131557321
2331.4,1,09:01:26.252976755
2331.4,2,09:01:26.253048738
2331.5,1,09:01:26.586169246
2331.5,1,09:01:27.041093366
2331.4,1,09:01:27.066030745
2331.5,1,09:01:27.087710845
2331.4,2,09:01:27.459360412
2331.5,1,09:01:27.729829458
2331.5,2,09:01:27.745047381
2331.5,1,09:01:27.745561916
2331.5,2,09:01:28.609876868
2331.5,1,09:01:29.024651425
2331.5,1,09:01:29.162787097
2331.6,5,09:01:29.166762572
2331.6,2,09:01:29.324851806
2331.4,1,09:01:29.538118128
2331.5,1,09:01:30.747248239
2331.6,1,09:01:31.035987093
2331.5,1,09:01:31.081439979
2331.5,1,09:01:31.571022234
2331.4,1,09:01:32.573080790
2331.5,1,09:01:33.504221105
2331.5,1,09:01:33.504617887
2331.5,1,09:01:34.191270865
2331.5,2,09:01:34.195977968
2331.5,1,09:01:35.030177936
2331.5,4,09:01:35.030645837
2331.6,6,09:01:35.128253938
2331.7,10,09:01:35.128253938
2331.8,9,09:01:35.128253938
2331.8,1,09:01:35.128311882
2331.9,1,09:01:35.128318266
2331.9,1,09:01:35.128325546
2331.8,3,09:01:35.145344723
2331.8,1,09:01:35.236068886
2331.8,1,09:01:35.240404148
2331.8,1,09:01:35.461009577
2331.7,1,09:01:35.541424220
2331.8,1,09:01:35.545030693
2331.8,1,09:01:35.548113549
2331.8,1,09:01:36.145192078
2331.8,2,09:01:36.145434163
2331.6,1,09:01:36.268336694
2331.8,1,09:01:36.587012518
2331.9,2,09:01:37.254003500
2331.9,1,09:01:38.352711980
2332.0,5,09:01:38.361600057
2332.0,2,09:01:38.361613328
2332.0,5,09:01:38.361772650
2332.0,3,09:01:38.361839016
2332.0,1,09:01:38.361878310
2332.0,1,09:01:38.362404330
2332.0,2,09:01:38.569359571
2332.0,1,09:01:38.575931032
2332.1,2,09:01:38.591840042
2332.0,1,09:01:38.599585441
2332.0,1,09:01:38.625960083
2332.0,4,09:01:38.757554744
2331.9,1,09:01:39.196770182
2331.9,1,09:01:39.465036520
2331.8,4,09:01:39.656877366
2331.9,1,09:01:40.020030245
2331.9,1,09:01:40.392523158
2332.0,1,09:01:40.631428006
2332.0,1,09:01:40.632006667
2332.0,2,09:01:40.843852669
2331.9,1,09:01:41.193469676
2331.9,1,09:01:41.475143840
2331.9,3,09:01:42.043563397
2331.8,1,09:01:42.840370273
2331.8,1,09:01:43.592360681
2331.9,2,09:01:43.670355280
2331.9,1,09:01:44.036892368
2331.9,1,09:01:44.454781257
2332.0,1,09:01:45.082492945
2332.0,1,09:01:45.314572389
2332.0,2,09:01:45.315797469
2332.0,1,09:01:45.315991387
2332.0,1,09:01:45.316037963
2332.0,1,09:01:45.320836368
2331.9,1,09:01:45.415037740
2331.9,1,09:01:45.442906113
2331.8,2,09:01:45.747822267
2331.9,1,09:01:45.970655237
2331.9,2,09:01:45.992973766
2331.9,1,09:01:45.993290569
2331.9,1,09:01:48.029541680
2331.7,9,09:01:48.166520785
2331.7,1,09:01:48.193009705
2331.7,1,09:01:48.214897108
2331.7,1,09:01:48.236950457
2331.8,2,09:01:48.272364337
2331.6,1,09:01:48.275947708
2331.6,3,09:01:49.363828251
2331.7,2,09:01:50.328359357
2331.7,1,09:01:50.451077270
2331.7,1,09:01:52.113037718
2331.8,1,09:01:52.476456373
2331.7,1,09:01:53.023424779
2331.7,2,09:01:53.027832498
2331.7,1,09:01:53.285780240
2331.6,1,09:01:54.528497760
2331.6,1,09:01:55.473232140
2331.6,1,09:01:56.167286540
2331.7,1,09:01:56.387087507
2331.8,1,09:01:56.387497505
2331.7,2,09:01:56.400287542
2331.6,1,09:01:56.612674818
2331.7,1,09:01:56.735990786
2331.8,1,09:01:57.042634207
2331.6,2,09:01:58.027493721
2331.6,7,09:01:58.027812054
2331.6,1,09:01:58.049377838
2331.6,1,09:01:58.070492042
2331.6,1,09:01:58.091285148
2331.7,1,09:01:58.153649509
2331.7,1,09:01:58.175711508
2331.5,1,09:01:59.148393159
2331.5,3,09:02:00.135949150
2331.4,1,09:02:00.342065708
2331.4,3,09:02:00.342320308
2331.3,3,09:02:00.615204460
2331.2,2,09:02:00.759392613
2331.2,2,09:02:00.759654241
2331.1,3,09:02:00.775570297
2331.1,1,09:02:00.961998932
2331.1,1,09:02:00.962314123
2331.0,1,09:02:00.999793783
2331.0,1,09:02:00.999807444
2331.0,9,09:02:01.000188978
2330.9,1,09:02:01.016471644
2330.9,1,09:02:01.016811987
2331.0,1,09:02:01.036943927
2331.0,1,09:02:01.145532652
2331.0,1,09:02:01.145802635
2331.1,3,09:02:02.165714273
2331.2,1,09:02:02.610271629
2331.2,3,09:02:02.610487626
2331.3,2,09:02:02.798643251
2331.3,2,09:02:03.267958409
2331.3,1,09:02:03.268700107
2331.3,1,09:02:03.270472018
2331.3,3,09:02:04.197682995
2331.4,1,09:02:04.353210076
2331.4,1,09:02:05.040890233
2331.6,1,09:02:06.023943793
2331.5,1,09:02:06.556214465
2331.4,1,09:02:06.556214465
2331.5,1,09:02:06.556965600
2331.8,1,09:02:07.228638845
2331.7,2,09:02:07.942003511
2331.8,1,09:02:07.952950811
2331.8,2,09:02:08.535939546
2331.8,1,09:02:08.733312070
2331.8,2,09:02:08.733664087
2331.9,2,09:02:09.026434894
2331.7,2,09:02:09.326944166
2331.8,1,09:02:09.850708791
2331.9,1,09:02:09.855246854
2332.0,2,09:02:10.079202901
2332.0,1,09:02:10.079376165
2332.0,2,09:02:10.079485588
2332.0,1,09:02:10.079531896
2332.0,2,09:02:10.270894476
2332.1,1,09:02:10.455818183
2332.1,1,09:02:10.455833665
2332.1,1,09:02:10.503869342
2331.8,6,09:02:11.854686608
2331.8,1,09:02:12.184799309
2331.9,1,09:02:12.609080557
2331.9,1,09:02:14.171513642
2332.0,2,09:02:14.246787997
2331.9,1,09:02:14.715362801
2332.0,1,09:02:14.878446940
2332.0,1,09:02:15.491938660
2332.0,1,09:02:15.867007061
2332.0,1,09:02:15.867530527
2332.0,1,09:02:16.198010781
2332.1,2,09:02:16.229014116
2332.1,1,09:02:16.340030807
2332.1,1,09:02:16.655284138
2332.1,2,09:02:16.655486530
2332.0,1,09:02:17.879974940
2332.0,1,09:02:19.492211050
2331.9,1,09:02:19.501619419
2332.0,1,09:02:19.638552849
2332.0,1,09:02:20.422117317
2332.0,1,09:02:21.291936640
2332.0,1,09:02:21.377203710
2331.9,1,09:02:23.743317791
2332.0,1,09:02:23.806941655
2332.1,2,09:02:24.323680001
2332.1,1,09:02:24.324389061
2332.0,1,09:02:25.123201881
2331.9,4,09:02:25.123201881
2332.0,2,09:02:25.123963993
2332.0,1,09:02:25.334652176
2332.1,1,09:02:25.916612067
2332.3,7,09:02:27.972360901
2332.2,3,09:02:27.972360901
2332.2,3,09:02:27.974244046
2332.2,1,09:02:27.974492675
2332.2,1,09:02:27.974975962
2332.2,1,09:02:28.137346723
2332.1,1,09:02:28.686700962
2332.1,1,09:02:28.686951239
2332.2,1,09:02:28.954548877
2332.1,1,09:02:29.146160816
2332.1,1,09:02:29.435231269
2332.1,3,09:02:30.204172145
2332.2,1,09:02:31.142320056
2332.2,3,09:02:31.390529334
2332.2,3,09:02:31.859314547
2332.3,5,09:02:32.269166147
2332.3,1,09:02:32.386806681
2332.3,2,09:02:32.387369886
2332.3,1,09:02:32.388050639
2332.3,1,09:02:32.455919664
2332.3,1,09:02:32.523631780
2332.4,1,09:02:33.190151158
2332.4,2,09:02:33.414610462
2332.4,1,09:02:33.415032186
2332.3,1,09:02:33.827953644
2332.4,1,09:02:34.401515511
2332.5,3,09:02:34.415860258
2332.5,5,09:02:34.860296858
2332.5,1,09:02:34.860328075
2332.5,1,09:02:34.860733987
2332.6,1,09:02:35.018990275
2332.7,1,09:02:35.019001542
2332.6,1,09:02:35.019234036
2332.5,1,09:02:35.146138419
2332.7,1,09:02:35.351297900
2332.6,1,09:02:35.354781810
2332.7,3,09:02:35.486418956
2332.5,1,09:02:35.955030854
2332.6,3,09:02:36.545669905
2332.5,3,09:02:37.114597948
2332.5,2,09:02:37.114862866
2332.6,1,09:02:37.372442050
2332.6,1,09:02:37.617649198
2332.7,5,09:02:38.070566969
2332.7,1,09:02:38.074837382
2332.6,1,09:02:38.255307514
2332.5,3,09:02:38.267197354
2332.6,1,09:02:38.267839587
2332.5,1,09:02:38.410461115
2332.5,1,09:02:38.837549252
2332.5,1,09:02:38.837745885
2332.5,2,09:02:39.175429546
2332.5,2,09:02:39.175678463
2332.5,1,09:02:39.201458335
2332.4,6,09:02:39.349952542
2332.4,1,09:02:40.315159742
2332.5,2,09:02:40.446751287
2332.5,1,09:02:40.704792251
2332.4,1,09:02:42.165586530
2332.4,2,09:02:42.165868152
2332.3,1,09:02:42.608022899
2332.4,1,09:02:42.909489598
2332.4,1,09:02:43.115164202
2332.3,5,09:02:43.138962066
2332.4,1,09:02:43.167432578
2332.5,5,09:02:43.560280794
2332.5,1,09:02:43.579965046
2332.5,1,09:02:43.580523099
2332.6,1,09:02:44.337266936
2332.6,1,09:02:44.337624163
2332.7,1,09:02:45.778342201
2332.7,1,09:02:45.778575444
2332.7,3,09:02:46.974261680
2332.7,1,09:02:47.104205328
2332.7,2,09:02:47.104383834
2332.9,2,09:02:47.636681817
2332.8,8,09:02:47.636681817
2332.9,1,09:02:47.636696236
2332.7,1,09:02:47.637512275
2332.7,2,09:02:47.638460883
2332.7,2,09:02:47.638860949
2332.6,1,09:02:47.653654791
2332.6,2,09:02:47.796606610
2332.8,1,09:02:47.796606610
2332.7,7,09:02:47.796606610
2332.6,1,09:02:47.797902429
2332.6,1,09:02:47.798585382
2332.8,5,09:02:47.816763186
2332.7,5,09:02:47.816763186
2332.6,1,09:02:47.818382847
2332.7,1,09:02:47.964229816
2332.6,2,09:02:47.985916329
2332.5,2,09:02:47.985916329
2332.5,1,09:02:47.987658749
2332.6,1,09:02:48.026841200
2332.5,1,09:02:48.026841200
2332.4,1,09:02:49.105273486
2332.2,1,09:02:50.160601040
2332.1,1,09:02:50.554239191
2332.1,1,09:02:51.762289071
2332.1,4,09:02:52.104519894
2332.1,1,09:02:52.387470716
2332.1,1,09:02:52.886088965
2332.1,2,09:02:52.886310224
2332.1,2,09:02:52.886348195
2332.1,1,09:02:52.967004285
2332.1,1,09:02:54.017416482
2332.0,1,09:02:54.957819727
2332.0,5,09:02:54.958064394
2332.0,2,09:02:54.961300547
2332.1,1,09:02:54.979006255
2332.1,1,09:02:54.979182133
2332.0,1,09:02:55.137833598
2332.1,4,09:02:55.137833598
2332.1,1,09:02:55.214257662
2332.2,1,09:02:55.214352486
2332.2,3,09:02:55.214585496
2332.3,1,09:02:55.814522097
2332.3,1,09:02:55.815035218
2332.4,2,09:02:56.009028233
2332.3,1,09:02:56.012773084
2332.2,2,09:02:56.338649136
2332.1,3,09:02:57.091529824
2332.1,1,09:02:57.126836273
2332.1,1,09:02:57.127209077
2332.1,1,09:02:57.724369849
2332.0,1,09:02:59.824384743
2332.0,1,09:03:00.605375477
2332.0,1,09:03:01.069713439
2332.0,1,09:03:01.177656616
2332.0,1,09:03:01.177992952
2332.0,1,09:03:01.766626626
2331.9,2,09:03:02.592959899
2331.9,3,09:03:02.593437389
2332.0,2,09:03:03.084373496
2332.1,3,09:03:03.305977594
2332.1,1,09:03:03.327366288
2332.1,1,09:03:03.871711023
2332.2,1,09:03:05.337377972
2332.3,1,09:03:06.812991915
2332.3,1,09:03:06.814943906
2332.3,1,09:03:07.365465801
2332.2,1,09:03:07.541149433
2332.2,4,09:03:08.216861876
2332.1,1,09:03:08.216861876
2332.2,1,09:03:08.309558114
2332.2,1,09:03:08.447542171
2332.2,2,09:03:09.270905482
2332.2,1,09:03:09.271071402
2332.0,1,09:03:09.449262777
2332.1,1,09:03:09.449262777
2332.0,7,09:03:09.827141942
2331.9,1,09:03:09.830817530
2331.9,1,09:03:09.833095135
2332.0,2,09:03:10.099496549
2332.1,2,09:03:10.188140324
2332.1,2,09:03:11.867624694
2332.1,1,09:03:12.800766499
2332.0,5,09:03:12.882974801
2331.9,5,09:03:13.194173209
2331.9,2,09:03:13.194460793
2331.9,1,09:03:13.259805532
2331.9,1,09:03:13.260071778
2332.0,1,09:03:13.368048593
2332.2,1,09:03:14.606679311
2332.1,2,09:03:14.977815606
2332.2,1,09:03:15.277013004
2332.3,1,09:03:15.705885695
2332.4,1,09:03:17.266972035
2332.4,2,09:03:17.267172743
2332.4,1,09:03:17.547057423
2332.4,1,09:03:17.675290346
2332.4,2,09:03:17.675622393
2332.5,6,09:03:19.053995921
2332.5,4,09:03:19.054659602
2332.5,1,09:03:19.694942288
2332.5,1,09:03:19.695166001
2332.6,3,09:03:20.258590349
2332.5,2,09:03:20.407579836
2332.5,1,09:03:20.408062652
2332.6,1,09:03:20.794459282
2332.7,2,09:03:20.794542772
2332.7,1,09:03:20.794741832
2332.7,1,09:03:20.795193128
2332.7,1,09:03:20.795224136
2332.6,3,09:03:21.478200564
2332.7,1,09:03:21.478754794
2332.8,1,09:03:21.772007747
2332.7,1,09:03:22.124787044
2332.7,3,09:03:22.536572772
2332.8,1,09:03:22.902705318
2332.9,3,09:03:23.513336032
2332.7,1,09:03:23.603213892
2332.7,1,09:03:27.187099790
2332.9,5,09:03:27.188460924
2332.8,1,09:03:27.188562686
2332.9,3,09:03:27.189176648
2332.9,1,09:03:27.189248707
2332.9,2,09:03:27.189407648
2332.8,5,09:03:27.189948983
2332.8,2,09:03:27.190768130
2332.7,1,09:03:27.289928822
2332.7,1,09:03:27.839634920
2332.7,3,09:03:27.839820229
2332.7,1,09:03:27.840051799
2332.7,1,09:03:28.760943138
2332.7,2,09:03:28.761175767
2332.7,2,09:03:28.929336734
2332.7,1,09:03:29.112250330
2332.7,3,09:03:29.403110750
2332.8,3,09:03:29.411806276
2332.8,4,09:03:29.412140149
2332.6,1,09:03:29.767930860
2332.6,4,09:03:29.768238357
2332.6,1,09:03:29.768888531
2332.5,1,09:03:30.562348710
2332.5,1,09:03:30.858851602
2332.5,2,09:03:31.620670361
2332.5,1,09:03:31.620917447
2332.4,1,09:03:31.799188829
2332.3,1,09:03:31.799200311
2332.4,1,09:03:31.810908987
2332.6,1,09:03:32.288673996
2332.7,1,09:03:32.634754634
2332.5,1,09:03:32.678677321
2332.6,1,09:03:33.437529016
2332.5,1,09:03:34.150648504
2332.7,1,09:03:37.450645153
2332.7,1,09:03:37.451384987
2332.8,1,09:03:37.811910902
2332.8,2,09:03:37.812894152
2332.7,1,09:03:38.061811970
2332.8,1,09:03:38.153259242
2332.8,1,09:03:38.170324759
2332.9,1,09:03:38.496993561
2332.7,1,09:03:38.514339044
2332.8,2,09:03:38.568331768
2332.9,3,09:03:38.886087465
2332.7,3,09:03:39.792059832
2332.7,1,09:03:39.792588890
2332.8,2,09:03:40.166618635
2332.7,3,09:03:40.166618635
2332.7,1,09:03:40.329255751
2332.7,1,09:03:41.007124765
2332.6,5,09:03:41.587159784
2332.6,1,09:03:42.231088904
2332.7,1,09:03:44.925037133
2332.6,1,09:03:45.719260331
2332.5,1,09:03:45.759500739
2332.5,1,09:03:45.762308824
2332.6,1,09:03:47.602305611
2332.5,2,09:03:48.100513669
2332.6,1,09:03:50.328972762
2332.5,3,09:03:54.209567182
2332.4,1,09:03:54.211367564
2332.3,2,09:03:54.386046533
2332.3,1,09:03:54.386281677
2332.3,1,09:03:54.386338659
2332.3,1,09:03:54.386900233
2332.3,2,09:03:54.588068227
2332.3,1,09:03:56.192238541
2332.3,2,09:03:56.192443237
2332.3,1,09:03:56.192483506
2332.2,1,09:03:56.456230348
2332.3,4,09:03:56.456230348
2332.3,1,09:03:56.457948755
2332.3,2,09:03:57.837540233
2332.2,1,09:03:57.837540233
2332.2,3,09:03:58.060911513
2332.3,1,09:03:58.460235775
2332.3,1,09:03:58.460526997
2332.4,1,09:03:59.594064367
2332.4,1,09:03:59.795309598
2332.4,1,09:03:59.795490046
2332.4,1,09:03:59.797475398
2332.4,1,09:04:00.174273503
2332.5,1,09:04:00.256524718
2332.4,1,09:04:00.610739373
2332.4,1,09:04:02.109798349
2332.5,1,09:04:03.588314106
2332.6,2,09:04:03.966097133
2332.7,1,09:04:05.137931993
2332.6,3,09:04:05.137931993
2332.5,4,09:04:05.139334747
2332.5,3,09:04:05.575796965
2332.6,9,09:04:07.462632193
2332.6,1,09:04:07.463707462
2332.7,1,09:04:07.464476422
2332.6,10,09:04:07.504431017
2332.7,3,09:04:08.569705363
2332.6,1,09:04:08.588880358
2332.6,1,09:04:08.940531977
2332.7,1,09:04:11.103346931
2332.7,2,09:04:11.519550375
2332.8,1,09:04:11.520165148
2332.8,1,09:04:11.609850681
2332.9,3,09:04:11.734744713
2332.9,3,09:04:11.735059731
2332.8,5,09:04:11.735527888
2332.8,1,09:04:11.735562422
2332.9,1,09:04:11.736330563
2332.9,2,09:04:11.737396633
2332.9,1,09:04:11.738709536
2333.0,5,09:04:12.794950747
2333.0,3,09:04:12.795220920
2333.0,6,09:04:12.795285708
2333.0,3,09:04:12.795388276
2333.1,1,09:04:12.796856076
2333.0,1,09:04:12.864239093
2333.0,1,09:04:13.223943697
2333.0,1,09:04:14.085282836
2332.9,1,09:04:14.256300442
2332.8,1,09:04:14.335569572
2332.8,1,09:04:15.596605073
2332.9,1,09:04:16.442675093
2332.8,2,09:04:16.442675093
2332.8,1,09:04:17.967403492
2332.7,1,09:04:17.967403492
2332.8,1,09:04:17.970668476
2332.9,2,09:04:18.056994642
2333.0,1,09:04:18.056994642
2332.9,2,09:04:19.129345226
2332.9,3,09:04:19.998113470
2333.0,1,09:04:19.998113470
2332.8,1,09:04:20.592477931
2332.9,2,09:04:21.364158898
2333.0,1,09:04:21.364158898
2332.8,2,09:04:21.567319203
2332.7,2,09:04:21.567319203
2332.8,1,09:04:21.569533632
2332.7,1,09:04:21.569662441
2332.8,1,09:04:23.009491495
2332.8,1,09:04:23.009738004
2332.9,4,09:04:23.799723098
2332.8,1,09:04:23.999958979
2333.0,1,09:04:25.891518683
2332.8,1,09:04:26.169309094
2332.9,1,09:04:27.095818416
2332.9,1,09:04:27.271584239
2332.9,1,09:04:27.272651800
2332.8,1,09:04:27.366912761
2332.9,1,09:04:27.538832689
2333.0,1,09:04:27.760356900
2333.0,2,09:04:27.760591011
2333.0,1,09:04:27.761088899
2332.9,3,09:04:28.039362403
2332.9,1,09:04:28.039935030
2333.0,3,09:04:29.461899373
2332.8,8,09:04:30.309745014
2332.9,1,09:04:31.528411305
2332.9,2,09:04:31.528621108
2333.0,1,09:04:32.081260137
2333.0,2,09:04:32.600854920
2333.0,1,09:04:33.043105566
2333.1,4,09:04:33.323726930
2333.1,1,09:04:33.325572293
2333.1,1,09:04:33.584603366
2333.2,3,09:04:33.936502588
2333.2,2,09:04:33.937207761
2333.3,8,09:04:33.969028872
2333.3,2,09:04:33.969371314
2333.4,1,09:04:33.991354466
2333.4,1,09:04:34.014070298
2333.3,2,09:04:34.016000007
2333.4,1,09:04:34.318641396
2333.3,2,09:04:34.550106029
2333.4,1,09:04:34.553287283
2333.3,1,09:04:35.474789562
2333.5,1,09:04:35.564130662
2333.5,1,09:04:35.564145386
2333.3,1,09:04:36.364657691
2333.3,1,09:04:36.587808488
2333.4,1,09:04:37.873090337
2333.3,1,09:04:38.039352914
2333.4,1,09:04:38.121553022
2333.4,1,09:04:38.123569428
2333.5,6,09:04:38.215290058
2333.5,1,09:04:38.215994184
2333.5,1,09:04:38.216371458
2333.6,1,09:04:38.264238557
2333.5,1,09:04:38.455855595
2333.5,1,09:04:38.456053906
2333.5,1,09:04:38.456261885
2333.4,5,09:04:38.533536990
2333.4,2,09:04:38.546502389
2333.3,2,09:04:38.752457570
2333.3,1,09:04:38.753494708
2333.3,1,09:04:39.176526886
2333.2,5,09:04:39.176866764
2333.2,1,09:04:39.176931579
2333.2,1,09:04:39.177585224
2333.2,1,09:04:39.197933616
2333.4,1,09:04:39.469264225
2333.2,1,09:04:39.510115253
2333.2,1,09:04:39.873201861
2333.2,1,09:04:40.626307641
2333.3,1,09:04:40.958595144
2333.2,1,09:04:40.981880245
2333.4,3,09:04:41.101903808
2333.3,2,09:04:41.101903808
2333.3,1,09:04:41.116584920
2333.3,1,09:04:41.164955511
2333.3,1,09:04:41.165233053
2333.2,1,09:04:41.322167643
2333.3,1,09:04:41.556246549
2333.2,1,09:04:41.616071386
2333.2,2,09:04:41.616165798
2333.3,2,09:04:41.830838620
2333.2,1,09:04:42.723071394
2333.2,1,09:04:42.723330308
2333.0,2,09:04:43.528833496
2332.9,3,09:04:45.168639571
2332.9,1,09:04:45.944742874
2332.8,2,09:04:46.745479279
2332.8,2,09:04:46.745712260
2332.9,1,09:04:46.936163874
2332.8,5,09:04:47.601407947
2332.9,2,09:04:48.203669485
2332.9,1,09:04:48.394080170
2332.8,3,09:04:48.394675733
2332.8,1,09:04:48.395072169
2332.7,1,09:04:48.686457838
2332.7,1,09:04:48.970494498
2332.6,8,09:04:48.970494498
2332.6,2,09:04:49.855575336
2332.6,4,09:04:49.855916462
2332.7,3,09:04:50.299146467
2332.8,1,09:04:50.458205164
2332.8,1,09:04:51.575680604
2332.7,3,09:04:52.283089768
2332.6,3,09:04:52.472798835
2332.6,1,09:04:52.479785601
2332.5,4,09:04:52.490408644
2332.4,1,09:04:52.490424722
2332.4,2,09:04:52.597449444
2332.4,1,09:04:52.890867694
2332.4,1,09:04:52.901962866
2332.3,2,09:04:52.975252419
2332.3,1,09:04:53.639604249
2332.3,1,09:04:54.183189058
2332.2,4,09:04:54.421661505
2332.2,1,09:04:54.421679588
2332.4,1,09:04:55.192514255
2332.3,3,09:04:55.994558799
2332.3,1,09:04:56.149398666
2332.2,1,09:04:56.166183383
2332.2,2,09:04:56.190439292
2332.3,1,09:04:56.392503203
2332.2,1,09:04:58.115990361
2332.3,1,09:04:58.162097760
2332.2,1,09:04:59.593731365
2332.1,2,09:04:59.843890793
2332.1,4,09:04:59.844146094
2332.0,2,09:05:00.036499160
2332.0,2,09:05:00.036918401
2332.1,5,09:05:00.069613505
2332.0,2,09:05:00.176590191
2332.1,1,09:05:00.341811360
2332.1,1,09:05:00.342397900
2332.0,2,09:05:00.342651134
2331.9,7,09:05:00.406472786
2331.9,1,09:05:00.517984335
2332.0,1,09:05:00.745997145
2332.0,1,09:05:01.309041298
2331.9,3,09:05:01.626605000
2331.9,1,09:05:01.628364290
2331.8,1,09:05:01.662594007
2331.9,2,09:05:01.663330518
2331.9,1,09:05:01.714910551
2331.9,1,09:05:01.747146535
2331.8,1,09:05:01.792934591
2331.7,1,09:05:01.816770968
2331.7,1,09:05:01.816786479
2331.6,1,09:05:01.852275633
2331.6,1,09:05:01.854295939
2331.6,1,09:05:01.918720453
2331.8,1,09:05:01.968058261
2331.7,2,09:05:01.969487337
2331.7,1,09:05:02.084421986
2331.5,3,09:05:02.320301392
2331.6,1,09:05:02.320301392
2331.7,1,09:05:02.320827364
2331.6,1,09:05:02.535253586
2331.6,1,09:05:02.766550987
2331.5,4,09:05:03.125873637
2331.6,1,09:05:03.168559748
2331.5,1,09:05:03.267674457
2331.5,3,09:05:03.267897965
2331.5,1,09:05:03.317237402
2331.4,2,09:05:03.474090031
2331.4,1,09:05:03.669252389
2331.4,1,09:05:03.857945148
2331.3,3,09:05:04.495828577
2331.3,5,09:05:04.496080826
2331.4,1,09:05:04.608591751
2331.3,1,09:05:04.929470237
2331.2,1,09:05:05.067351190
2331.3,1,09:05:05.185310975
2331.3,1,09:05:05.185748660
2331.3,1,09:05:05.688831356
2331.3,1,09:05:05.689865057
2331.2,1,09:05:05.920879559
2331.1,1,09:05:06.111929958
2331.2,1,09:05:06.129085300
2331.2,1,09:05:06.204452713
2331.3,1,09:05:06.260604591
2331.2,1,09:05:06.397721479
2331.3,1,09:05:07.497865304
2331.3,3,09:05:08.020842729
2331.4,1,09:05:08.180010529
2331.4,3,09:05:08.180147325
2331.4,2,09:05:08.180256019
2331.4,2,09:05:08.415760615
2331.3,6,09:05:09.018570565
2331.3,1,09:05:09.019513032
2331.4,1,09:05:09.030132953
2331.3,2,09:05:09.030511325
2331.4,1,09:05:09.236110502
2331.2,3,09:05:09.665652605
2331.1,1,09:05:10.029765657
2331.1,2,09:05:10.029997434
2331.1,1,09:05:10.150080252
2331.0,8,09:05:10.179367502
2331.1,1,09:05:11.065680374
2331.1,1,09:05:11.066059464
2331.2,8,09:05:11.088619325
2331.2,3,09:05:11.090675338
2331.2,2,09:05:11.091013239
2331.2,1,09:05:11.367111534
2331.3,1,09:05:11.470501321
2331.3,1,09:05:11.470809270
2331.2,1,09:05:13.429483160
2331.3,1,09:05:13.703059477
2331.4,1,09:05:15.506719229
2331.3,5,09:05:17.158006572
2331.3,1,09:05:17.883792096
2331.3,2,09:05:17.883934310
2331.4,1,09:05:18.788175370
2331.2,5,09:05:18.878536791
2331.3,1,09:05:18.973231757
2331.3,1,09:05:20.688901894
2331.3,1,09:05:20.836969972
2331.4,1,09:05:21.161342691
2331.2,1,09:05:22.334998869
2331.2,2,09:05:22.336169567
2331.3,1,09:05:22.482073074
2331.3,1,09:05:22.569385356
2331.3,1,09:05:22.602870849
2331.3,1,09:05:22.603473341
2331.2,2,09:05:22.603839442
2331.2,1,09:05:22.603896975
2331.4,1,09:05:23.570584279
2331.2,4,09:05:23.694959460
2331.1,5,09:05:23.702435515
2331.1,1,09:05:23.702448332
2331.2,1,09:05:24.965504634
2331.0,2,09:05:25.627641085
2331.0,1,09:05:25.753524396
2331.1,2,09:05:25.985747484
2331.2,2,09:05:26.531720833
2331.2,1,09:05:26.531777029
2331.2,1,09:05:26.586019026
2331.1,2,09:05:27.092369671
2331.1,1,09:05:28.005663382
2331.0,4,09:05:28.005748366
2331.0,5,09:05:28.006097112
2331.0,1,09:05:28.006356865
2331.0,1,09:05:28.553639369
2331.0,1,09:05:28.724632060
2331.0,1,09:05:29.139238816
2331.1,1,09:05:30.077205931
2331.0,1,09:05:30.415071956
2331.0,4,09:05:30.523143891
2331.0,1,09:05:30.523450221
2331.2,1,09:05:30.765423094
2331.1,2,09:05:31.040868602
2331.1,1,09:05:31.269520018
2331.2,1,09:05:31.498803129
2331.1,1,09:05:31.540486535
2331.1,1,09:05:31.601580126
2331.2,1,09:05:32.020547755
2331.3,2,09:05:32.588473039
2331.2,2,09:05:32.588473039
2331.1,2,09:05:32.589823022
2331.1,1,09:05:32.590525123
2331.2,1,09:05:32.706325120
2331.2,1,09:05:32.906629945
2331.0,1,09:05:34.533095998
2331.0,2,09:05:34.533324316
2331.0,1,09:05:34.533782754
2330.9,2,09:05:35.188506538
2330.8,5,09:05:35.822632854
2330.8,1,09:05:36.043552429
2330.8,1,09:05:37.043156733
2330.7,10,09:05:37.493777723
2330.8,1,09:05:37.494839754
2330.8,1,09:05:37.495014946
2330.8,1,09:05:37.495451047
2330.8,4,09:05:37.511973475
2330.7,6,09:05:37.511973475
2330.6,2,09:05:37.566146322
2330.6,2,09:05:37.566160847
2330.8,1,09:05:37.645058009
2330.8,1,09:05:37.645274298
2330.8,1,09:05:37.645329976
2330.7,1,09:05:37.904257359
2330.7,2,09:05:37.905597709
2330.7,3,09:05:38.715792496
2330.7,5,09:05:38.716149348
2330.7,1,09:05:38.716572362
2330.8,2,09:05:38.882285436
2330.9,1,09:05:39.166855723
2330.4,10,09:05:39.372485847
2330.3,2,09:05:39.372485847
2330.7,9,09:05:39.372485847
2330.5,18,09:05:39.372485847
2330.6,11,09:05:39.372485847
2330.3,4,09:05:39.372739581
2330.3,1,09:05:39.372746148
2330.6,2,09:05:39.375009950
2330.6,1,09:05:39.375898829
2330.5,2,09:05:39.376536410
2330.6,1,09:05:39.607848774
2330.6,1,09:05:39.608274940
2330.5,1,09:05:39.609515144
2330.6,1,09:05:39.609858306
2330.6,2,09:05:39.770214674
2330.6,1,09:05:39.770295367
2330.6,1,09:05:39.987422990
2330.5,4,09:05:40.042808841
2330.6,1,09:05:40.536352164
2330.5,1,09:05:40.749271328
2330.5,1,09:05:40.870785717
2330.5,1,09:05:40.913125314
2330.4,3,09:05:41.039271166
2330.5,1,09:05:41.039580350
2330.5,1,09:05:41.039784271
2330.5,2,09:05:41.161382588
2330.6,2,09:05:41.696161575
2330.6,1,09:05:41.696308262
2330.7,1,09:05:41.766363145
2330.6,2,09:05:41.766616933
2330.6,1,09:05:41.766802556
2330.5,1,09:05:42.265625909
2330.6,1,09:05:42.267316007
2330.6,1,09:05:42.267601348
2330.6,2,09:05:42.615257491
2330.7,1,09:05:42.615288602
2330.7,1,09:05:42.650420280
2330.7,1,09:05:43.228205166
2330.6,1,09:05:43.237500331
2330.6,1,09:05:43.244275300
2330.6,2,09:05:44.171276895
2330.7,1,09:05:44.244006735
2330.7,3,09:05:45.512217323
2330.7,2,09:05:45.512638686
2330.7,2,09:05:45.512813950
2330.7,2,09:05:45.512844854
2330.7,1,09:05:45.512985141
2330.7,1,09:05:45.513021321
2330.7,1,09:05:45.808979745
2330.6,1,09:05:45.810733208
2330.6,3,09:05:48.396508809
2330.5,1,09:05:48.399218292
2330.5,2,09:05:48.635123179
2330.6,1,09:05:48.934034634
2330.4,8,09:05:48.995989218
2330.2,19,09:05:48.995989218
2330.1,12,09:05:48.995989218
2330.0,16,09:05:48.995989218
2330.3,12,09:05:48.995989218
2330.5,8,09:05:48.995989218
2330.0,25,09:05:48.996218800
2330.3,1,09:05:48.998389046
2330.3,1,09:05:48.999345081
2330.1,1,09:05:49.001698150
2330.2,1,09:05:49.003834097
2330.2,1,09:05:49.004293008
2330.2,1,09:05:49.008594875
2330.1,3,09:05:49.008677152
2330.1,2,09:05:49.042892594
2330.2,1,09:05:49.043281939
2330.2,1,09:05:49.043535935
2330.2,1,09:05:49.043584477
2330.1,1,09:05:49.215132657
2330.2,1,09:05:49.216888058
2330.2,1,09:05:49.216926012
2330.2,2,09:05:49.292427295
2330.3,1,09:05:49.600978661
2330.3,1,09:05:49.606970587
2330.3,2,09:05:49.607399252
2330.3,1,09:05:49.749936239
2330.3,1,09:05:50.594007147
2330.1,1,09:05:51.046171168
2330.2,2,09:05:51.108529603
2330.2,1,09:05:51.108703808
2330.1,2,09:05:51.108865417
2330.1,1,09:05:51.108930640
2330.1,1,09:05:51.108988220
2330.1,1,09:05:51.110155421
2330.0,1,09:05:51.146463299
2330.0,1,09:05:51.146686410
2330.0,3,09:05:51.146947730
2330.0,1,09:05:51.147181281
2330.0,7,09:05:51.147361576
2330.0,2,09:05:51.148867120
2330.0,1,09:05:51.255109663
2330.0,1,09:05:51.255165602
2330.0,1,09:05:51.339982876
2330.0,1,09:05:51.528885366
2330.1,2,09:05:51.576818372
2330.1,1,09:05:51.576880546
2330.1,1,09:05:51.577269021
2330.1,1,09:05:51.577584848
2330.1,1,09:05:51.905773997
2329.9,3,09:05:52.048225076
2329.5,1,09:05:52.048240216
2329.6,13,09:05:52.048240216
2329.8,1,09:05:52.048240216
2329.8,7,09:05:52.048240216
2329.9,1,09:05:52.048240216
2329.7,4,09:05:52.048240216
2329.8,1,09:05:52.051442870
2329.8,1,09:05:52.051915104
2329.9,1,09:05:52.052107143
2329.8,1,09:05:52.052513391
2329.8,1,09:05:52.053175721
2329.8,1,09:05:52.053248628
2329.8,2,09:05:52.054274006
2329.8,1,09:05:52.055756897
2329.8,2,09:05:52.057532136
2329.8,1,09:05:52.057607123
2329.9,1,09:05:52.058871782
2329.9,1,09:05:52.059117800
2329.8,4,09:05:52.064189342
2329.7,4,09:05:52.066645233
2329.7,2,09:05:52.067006338
2329.7,1,09:05:52.067220179
2329.7,2,09:05:52.067408506
2329.8,2,09:05:52.188676515
2329.8,1,09:05:52.188724790
2329.9,3,09:05:52.829675849
2329.9,2,09:05:52.830059838
2330.0,1,09:05:52.972762209
2329.9,2,09:05:53.176339328
2329.8,1,09:05:53.255972168
2330.0,1,09:05:53.833532527
2330.0,1,09:05:53.833901654
2329.9,3,09:05:53.834667519
2330.0,1,09:05:53.842620074
2330.1,1,09:05:54.168884787
2330.0,3,09:05:54.210749926
2330.0,2,09:05:54.211098295
2330.0,1,09:05:54.211175746
2329.8,5,09:05:54.666731755
2329.8,1,09:05:54.667684354
2329.8,2,09:05:54.861141610
2329.9,1,09:05:54.908084202
2329.9,1,09:05:54.989725814
2329.9,2,09:05:54.990052896
2329.9,1,09:05:55.105210009
2329.9,2,09:05:56.063197495
2330.0,1,09:05:56.200258320
2329.9,1,09:05:56.758566262
2329.8,3,09:05:57.646824580
2329.6,9,09:05:57.646824580
2329.7,8,09:05:57.646824580
2329.8,1,09:05:57.668945179
2329.6,1,09:05:57.947072425
2329.7,1,09:05:59.086896580
2329.9,1,09:05:59.701635137
2329.7,1,09:05:59.777165001
2330.0,1,09:06:00.221251296
2330.0,3,09:06:00.221327195
2330.0,1,09:06:00.221364108
2330.0,1,09:06:00.222627404
2330.0,2,09:06:00.223885881
2330.1,1,09:06:00.282554658
2330.1,2,09:06:00.282798612
2330.0,1,09:06:00.421166630
2330.1,1,09:06:01.231601782
2330.1,1,09:06:01.231626997
2330.1,2,09:06:01.231812800
2330.2,3,09:06:01.622354873
2330.5,1,09:06:02.669490606
2330.5,1,09:06:02.669505755
2330.5,7,09:06:02.688607697
2330.5,3,09:06:02.689961216
2330.5,1,09:06:02.690175719
2330.4,1,09:06:02.751372132
2330.4,2,09:06:03.207798276
2330.3,1,09:06:03.395353453
2330.4,1,09:06:03.395712778
2330.4,3,09:06:03.719994774
2330.3,1,09:06:03.719994774
2330.5,1,09:06:03.841084966
2330.5,1,09:06:03.841100057
2330.5,1,09:06:03.842118961
2330.6,1,09:06:03.919478382
2330.6,4,09:06:03.919879933
2330.6,3,09:06:03.920662739
2330.6,2,09:06:03.920881044
2330.6,4,09:06:03.920923132
2330.5,3,09:06:04.163532247
2330.6,1,09:06:04.209010223
2330.6,1,09:06:04.357135056
2330.6,5,09:06:04.498967220
2330.6,1,09:06:05.230315659
2330.6,2,09:06:05.230550362
2330.6,3,09:06:05.230853552
2330.6,2,09:06:05.518935986
2330.7,4,09:06:05.974661363
2330.8,3,09:06:06.208385439
2330.9,9,09:06:06.208385439
2331.0,13,09:06:06.208385439
2330.8,1,09:06:06.214389664
2330.6,1,09:06:06.227770280
2330.7,1,09:06:06.227770280
2330.8,1,09:06:06.413123721
2330.8,2,09:06:07.194966673
2331.0,1,09:06:08.429345829
2330.9,1,09:06:08.451679587
2330.9,4,09:06:08.451881546
2330.8,1,09:06:08.480867020
2330.8,2,09:06:09.245176021
2330.8,1,09:06:09.684101306
2330.9,1,09:06:10.134995143
2330.9,2,09:06:10.136582212
2330.9,1,09:06:10.182983612
2330.9,2,09:06:10.327285823
2331.0,1,09:06:10.657671210
2331.1,1,09:06:10.681035980
2331.1,1,09:06:10.940401746
2331.2,1,09:06:12.117326634
2331.0,2,09:06:12.357082929
2331.1,1,09:06:12.994339060
2330.8,2,09:06:14.033525769
2330.9,3,09:06:14.033525769
2330.9,1,09:06:14.243213333
2330.9,1,09:06:14.243433306
2330.9,1,09:06:14.436214249
2330.8,1,09:06:14.838634910
2330.9,1,09:06:14.922662725
2330.8,2,09:06:15.376133076
2330.8,6,09:06:15.376467560
2330.7,1,09:06:15.378270912
2330.7,1,09:06:15.378311830
2330.7,2,09:06:15.378464708
2330.8,1,09:06:15.404695870
2330.6,1,09:06:16.099423091
2330.7,1,09:06:16.273561021
2330.6,1,09:06:18.236524293
2330.5,1,09:06:18.415652588
2330.5,1,09:06:18.454291752
2330.5,1,09:06:18.506554440
2330.6,1,09:06:18.685006097
2330.6,1,09:06:19.281415691
2330.6,1,09:06:19.281978785
2330.7,1,09:06:19.963071810
2330.6,1,09:06:20.091277328
2330.5,4,09:06:20.635658159
2330.5,1,09:06:20.656769788
2330.5,1,09:06:20.665150189
2330.5,1,09:06:20.685854042
2330.4,9,09:06:21.667396905
2330.3,1,09:06:21.670032888
2330.2,2,09:06:21.818168171
2330.2,3,09:06:21.818210238
2330.2,1,09:06:21.824028807
2330.2,1,09:06:21.828204018
2330.3,2,09:06:22.082988584
2330.2,1,09:06:22.770804172
2330.1,1,09:06:23.062357624
2330.2,1,09:06:23.090533429
2330.2,1,09:06:24.366999765
2330.2,1,09:06:24.367203321
2330.2,1,09:06:24.367264769
2330.3,1,09:06:24.773418428
2330.3,1,09:06:24.865482604
2330.3,1,09:06:24.865648051
2330.3,1,09:06:25.309778957
2330.2,1,09:06:26.102910681
2330.3,1,09:06:26.593657963
2330.4,1,09:06:26.629980277
2330.3,2,09:06:26.631154621
2330.3,1,09:06:27.341556869
2330.3,1,09:06:29.151121718
2330.3,1,09:06:30.148343327
2330.3,1,09:06:30.173056337
2330.4,1,09:06:32.464146933
2330.4,2,09:06:32.464340796
2330.4,4,09:06:32.464382011
2330.4,3,09:06:32.464525181
2330.3,2,09:06:32.618528286
2330.3,2,09:06:32.812760520
2330.3,1,09:06:32.833233191
2330.3,1,09:06:32.837272463
2330.3,1,09:06:32.854219654
2330.3,1,09:06:32.876448956
2330.2,2,09:06:33.260760534
2330.2,1,09:06:33.260948285
2330.2,1,09:06:33.323915516
2330.2,1,09:06:33.549225593
2330.1,1,09:06:34.314020975
2330.1,6,09:06:34.314287491
2330.2,1,09:06:34.870538085
2330.2,1,09:06:35.640772221
2330.1,2,09:06:36.258128915
2330.2,1,09:06:36.283733587
2330.2,2,09:06:36.322097752
2330.2,3,09:06:36.347389711
2330.1,4,09:06:36.818984374
2330.2,1,09:06:36.844157532
2330.0,2,09:06:37.572292076
2330.1,1,09:06:37.572329619
2330.0,17,09:06:37.572567355
2330.0,3,09:06:37.572610015
2329.9,7,09:06:37.573662734
2329.9,3,09:06:37.573999682
2329.9,7,09:06:37.574106157
2329.9,4,09:06:37.574551053
2330.0,3,09:06:37.574711292
2330.0,2,09:06:37.574800904
2329.9,5,09:06:37.575463359
2329.9,1,09:06:37.575661834
2329.9,2,09:06:37.575691050
2330.0,1,09:06:37.576515653
2330.1,5,09:06:37.576832731
2330.0,1,09:06:37.576938135
2330.2,5,09:06:37.590192566
2330.1,1,09:06:37.590334051
2330.1,1,09:06:37.590941695
2330.0,1,09:06:38.053306946
2330.1,1,09:06:38.901586635
2330.2,1,09:06:38.901616978
2330.2,3,09:06:38.901875683
2330.1,2,09:06:38.902258076
2330.2,1,09:06:38.935622992
2330.1,2,09:06:39.299176816
2330.2,1,09:06:39.326002592
2330.2,1,09:06:39.359079403
2330.2,2,09:06:40.452388164
2330.2,2,09:06:40.480397336
2330.2,2,09:06:40.509445346
2330.2,1,09:06:41.361411996
2330.1,4,09:06:41.688725290
2330.0,13,09:06:41.688725290
2330.0,1,09:06:41.689465363
2330.0,2,09:06:41.689519754
2330.1,1,09:06:41.690912547
2330.1,1,09:06:41.690944644
2330.1,1,09:06:41.691099924
2330.2,2,09:06:41.691761489
2330.2,2,09:06:41.761537086
2330.2,1,09:06:42.481442012
2330.1,1,09:06:42.524775853
2330.0,1,09:06:42.620016262
2329.9,1,09:06:42.620048515
2330.0,1,09:06:42.620821696
2330.0,3,09:06:42.643557833
2330.0,1,09:06:42.643748227
2329.9,9,09:06:42.808054582
2329.9,4,09:06:42.808392813
2329.8,6,09:06:42.809346288
2329.8,1,09:06:42.810090479
2329.8,1,09:06:42.810513182
2329.7,5,09:06:42.813523128
2329.7,1,09:06:42.814720848
2329.6,15,09:06:42.815203488
2329.6,4,09:06:42.815341005
2329.5,4,09:06:42.817092003
2329.5,1,09:06:42.817119617
2329.5,3,09:06:42.817166785
2329.6,2,09:06:42.835395177
2329.4,1,09:06:43.014517480
2329.5,1,09:06:43.019864878
2329.4,4,09:06:43.599448900
2329.3,5,09:06:43.601863483
2329.2,9,09:06:43.605491031
2329.2,2,09:06:43.605919117
2329.3,1,09:06:43.607837335
2329.4,1,09:06:43.619865860
2329.4,1,09:06:43.777380097
2329.4,2,09:06:43.777835527
2329.3,1,09:06:43.902389896
2329.4,1,09:06:43.928687622
2329.5,1,09:06:43.955947451
2329.4,2,09:06:44.475550360
2329.4,1,09:06:44.771072867
2329.3,3,09:06:45.797122150
2329.3,1,09:06:45.823227370
2329.3,3,09:06:45.879800309
2329.3,1,09:06:45.981843940
2329.1,6,09:06:46.472948628
2329.1,2,09:06:46.473412714
2329.0,16,09:06:46.479766664
2329.0,1,09:06:46.479776750
2329.0,1,09:06:46.482430695
2329.1,3,09:06:46.482554100
2329.1,1,09:06:46.482591140
2329.2,1,09:06:46.497516962
2329.2,1,09:06:47.071363738
2329.2,3,09:06:47.588760737
2329.3,1,09:06:48.748197685
2329.3,2,09:06:48.843440266
2329.3,12,09:06:48.843694806
2329.3,2,09:06:48.843809257
2329.3,1,09:06:48.844299740
2329.3,1,09:06:48.844387931
2329.3,1,09:06:48.844925894
2329.3,1,09:06:48.856430556
2329.2,2,09:06:48.859618637
2329.3,1,09:06:48.874307389
2329.3,1,09:06:48.874589849
2329.2,1,09:06:49.270558330
2329.4,3,09:06:49.317413513
2329.3,1,09:06:49.406360195
2329.2,2,09:06:50.283849954
2329.3,1,09:06:50.507222428
2329.2,1,09:06:51.462187985
2329.3,2,09:06:51.469054154
2329.3,1,09:06:51.860337458
2329.3,1,09:06:51.968780669
2329.3,1,09:06:51.969076778
2329.4,3,09:06:52.011786839
2329.3,2,09:06:52.012535872
2329.4,1,09:06:52.038788372
2329.4,1,09:06:52.170446600
2329.4,1,09:06:52.193546236
2329.4,1,09:06:52.257139946
2329.4,2,09:06:52.257312535
2329.5,1,09:06:53.739153180
2329.5,1,09:06:53.758273052
2329.4,1,09:06:54.101247443
2328.9,11,09:06:54.225267021
2329.2,6,09:06:54.225267021
2329.0,10,09:06:54.225267021
2329.1,11,09:06:54.225267021
2329.3,6,09:06:54.225267021
2328.8,1,09:06:54.225483473
2328.8,1,09:06:54.225491768
2328.9,2,09:06:54.226608971
2328.9,1,09:06:54.226762187
2328.9,2,09:06:54.227055550
2328.9,1,09:06:54.227285503
2329.1,3,09:06:54.232313256
2329.1,1,09:06:54.234349819
2329.1,1,09:06:54.234441958
2329.1,2,09:06:54.234701564
2329.0,3,09:06:54.238268947
2329.1,1,09:06:54.238727882
2329.1,4,09:06:54.238972898
2329.2,1,09:06:54.245886376
2329.2,1,09:06:54.247711056
2329.1,1,09:06:54.251650637
2329.2,2,09:06:54.267621082
2329.2,1,09:06:54.377028927
2329.3,1,09:06:54.380213884
2329.3,1,09:06:54.468350527
2329.3,1,09:06:54.476908412
2329.1,3,09:06:54.483689826
2329.2,1,09:06:54.508826191
2329.2,1,09:06:54.509991469
2329.3,1,09:06:54.510977409
2329.3,1,09:06:54.529840236
2329.1,2,09:06:55.030960903
2329.1,1,09:06:55.411222258
2329.2,1,09:06:56.040035647
2329.3,1,09:06:56.307674371
2329.3,1,09:06:56.333920400
2329.2,1,09:06:56.335620764
2329.3,1,09:06:56.368674922
2329.2,3,09:06:56.587702164
2329.2,1,09:06:56.618497380
2329.3,5,09:06:57.458325243
2329.3,2,09:06:57.458674927
2329.3,1,09:06:57.813425126
2329.3,2,09:06:57.813547609
2329.4,2,09:06:57.814616181
2329.3,1,09:06:58.051195110
2329.4,1,09:06:58.051195110
2329.5,2,09:06:58.088033994
2329.4,1,09:06:59.519761420
2329.3,3,09:06:59.523437725
2329.2,5,09:06:59.527010688
2329.2,12,09:06:59.527869099
2329.1,9,09:06:59.529703734
2329.2,1,09:06:59.529703734
2329.1,2,09:06:59.531101906
2329.2,1,09:06:59.531384136
2329.2,1,09:06:59.532324635
2329.3,1,09:06:59.661919200
2329.2,1,09:06:59.852795951
2329.2,1,09:06:59.852987693
2329.2,4,09:06:59.948630279
2329.1,1,09:07:00.178310724
2329.3,1,09:07:00.908653335
2329.1,3,09:07:01.192274684
2329.1,1,09:07:01.192439002
2329.1,3,09:07:01.192500923
2329.2,4,09:07:01.234146983
2329.3,1,09:07:01.234146983
2329.0,2,09:07:01.434140229
2329.0,2,09:07:01.434178204
2329.0,4,09:07:01.434378550
2328.9,1,09:07:01.568834447
2328.9,3,09:07:01.569084024
2329.0,1,09:07:01.612640574
2328.9,2,09:07:01.629833111
2328.8,2,09:07:01.793579112
2328.8,1,09:07:02.044984640
2329.0,2,09:07:02.286343766
2328.9,1,09:07:03.041110192
2329.1,1,09:07:03.552558072
2329.1,2,09:07:03.552605986
2329.3,2,09:07:03.659485765
2329.2,1,09:07:03.660111038
2329.2,1,09:07:03.776566121
2329.1,1,09:07:03.799955501
2329.1,1,09:07:04.153265908
2329.1,2,09:07:04.888647778
2329.1,3,09:07:04.889670767
2329.1,1,09:07:05.246082243
2329.1,1,09:07:05.543423365
2329.2,1,09:07:05.543423365
2329.0,1,09:07:06.112287623
2329.1,1,09:07:06.515123908
2329.2,1,09:07:06.537411528
2329.2,2,09:07:07.537102021
2329.2,2,09:07:07.537314329
2329.2,3,09:07:07.537348804
2329.1,2,09:07:07.911154742
2329.3,4,09:07:08.695026685
2329.3,1,09:07:08.695067701
2329.2,2,09:07:08.695161895
2329.3,1,09:07:08.696302730
2329.2,2,09:07:08.696380876
2329.2,2,09:07:09.302782064
2329.3,3,09:07:09.450813063
2329.3,1,09:07:09.496682435
2329.3,1,09:07:10.412439950
2329.1,1,09:07:10.536704131
2329.1,1,09:07:10.543345719
2329.0,4,09:07:11.046532922
2329.1,2,09:07:11.150309269
2329.1,1,09:07:11.388319833
2329.0,1,09:07:12.109696220
2329.1,1,09:07:12.522753253
2329.0,1,09:07:12.957979002
2329.2,1,09:07:13.048882182
2329.0,1,09:07:13.433076266
2329.2,1,09:07:13.637511514
2329.0,1,09:07:14.313110280
2329.1,1,09:07:14.313110280
2329.2,1,09:07:14.352354256
2329.1,3,09:07:14.523171485
2329.1,1,09:07:14.606217713
2329.1,2,09:07:14.645216907
2329.2,1,09:07:14.874104118
2329.1,1,09:07:17.789936554
2329.2,2,09:07:19.311954916
2329.1,3,09:07:19.688974977
2329.1,1,09:07:20.667151485
2329.1,2,09:07:20.682792225
2329.2,1,09:07:23.163161483
2329.1,2,09:07:23.500285984
2329.1,2,09:07:23.500337748
2329.1,1,09:07:23.606245475
2329.2,1,09:07:23.745466282
2329.2,1,09:07:23.964518560
2329.2,1,09:07:24.278924293
2329.2,1,09:07:24.290034806
2329.3,1,09:07:24.580088342
2329.0,15,09:07:25.741096888
2329.1,5,09:07:25.741096888
2329.1,1,09:07:25.748033714
2329.1,1,09:07:26.028404432
2329.1,1,09:07:26.988422068
2329.0,1,09:07:27.311049268
2329.1,1,09:07:27.427840604
2329.2,1,09:07:27.555331680
2329.0,1,09:07:28.536289114
2329.2,1,09:07:28.615162200
2329.1,1,09:07:30.997480891
2329.1,1,09:07:30.997716169
2329.1,2,09:07:30.998355482
2329.2,1,09:07:31.068188729
2329.2,2,09:07:31.068251584
2329.2,3,09:07:31.068292280
2329.2,1,09:07:31.086471999
2329.3,1,09:07:31.212002631
2329.1,1,09:07:31.284993821
2329.3,1,09:07:32.088811438
2329.3,2,09:07:32.089022716
2329.3,8,09:07:32.089124151
2329.3,1,09:07:32.089853113
2329.3,3,09:07:32.090103943
2329.3,1,09:07:32.090153071
2329.3,1,09:07:32.093857047
2329.2,1,09:07:32.123558913
2329.2,1,09:07:33.599440983
2329.3,1,09:07:34.043050276
2329.2,2,09:07:34.099681430
2329.4,1,09:07:35.077621164
2329.4,1,09:07:35.077647500
2329.4,1,09:07:35.077809305
2329.4,2,09:07:35.077887009
2329.4,1,09:07:35.254054678
2329.4,5,09:07:35.254303178
2329.4,1,09:07:35.853194525
2329.4,1,09:07:36.565279683
2329.3,2,09:07:37.119418874
2329.4,1,09:07:37.162486968
2329.5,5,09:07:39.098407349
2329.5,2,09:07:39.098419068
2329.6,1,09:07:39.099943141
2329.6,1,09:07:39.117885031
2329.6,1,09:07:39.118093758
2329.7,1,09:07:40.124551000
2329.6,2,09:07:40.184235710
2329.7,3,09:07:41.125849248
2329.8,2,09:07:41.725678488
2329.7,3,09:07:41.824111134
2329.7,1,09:07:41.850335195
2329.6,1,09:07:42.483489216
2329.9,10,09:07:42.589271867
2330.0,12,09:07:42.589271867
2330.2,10,09:07:42.589271867
2329.8,6,09:07:42.589271867
2330.1,12,09:07:42.589271867
2329.9,1,09:07:42.590844798
2329.9,1,09:07:42.592208068
2329.9,1,09:07:42.593835141
2329.9,1,09:07:42.595353069
2329.9,1,09:07:42.595456767
2329.8,3,09:07:42.657435556
2329.9,1,09:07:42.691610505
2329.8,3,09:07:42.743211292
2330.0,1,09:07:43.013452783
2329.9,4,09:07:43.140438564
2330.0,1,09:07:43.150318473
2329.8,2,09:07:43.217191928
2329.8,3,09:07:43.217493680
2329.9,1,09:07:44.730556017
2329.8,3,09:07:44.737216581
2329.7,1,09:07:45.341833284
2329.7,7,09:07:45.395811132
2329.7,1,09:07:45.554488103
2329.8,1,09:07:45.768518695
2329.6,5,09:07:46.116036832
2329.7,1,09:07:46.401686645
2329.8,3,09:07:46.401768409
2329.7,1,09:07:46.401971678
2329.7,1,09:07:46.402785829
2329.7,1,09:07:46.692030601
2329.8,1,09:07:46.863496855
2329.8,1,09:07:46.883565662
2329.8,2,09:07:46.905079694
2329.8,1,09:07:47.332358088
2329.7,1,09:07:48.715015694
2329.8,1,09:07:48.730037196
2329.7,1,09:07:48.735976730
2329.8,1,09:07:48.891530169
2329.8,1,09:07:49.133886938
2329.8,4,09:07:49.134162864
2329.8,2,09:07:49.134863044
2329.7,1,09:07:49.904964025
2329.7,1,09:07:49.905279142
2329.8,1,09:07:49.982701300
2329.8,1,09:07:49.983049752
2329.8,1,09:07:51.349608697
2329.8,3,09:07:51.350145326
2329.9,3,09:07:52.865116577
2330.0,1,09:07:52.940854143
2329.9,2,09:07:53.014707886
2329.9,1,09:07:53.868839373
2329.9,1,09:07:54.200529808
2330.0,1,09:07:54.867690655
2330.0,1,09:07:54.867705539
2329.8,6,09:07:55.486346633
2329.8,1,09:07:55.486886765
2329.8,2,09:07:55.507379782
2329.9,1,09:07:55.508367655
2329.9,1,09:07:55.508949328
2330.0,3,09:07:55.712667516
2329.9,1,09:07:55.805445431
2329.9,1,09:07:56.033360620
2329.8,1,09:07:56.404714282
2329.8,4,09:07:56.404925877
2329.8,1,09:07:56.404964735
2329.7,2,09:07:56.820543112
2329.8,1,09:07:56.898342637
2329.9,1,09:07:56.899339201
2329.8,4,09:07:57.078465320
2329.9,2,09:07:57.330375194
2329.9,2,09:07:57.330490415
2329.8,1,09:07:57.607442456
2329.8,1,09:07:57.992632699
2329.8,1,09:07:58.162446543
2329.8,3,09:07:58.993826338
2329.7,1,09:07:59.793481550
2329.8,1,09:08:00.124855334
2329.7,1,09:08:00.571724223
2329.9,3,09:08:00.842887029
2330.0,1,09:08:00.885929802
2330.0,2,09:08:01.269154260
2330.0,1,09:08:01.685919497
2329.9,3,09:08:01.686429590
2330.0,1,09:08:01.686475806
2329.8,5,09:08:03.157409536
2329.9,1,09:08:03.259561086
2329.9,1,09:08:03.259820294
2329.9,1,09:08:03.785003902
2329.9,1,09:08:03.785597185
2329.9,3,09:08:03.785670088
2329.9,1,09:08:03.799531393
2329.8,2,09:08:04.838564466
2329.8,1,09:08:04.838833185
2329.7,2,09:08:05.291557652
2329.8,1,09:08:06.102234581
2329.8,1,09:08:06.594220753
2329.8,1,09:08:06.594448572
2329.9,1,09:08:07.029259901
2329.9,1,09:08:07.029527779
2330.0,1,09:08:07.213627708
2329.9,1,09:08:07.378287163
2329.8,5,09:08:07.378287163
2329.8,1,09:08:07.379068024
2330.1,1,09:08:07.889489566
2330.0,4,09:08:07.889489566
2330.1,1,09:08:07.889502539
2329.9,2,09:08:07.901760791
2329.9,2,09:08:07.902190240
2330.0,2,09:08:09.871550859
2330.0,2,09:08:09.872015374
2330.0,1,09:08:09.872116845
2329.9,1,09:08:11.103086197
2330.1,1,09:08:11.562796103
2330.0,1,09:08:11.563454257
2330.1,2,09:08:11.568575167
2330.0,1,09:08:11.649788414
2330.3,8,09:08:11.887107084
2330.2,7,09:08:11.887107084
2330.3,1,09:08:11.989499521
2330.3,2,09:08:11.989734438
2330.3,2,09:08:12.239892356
2330.4,3,09:08:13.441258298
2330.4,1,09:08:13.441470729
2330.4,1,09:08:13.859180626
2330.5,10,09:08:13.876666596
2330.5,1,09:08:13.876687460
2330.4,2,09:08:13.877618381
2330.4,1,09:08:13.878290210
2330.4,2,09:08:13.878323929
2330.4,1,09:08:13.879133683
2330.4,1,09:08:14.130099723
2330.3,1,09:08:14.355379071
2330.3,2,09:08:14.858523630
2330.3,1,09:08:14.858687813
2330.2,1,09:08:15.200471439
2330.2,1,09:08:15.201572501
2330.3,1,09:08:17.095832772
2330.3,1,09:08:17.170350297
2330.3,1,09:08:17.170649164
2330.3,2,09:08:17.364155959
2330.3,1,09:08:18.006176811
2330.2,1,09:08:18.124656247
2330.2,1,09:08:18.528702757
2330.1,2,09:08:18.851003418
2330.1,2,09:08:18.851274614
2330.1,1,09:08:18.872932947
2329.9,1,09:08:19.172508827
2329.9,1,09:08:19.172522943
2330.1,1,09:08:19.924629228
2330.0,1,09:08:19.924629228
2329.8,4,09:08:20.570116141
2329.7,3,09:08:21.694533901
2329.8,2,09:08:22.627613052
2329.6,3,09:08:22.664310808
2329.7,1,09:08:23.933861635
2329.7,2,09:08:24.912068644
2329.7,1,09:08:26.342761878
2329.5,1,09:08:26.370823931
2329.6,4,09:08:26.370823931
2329.7,1,09:08:27.658033126
2329.7,1,09:08:27.658668678
2329.7,1,09:08:28.113446105
2329.6,3,09:08:28.114762781
2329.6,1,09:08:29.115906640
2329.6,2,09:08:29.116288862
2329.5,1,09:08:31.540162988
2329.6,1,09:08:31.567678415
2329.9,7,09:08:32.182250159
2329.8,11,09:08:32.182250159
2329.7,7,09:08:32.182250159
2329.9,2,09:08:32.183568585
2329.9,1,09:08:32.184019366
2329.9,5,09:08:32.184063524
2329.9,5,09:08:32.184152604
2329.9,5,09:08:32.184170245
2329.9,5,09:08:32.184186498
2329.9,2,09:08:32.184203082
2329.9,3,09:08:32.186074706
2330.0,6,09:08:32.186074706
2329.8,1,09:08:32.186988927
2329.8,1,09:08:32.187727163
2329.8,1,09:08:32.306498938
2329.9,1,09:08:32.313864812
2329.9,1,09:08:32.556008544
2329.9,3,09:08:33.360145180
2329.9,1,09:08:36.873233325
2329.7,2,09:08:39.102765541
2329.8,3,09:08:39.102765541
2329.8,1,09:08:39.123856123
2329.8,1,09:08:40.897291835
2329.7,2,09:08:42.266599771
2329.7,2,09:08:42.266642495
2329.7,1,09:08:42.266811318
2329.8,1,09:08:42.522565609
2329.8,2,09:08:42.696242963
2329.9,1,09:08:43.072352316
2329.9,1,09:08:43.072413486
2329.9,2,09:08:43.072782539
2329.9,1,09:08:43.072951020
2330.0,2,09:08:43.073943353
2330.0,2,09:08:43.074382662
2330.0,1,09:08:43.075514124
2329.9,1,09:08:43.315706210
2329.9,2,09:08:43.316126385
2329.9,3,09:08:43.316724063
2329.7,1,09:08:44.904021152
2329.9,1,09:08:49.773786621
2330.0,3,09:08:49.824765429
2329.9,2,09:08:50.938301458
2329.9,1,09:08:50.956458737
2330.0,2,09:08:51.322645576
2330.0,1,09:08:51.322949393
2329.9,1,09:08:51.349685521
2329.9,1,09:08:51.349895980
2329.9,2,09:08:51.349927532
2329.9,6,09:08:51.350026504
2329.9,1,09:08:51.365534296
2330.0,4,09:08:51.513840687
2330.1,1,09:08:51.513840687
2330.1,4,09:08:51.682247400
2330.2,4,09:08:51.701006385
2330.3,1,09:08:53.105659284
2330.2,5,09:08:53.522111105
2330.2,1,09:08:53.522461483
2330.2,1,09:08:53.533723154
2330.1,2,09:08:55.536061437
2330.1,2,09:08:55.543922799
2330.2,1,09:08:55.545318249
2330.2,1,09:08:55.550596755
2330.2,1,09:08:55.556066735
2330.2,3,09:08:56.494182623
2330.2,1,09:08:57.498646511
2330.3,1,09:08:59.112987722
2330.3,1,09:09:02.238116968
2330.3,1,09:09:02.241487051
2330.2,3,09:09:02.242023837
2330.2,1,09:09:02.242061611
2330.2,1,09:09:02.243375919
2330.2,1,09:09:02.244890458
2330.2,4,09:09:02.245104959
2330.1,5,09:09:02.246678046
2330.1,14,09:09:02.247558304
2330.2,1,09:09:02.557268037
2330.3,1,09:09:03.347996739
2330.2,1,09:09:04.096854998
2330.1,1,09:09:04.677801618
2330.1,1,09:09:04.677887642
2330.2,4,09:09:06.075407587
2330.2,1,09:09:06.523275736
2330.1,1,09:09:07.270766829
2330.1,1,09:09:07.695343779
2330.1,1,09:09:08.736468100
2330.0,6,09:09:09.074061861
2330.0,4,09:09:09.074262614
2330.0,1,09:09:09.074471523
2330.0,1,09:09:09.074960090
2330.0,1,09:09:09.075012936
2330.0,2,09:09:09.075091530
2330.0,1,09:09:09.076887998
2329.9,1,09:09:09.596860572
2329.8,5,09:09:10.839820539
2329.8,2,09:09:10.961189643
2329.9,2,09:09:11.405316248
2329.9,1,09:09:11.406051489
2329.9,1,09:09:12.101681211
2329.9,2,09:09:12.101974843
2330.0,1,09:09:12.276504810
2330.1,1,09:09:12.286346500
2330.1,3,09:09:12.286599024
2330.2,3,09:09:12.294504726
2330.2,1,09:09:12.294571223
2330.2,1,09:09:12.591494551
2330.2,1,09:09:12.591771168
2330.1,1,09:09:13.177542897
2330.3,1,09:09:13.454913304
2330.3,1,09:09:13.506444165
2330.3,2,09:09:16.409300584
2330.3,1,09:09:16.451204357
2330.3,1,09:09:16.451441254
2330.4,2,09:09:16.755048386
2330.4,1,09:09:16.755314824
2330.5,13,09:09:17.092992002
2330.5,1,09:09:17.093038290
2330.5,1,09:09:17.093111284
2330.5,2,09:09:17.094614467
2330.5,1,09:09:17.094765938
2330.6,1,09:09:17.589482652
2330.7,1,09:09:17.589494934
2330.6,1,09:09:17.589724913
2330.6,1,09:09:17.628437262
2330.6,2,09:09:17.961747023
2330.6,1,09:09:18.101790994
2330.6,1,09:09:18.275362973
2330.6,2,09:09:19.357536493
2330.5,1,09:09:19.357536493
2330.6,1,09:09:19.358387214
2330.6,2,09:09:19.359676463
2330.7,1,09:09:20.364491931
2330.7,1,09:09:20.375367655
2330.5,5,09:09:20.802152815
2330.5,1,09:09:20.803068993
2330.5,1,09:09:20.804052722
2330.5,1,09:09:20.816202994
2330.5,1,09:09:20.838132317
2330.5,1,09:09:22.030169597
2330.5,1,09:09:22.998750013
2330.5,1,09:09:24.201124851
2330.4,4,09:09:24.826390404
2330.5,1,09:09:24.826390404
2330.5,1,09:09:24.826989716
2330.6,1,09:09:25.740538000
2330.5,3,09:09:25.913425316
2330.6,2,09:09:26.408837086
2330.6,1,09:09:27.755118755
2330.7,5,09:09:28.264308217
2330.7,1,09:09:28.265090242
2330.6,1,09:09:28.282177848
2330.6,1,09:09:28.379676726
2330.6,1,09:09:28.591961988
2330.5,4,09:09:32.601091121
2330.5,1,09:09:33.105272313
2330.4,1,09:09:33.125141071
2330.4,3,09:09:33.125354032
2330.3,1,09:09:34.012555580
2330.3,3,09:09:35.033749459
2330.4,7,09:09:35.033749459
2330.2,2,09:09:35.036364472
2330.1,4,09:09:35.090335754
2330.2,1,09:09:35.205471247
2330.3,2,09:09:35.213180363
2330.2,1,09:09:35.640052821
2330.4,1,09:09:36.364797796
2330.3,1,09:09:36.365281367
2330.2,1,09:09:36.612519237
2330.2,1,09:09:37.752718367
2330.3,1,09:09:39.309577275
2330.3,1,09:09:39.681941449
2330.2,1,09:09:40.709280066
2330.1,1,09:09:40.980221741
2330.0,2,09:09:41.518370428
2329.9,3,09:09:41.518370428
2330.0,1,09:09:41.519937548
2330.1,1,09:09:41.917095440
2330.1,1,09:09:42.040326602
2330.1,1,09:09:42.083342754
2330.0,1,09:09:42.084245950
2330.0,1,09:09:42.084480060
2330.0,1,09:09:42.084522876
2330.1,1,09:09:42.109514252
2329.9,1,09:09:42.956463638
2330.0,2,09:09:45.757911681
2330.0,1,09:09:45.758199359
2330.1,1,09:09:45.781454653
2329.9,1,09:09:45.963756444
2329.9,1,09:09:46.000699051
2329.9,2,09:09:46.001245817
2329.9,1,09:09:46.022357792
2329.8,1,09:09:46.052158307
2329.7,1,09:09:46.094975147
2329.6,3,09:09:46.096295343
2329.6,2,09:09:46.096725704
2329.5,3,09:09:46.098825209
2329.5,2,09:09:46.099246751
2329.4,4,09:09:46.101261495
2329.3,1,09:09:46.101272833
2329.4,1,09:09:46.102478544
2329.4,1,09:09:46.102951978
2329.3,1,09:09:46.104558996
2329.4,1,09:09:46.105968653
2329.3,3,09:09:46.106302941
2329.4,1,09:09:46.106302941
2329.3,5,09:09:46.106807640
2329.3,11,09:09:46.106835358
2329.5,1,09:09:46.166804165
2329.5,1,09:09:46.228784306
2329.5,1,09:09:46.241518439
2329.6,1,09:09:47.148285067
2329.7,1,09:09:48.006219734
2329.9,5,09:09:48.727422790
2330.0,2,09:09:48.826986074
2329.9,1,09:09:48.827496605
2330.0,1,09:09:48.828071455
2329.8,1,09:09:49.307433064
2329.9,2,09:09:50.444403266
2329.8,1,09:09:51.354726737
2329.8,1,09:09:52.889573211
2329.8,1,09:09:52.889831356
2329.8,1,09:09:53.468170886
2329.9,1,09:09:53.671795281
2329.7,5,09:09:57.700278152
2329.7,7,09:09:57.700621462
2329.6,1,09:09:58.023784407
2329.7,2,09:09:58.615312444
2329.7,1,09:09:58.615990925
2329.6,1,09:09:59.173069687
2329.6,1,09:09:59.198089415
2329.8,1,09:09:59.650446010
2329.7,1,09:09:59.664484840
2324.5,1,09:10:52.314525099
2324.3,1,09:10:52.314578953
2324.6,1,09:10:52.316130645
2324.6,1,09:10:52.316260837
2324.5,1,09:10:52.316467055
2324.5,1,09:10:52.316529719
2324.3,1,09:10:52.317643236
2324.4,1,09:10:52.317729081
2324.4,1,09:10:52.317893644
2324.2,1,09:10:52.317893644
2324.0,1,09:10:52.318613431
2324.3,1,09:10:52.319823590
2324.4,1,09:10:52.319823590
2324.0,1,09:10:52.320373739
2324.3,1,09:10:52.320764572
2324.3,1,09:10:52.320822036
2324.0,1,09:10:52.321142247
2324.2,1,09:10:52.324771108
2324.2,3,09:10:52.325142689
2324.1,1,09:10:52.327587977
2324.2,1,09:10:52.327913350
2324.0,1,09:10:52.328943185
2324.1,1,09:10:52.329242865
2324.2,1,09:10:52.329297198
2324.0,1,09:10:52.331195633
2323.9,1,09:10:52.331341192
2324.0,1,09:10:52.331877952
2323.8,2,09:10:52.332565678
2323.9,1,09:10:52.334202565
2323.7,2,09:10:52.335243303
2323.7,2,09:10:52.335970386
2323.6,4,09:10:52.337343585
2323.7,1,09:10:52.338311230
2323.5,1,09:10:52.339538908
2323.5,1,09:10:52.339667024
2323.6,1,09:10:52.342929922
2323.6,2,09:10:52.343108297
2323.4,1,09:10:52.343691669
2323.4,1,09:10:52.344150340
2323.5,1,09:10:52.344292055
2323.4,2,09:10:52.344850249
2323.5,1,09:10:52.345424216
2323.5,3,09:10:52.352944549
2323.5,5,09:10:52.354223900
2323.5,1,09:10:52.354603834
2323.5,1,09:10:52.354700140
2323.5,2,09:10:52.354799582
2323.5,1,09:10:52.355175856
2323.6,1,09:10:52.360843999
2323.6,3,09:10:52.361278100
2323.5,1,09:10:52.361320315
2323.5,1,09:10:52.361611137
2323.5,1,09:10:52.361848832
2323.5,1,09:10:52.363191528
2323.6,3,09:10:52.369929986
2323.6,1,09:10:52.370120925
2323.5,1,09:10:52.370449149
2323.4,1,09:10:52.371843113
2323.6,3,09:10:52.377595194
2323.5,1,09:10:52.378199079
2323.4,3,09:10:52.378677385
2323.3,4,09:10:52.379472137
2323.4,1,09:10:52.380138692
2323.4,1,09:10:52.380678908
2323.4,1,09:10:52.380746215
2323.4,1,09:10:52.380805150
2323.4,1,09:10:52.380898125
2323.3,3,09:10:52.381001058
2323.4,2,09:10:52.381086320
2323.4,2,09:10:52.381210845
2323.4,4,09:10:52.381259128
2323.4,1,09:10:52.394375472
2323.3,1,09:10:52.394423894
2323.3,1,09:10:52.435129184
2323.4,1,09:10:52.435849784
2323.4,1,09:10:52.435934566
2323.5,7,09:10:52.436590830
2323.4,1,09:10:52.454114396
2323.5,1,09:10:52.455742202
2323.5,1,09:10:52.456075248
2323.5,1,09:10:52.456416489
2323.6,1,09:10:52.456737972
2323.6,1,09:10:52.457055742
2323.4,2,09:10:52.465336130
2323.5,1,09:10:52.465336130
2323.5,1,09:10:52.483134137
2323.5,1,09:10:52.575106336
2323.6,1,09:10:52.577605269
2323.6,4,09:10:52.591983805
2323.7,7,09:10:52.602187452
2323.7,1,09:10:52.606402266
2323.8,1,09:10:52.634135708
2323.8,1,09:10:52.654978907
2323.7,1,09:10:52.694304642
2323.7,1,09:10:52.700766197
2323.8,1,09:10:52.727683933
2323.7,1,09:10:52.749032646
2323.8,1,09:10:52.763627318
2323.8,2,09:10:52.763810538
2323.8,1,09:10:52.763859998
2323.8,2,09:10:52.764125530
2323.8,1,09:10:52.764190768
2323.9,1,09:10:52.767596246
2323.7,3,09:10:52.782430977
2323.8,1,09:10:52.790180145
2323.8,1,09:10:52.790446899
2323.9,2,09:10:52.824227645
2323.8,1,09:10:52.824227645
2323.8,1,09:10:52.881004375
2323.8,1,09:10:52.912653549
2323.8,1,09:10:52.989682131
2323.7,1,09:10:53.023813008
2323.8,1,09:10:53.023984558
2323.7,1,09:10:53.024249328
2323.6,3,09:10:53.036998551
2323.7,1,09:10:53.049784989
2323.7,1,09:10:53.051038169
2323.6,1,09:10:53.067386378
2323.5,1,09:10:53.082080188
2323.4,1,09:10:53.094909509
2323.4,2,09:10:53.095141284
2323.5,1,09:10:53.161155130
2323.5,1,09:10:53.184113342
2323.5,1,09:10:53.218047547
2323.5,1,09:10:53.256519303
2323.5,1,09:10:53.304830780
2323.6,9,09:10:53.305142757
2323.5,2,09:10:53.305142757
2323.5,1,09:10:53.306841070
2323.5,1,09:10:53.306914687
2323.5,1,09:10:53.307280142
2323.6,1,09:10:53.307326737
2323.5,1,09:10:53.308301877
2323.5,1,09:10:53.431283989
2323.5,1,09:10:53.433081932
2323.5,3,09:10:53.516993146
2323.6,2,09:10:53.666913440
2323.6,5,09:10:53.667250755
2323.7,1,09:10:53.668086731
2323.7,1,09:10:53.668349251
2323.6,1,09:10:53.676543273
2323.4,3,09:10:53.717609394
2323.3,4,09:10:53.717609394
2323.5,2,09:10:53.717609394
2323.2,1,09:10:53.717609394
2323.2,1,09:10:53.717624758
2323.6,5,09:10:53.720606454
2323.5,3,09:10:53.720606454
2323.7,2,09:10:53.723753084
2323.7,1,09:10:53.731663544
2323.8,5,09:10:53.739905816
2323.8,2,09:10:53.740275941
2323.7,1,09:10:53.740417705
2323.8,1,09:10:53.760007028
2323.7,1,09:10:53.787077514
2323.7,1,09:10:53.787454725
2323.7,1,09:10:53.816369427
2323.9,1,09:10:53.851763873
2323.8,1,09:10:53.884455758
2323.9,1,09:10:53.956478534
2323.9,1,09:10:53.956817117
2323.9,1,09:10:53.956974134
2323.9,1,09:10:53.957064174
2323.9,1,09:10:53.957103916
2323.9,2,09:10:53.959329334
2323.8,2,09:10:54.035883794
2323.8,1,09:10:54.117691811
2323.8,1,09:10:54.117896016
2323.8,1,09:10:54.118093848
2323.8,1,09:10:54.167193971
2323.9,1,09:10:54.179471338
2323.9,1,09:10:54.197270729
2323.8,1,09:10:54.211056072
2323.9,1,09:10:54.213624080
2323.8,2,09:10:54.219300256
2324.0,1,09:10:54.270862236
2324.0,1,09:10:54.291596723
2324.0,1,09:10:54.291842606
2324.0,1,09:10:54.299394471
2324.1,6,09:10:54.377207472
2324.0,2,09:10:54.378296547
2324.0,1,09:10:54.435522761
2323.9,1,09:10:54.473338085
2324.1,1,09:10:54.496131070
2324.0,1,09:10:54.496594734
2324.1,3,09:10:54.554277495
2324.2,1,09:10:54.554960062
2324.1,1,09:10:54.564508669
2324.1,1,09:10:54.570809094
2324.1,5,09:10:54.590355639
2324.2,1,09:10:54.616876450
2324.2,1,09:10:54.617993823
2324.2,1,09:10:54.655920567
2324.0,1,09:10:54.729565581
2324.1,1,09:10:54.889631243
2324.1,3,09:10:54.889907025
2324.1,1,09:10:54.890085585
2324.0,3,09:10:55.037124127
2324.1,1,09:10:55.153542853
2324.1,2,09:10:55.153769680
2324.1,1,09:10:55.358596441
2324.1,1,09:10:55.358859458
2324.2,1,09:10:55.386256513
2324.2,1,09:10:55.608826312
2324.1,1,09:10:55.618286970
2324.2,1,09:10:55.674518454
2324.2,1,09:10:55.676896217
2324.2,1,09:10:55.719720214
2324.2,3,09:10:55.720902772
2324.2,1,09:10:55.732997138
2324.2,4,09:10:55.748762781
2324.2,2,09:10:55.748980877
2324.3,1,09:10:55.840235798
2324.2,1,09:10:55.840723757
2324.1,2,09:10:56.032273079
2324.0,1,09:10:56.130906161
2324.0,1,09:10:56.175105914
2324.2,2,09:10:56.224108888
2324.3,1,09:10:56.340260963
2324.2,2,09:10:56.612979242
2324.3,1,09:10:56.612979242
2324.2,2,09:10:56.731429891
2324.2,1,09:10:56.731516662
2324.1,2,09:10:56.790853649
2324.0,2,09:10:56.790853649
2324.2,1,09:10:56.832283384
2324.2,1,09:10:57.044887714
2324.3,2,09:10:57.333399976
2324.3,3,09:10:57.333628915
2324.3,1,09:10:57.333703048
2324.3,1,09:10:57.336852654
2324.2,1,09:10:57.363961812
2324.1,4,09:10:57.363961812
2324.2,1,09:10:57.364818447
2324.1,4,09:10:57.366907472
2324.1,1,09:10:57.367419105
2324.0,6,09:10:57.368504733
2324.0,2,09:10:57.405416102
2324.0,1,09:10:57.501604821
2324.1,4,09:10:57.691678952
2324.1,1,09:10:57.692270948
2324.1,3,09:10:57.692586526
2324.0,1,09:10:57.767623375
2324.3,3,09:10:57.778741948
2324.2,4,09:10:57.778741948
2324.1,3,09:10:57.778741948
2324.1,1,09:10:58.094993278
2324.2,1,09:10:58.219294389
2324.2,1,09:10:58.277371398
2324.2,1,09:10:58.387398636
2324.2,1,09:10:58.509756632
2324.2,1,09:10:58.839381960
2324.2,1,09:10:58.938434339
2324.3,1,09:10:58.975277816
2324.3,2,09:10:59.026348395
2324.3,1,09:10:59.026932362
2324.3,1,09:10:59.037613614
2324.3,2,09:10:59.111333230
2324.4,1,09:10:59.147450823
2324.4,3,09:10:59.147701553
2324.4,1,09:10:59.155731726
2324.5,4,09:10:59.301918153
2324.5,1,09:10:59.302448257
2324.5,1,09:10:59.302967192
2324.5,1,09:10:59.303212964
2324.5,1,09:10:59.321770058
2324.6,4,09:10:59.321770058
2324.6,2,09:10:59.469951621
2324.6,1,09:10:59.470402084
2324.6,1,09:10:59.470474636
2324.6,1,09:10:59.470519072
2324.6,1,09:10:59.481053675
2324.6,1,09:10:59.482429012
2324.7,1,09:10:59.693940707
2324.7,1,09:10:59.751412503
2324.7,1,09:10:59.788057726
2324.7,1,09:10:59.788291727
2324.6,1,09:10:59.911492869
2324.5,3,09:10:59.912208931
2324.5,1,09:11:00.295732940
2324.6,1,09:11:00.408983529
2324.4,1,09:11:00.428093143
2324.7,1,09:11:01.185994453
2324.6,1,09:11:01.195310001
2324.6,1,09:11:01.286780992
2324.7,1,09:11:01.481106036
2324.7,1,09:11:01.605882421
2324.7,3,09:11:01.831565309
2324.7,1,09:11:01.831792278
2324.6,2,09:11:01.892045894
2324.7,1,09:11:01.942323914
2324.6,1,09:11:02.091699938
2324.6,2,09:11:02.092151716
2324.6,1,09:11:02.092511739
2324.5,1,09:11:02.193065846
2324.6,5,09:11:02.193065846
2324.7,1,09:11:02.389356273
2324.7,3,09:11:02.459316031
2324.8,1,09:11:02.526242141
2324.7,2,09:11:03.266206066
2324.6,3,09:11:03.350531949
2324.5,3,09:11:03.350531949
2324.7,1,09:11:03.386332101
2324.8,1,09:11:03.392836725
2324.6,6,09:11:03.885320881
2324.6,1,09:11:04.028732547
2324.6,1,09:11:04.028963445
2324.7,1,09:11:04.392143901
2324.7,2,09:11:04.428299047
2324.8,1,09:11:04.583977050
2324.8,1,09:11:04.942472479
2324.7,3,09:11:05.008291989
2324.7,3,09:11:05.040692963
2324.6,2,09:11:05.040692963
2324.8,1,09:11:05.457375410
2324.6,4,09:11:05.664340038
2324.7,1,09:11:05.664932290
2324.6,7,09:11:05.665041904
2324.5,6,09:11:05.666218335
2324.5,2,09:11:05.681624503
2324.5,3,09:11:05.682016605
2324.5,1,09:11:05.796483210
2324.5,1,09:11:05.977474994
2324.8,3,09:11:06.007814160
2324.7,13,09:11:06.007814160
2324.6,4,09:11:06.007814160
2324.8,1,09:11:06.041474092
2324.7,2,09:11:06.051456550
2324.8,2,09:11:06.096092763
2324.7,1,09:11:06.108422795
2324.8,1,09:11:06.138787433
2324.8,1,09:11:06.233981869
2324.9,1,09:11:06.258534595
2324.9,1,09:11:06.258547907
2324.8,1,09:11:06.258927291
2324.9,1,09:11:06.269528532
2324.9,2,09:11:06.284829625
2324.9,6,09:11:06.284967580
2324.9,1,09:11:06.295376725
2324.8,1,09:11:06.543989056
2325.0,2,09:11:06.935522861
2324.9,2,09:11:06.935522861
2324.8,1,09:11:06.935522861
2324.8,2,09:11:06.936907295
2324.8,1,09:11:07.070772834
2324.7,1,09:11:07.137811954
2324.8,1,09:11:07.251801309
2324.7,1,09:11:07.338360042
2324.7,2,09:11:07.502292587
2324.6,3,09:11:07.636656143
2324.6,3,09:11:07.636688208
2324.6,9,09:11:07.636722826
2324.6,3,09:11:07.636872487
2324.6,2,09:11:07.636985353
2324.6,13,09:11:07.637108001
2324.6,1,09:11:07.637554459
2324.6,27,09:11:07.637585141
2324.6,1,09:11:07.637872648
2324.6,1,09:11:07.637918617
2324.6,1,09:11:07.815981373
2324.6,1,09:11:07.816183430
2324.5,2,09:11:07.895031877
2324.4,2,09:11:08.096470112
2324.3,1,09:11:08.096482150
2324.4,1,09:11:08.280325051
2324.4,2,09:11:08.280678006
2324.4,1,09:11:08.280926308
2324.5,1,09:11:08.380140941
2324.5,1,09:11:08.528949733
2324.3,1,09:11:08.991707647
2324.3,1,09:11:08.992462337
2324.4,1,09:11:09.073921041
2324.4,2,09:11:09.313838152
2324.4,1,09:11:09.314102019
2324.6,1,09:11:09.326552824
2324.5,1,09:11:09.326552824
2324.5,2,09:11:09.866033526
2324.5,1,09:11:09.918701901
2324.5,2,09:11:10.285810074
2324.4,3,09:11:10.285810074
2324.5,1,09:11:10.318157077
2324.5,2,09:11:10.361077610
2324.6,8,09:11:10.361077610
2324.6,1,09:11:10.807542773
2324.7,1,09:11:10.821498457
2324.7,1,09:11:10.822098360
2324.7,1,09:11:10.898460061
2324.8,3,09:11:11.448688914
2324.8,1,09:11:11.543997107
2324.8,1,09:11:11.836805639
2324.9,4,09:11:12.145342500
2324.9,1,09:11:12.145395564
2324.9,1,09:11:12.145788267
2324.9,1,09:11:12.210838151
2325.0,8,09:11:12.255087933
2325.2,17,09:11:12.255087933
2325.1,19,09:11:12.255087933
2324.9,2,09:11:12.255087933
2325.3,4,09:11:12.255087933
2325.1,1,09:11:12.258677989
2325.2,1,09:11:12.365661750
2325.1,1,09:11:12.365950905
2325.2,1,09:11:12.390955054
2325.3,6,09:11:12.643843825
2325.3,1,09:11:12.643925727
2325.3,1,09:11:12.644880415
2325.4,1,09:11:12.914721713
2325.5,6,09:11:12.952566140
2325.4,4,09:11:12.952566140
2325.5,1,09:11:12.952581955
2325.4,1,09:11:12.954216005
2325.5,5,09:11:12.956745985
2325.4,1,09:11:12.961921185
2325.4,1,09:11:12.962258632
2325.5,1,09:11:12.977964363
2325.5,1,09:11:13.181712774
2325.5,1,09:11:13.181950946
2325.4,2,09:11:13.257224139
2325.4,1,09:11:13.257295897
2325.4,1,09:11:13.257473869
2325.4,3,09:11:13.257837217
2325.4,1,09:11:13.479295701
2325.5,1,09:11:13.668002995
2325.4,1,09:11:13.668384190
2325.4,1,09:11:13.668674897
2325.3,5,09:11:13.805913962
2325.2,1,09:11:14.040439312
2325.4,1,09:11:14.152584334
2325.3,1,09:11:14.152584334
2325.4,1,09:11:14.152595311
2325.4,1,09:11:14.218400613
2325.1,1,09:11:14.231504283
2325.2,4,09:11:14.231504283
2325.2,1,09:11:14.314054395
2325.3,1,09:11:14.314099544
2325.2,2,09:11:14.622892425
2325.3,1,09:11:14.674388585
2325.2,1,09:11:14.818619716
2325.3,1,09:11:14.866946898
2325.3,1,09:11:15.061765522
2325.3,1,09:11:15.062593711
2325.3,1,09:11:15.062854683
2325.3,1,09:11:15.286641451
2325.2,3,09:11:15.485144821
2325.4,7,09:11:15.892324607
2325.3,3,09:11:15.892324607
2325.2,1,09:11:16.111159097
2325.3,2,09:11:16.116984939
2325.4,1,09:11:16.201954166
2325.5,1,09:11:16.229586413
2325.6,1,09:11:16.610046317
2325.6,3,09:11:16.610447083
2325.6,1,09:11:16.611409397
2325.6,1,09:11:16.611487786
2325.6,1,09:11:16.797790406
2325.6,3,09:11:16.869449837
2325.6,1,09:11:16.869493992
2325.7,5,09:11:16.869606160
2325.7,1,09:11:17.019641705
2325.7,2,09:11:17.415337330
2325.7,2,09:11:17.415447832
2325.7,2,09:11:17.415536214
2325.7,1,09:11:17.415620488
2325.7,1,09:11:17.415864880
2325.7,3,09:11:17.416012662
2325.7,1,09:11:17.416577160
2325.7,1,09:11:17.428911552
2325.8,6,09:11:17.428911552
2325.8,1,09:11:17.429452594
2325.8,1,09:11:17.429492566
2325.8,1,09:11:17.429525261
2325.6,1,09:11:17.472135126
2325.9,7,09:11:17.698621505
2325.8,3,09:11:17.698621505
2325.7,1,09:11:17.772553471
2325.7,3,09:11:17.772812677
2325.8,1,09:11:17.817236793
2325.6,1,09:11:17.844911534
2325.6,3,09:11:18.029778734
2325.6,2,09:11:18.029986309
2325.6,1,09:11:18.030061415
2325.7,5,09:11:18.041516882
2325.7,1,09:11:18.041766516
2325.7,1,09:11:18.377387205
2325.6,1,09:11:18.591506686
2325.5,1,09:11:18.592725984
2325.4,1,09:11:18.791140685
2325.4,2,09:11:18.791433558
2325.6,1,09:11:18.883172986
2325.6,1,09:11:18.906242934
2325.7,1,09:11:18.924483412
2325.6,4,09:11:18.975791085
2325.7,12,09:11:19.079886622
2325.6,1,09:11:19.079886622
2325.9,7,09:11:19.079886622
2325.8,5,09:11:19.079886622
2325.7,2,09:11:19.083166433
2325.7,1,09:11:19.192216893
2325.7,1,09:11:19.192560557
2325.7,1,09:11:19.208306546
2325.5,7,09:11:19.230688268
2325.6,3,09:11:19.230688268
2325.5,1,09:11:19.248732720
2325.6,1,09:11:19.330508734
2325.5,2,09:11:19.649148300
2325.5,1,09:11:19.649283765
2325.4,2,09:11:19.721721777
2325.4,1,09:11:20.024051173
2325.4,2,09:11:20.024381538
2325.3,4,09:11:20.026269016
2325.6,4,09:11:20.645157918
2325.5,6,09:11:20.645157918
2325.6,2,09:11:20.645989753
2325.5,1,09:11:20.646427060
2325.5,1,09:11:20.647373528
2325.5,1,09:11:20.648394047
2325.4,1,09:11:20.648964923
2325.4,1,09:11:20.649204211
2325.3,3,09:11:20.822287060
2325.3,1,09:11:20.827269881
2325.5,5,09:11:20.989930708
2325.4,1,09:11:20.990735563
2325.5,1,09:11:21.178166395
2325.4,1,09:11:21.178788667
2325.3,1,09:11:21.317243600
2325.3,1,09:11:21.369896466
2325.3,1,09:11:21.671857189
2325.2,3,09:11:21.694013934
2325.3,1,09:11:21.696190686
2325.3,2,09:11:21.814303794
2325.4,2,09:11:21.913667867
2325.4,1,09:11:21.939558176
2325.4,1,09:11:21.939825360
2325.4,1,09:11:21.939869984
2325.4,2,09:11:21.939984572
2325.6,1,09:11:21.993529297
2325.4,3,09:11:22.120382262
2325.2,17,09:11:22.120382262
2325.3,7,09:11:22.120382262
2325.2,3,09:11:22.122113115
2325.2,1,09:11:22.122145948
2325.2,2,09:11:22.122174354
2325.2,1,09:11:22.122204340
2325.2,3,09:11:22.122300352
2325.2,3,09:11:22.122358378
2325.2,1,09:11:22.122552008
2325.2,1,09:11:22.122581465
2325.2,3,09:11:22.122653402
2325.2,2,09:11:22.122724597
2325.2,1,09:11:22.122775101
2325.2,1,09:11:22.122983966
2325.2,1,09:11:22.123040312
2325.1,1,09:11:22.124130616
2325.1,1,09:11:22.124242516
2325.1,3,09:11:22.124291114
2325.2,1,09:11:22.124935259
2325.3,1,09:11:22.125000729
2325.1,1,09:11:22.125634963
2325.2,1,09:11:22.126864156
2325.2,1,09:11:22.128006800
2325.2,1,09:11:22.128103391
2325.2,1,09:11:22.128163709
2325.3,1,09:11:22.168551044
2325.1,1,09:11:22.523224267
2325.0,1,09:11:22.558298986
2325.2,2,09:11:22.639589491
2325.2,1,09:11:22.640000322
2325.3,1,09:11:22.640210726
2325.2,2,09:11:22.641630726
2325.4,2,09:11:22.811614644
2325.3,1,09:11:22.845215970
2325.4,1,09:11:22.845718361
2325.4,1,09:11:22.989463478
2325.3,2,09:11:23.083002231
2325.4,1,09:11:23.272019462
2325.3,1,09:11:23.623522047
2325.3,1,09:11:23.814019402
2325.3,1,09:11:23.827950701
2325.4,2,09:11:23.911736810
2325.3,1,09:11:23.912238913
2325.3,1,09:11:24.341414626
2325.4,2,09:11:24.685068726
2325.4,1,09:11:24.685469325
2325.3,1,09:11:24.862143001
2325.3,2,09:11:25.246017757
2325.4,1,09:11:25.302519899
2325.4,1,09:11:25.306608311
2325.3,2,09:11:25.760790228
2325.4,1,09:11:25.839143177
2325.4,2,09:11:25.994748451
2325.2,4,09:11:26.248788263
2325.1,3,09:11:26.750582510
2325.0,3,09:11:27.006088394
2324.9,1,09:11:27.594344049
2324.8,2,09:11:27.704755210
2324.8,1,09:11:27.705030125
2324.8,6,09:11:27.705063310
2324.7,1,09:11:27.707410573
2324.8,1,09:11:28.044176497
2324.7,2,09:11:28.087951856
2324.7,1,09:11:28.345733550
2324.7,1,09:11:28.345977760
2324.6,2,09:11:28.370464572
2324.5,1,09:11:28.557054076
2324.5,1,09:11:28.976583731
2324.7,1,09:11:29.491339318
2324.7,2,09:11:29.560613053
2324.7,1,09:11:29.785541911
2324.9,4,09:11:29.791709101
2324.9,3,09:11:29.791819746
2324.9,1,09:11:30.772126119
2324.9,2,09:11:30.772687071
2324.9,1,09:11:30.773412830
2324.8,1,09:11:30.775083452
2324.8,1,09:11:30.775502194
2324.8,3,09:11:30.777916438
2325.0,1,09:11:31.040621036
2325.0,1,09:11:31.172643227
2324.9,2,09:11:31.173492950
2324.9,2,09:11:32.171938399
2324.8,1,09:11:32.524052565
2324.8,1,09:11:32.524443335
2324.9,1,09:11:32.562423568
2325.0,1,09:11:32.909718763
2325.0,1,09:11:33.263925327
2324.9,1,09:11:33.264336755
2324.8,4,09:11:33.318252101
2324.8,1,09:11:34.022959497
2324.9,3,09:11:34.072909277
2324.8,3,09:11:34.353347739
2324.7,1,09:11:34.842189000
2324.8,1,09:11:35.005672181
2324.8,1,09:11:35.087280559
2324.8,1,09:11:35.087487395
2324.8,2,09:11:35.091852674
2324.7,8,09:11:35.093829648
2324.8,1,09:11:35.103722987
2324.7,1,09:11:35.599574288
2324.7,1,09:11:35.599847884
2324.7,1,09:11:35.600832848
2324.7,1,09:11:35.604125446
2324.7,4,09:11:35.669449489
2324.7,1,09:11:35.669502188
2324.7,1,09:11:36.417990798
2324.7,13,09:11:36.418399833
2324.7,1,09:11:36.701925928
2324.8,3,09:11:36.782498209
2324.8,1,09:11:36.966940523
2324.8,1,09:11:37.025957452
2324.6,2,09:11:37.442844841
2324.6,2,09:11:37.443208256
2324.6,1,09:11:37.443346425
2324.5,1,09:11:37.444987044
2324.5,1,09:11:37.445203819
2324.4,1,09:11:37.532616938
2324.3,1,09:11:37.586102675
2324.2,1,09:11:37.586113804
2324.2,3,09:11:37.832753822
2324.2,1,09:11:37.877550603
2324.2,2,09:11:38.350642110
2324.2,2,09:11:38.350896813
2324.2,1,09:11:38.351481020
2324.1,3,09:11:38.352134975
2324.1,7,09:11:38.352283827
2324.1,1,09:11:38.814655535
2324.0,5,09:11:38.815225335
2324.0,2,09:11:38.815596345
2324.0,1,09:11:38.815671876
2324.0,3,09:11:38.815779519
2324.0,10,09:11:38.815817385
2323.9,5,09:11:38.817185321
2323.9,1,09:11:38.817196627
2323.8,1,09:11:38.817204505
2323.8,4,09:11:38.819896169
2323.7,2,09:11:38.829479016
2323.7,2,09:11:38.834595477
2323.8,1,09:11:38.870372405
2323.7,1,09:11:38.878702807
2323.7,1,09:11:38.878959213
2323.7,1,09:11:38.883442999
2323.7,1,09:11:38.883788126
2323.7,1,09:11:38.980437126
2323.7,1,09:11:38.980472151
2323.6,1,09:11:39.066423047
2323.7,1,09:11:39.167020673
2323.7,2,09:11:39.167301940
2323.7,1,09:11:39.167966142
2323.7,1,09:11:39.168060461
2323.8,1,09:11:39.257869217
2323.9,1,09:11:39.416118588
2323.7,1,09:11:39.629731313
2323.8,1,09:11:39.791524166
2323.8,1,09:11:39.873021788
2323.9,2,09:11:39.938312103
2323.8,3,09:11:39.938312103
2323.8,1,09:11:40.040340505
2323.9,5,09:11:40.185827428
2324.0,12,09:11:40.185827428
2323.8,3,09:11:40.185827428
2323.9,1,09:11:40.189737497
2323.9,1,09:11:40.222705914
2323.9,1,09:11:40.223255618
2323.9,1,09:11:40.231210454
2324.0,1,09:11:40.232875240
2323.9,1,09:11:40.251125462
2323.9,1,09:11:40.251512586
2323.8,1,09:11:40.264687701
2323.9,1,09:11:40.391364205
2323.8,1,09:11:40.400360006
2323.9,1,09:11:40.468819057
2323.8,1,09:11:40.469767627
2323.9,1,09:11:40.820526763
2323.9,2,09:11:40.853354130
2323.7,2,09:11:41.225694210
2323.7,1,09:11:41.225721109
2323.7,1,09:11:41.226262794
2323.7,1,09:11:41.348609463
2323.7,1,09:11:41.368214928
2323.7,1,09:11:41.370270618
2323.6,1,09:11:41.461564154
2323.6,1,09:11:41.465764072
2323.7,1,09:11:41.542393914
2323.5,1,09:11:41.712468962
2323.5,1,09:11:41.712484594
2323.5,1,09:11:41.712516479
2323.5,1,09:11:41.713232702
2323.5,1,09:11:41.714098736
2323.5,1,09:11:41.719168752
2323.5,3,09:11:41.719411019
2323.5,1,09:11:41.924986477
2323.4,1,09:11:41.941645856
2323.4,1,09:11:41.942466014
2323.4,2,09:11:42.030407985
2323.4,1,09:11:42.067445322
2323.4,1,09:11:42.070401886
2323.3,1,09:11:42.072160262
2323.3,3,09:11:42.072774971
2323.3,4,09:11:42.073084744
2323.2,4,09:11:42.073956140
2323.2,1,09:11:42.104714282
2323.2,3,09:11:42.134268652
2323.2,1,09:11:42.223401957
2323.2,1,09:11:42.248598312
2323.2,2,09:11:42.248815315
2323.2,1,09:11:42.248870906
2323.3,1,09:11:42.490288912
2323.3,1,09:11:42.490653303
2323.3,1,09:11:42.490709576
2323.3,2,09:11:42.490867704
2323.4,1,09:11:42.540176611
2323.4,1,09:11:42.541115551
2323.5,1,09:11:42.544425826
2323.5,1,09:11:42.544770169
2323.5,1,09:11:42.545315690
2323.5,2,09:11:42.558644510
2323.7,1,09:11:42.697709487
2323.8,1,09:11:42.754449613
2323.7,2,09:11:42.763475076
2323.7,1,09:11:42.771869988
2323.8,1,09:11:42.789611843
2323.9,1,09:11:42.931941716
2323.9,1,09:11:43.006678390
2324.0,1,09:11:43.012440279
2324.0,1,09:11:43.027430828
2324.0,1,09:11:43.030706168
2323.9,1,09:11:43.030706168
2323.9,2,09:11:43.224427204
2323.9,1,09:11:43.234813964
2324.0,2,09:11:43.234972863
2324.0,1,09:11:43.370499677
2324.1,2,09:11:43.612894431
2323.9,2,09:11:43.759293317
2323.8,2,09:11:43.869071093
2323.8,2,09:11:43.869132251
2323.8,1,09:11:43.869858833
2323.9,1,09:11:44.027361726
2323.8,2,09:11:44.031486481
2323.9,1,09:11:44.032466796
2323.9,1,09:11:44.135578789
2323.9,1,09:11:44.204316737
2323.9,1,09:11:44.453326493
2324.0,1,09:11:44.792573358
2324.1,2,09:11:44.821991690
2324.0,1,09:11:44.926457755
2324.2,1,09:11:44.959941955
2324.1,3,09:11:45.016440721
2324.0,1,09:11:45.017668256
2323.9,1,09:11:45.019135213
2324.0,2,09:11:45.120062087
2323.9,1,09:11:45.368513072
2323.9,2,09:11:45.368741159
2323.9,1,09:11:45.369005648
2323.9,1,09:11:45.369067604
2323.8,1,09:11:45.377853267
2323.8,1,09:11:45.378282795
2323.8,1,09:11:45.378514618
2323.8,1,09:11:45.378569942
2323.9,1,09:11:45.390973455
2323.9,1,09:11:45.429717367
2323.9,1,09:11:45.430218526
2324.0,2,09:11:45.433021293
2324.0,1,09:11:45.433461395
2324.1,1,09:11:45.457257923
2324.1,1,09:11:45.542584036
2324.0,1,09:11:45.715196189
2324.0,1,09:11:45.715264578
2324.0,1,09:11:45.715366653
2324.0,1,09:11:45.715437681
2324.0,1,09:11:45.715474303
2324.0,1,09:11:45.715901288
2324.0,1,09:11:45.716502186
2323.9,2,09:11:45.732014971
2324.0,1,09:11:45.732103040
2324.0,3,09:11:45.815037310
2324.0,1,09:11:45.815067196
2324.1,1,09:11:45.887031939
2324.2,1,09:11:45.951309541
2324.2,1,09:11:45.952594258
2324.3,1,09:11:45.959175409
2324.3,1,09:11:46.030793937
2324.3,2,09:11:46.155364748
2324.4,1,09:11:46.187915143
2324.3,1,09:11:46.188177254
2324.2,2,09:11:46.190626437
2324.2,1,09:11:46.190927137
2324.3,1,09:11:46.310924396
2324.2,1,09:11:46.311200453
2324.3,1,09:11:46.402609970
2324.2,3,09:11:46.514481355
2324.1,3,09:11:46.532629026
2324.0,1,09:11:46.581333824
2324.0,1,09:11:47.122878071
2324.0,1,09:11:47.215743183
2323.9,3,09:11:47.602226642
2323.9,1,09:11:47.604840094
2324.0,1,09:11:47.742251356
2323.9,2,09:11:47.771879600
2323.8,1,09:11:47.784115697
2323.9,2,09:11:47.791017091
2323.8,2,09:11:47.809573994
2323.7,3,09:11:47.815346184
2323.7,2,09:11:47.839646788
2323.6,1,09:11:47.839646788
2323.6,1,09:11:48.042622045
2323.6,2,09:11:48.043483755
2323.5,1,09:11:48.104848004
2323.5,1,09:11:48.104880293
2323.6,1,09:11:48.105360911
2323.6,2,09:11:48.106529021
2323.7,4,09:11:48.111559007
2323.6,3,09:11:48.111559007
2324.0,3,09:11:48.111559007
2323.9,5,09:11:48.111559007
2323.8,5,09:11:48.111559007
2323.7,1,09:11:48.113327331
2323.8,1,09:11:48.115569943
2323.8,1,09:11:48.379014512
2323.8,2,09:11:48.790699479
2323.7,3,09:11:48.790699479
2323.8,1,09:11:49.028971700
2323.5,2,09:11:49.259689076
2323.6,1,09:11:49.260182756
2323.7,1,09:11:49.291185994
2323.7,1,09:11:49.313795814
2323.8,1,09:11:49.336286857
2323.7,1,09:11:49.441261297
2323.7,1,09:11:49.797077188
2323.7,1,09:11:49.797400977
2323.8,1,09:11:50.199531511
2323.8,1,09:11:50.456307618
2323.8,1,09:11:50.456701117
2323.7,5,09:11:50.458189973
2323.7,1,09:11:50.458533055
2323.8,1,09:11:51.084039887
2323.8,1,09:11:51.347544109
2323.8,2,09:11:51.347856432
2323.8,1,09:11:51.347891320
2324.0,3,09:11:51.352972578
2323.9,1,09:11:51.352972578
2323.7,5,09:11:51.427410946
2323.8,4,09:11:51.427410946
2323.7,1,09:11:51.460001154
2323.7,1,09:11:51.461400469
2323.6,1,09:11:51.464173427
2323.6,3,09:11:51.464272004
2323.6,1,09:11:51.465164833
2323.8,1,09:11:51.624159177
2323.7,1,09:11:51.689343072
2323.7,1,09:11:51.689629529
2323.7,2,09:11:51.790662891
2323.7,2,09:11:51.811508045
2323.7,3,09:11:51.898403953
2323.6,2,09:11:51.903896755
2323.5,1,09:11:51.973821924
2323.5,3,09:11:52.101233891
2323.5,1,09:11:52.101715172
2323.6,5,09:11:52.206243372
2323.6,2,09:11:52.206787293
2323.5,1,09:11:52.207294197
2323.5,1,09:11:52.207468646
2323.4,2,09:11:52.219615214
2323.4,1,09:11:52.219649573
2323.3,2,09:11:52.329915496
2323.4,1,09:11:52.493062700
2323.5,1,09:11:52.596816321
2323.6,4,09:11:52.730282904
2323.7,2,09:11:52.730282904
2323.5,1,09:11:52.731141469
2323.6,1,09:11:52.766925536
2323.6,2,09:11:52.978239051
2323.6,2,09:11:52.984575006
2323.7,1,09:11:53.010849998
2323.8,2,09:11:53.250057184
2323.8,4,09:11:53.250109216
2323.9,2,09:11:53.251525566
2323.8,1,09:11:53.251632848
2323.9,3,09:11:53.261448820
2324.0,1,09:11:53.274172530
2323.9,3,09:11:53.279189623
2324.1,1,09:11:53.511586882
2324.1,1,09:11:53.523293727
2324.1,1,09:11:53.523590130
2324.1,4,09:11:53.523943014
2324.2,4,09:11:53.766681552
2324.1,2,09:11:53.768247114
2323.9,2,09:11:53.775029046
2324.1,1,09:11:53.846877571
2323.9,4,09:11:54.025499940
2323.8,4,09:11:54.025499940
2324.0,1,09:11:54.033404509
2324.0,2,09:11:54.033607061
2324.1,1,09:11:54.035072569
2324.0,2,09:11:54.035072569
2324.1,3,09:11:54.639342562
2323.8,4,09:11:54.834576220
2323.6,7,09:11:54.834576220
2323.3,23,09:11:54.834576220
2323.5,6,09:11:54.834576220
2323.4,6,09:11:54.834576220
2323.7,4,09:11:54.834576220
2323.5,1,09:11:54.837308337
2323.6,1,09:11:54.838269684
2323.6,1,09:11:54.840072562
2323.6,1,09:11:54.840118646
2323.5,1,09:11:54.842847982
2323.5,2,09:11:54.920262258
2323.4,1,09:11:54.962395016
2323.4,1,09:11:54.967746089
2323.5,1,09:11:54.968134829
2323.4,1,09:11:55.020363431
2323.4,1,09:11:55.038240599
2323.4,1,09:11:55.038635263
2323.5,1,09:11:55.130914228
2323.5,3,09:11:55.134789579
2323.6,1,09:11:55.196604312
2323.6,2,09:11:55.779677666
2323.6,1,09:11:55.782615736
2323.9,6,09:11:55.874876695
2323.7,5,09:11:55.874876695
2323.8,9,09:11:55.874876695
2323.8,1,09:11:55.877955721
2323.9,1,09:11:56.035507803
2323.9,1,09:11:56.224489850
2323.9,1,09:11:56.299970516
2323.9,1,09:11:56.454571758
2323.6,2,09:11:56.564153857
2323.7,5,09:11:56.564153857
2323.8,2,09:11:56.564153857
2323.9,6,09:11:56.964583765
2323.8,1,09:11:56.966643167
2323.7,1,09:11:57.371729316
2323.7,1,09:11:57.371889627
2323.6,1,09:11:58.013935605
2323.6,1,09:11:58.014840670
2323.7,2,09:11:58.036284905
2324.0,8,09:11:58.418311369
2323.8,7,09:11:58.418311369
2323.7,3,09:11:58.418311369
2323.9,7,09:11:58.418311369
2323.9,1,09:11:58.420331135
2323.9,1,09:11:58.622539834
2323.9,1,09:11:58.820974303
2323.8,5,09:11:58.821430939
2323.8,1,09:11:58.896657237
2323.9,1,09:11:59.027835243
2323.8,1,09:11:59.048700020
2323.7,2,09:11:59.071771456
2323.7,1,09:11:59.077351028
2323.6,3,09:11:59.115441999
2323.8,1,09:11:59.222597198
2323.7,2,09:11:59.222597198
2323.7,1,09:11:59.570235670
2323.7,1,09:11:59.570543709
2323.6,1,09:11:59.791916092
2323.7,3,09:11:59.846323831
2323.8,2,09:11:59.846323831
2323.7,1,09:11:59.999476103
2323.8,3,09:11:59.999476103
2323.9,6,09:11:59.999476103
2322.3,17,09:12:34.737586821
2322.1,8,09:12:34.737586821
2322.2,12,09:12:34.737586821
2322.0,5,09:12:34.737586821
2322.3,1,09:12:34.738596207
2322.3,1,09:12:34.739510313
2322.3,1,09:12:34.740009303
2322.3,1,09:12:34.740197690
2322.3,1,09:12:34.740220040
2322.3,1,09:12:34.740236094
2322.3,1,09:12:34.740257679
2322.3,1,09:12:34.740293094
2322.1,1,09:12:34.741015163
2322.2,1,09:12:34.743817060
2322.2,1,09:12:34.744509733
2322.1,2,09:12:34.744721334
2322.0,2,09:12:34.748212131
2322.0,1,09:12:34.772977490
2322.0,1,09:12:34.780011104
2322.1,1,09:12:34.780201860
2322.0,1,09:12:34.780308966
2322.0,2,09:12:34.841065650
2322.1,1,09:12:34.841167034
2322.1,2,09:12:34.841237484
2322.0,1,09:12:34.841821322
2322.0,1,09:12:34.842186693
2322.1,2,09:12:34.842247443
2322.0,1,09:12:34.842650366
2322.2,1,09:12:34.964662174
2322.0,2,09:12:34.965590526
2321.9,3,09:12:34.972008604
2321.9,1,09:12:34.972769614
2321.8,6,09:12:35.129407139
2321.8,1,09:12:35.130840359
2321.7,1,09:12:35.239409600
2321.7,4,09:12:35.239976811
2321.7,2,09:12:35.240252241
2321.7,4,09:12:35.240308373
2321.7,4,09:12:35.240517859
2321.7,9,09:12:35.240550160
2321.6,1,09:12:35.282507366
2321.6,2,09:12:35.282703197
2321.8,2,09:12:35.386850323
2321.7,3,09:12:35.386850323
2321.7,1,09:12:35.387418440
2321.6,2,09:12:35.405826970
2321.6,1,09:12:35.405881166
2321.6,1,09:12:35.406009735
