bidVolume,bidPrice,askVolume,askPrice,timestamp
4,118.67,7,118.68,13:00:00.135246291
5,118.67,7,118.68,13:00:00.152408954
6,118.67,7,118.68,13:00:00.439996543
6,118.67,8,118.68,13:00:00.958635960
5,118.67,8,118.68,13:00:01.034418785
4,118.67,8,118.68,13:00:01.502935829
3,118.67,8,118.68,13:00:01.502935829
2,118.67,8,118.68,13:00:01.503018971
2,118.67,12,118.68,13:00:01.503138232
2,118.67,13,118.68,13:00:01.503138232
2,118.67,17,118.68,13:00:01.503320600
3,118.67,17,118.68,13:00:01.513789284
2,118.67,17,118.68,13:00:01.548726568
2,118.67,18,118.68,13:00:01.548939033
2,118.67,14,118.68,13:00:01.549052975
2,118.67,10,118.68,13:00:02.155892001
2,118.67,11,118.68,13:00:02.209615881
2,118.67,15,118.68,13:00:02.209827375
2,118.67,11,118.68,13:00:02.470893721
2,118.67,16,118.68,13:00:02.723624367
2,118.67,20,118.68,13:00:02.723694624
2,118.67,22,118.68,13:00:02.723897980
2,118.67,20,118.68,13:00:02.883003877
10,118.67,20,118.68,13:00:02.901169237
15,118.67,20,118.68,13:00:03.125884949
15,118.67,15,118.68,13:00:03.126109266
15,118.67,11,118.68,13:00:03.126109266
16,118.67,11,118.68,13:00:03.126564671
16,118.67,12,118.68,13:00:03.269495634
16,118.67,15,118.68,13:00:03.269657976
16,118.67,12,118.68,13:00:03.269838722
16,118.67,17,118.68,13:00:05.125270448
16,118.67,21,118.68,13:00:05.125366551
16,118.67,23,118.68,13:00:05.125649652
16,118.67,24,118.68,13:00:05.728422580
16,118.67,26,118.68,13:00:05.728610353
16,118.67,27,118.68,13:00:05.785496439
8,118.67,27,118.68,13:00:06.124081341
8,118.67,25,118.68,13:00:06.156133396
15,118.67,25,118.68,13:00:06.226541377
15,118.67,20,118.68,13:00:06.389399295
15,118.67,16,118.68,13:00:06.389472412
16,118.67,16,118.68,13:00:08.141556010
66,118.67,16,118.68,13:00:12.241458416
66,118.67,14,118.68,13:00:12.241714157
66,118.67,12,118.68,13:00:12.241783485
66,118.67,10,118.68,13:00:12.241898944
66,118.67,9,118.68,13:00:12.242017667
66,118.67,8,118.68,13:00:12.242017667
66,118.67,7,118.68,13:00:12.242043641
66,118.67,6,118.68,13:00:12.242043641
66,118.67,5,118.68,13:00:12.242043641
66,118.67,4,118.68,13:00:12.242043641
66,118.67,2,118.68,13:00:12.242160191
66,118.67,1,118.68,13:00:12.242160191
66,118.67,19,118.69,13:00:12.242160191
10,118.68,19,118.69,13:00:12.242451996
8,118.68,19,118.69,13:00:12.242561187
8,118.68,28,118.69,13:00:12.242584582
8,118.68,27,118.69,13:00:12.242584582
8,118.68,28,118.69,13:00:12.242898643
66,118.67,28,118.69,13:00:12.243304097
66,118.67,27,118.69,13:00:12.243304097
1,118.68,27,118.69,13:00:12.265695142
1,118.68,20,118.69,13:00:12.265900694
1,118.68,19,118.69,13:00:12.442235489
6,118.68,19,118.69,13:00:12.444347949
9,118.68,19,118.69,13:00:12.768453386
9,118.68,24,118.69,13:00:13.107669083
9,118.68,31,118.69,13:00:13.108057884
9,118.68,24,118.69,13:00:13.182735281
9,118.68,19,118.69,13:00:13.183204359
9,118.68,22,118.69,13:00:13.939919284
9,118.68,27,118.69,13:00:13.940210994
9,118.68,26,118.69,13:00:14.007207636
8,118.68,26,118.69,13:00:14.030804327
8,118.68,27,118.69,13:00:14.031048304
8,118.68,28,118.69,13:00:14.031197469
9,118.68,28,118.69,13:00:14.394655616
9,118.68,27,118.69,13:00:14.423297245
9,118.68,26,118.69,13:00:14.475582433
9,118.68,21,118.69,13:00:14.475802896
10,118.68,21,118.69,13:00:14.600174495
10,118.68,24,118.69,13:00:15.085357780
10,118.68,29,118.69,13:00:15.085566107
12,118.68,29,118.69,13:00:15.189446561
13,118.68,29,118.69,13:00:15.439118978
13,118.68,24,118.69,13:00:15.733390399
24,118.68,24,118.69,13:00:15.733575945
24,118.68,21,118.69,13:00:15.733722441
24,118.68,12,118.69,13:00:16.786608562
24,118.68,9,118.69,13:00:16.786674732
22,118.68,9,118.69,13:00:17.201259739
22,118.68,10,118.69,13:00:17.219655542
22,118.68,15,118.69,13:00:17.219850870
22,118.68,21,118.69,13:00:17.220008140
22,118.68,25,118.69,13:00:17.220120802
13,118.68,25,118.69,13:00:17.220435746
13,118.68,20,118.69,13:00:17.227622247
13,118.68,14,118.69,13:00:17.243829976
13,118.68,10,118.69,13:00:17.243902047
21,118.68,10,118.69,13:00:17.324629755
23,118.68,10,118.69,13:00:17.324693835
23,118.68,14,118.69,13:00:18.051931714
23,118.68,18,118.69,13:00:18.052193547
23,118.68,24,118.69,13:00:18.052324366
23,118.68,28,118.69,13:00:18.052444235
23,118.68,24,118.69,13:00:19.756853065
23,118.68,20,118.69,13:00:19.757060309
23,118.68,14,118.69,13:00:19.757130469
18,118.68,14,118.69,13:00:20.101658357
15,118.68,14,118.69,13:00:20.101673675
14,118.68,14,118.69,13:00:20.101673675
13,118.68,14,118.69,13:00:20.101756500
11,118.68,14,118.69,13:00:20.101784205
10,118.68,14,118.69,13:00:20.101784205
2,118.68,14,118.69,13:00:20.101784205
64,118.67,14,118.69,13:00:20.101784205
64,118.67,17,118.68,13:00:20.101784205
59,118.67,17,118.68,13:00:20.126218896
59,118.67,20,118.68,13:00:21.117549000
59,118.67,22,118.68,13:00:21.117633694
59,118.67,23,118.68,13:00:21.117706392
59,118.67,24,118.68,13:00:21.117776515
59,118.67,21,118.68,13:00:21.121611555
60,118.67,21,118.68,13:00:21.999580780
60,118.67,20,118.68,13:00:21.999854923
61,118.67,20,118.68,13:00:21.999854923
61,118.67,19,118.68,13:00:22.297873252
60,118.67,19,118.68,13:00:23.154826325
61,118.67,19,118.68,13:00:23.264050389
64,118.67,19,118.68,13:00:23.264226837
64,118.67,2,118.68,13:00:27.310395788
64,118.67,22,118.69,13:00:27.310549926
61,118.67,22,118.69,13:00:27.310771461
60,118.67,22,118.69,13:00:27.310998686
60,118.67,1,118.68,13:00:27.462739796
61,118.67,1,118.68,13:00:28.257433638
64,118.67,1,118.68,13:00:28.257649667
64,118.67,22,118.69,13:00:29.290136218
8,118.68,22,118.69,13:00:29.290220585
61,118.67,22,118.69,13:00:29.291148851
61,118.67,24,118.69,13:00:29.918167583
61,118.67,31,118.69,13:00:29.918382390
62,118.67,31,118.69,13:00:29.947949409
62,118.67,29,118.69,13:00:30.000694704
63,118.67,29,118.69,13:00:30.439511714
63,118.67,37,118.69,13:00:30.500800030
63,118.67,43,118.69,13:00:30.500800030
9,118.68,43,118.69,13:00:30.554347075
15,118.68,43,118.69,13:00:30.554488204
15,118.68,41,118.69,13:00:30.554631577
15,118.68,37,118.69,13:00:30.556222718
16,118.68,37,118.69,13:00:30.581544765
7,118.68,37,118.69,13:00:30.581774627
1,118.68,37,118.69,13:00:30.581774627
1,118.68,30,118.69,13:00:30.581976808
1,118.68,29,118.69,13:00:30.708206502
7,118.68,29,118.69,13:00:30.718657628
11,118.68,29,118.69,13:00:30.718727253
12,118.68,29,118.69,13:00:30.718947986
13,118.68,29,118.69,13:00:31.369236949
14,118.68,29,118.69,13:00:31.439691292
14,118.68,32,118.69,13:00:31.488982277
14,118.68,33,118.69,13:00:31.489220718
16,118.68,33,118.69,13:00:31.532169757
18,118.68,33,118.69,13:00:32.617979500
18,118.68,32,118.69,13:00:32.618250004
19,118.68,32,118.69,13:00:32.722739808
19,118.68,33,118.69,13:00:33.336465346
19,118.68,35,118.69,13:00:33.336678002
21,118.68,35,118.69,13:00:36.227723389
19,118.68,35,118.69,13:00:36.491292714
20,118.68,35,118.69,13:00:36.494815713
20,118.68,33,118.69,13:00:37.233759975
19,118.68,33,118.69,13:00:39.396975463
13,118.68,33,118.69,13:00:39.397135559
9,118.68,33,118.69,13:00:39.397236243
8,118.68,33,118.69,13:00:39.397252688
7,118.68,33,118.69,13:00:39.397252688
6,118.68,33,118.69,13:00:39.397384300
4,118.68,33,118.69,13:00:39.397384300
3,118.68,33,118.69,13:00:39.397384300
1,118.68,33,118.69,13:00:39.397384300
65,118.67,33,118.69,13:00:39.397384300
65,118.67,35,118.69,13:00:39.397584637
65,118.67,2,118.68,13:00:39.397601818
65,118.67,4,118.68,13:00:39.397681504
65,118.67,2,118.68,13:00:39.401266929
65,118.67,35,118.69,13:00:39.402439987
65,118.67,1,118.68,13:00:39.403284582
65,118.67,4,118.68,13:00:39.403458563
65,118.67,7,118.68,13:00:39.403641311
65,118.67,6,118.68,13:00:39.407027811
65,118.67,3,118.68,13:00:39.407114098
65,118.67,2,118.68,13:00:39.407908649
70,118.67,2,118.68,13:00:39.408209756
70,118.67,35,118.69,13:00:39.408385193
70,118.67,1,118.68,13:00:39.409125346
70,118.67,35,118.69,13:00:39.412345628
65,118.67,35,118.69,13:00:39.412523939
65,118.67,42,118.69,13:00:39.420094487
59,118.67,42,118.69,13:00:39.421533235
60,118.67,42,118.69,13:00:39.716181764
63,118.67,42,118.69,13:00:39.716388260
63,118.67,41,118.69,13:00:40.311630916
65,118.67,41,118.69,13:00:40.450814943
65,118.67,40,118.69,13:00:40.450976808
62,118.67,40,118.69,13:00:40.734960436
62,118.67,1,118.68,13:00:42.711578936
62,118.67,40,118.69,13:00:42.714783527
67,118.67,40,118.69,13:00:42.880300973
1,118.68,40,118.69,13:00:42.882909685
1,118.68,33,118.69,13:00:43.035541133
1,118.68,32,118.69,13:00:44.389272899
1,118.68,31,118.69,13:00:44.389340476
1,118.68,30,118.69,13:00:44.389340476
1,118.68,29,118.69,13:00:44.389403967
1,118.68,30,118.69,13:00:44.389509487
1,118.68,32,118.69,13:00:44.389576937
1,118.68,33,118.69,13:00:44.389684681
1,118.68,35,118.69,13:00:44.389766124
3,118.68,35,118.69,13:00:44.458167043
3,118.68,33,118.69,13:00:44.458336070
2,118.68,33,118.69,13:00:44.889288951
64,118.67,33,118.69,13:00:44.889303632
64,118.67,32,118.69,13:00:44.889588370
64,118.67,30,118.69,13:00:44.889588370
64,118.67,29,118.69,13:00:44.889682317
64,118.67,36,118.69,13:00:44.889786096
59,118.67,36,118.69,13:00:44.912667671
60,118.67,36,118.69,13:00:45.000225429
59,118.67,36,118.69,13:00:45.050211987
59,118.67,29,118.69,13:00:45.121027336
1,118.68,29,118.69,13:00:45.439870844
1,118.68,27,118.69,13:00:45.440072255
2,118.68,27,118.69,13:00:45.442599146
2,118.68,28,118.69,13:00:45.808249845
2,118.68,29,118.69,13:00:45.808459636
2,118.68,28,118.69,13:00:46.311403492
1,118.68,28,118.69,13:00:46.404653914
59,118.67,28,118.69,13:00:46.404653914
59,118.67,35,118.69,13:00:46.405042768
1,118.68,35,118.69,13:00:46.529545735
59,118.67,35,118.69,13:00:46.529890931
59,118.67,28,118.69,13:00:46.530012659
59,118.67,35,118.69,13:00:46.530227235
60,118.67,35,118.69,13:00:46.960839401
60,118.67,28,118.69,13:00:49.350172455
59,118.67,28,118.69,13:00:50.151570532
59,118.67,22,118.69,13:00:50.500795155
59,118.67,14,118.69,13:00:50.500795155
13,118.68,14,118.69,13:00:50.501001722
14,118.68,14,118.69,13:00:50.501169022
15,118.68,14,118.69,13:00:50.532667637
7,118.68,14,118.69,13:00:51.000880585
2,118.68,14,118.69,13:00:51.001621471
1,118.68,14,118.69,13:00:51.001636383
1,118.68,19,118.69,13:00:51.001965944
1,118.68,20,118.69,13:00:51.002076843
1,118.68,15,118.69,13:00:51.002361299
1,118.68,14,118.69,13:00:51.002610923
58,118.67,14,118.69,13:00:51.002805252
58,118.67,20,118.69,13:00:51.672980279
58,118.67,27,118.69,13:00:51.673307237
58,118.67,28,118.69,13:00:51.794810029
58,118.67,31,118.69,13:00:51.794970266
58,118.67,30,118.69,13:00:51.842690613
59,118.67,30,118.69,13:00:51.847542832
63,118.67,30,118.69,13:00:51.847716042
59,118.67,30,118.69,13:00:52.329397404
59,118.67,27,118.69,13:00:52.329466275
60,118.67,27,118.69,13:01:00.439546012
61,118.67,27,118.69,13:01:00.439754917
60,118.67,27,118.69,13:01:01.211035547
61,118.67,27,118.69,13:01:02.620541761
4,118.68,27,118.69,13:01:03.126689629
4,118.68,20,118.69,13:01:03.126916604
4,118.68,14,118.69,13:01:03.127101386
5,118.68,14,118.69,13:01:03.161721010
6,118.68,14,118.69,13:01:03.440642191
2,118.68,14,118.69,13:01:04.738826397
1,118.68,14,118.69,13:01:04.738842448
60,118.67,14,118.69,13:01:04.738842448
60,118.67,21,118.69,13:01:04.738988042
1,118.68,21,118.69,13:01:04.749687167
1,118.68,14,118.69,13:01:04.749865298
60,118.67,14,118.69,13:01:04.861430209
60,118.67,21,118.69,13:01:04.861638812
60,118.67,27,118.69,13:01:05.516944254
60,118.67,29,118.69,13:01:05.517171262
60,118.67,27,118.69,13:01:07.158470495
60,118.67,21,118.69,13:01:07.670841789
60,118.67,23,118.69,13:01:08.483501451
60,118.67,26,118.69,13:01:08.483677814
59,118.67,26,118.69,13:01:08.503959139
59,118.67,29,118.69,13:01:08.504126755
59,118.67,30,118.69,13:01:08.504275836
60,118.67,30,118.69,13:01:08.550359215
60,118.67,27,118.69,13:01:09.209262980
61,118.67,27,118.69,13:01:09.209446759
61,118.67,26,118.69,13:01:10.023494417
61,118.67,23,118.69,13:01:10.023552328
64,118.67,23,118.69,13:01:10.256561564
64,118.67,24,118.69,13:01:10.461215087
64,118.67,26,118.69,13:01:10.461387365
63,118.67,26,118.69,13:01:10.706730777
63,118.67,24,118.69,13:01:11.133889356
63,118.67,21,118.69,13:01:11.956493598
63,118.67,14,118.69,13:01:11.956493598
12,118.68,14,118.69,13:01:11.957139963
12,118.68,13,118.69,13:01:11.957153576
12,118.68,12,118.69,13:01:11.957153576
12,118.68,11,118.69,13:01:11.957168209
12,118.68,10,118.69,13:01:11.957168209
12,118.68,3,118.69,13:01:11.957181700
12,118.68,1,118.69,13:01:11.957196110
12,118.68,35,118.7,13:01:11.957214257
12,118.68,39,118.7,13:01:11.957253649
12,118.68,45,118.7,13:01:11.957253649
12,118.68,46,118.7,13:01:11.957437012
13,118.68,46,118.7,13:01:11.957451626
13,118.68,42,118.7,13:01:11.957599069
20,118.68,42,118.7,13:01:11.957810657
20,118.68,40,118.7,13:01:11.959927859
20,118.68,34,118.7,13:01:11.968481408
11,118.69,34,118.7,13:01:11.968481408
11,118.69,30,118.7,13:01:11.968481408
3,118.69,30,118.7,13:01:11.969182328
2,118.69,30,118.7,13:01:11.969182328
2,118.69,29,118.7,13:01:11.969182328
20,118.68,29,118.7,13:01:11.969182328
20,118.68,24,118.7,13:01:11.981900634
20,118.68,7,118.7,13:01:11.986469865
20,118.68,6,118.7,13:01:11.986469865
20,118.68,5,118.7,13:01:11.986469865
20,118.68,4,118.7,13:01:11.986469865
20,118.68,2,118.7,13:01:11.986469865
20,118.68,1,118.7,13:01:11.986469865
20,118.68,13,118.71,13:01:11.986469865
4,118.7,13,118.71,13:01:11.986469865
4,118.7,23,118.71,13:01:11.986729313
21,118.68,23,118.71,13:01:11.986905610
21,118.68,29,118.71,13:01:11.987085530
21,118.68,27,118.71,13:01:11.987205580
21,118.68,20,118.71,13:01:11.987219815
21,118.68,7,118.7,13:01:11.988533435
21,118.68,13,118.7,13:01:11.988533435
21,118.68,14,118.7,13:01:12.039352410
21,118.68,17,118.7,13:01:12.039552932
21,118.68,18,118.7,13:01:12.050849529
21,118.68,19,118.7,13:01:12.050922700
21,118.68,20,118.7,13:01:12.051274191
27,118.68,20,118.7,13:01:12.438932056
27,118.68,22,118.7,13:01:12.439008655
31,118.68,22,118.7,13:01:12.439137718
31,118.68,24,118.7,13:01:12.439245177
31,118.68,22,118.7,13:01:12.439345257
19,118.68,22,118.7,13:01:12.537735254
19,118.68,11,118.69,13:01:12.537735254
13,118.68,11,118.69,13:01:12.538474380
9,118.68,11,118.69,13:01:12.540771073
9,118.68,22,118.7,13:01:12.545495399
9,118.68,23,118.7,13:01:12.545713063
9,118.68,21,118.7,13:01:12.545784414
9,118.68,23,118.7,13:01:12.546012816
9,118.68,21,118.7,13:01:12.551093137
19,118.68,21,118.7,13:01:12.639113794
21,118.68,21,118.7,13:01:12.639366738
27,118.68,21,118.7,13:01:13.427787664
27,118.68,22,118.7,13:01:13.427860624
27,118.68,21,118.7,13:01:13.427977517
27,118.68,20,118.7,13:01:13.428093293
27,118.68,22,118.7,13:01:13.437795939
28,118.68,22,118.7,13:01:13.468390119
29,118.68,22,118.7,13:01:13.468573390
1,118.69,22,118.7,13:01:15.304824625
1,118.69,19,118.7,13:01:15.305064378
2,118.69,19,118.7,13:01:15.368306568
3,118.69,19,118.7,13:01:15.439515382
5,118.69,19,118.7,13:01:19.923577711
7,118.69,19,118.7,13:01:19.923782586
5,118.69,19,118.7,13:01:19.923962834
5,118.69,12,118.7,13:01:22.871783194
5,118.69,6,118.7,13:01:22.871863077
15,118.69,6,118.7,13:01:22.871926712
15,118.69,5,118.7,13:01:22.874168060
15,118.69,4,118.7,13:01:22.874168060
15,118.69,3,118.7,13:01:22.874271791
15,118.69,2,118.7,13:01:22.874288886
15,118.69,30,118.71,13:01:22.874288886
16,118.69,30,118.71,13:01:22.874362303
23,118.69,30,118.71,13:01:22.875426149
23,118.69,28,118.71,13:01:22.875489564
23,118.69,23,118.71,13:01:22.898704313
23,118.69,10,118.7,13:01:22.973453694
23,118.69,13,118.7,13:01:22.973562216
23,118.69,3,118.7,13:01:22.978096312
23,118.69,23,118.71,13:01:22.978164385
29,118.69,23,118.71,13:01:23.316373004
31,118.69,23,118.71,13:01:23.316648457
29,118.69,23,118.71,13:01:25.007444549
28,118.69,23,118.71,13:01:27.442316544
28,118.69,22,118.71,13:01:27.442316544
28,118.69,23,118.71,13:01:27.442612544
29,118.69,23,118.71,13:01:27.442684880
43,118.69,23,118.71,13:01:27.558786556
43,118.69,3,118.7,13:01:27.888887366
37,118.69,3,118.7,13:01:27.889051058
37,118.69,2,118.7,13:01:27.927296427
41,118.69,2,118.7,13:01:27.927643655
37,118.69,2,118.7,13:01:27.927712941
38,118.69,2,118.7,13:01:28.084335205
38,118.69,23,118.71,13:01:29.046217943
12,118.7,23,118.71,13:01:29.046292128
12,118.7,17,118.71,13:01:29.046405450
38,118.69,17,118.71,13:01:29.047129357
2,118.7,17,118.71,13:01:29.063869741
3,118.7,17,118.71,13:01:29.244086516
6,118.7,17,118.71,13:01:29.244259924
7,118.7,17,118.71,13:01:30.438910102
8,118.7,17,118.71,13:01:30.439103731
6,118.7,17,118.71,13:01:31.793856138
5,118.7,17,118.71,13:01:31.794047749
8,118.7,17,118.71,13:01:31.891615315
8,118.7,14,118.71,13:01:34.940278439
8,118.7,7,118.71,13:01:35.014289711
8,118.7,6,118.71,13:01:35.025575866
8,118.7,5,118.71,13:01:35.025575866
9,118.7,5,118.71,13:01:35.025759214
11,118.7,5,118.71,13:01:35.025958129
11,118.7,13,118.71,13:01:35.375856843
9,118.7,13,118.71,13:01:35.376906413
9,118.7,5,118.71,13:01:37.463503521
9,118.7,13,118.71,13:01:38.115894407
8,118.7,13,118.71,13:01:40.443270740
5,118.7,13,118.71,13:01:40.443270740
4,118.7,13,118.71,13:01:40.443270740
1,118.7,13,118.71,13:01:40.443360363
34,118.69,13,118.71,13:01:40.443360363
34,118.69,16,118.71,13:01:40.443590430
33,118.69,16,118.71,13:01:40.443710583
33,118.69,7,118.7,13:01:40.628112015
33,118.69,13,118.7,13:01:40.628186374
26,118.69,13,118.7,13:01:40.628606159
26,118.69,7,118.7,13:01:40.629282716
26,118.69,16,118.71,13:01:40.629282716
16,118.69,16,118.71,13:01:40.633916907
16,118.69,18,118.71,13:01:40.661959372
16,118.69,20,118.71,13:01:40.662138615
17,118.69,20,118.71,13:01:40.662207899
21,118.69,20,118.71,13:01:40.662420706
21,118.69,18,118.71,13:01:40.682081920
21,118.69,7,118.7,13:01:40.745289889
21,118.69,13,118.7,13:01:40.745289889
21,118.69,14,118.7,13:01:41.514487389
21,118.69,7,118.7,13:01:41.514685257
21,118.69,1,118.7,13:01:41.514753801
17,118.69,1,118.7,13:01:41.514933100
17,118.69,6,118.7,13:01:41.617552311
17,118.69,9,118.7,13:01:41.617649322
16,118.69,9,118.7,13:01:41.670497380
16,118.69,6,118.7,13:01:42.971000733
16,118.69,1,118.7,13:01:42.971070231
17,118.69,1,118.7,13:01:45.439833717
18,118.69,1,118.7,13:01:45.440021358
25,118.69,1,118.7,13:01:45.440186574
25,118.69,18,118.71,13:01:46.860710789
29,118.69,18,118.71,13:01:46.860899150
29,118.69,16,118.71,13:01:46.861084142
29,118.69,13,118.71,13:01:46.861084142
29,118.69,5,118.71,13:01:46.862770473
9,118.7,5,118.71,13:01:46.862920228
13,118.7,5,118.71,13:01:46.862987991
19,118.7,5,118.71,13:01:46.863143181
20,118.7,5,118.71,13:01:46.863227955
14,118.7,5,118.71,13:01:46.874653439
5,118.7,5,118.71,13:01:46.874867115
1,118.7,5,118.71,13:01:46.874948295
1,118.7,13,118.71,13:01:46.965298122
1,118.7,15,118.71,13:01:47.048735771
1,118.7,16,118.71,13:01:47.048835902
28,118.69,16,118.71,13:01:47.437387299
28,118.69,19,118.71,13:01:47.437729515
24,118.69,19,118.71,13:01:47.437798889
1,118.7,19,118.71,13:01:47.440348640
23,118.69,19,118.71,13:01:47.440618691
23,118.69,9,118.7,13:01:47.452621061
16,118.69,9,118.7,13:01:47.452621061
16,118.69,13,118.7,13:01:47.452622024
16,118.69,43,118.7,13:01:47.452622024
16,118.69,63,118.7,13:01:47.452690596
15,118.69,63,118.7,13:01:47.452692433
1,118.69,63,118.7,13:01:47.452692433
33,118.68,63,118.7,13:01:47.452692433
23,118.68,63,118.7,13:01:47.452742388
23,118.68,33,118.7,13:01:47.452742388
23,118.68,13,118.7,13:01:47.452742388
22,118.68,13,118.7,13:01:47.452744622
15,118.68,13,118.7,13:01:47.452744622
13,118.68,13,118.7,13:01:47.452744622
9,118.68,13,118.7,13:01:47.452744622
9,118.68,18,118.7,13:01:47.453810704
8,118.68,18,118.7,13:01:47.453810704
8,118.68,19,118.7,13:01:47.455021165
6,118.68,19,118.7,13:01:47.456281927
5,118.68,19,118.7,13:01:47.456281927
64,118.67,19,118.7,13:01:47.456300664
64,118.67,22,118.7,13:01:47.456300664
64,118.67,28,118.7,13:01:47.456300664
64,118.67,6,118.69,13:01:47.456587672
63,118.67,6,118.69,13:01:47.457720552
63,118.67,7,118.69,13:01:47.457739390
63,118.67,14,118.69,13:01:47.457915223
56,118.67,14,118.69,13:01:47.469100738
44,118.67,14,118.69,13:01:47.469100738
33,118.67,14,118.69,13:01:47.469100738
26,118.67,14,118.69,13:01:47.469100738
10,118.67,14,118.69,13:01:47.469174140
10,118.67,32,118.69,13:01:47.469176550
10,118.67,28,118.69,13:01:47.469176550
6,118.67,28,118.69,13:01:47.469176550
26,118.66,28,118.69,13:01:47.501298335
24,118.66,28,118.69,13:01:47.501364610
17,118.66,28,118.69,13:01:47.501364610
16,118.66,28,118.69,13:01:47.501364610
9,118.66,28,118.69,13:01:47.501364610
6,118.66,28,118.69,13:01:47.501364610
20,118.65,28,118.69,13:01:47.501364610
20,118.65,35,118.69,13:01:47.523824028
20,118.65,9,118.68,13:01:47.523826108
20,118.65,13,118.68,13:01:47.523826108
25,118.65,13,118.68,13:01:47.526721011
28,118.65,13,118.68,13:01:47.526722915
28,118.65,12,118.68,13:01:47.526897498
7,118.66,12,118.68,13:01:47.527021117
12,118.66,12,118.68,13:01:47.527021117
12,118.66,8,118.68,13:01:47.527021117
12,118.66,41,118.69,13:01:47.535080564
12,118.66,40,118.69,13:01:47.535252813
7,118.66,40,118.69,13:01:47.535253498
28,118.65,40,118.69,13:01:47.535253498
23,118.65,40,118.69,13:01:47.536261840
20,118.65,40,118.69,13:01:47.536261840
20,118.65,48,118.69,13:01:47.536319443
20,118.65,40,118.69,13:01:47.537178329
20,118.65,41,118.69,13:01:47.537527288
20,118.65,48,118.69,13:01:47.538145791
20,118.65,49,118.69,13:01:47.538211131
18,118.65,49,118.69,13:01:47.538211131
11,118.65,49,118.69,13:01:47.538211131
9,118.65,49,118.69,13:01:47.538211131
6,118.65,49,118.69,13:01:47.538211131
6,118.65,51,118.69,13:01:47.538321771
5,118.65,51,118.69,13:01:47.538321771
5,118.65,49,118.69,13:01:47.539657175
15,118.64,49,118.69,13:01:47.540128448
15,118.64,2,118.68,13:01:47.540640023
15,118.64,56,118.68,13:01:47.540703381
15,118.64,57,118.68,13:01:47.542984654
1,118.65,57,118.68,13:01:47.543437832
1,118.65,58,118.68,13:01:47.543959156
1,118.66,58,118.68,13:01:47.544354794
1,118.65,58,118.68,13:01:47.544416513
1,118.65,59,118.68,13:01:47.545019245
1,118.65,60,118.68,13:01:47.545019245
1,118.65,64,118.68,13:01:47.545019245
14,118.64,64,118.68,13:01:47.545548982
9,118.64,64,118.68,13:01:47.545548982
9,118.64,71,118.68,13:01:47.545683277
8,118.64,71,118.68,13:01:47.545683277
7,118.65,71,118.68,13:01:47.545862185
13,118.65,71,118.68,13:01:47.545862185
19,118.65,71,118.68,13:01:47.546051238
6,118.66,71,118.68,13:01:47.546051238
4,118.66,71,118.68,13:01:47.546091318
4,118.66,78,118.68,13:01:47.546611103
6,118.65,78,118.68,13:01:47.546910498
6,118.65,77,118.68,13:01:47.549681377
6,118.65,76,118.68,13:01:47.549681377
6,118.65,79,118.68,13:01:47.550599686
6,118.66,79,118.68,13:01:47.556283362
6,118.65,79,118.68,13:01:47.557308427
6,118.65,10,118.67,13:01:47.557635864
11,118.65,10,118.67,13:01:47.557635864
14,118.65,10,118.67,13:01:47.557715387
14,118.65,11,118.67,13:01:47.558346218
14,118.65,18,118.67,13:01:47.558980186
14,118.65,51,118.67,13:01:47.559944141
14,118.65,18,118.66,13:01:47.560343999
9,118.65,18,118.66,13:01:47.560715560
6,118.65,18,118.66,13:01:47.560715560
6,118.65,25,118.66,13:01:47.561160053
6,118.65,26,118.66,13:01:47.561235278
8,118.64,26,118.66,13:01:47.566323063
8,118.64,31,118.66,13:01:47.566632993
8,118.64,34,118.66,13:01:47.566688626
9,118.64,34,118.66,13:01:47.567159540
9,118.64,41,118.66,13:01:47.567159540
6,118.65,41,118.66,13:01:47.569705279
6,118.65,40,118.66,13:01:47.569873183
9,118.64,40,118.66,13:01:47.570651653
2,118.65,40,118.66,13:01:47.572471542
9,118.64,40,118.66,13:01:47.572722032
2,118.65,40,118.66,13:01:47.572722032
5,118.65,40,118.66,13:01:47.572815558
5,118.65,42,118.66,13:01:47.572936092
6,118.65,42,118.66,13:01:47.573238733
4,118.65,42,118.66,13:01:47.573501315
9,118.65,42,118.66,13:01:47.577412506
9,118.65,39,118.66,13:01:47.577710664
9,118.65,34,118.66,13:01:47.577710664
12,118.65,34,118.66,13:01:47.577828115
9,118.65,34,118.66,13:01:47.578597996
4,118.65,34,118.66,13:01:47.578597996
3,118.65,34,118.66,13:01:47.581692565
9,118.64,34,118.66,13:01:47.585758241
9,118.64,39,118.66,13:01:47.586207353
9,118.64,42,118.66,13:01:47.586271804
9,118.64,43,118.66,13:01:47.586611865
9,118.64,46,118.66,13:01:47.592504568
9,118.64,29,118.66,13:01:47.593016699
9,118.64,28,118.66,13:01:47.593016699
9,118.64,25,118.66,13:01:47.593361650
15,118.64,25,118.66,13:01:47.593459074
15,118.64,31,118.66,13:01:47.593926417
15,118.64,39,118.66,13:01:47.594525931
15,118.64,3,118.65,13:01:47.605565957
15,118.64,4,118.65,13:01:47.605991157
15,118.64,11,118.65,13:01:47.606051091
15,118.64,8,118.65,13:01:47.606067205
15,118.64,7,118.65,13:01:47.606483909
15,118.64,28,118.66,13:01:47.606483909
15,118.64,6,118.65,13:01:47.607637319
15,118.64,27,118.66,13:01:47.608091968
15,118.64,40,118.66,13:01:47.612475559
15,118.64,35,118.66,13:01:47.612869225
15,118.64,32,118.66,13:01:47.612869225
18,118.64,32,118.66,13:01:47.648689406
18,118.64,29,118.66,13:01:47.656092060
18,118.64,28,118.66,13:01:47.656202184
18,118.64,21,118.66,13:01:47.656344460
18,118.64,19,118.66,13:01:47.656344460
18,118.64,18,118.66,13:01:47.656344460
18,118.64,13,118.66,13:01:47.656344460
18,118.64,25,118.67,13:01:47.656344460
3,118.65,25,118.67,13:01:47.657468311
3,118.65,35,118.67,13:01:47.658046215
3,118.65,71,118.67,13:01:47.658046215
9,118.65,71,118.67,13:01:47.658289242
4,118.66,71,118.67,13:01:47.658289242
10,118.66,71,118.67,13:01:47.658289242
4,118.66,71,118.67,13:01:47.659093847
13,118.65,71,118.67,13:01:47.659117283
18,118.65,71,118.67,13:01:47.659117283
21,118.65,71,118.67,13:01:47.659287615
21,118.65,65,118.67,13:01:47.659287615
16,118.65,65,118.67,13:01:47.669012563
13,118.65,65,118.67,13:01:47.669012563
10,118.65,65,118.67,13:01:47.697918258
10,118.65,68,118.67,13:01:47.698436824
10,118.65,65,118.67,13:01:47.740762016
10,118.65,64,118.67,13:01:47.741784021
10,118.65,62,118.67,13:01:47.742327567
10,118.65,59,118.67,13:01:47.746203702
11,118.65,59,118.67,13:01:47.753907367
13,118.65,59,118.67,13:01:47.754132734
13,118.65,52,118.67,13:01:47.754573251
13,118.65,44,118.67,13:01:47.757680257
13,118.65,43,118.67,13:01:47.768691351
18,118.65,43,118.67,13:01:47.768888598
21,118.65,43,118.67,13:01:47.768984025
24,118.65,43,118.67,13:01:47.769098877
6,118.66,43,118.67,13:01:47.804767511
10,118.66,43,118.67,13:01:47.804830077
10,118.66,40,118.67,13:01:47.805631480
10,118.66,39,118.67,13:01:47.808276214
6,118.66,39,118.67,13:01:47.815587237
24,118.65,39,118.67,13:01:47.815664271
24,118.65,52,118.67,13:01:47.840418782
24,118.65,42,118.67,13:01:47.843620904
24,118.65,34,118.67,13:01:47.873935728
24,118.65,21,118.67,13:01:47.877970181
24,118.65,20,118.67,13:01:47.890744265
24,118.65,19,118.67,13:01:47.891612594
24,118.65,18,118.67,13:01:47.891894357
24,118.65,17,118.67,13:01:47.892219208
6,118.66,17,118.67,13:01:47.917407085
10,118.66,17,118.67,13:01:47.917507169
11,118.66,17,118.67,13:01:47.917694087
11,118.66,15,118.67,13:01:47.917772019
17,118.66,15,118.67,13:01:47.917772019
17,118.66,14,118.67,13:01:47.959928361
17,118.66,7,118.67,13:01:47.959928361
17,118.66,5,118.67,13:01:47.960033736
17,118.66,40,118.68,13:01:47.960061784
24,118.66,40,118.68,13:01:47.960460895
24,118.66,33,118.68,13:01:47.960742131
24,118.66,39,118.68,13:01:47.961057323
24,118.66,41,118.68,13:01:47.961144536
24,118.66,70,118.68,13:01:47.961215756
24,118.66,2,118.67,13:01:47.982238420
24,118.66,70,118.68,13:01:47.982427351
24,118.66,4,118.67,13:01:47.982507795
24,118.66,6,118.67,13:01:48.003778976
24,118.66,12,118.67,13:01:48.006576981
17,118.66,12,118.67,13:01:48.007848130
13,118.66,12,118.67,13:01:48.008244689
7,118.66,12,118.67,13:01:48.008244689
7,118.66,13,118.67,13:01:48.008762180
7,118.66,7,118.67,13:01:48.012336413
7,118.66,17,118.67,13:01:48.030457758
1,118.66,17,118.67,13:01:48.043771890
6,118.66,17,118.67,13:01:48.108058743
9,118.66,17,118.67,13:01:48.108184039
10,118.66,17,118.67,13:01:48.198224591
7,118.66,17,118.67,13:01:48.269119709
2,118.66,17,118.67,13:01:48.269187076
1,118.66,17,118.67,13:01:48.298001097
23,118.65,17,118.67,13:01:48.298001097
23,118.65,8,118.66,13:01:48.298001097
23,118.65,2,118.66,13:01:48.298298793
23,118.65,7,118.67,13:01:48.298407935
2,118.66,7,118.67,13:01:48.298804111
8,118.66,7,118.67,13:01:48.298825119
12,118.66,7,118.67,13:01:48.298935931
13,118.66,7,118.67,13:01:48.299201548
14,118.66,7,118.67,13:01:48.299201548
13,118.66,7,118.67,13:01:48.299628559
11,118.66,7,118.67,13:01:48.328663670
9,118.66,7,118.67,13:01:48.328663670
9,118.66,10,118.67,13:01:48.329111475
5,118.66,10,118.67,13:01:48.329234576
1,118.66,10,118.67,13:01:48.329261026
1,118.66,16,118.67,13:01:48.329261026
1,118.66,10,118.67,13:01:48.344423852
1,118.66,7,118.67,13:01:48.367454047
6,118.66,7,118.67,13:01:48.370279107
9,118.66,7,118.67,13:01:48.370413319
9,118.66,3,118.67,13:01:48.421937270
9,118.66,1,118.67,13:01:48.421937270
9,118.66,33,118.68,13:01:48.421937270
9,118.66,31,118.68,13:01:48.422032514
9,118.66,25,118.68,13:01:48.422032514
7,118.67,25,118.68,13:01:48.422052601
7,118.67,18,118.68,13:01:48.422408195
9,118.66,18,118.68,13:01:48.422516610
6,118.66,18,118.68,13:01:48.430162233
1,118.66,18,118.68,13:01:48.430162233
1,118.66,17,118.68,13:01:48.433353075
1,118.66,16,118.68,13:01:48.433470603
2,118.66,16,118.68,13:01:48.433797329
3,118.66,16,118.68,13:01:48.433927665
4,118.67,16,118.68,13:01:48.440228201
3,118.66,16,118.68,13:01:48.440446268
3,118.66,22,118.68,13:01:48.440640562
8,118.66,22,118.68,13:01:48.440723221
11,118.66,22,118.68,13:01:48.440806124
11,118.66,24,118.68,13:01:48.440876828
11,118.66,1,118.67,13:01:48.443777715
10,118.66,1,118.67,13:01:48.451787598
9,118.66,1,118.67,13:01:48.451912852
9,118.66,24,118.68,13:01:48.456225463
16,118.66,24,118.68,13:01:48.456498631
16,118.66,22,118.68,13:01:48.457458557
16,118.66,16,118.68,13:01:48.457530595
16,118.66,10,118.67,13:01:48.486898111
16,118.66,8,118.67,13:01:48.489665500
21,118.66,8,118.67,13:01:48.489746688
21,118.66,7,118.67,13:01:48.489877916
21,118.66,6,118.67,13:01:48.489976585
21,118.66,5,118.67,13:01:48.490143222
28,118.66,5,118.67,13:01:48.490143222
29,118.66,5,118.67,13:01:48.516690320
30,118.66,5,118.67,13:01:48.517178579
29,118.66,5,118.67,13:01:48.607172697
24,118.66,5,118.67,13:01:48.607351539
17,118.66,5,118.67,13:01:48.607742147
17,118.66,11,118.67,13:01:48.761975385
14,118.66,11,118.67,13:01:48.762062257
9,118.66,11,118.67,13:01:48.762062257
2,118.66,11,118.67,13:01:48.763341093
2,118.66,5,118.67,13:01:48.764983124
2,118.66,16,118.68,13:01:48.807161852
2,118.66,22,118.68,13:01:48.807591202
7,118.66,22,118.68,13:01:48.807591202
10,118.66,22,118.68,13:01:48.807664614
10,118.66,24,118.68,13:01:48.807680281
17,118.66,24,118.68,13:01:48.807805190
17,118.66,8,118.67,13:01:48.999610584
14,118.66,8,118.67,13:01:48.999681979
9,118.66,8,118.67,13:01:48.999681979
9,118.66,24,118.68,13:01:49.000703171
12,118.66,24,118.68,13:01:49.026614619
18,118.66,24,118.68,13:01:49.026849034
23,118.66,24,118.68,13:01:49.100196474
26,118.66,24,118.68,13:01:49.100334016
26,118.66,22,118.68,13:01:49.195054484
26,118.66,16,118.68,13:01:49.195126676
8,118.67,16,118.68,13:01:49.195580454
26,118.66,16,118.68,13:01:49.196572918
23,118.66,16,118.68,13:01:49.256178965
18,118.66,16,118.68,13:01:49.256253615
15,118.66,16,118.68,13:01:49.256415893
9,118.66,16,118.68,13:01:49.256475179
9,118.66,22,118.68,13:01:49.297503931
9,118.66,24,118.68,13:01:49.297531870
14,118.66,24,118.68,13:01:49.356866929
17,118.66,24,118.68,13:01:49.357015838
22,118.66,24,118.68,13:01:49.357167121
22,118.66,8,118.67,13:01:49.392015653
19,118.66,8,118.67,13:01:49.392015653
14,118.66,8,118.67,13:01:49.392070584
13,118.66,8,118.67,13:01:49.392605729
12,118.66,8,118.67,13:01:49.392605729
5,118.66,8,118.67,13:01:49.392623054
23,118.65,8,118.67,13:01:49.392623054
23,118.65,11,118.67,13:01:49.392646093
23,118.65,12,118.67,13:01:49.392646093
23,118.65,13,118.67,13:01:49.393772832
20,118.65,13,118.67,13:01:49.393827853
18,118.65,13,118.67,13:01:49.393827853
15,118.65,13,118.67,13:01:49.394002880
15,118.65,20,118.67,13:01:49.394235877
10,118.65,20,118.67,13:01:49.395382707
7,118.65,20,118.67,13:01:49.395382707
7,118.65,6,118.66,13:01:49.399208275
7,118.65,10,118.66,13:01:49.399208275
7,118.65,14,118.66,13:01:49.399404208
7,118.65,17,118.66,13:01:49.400671669
7,118.65,20,118.66,13:01:49.401017089
1,118.65,20,118.66,13:01:49.401121416
1,118.65,19,118.66,13:01:49.401600849
2,118.65,19,118.66,13:01:49.403915129
3,118.65,19,118.66,13:01:49.404002877
3,118.65,13,118.66,13:01:49.410506257
3,118.65,9,118.66,13:01:49.410506257
3,118.65,6,118.66,13:01:49.411322235
6,118.65,6,118.66,13:01:49.414008421
5,118.65,6,118.66,13:01:49.414872699
4,118.65,6,118.66,13:01:49.414961496
4,118.65,2,118.66,13:01:49.435111034
4,118.65,17,118.67,13:01:49.435111034
9,118.65,17,118.67,13:01:49.435111034
12,118.65,17,118.67,13:01:49.435198442
12,118.65,19,118.67,13:01:49.436466290
12,118.65,21,118.67,13:01:49.436821183
9,118.65,21,118.67,13:01:49.735812290
4,118.65,21,118.67,13:01:49.735876339
4,118.65,19,118.67,13:01:49.735986218
5,118.65,19,118.67,13:01:49.748506067
8,118.65,19,118.67,13:01:49.748659415
5,118.65,19,118.67,13:01:49.790523296
10,118.65,19,118.67,13:01:49.856917554
13,118.65,19,118.67,13:01:49.856999367
10,118.65,19,118.67,13:01:49.973092271
5,118.65,19,118.67,13:01:49.973092271
6,118.65,19,118.67,13:01:50.015608802
6,118.65,23,118.67,13:01:50.015608802
11,118.65,23,118.67,13:01:50.242710502
14,118.65,23,118.67,13:01:50.242810141
11,118.65,23,118.67,13:01:50.257585285
6,118.65,23,118.67,13:01:50.257672440
6,118.65,10,118.66,13:01:50.257672440
6,118.65,11,118.66,13:01:50.258107550
5,118.65,11,118.66,13:01:50.258107550
2,118.65,11,118.66,13:01:50.259220045
2,118.65,1,118.66,13:01:50.277110046
2,118.65,6,118.66,13:01:50.377287454
2,118.65,9,118.66,13:01:50.377356245
2,118.65,10,118.66,13:01:50.377497131
2,118.65,14,118.66,13:01:50.377573367
2,118.65,9,118.66,13:01:50.445758145
7,118.65,9,118.66,13:01:50.445833588
7,118.65,6,118.66,13:01:50.445833588
10,118.65,6,118.66,13:01:50.445905086
10,118.65,5,118.66,13:01:50.446626270
10,118.65,4,118.66,13:01:50.446827652
10,118.65,29,118.67,13:01:50.447382570
10,118.66,29,118.67,13:01:50.456687245
10,118.66,25,118.67,13:01:50.456968048
10,118.66,24,118.67,13:01:50.457435699
10,118.66,16,118.67,13:01:50.458036693
10,118.65,16,118.67,13:01:50.458036693
11,118.65,16,118.67,13:01:50.469345002
12,118.65,16,118.67,13:01:50.469424999
19,118.65,16,118.67,13:01:50.469568279
12,118.65,16,118.67,13:01:50.469749834
12,118.65,10,118.67,13:01:50.471472889
1,118.66,10,118.67,13:01:50.494257934
1,118.66,15,118.67,13:01:51.004303998
1,118.66,22,118.67,13:01:51.004506580
11,118.65,22,118.67,13:01:51.004712030
1,118.66,22,118.67,13:01:51.015588416
1,118.66,15,118.67,13:01:51.018396560
1,118.66,13,118.67,13:01:51.018933827
1,118.66,19,118.67,13:01:51.121867060
1,118.66,14,118.67,13:01:51.553124046
1,118.66,8,118.67,13:01:51.560233881
6,118.66,8,118.67,13:01:51.561327506
8,118.66,8,118.67,13:01:51.561400731
8,118.66,7,118.67,13:01:51.561638459
9,118.66,7,118.67,13:01:51.561726260
9,118.66,24,118.68,13:01:51.561726260
7,118.66,24,118.68,13:01:51.673542119
2,118.66,24,118.68,13:01:51.673608804
2,118.66,7,118.67,13:01:51.682326494
2,118.66,12,118.67,13:01:51.682548132
3,118.66,12,118.67,13:01:52.187568130
3,118.66,5,118.67,13:01:52.273750159
3,118.66,12,118.67,13:01:52.375962830
2,118.66,12,118.67,13:01:52.443127877
1,118.66,12,118.67,13:01:52.443127877
11,118.65,12,118.67,13:01:52.443204088
11,118.65,13,118.67,13:01:52.443405497
11,118.65,16,118.67,13:01:52.443405497
11,118.65,15,118.67,13:01:52.484423552
14,118.65,15,118.67,13:01:52.484606824
16,118.65,15,118.67,13:01:52.484677286
13,118.65,15,118.67,13:01:52.489902063
14,118.65,15,118.67,13:01:52.744174812
12,118.65,15,118.67,13:01:52.785000064
7,118.65,15,118.67,13:01:52.847121522
4,118.65,15,118.67,13:01:52.847121522
4,118.65,6,118.66,13:01:52.847883880
4,118.65,9,118.66,13:01:52.848012260
4,118.65,14,118.66,13:01:52.848518903
4,118.65,17,118.66,13:01:53.075598705
4,118.65,12,118.66,13:01:53.216783449
4,118.65,9,118.66,13:01:53.286428437
4,118.65,3,118.66,13:01:53.286496815
4,118.65,8,118.66,13:01:53.555943705
4,118.65,10,118.66,13:01:53.556126105
4,118.65,8,118.66,13:01:53.598641461
4,118.65,3,118.66,13:01:53.598709467
4,118.65,8,118.66,13:01:53.970804584
4,118.65,13,118.66,13:01:53.971208627
4,118.65,15,118.66,13:01:53.971229456
4,118.65,10,118.66,13:01:54.388908114
4,118.65,8,118.66,13:01:54.388981544
12,118.65,8,118.66,13:01:54.390306801
12,118.65,3,118.66,13:01:54.390860921
4,118.65,3,118.66,13:01:54.426258219
4,118.65,8,118.66,13:01:54.761454337
4,118.65,3,118.66,13:01:54.913953894
9,118.65,3,118.66,13:01:54.914260710
11,118.65,3,118.66,13:01:54.914330927
10,118.65,3,118.66,13:01:54.925592529
9,118.65,3,118.66,13:01:54.925670440
7,118.65,3,118.66,13:01:54.926196150
2,118.65,3,118.66,13:01:54.926196150
2,118.65,8,118.66,13:01:54.959653261
1,118.65,8,118.66,13:01:55.001780972
22,118.64,8,118.66,13:01:55.001780972
22,118.64,1,118.65,13:01:55.001780972
22,118.64,5,118.66,13:01:55.002220210
15,118.64,5,118.66,13:01:55.002288974
15,118.64,10,118.66,13:01:55.002542120
15,118.64,11,118.66,13:01:55.002542120
16,118.64,11,118.66,13:01:55.002542120
19,118.64,11,118.66,13:01:55.040792686
20,118.64,11,118.66,13:01:55.040983097
21,118.64,11,118.66,13:01:55.388735348
22,118.64,11,118.66,13:01:55.441794761
22,118.64,7,118.65,13:01:57.736991950
22,118.64,9,118.65,13:01:57.737055809
17,118.64,9,118.65,13:01:57.737410565
11,118.64,9,118.65,13:01:57.737410565
8,118.64,9,118.65,13:01:57.737524904
8,118.64,2,118.65,13:01:57.737547048
8,118.64,11,118.66,13:01:57.737547048
7,118.64,11,118.66,13:01:57.738241856
8,118.64,11,118.66,13:01:57.738353524
9,118.64,11,118.66,13:01:57.748278986
10,118.64,11,118.66,13:01:57.748353338
12,118.64,11,118.66,13:01:57.748457482
17,118.64,11,118.66,13:01:57.837250247
19,118.64,11,118.66,13:01:57.926201067
17,118.64,11,118.66,13:01:58.051164517
15,118.64,11,118.66,13:01:59.565639436
10,118.64,11,118.66,13:01:59.745734896
10,118.64,8,118.65,13:01:59.916391061
10,118.64,10,118.65,13:01:59.916586805
16,118.64,10,118.65,13:01:59.916955861
16,118.64,8,118.65,13:01:59.917184116
17,118.64,8,118.65,13:01:59.917257038
17,118.64,11,118.66,13:01:59.917414206
16,118.64,11,118.66,13:01:59.917783252
10,118.64,11,118.66,13:01:59.920818786
16,118.64,11,118.66,13:02:00.020857819
10,118.64,11,118.66,13:02:00.085933699
16,118.64,11,118.66,13:02:00.190236442
10,118.64,11,118.66,13:02:00.307243475
10,118.64,14,118.66,13:02:00.307749462
10,118.64,13,118.66,13:02:00.307998147
10,118.64,14,118.66,13:02:00.307998147
16,118.64,14,118.66,13:02:00.408031202
17,118.64,14,118.66,13:02:00.439283903
24,118.64,14,118.66,13:02:00.723642426
24,118.64,21,118.66,13:02:00.723722872
24,118.64,25,118.66,13:02:00.723722872
24,118.64,27,118.66,13:02:00.723977280
24,118.64,26,118.66,13:02:01.025102243
24,118.64,25,118.66,13:02:01.049774922
24,118.64,27,118.66,13:02:01.840475771
24,118.64,30,118.66,13:02:01.840802183
24,118.64,27,118.66,13:02:02.009438714
24,118.64,28,118.66,13:02:02.211439412
24,118.64,31,118.66,13:02:02.211625812
18,118.64,31,118.66,13:02:02.326969533
18,118.64,8,118.65,13:02:02.327034317
18,118.64,10,118.65,13:02:02.327287882
24,118.64,10,118.65,13:02:02.428013152
24,118.64,8,118.65,13:02:02.428181931
24,118.64,28,118.66,13:02:02.428434601
5,118.65,28,118.66,13:02:03.144604591
6,118.65,28,118.66,13:02:03.170552395
1,118.65,28,118.66,13:02:03.170639387
20,118.64,28,118.66,13:02:03.171079015
20,118.64,1,118.65,13:02:03.171079015
20,118.64,2,118.65,13:02:03.171407793
20,118.64,1,118.65,13:02:03.192391179
20,118.64,34,118.66,13:02:03.192391179
20,118.64,28,118.66,13:02:03.192596440
23,118.64,28,118.66,13:02:03.259366548
24,118.64,28,118.66,13:02:03.569743940
25,118.64,28,118.66,13:02:03.931887730
26,118.64,28,118.66,13:02:03.932091499
30,118.64,28,118.66,13:02:03.981164179
30,118.64,24,118.66,13:02:03.981164179
30,118.64,19,118.66,13:02:03.982988505
26,118.64,19,118.66,13:02:03.991584043
25,118.64,19,118.66,13:02:03.993268903
25,118.64,25,118.66,13:02:04.083269698
25,118.64,27,118.66,13:02:04.083582481
25,118.64,31,118.66,13:02:04.132004121
26,118.64,31,118.66,13:02:04.848200277
27,118.64,31,118.66,13:02:04.848388882
26,118.64,31,118.66,13:02:04.917491830
25,118.64,31,118.66,13:02:04.917944610
29,118.64,31,118.66,13:02:04.923112671
29,118.64,27,118.66,13:02:04.923179305
8,118.65,27,118.66,13:02:04.923514330
8,118.65,21,118.66,13:02:04.923691362
8,118.65,19,118.66,13:02:04.923691362
29,118.64,19,118.66,13:02:04.924733214
25,118.64,19,118.66,13:02:04.938484583
1,118.65,19,118.66,13:02:04.971331573
2,118.65,19,118.66,13:02:05.006615138
1,118.65,19,118.66,13:02:05.018791285
1,118.65,25,118.66,13:02:05.025586679
1,118.65,29,118.66,13:02:05.025655841
1,118.65,30,118.66,13:02:05.025878336
2,118.65,30,118.66,13:02:05.052489545
1,118.65,30,118.66,13:02:05.061203159
1,118.65,33,118.66,13:02:05.061439949
21,118.64,33,118.66,13:02:05.105553580
21,118.64,30,118.66,13:02:05.105904952
24,118.64,30,118.66,13:02:05.152724562
25,118.64,30,118.66,13:02:05.390964559
25,118.64,26,118.66,13:02:05.754510211
29,118.64,26,118.66,13:02:05.754572893
25,118.64,26,118.66,13:02:05.766387282
28,118.64,26,118.66,13:02:05.837057322
29,118.64,26,118.66,13:02:05.837256820
29,118.64,30,118.66,13:02:05.856450779
28,118.64,30,118.66,13:02:05.967392353
25,118.64,30,118.66,13:02:06.218153030
1,118.65,30,118.66,13:02:06.440809610
1,118.65,31,118.66,13:02:06.452117853
1,118.65,32,118.66,13:02:06.452187684
1,118.65,35,118.66,13:02:06.452296192
2,118.65,35,118.66,13:02:06.465952056
3,118.65,35,118.66,13:02:06.488894557
4,118.65,35,118.66,13:02:06.549225533
4,118.65,32,118.66,13:02:06.549645718
5,118.65,32,118.66,13:02:08.444831124
4,118.65,32,118.66,13:02:08.573322263
3,118.65,32,118.66,13:02:08.573336822
2,118.65,32,118.66,13:02:08.573412835
1,118.65,32,118.66,13:02:08.573430701
19,118.64,32,118.66,13:02:08.573430701
13,118.64,32,118.66,13:02:08.573625837
16,118.64,32,118.66,13:02:08.611133140
1,118.65,32,118.66,13:02:08.620581096
16,118.64,32,118.66,13:02:08.621232583
16,118.64,34,118.66,13:02:08.621534374
15,118.64,34,118.66,13:02:08.655873725
19,118.64,34,118.66,13:02:08.675008692
21,118.64,34,118.66,13:02:08.675112637
22,118.64,34,118.66,13:02:08.746257105
22,118.64,32,118.66,13:02:08.746414318
22,118.64,33,118.66,13:02:08.835058183
22,118.64,35,118.66,13:02:08.835238016
22,118.64,33,118.66,13:02:09.291661372
23,118.64,33,118.66,13:02:09.792471558
24,118.64,33,118.66,13:02:09.792746916
25,118.64,33,118.66,13:02:10.781313311
25,118.64,28,118.66,13:02:10.954985702
25,118.64,27,118.66,13:02:10.954985702
25,118.64,26,118.66,13:02:10.954985702
25,118.64,19,118.66,13:02:10.955094444
25,118.64,17,118.66,13:02:10.955117145
25,118.64,15,118.66,13:02:10.955117145
25,118.64,14,118.66,13:02:10.955117145
25,118.64,8,118.66,13:02:10.955117145
25,118.64,4,118.66,13:02:10.955543389
9,118.65,4,118.66,13:02:10.955672991
10,118.65,4,118.66,13:02:10.956131218
11,118.65,4,118.66,13:02:10.956196507
11,118.65,5,118.66,13:02:10.956196507
11,118.65,8,118.66,13:02:10.956435583
11,118.65,12,118.66,13:02:10.965129656
11,118.65,15,118.66,13:02:10.965242156
11,118.65,21,118.66,13:02:10.965369129
11,118.65,25,118.66,13:02:10.965797026
11,118.65,27,118.66,13:02:10.965865260
2,118.65,27,118.66,13:02:10.966440984
2,118.65,21,118.66,13:02:10.966561077
1,118.65,21,118.66,13:02:10.999299986
24,118.64,21,118.66,13:02:10.999375700
24,118.64,2,118.65,13:02:10.999375700
24,118.64,21,118.66,13:02:10.999663387
24,118.64,18,118.66,13:02:10.999774757
26,118.64,18,118.66,13:02:11.000035575
1,118.65,18,118.66,13:02:11.028357914
1,118.65,21,118.66,13:02:11.106646306
1,118.65,27,118.66,13:02:11.106904316
2,118.65,27,118.66,13:02:11.495168400
2,118.65,21,118.66,13:02:11.570739136
2,118.65,26,118.66,13:02:11.571077769
7,118.65,26,118.66,13:02:11.571132309
12,118.65,26,118.66,13:02:11.571132309
17,118.65,26,118.66,13:02:11.572081206
20,118.65,26,118.66,13:02:11.572153282
17,118.65,26,118.66,13:02:11.816247753
17,118.65,27,118.66,13:02:11.816344444
12,118.65,27,118.66,13:02:11.816402340
12,118.65,31,118.66,13:02:11.816469363
7,118.65,31,118.66,13:02:11.816572445
12,118.65,31,118.66,13:02:11.816856227
17,118.65,31,118.66,13:02:11.972060122
20,118.65,31,118.66,13:02:11.972127415
20,118.65,27,118.66,13:02:11.973574669
20,118.65,25,118.66,13:02:11.983259212
20,118.65,21,118.66,13:02:11.983327833
24,118.65,21,118.66,13:02:11.983626793
24,118.65,17,118.66,13:02:11.983710197
24,118.65,14,118.66,13:02:11.983710197
27,118.65,14,118.66,13:02:11.983806133
27,118.65,13,118.66,13:02:11.983981003
27,118.65,10,118.66,13:02:11.984045764
27,118.65,5,118.66,13:02:11.984155921
28,118.65,5,118.66,13:02:11.984155921
29,118.65,5,118.66,13:02:11.984246815
29,118.65,4,118.66,13:02:11.995531479
29,118.65,3,118.66,13:02:11.995531479
29,118.65,8,118.66,13:02:11.998979291
29,118.65,10,118.66,13:02:11.999228635
25,118.65,10,118.66,13:02:11.999689652
22,118.65,10,118.66,13:02:11.999911556
22,118.65,14,118.66,13:02:12.084189765
22,118.65,17,118.66,13:02:12.084288283
21,118.65,17,118.66,13:02:12.148297497
21,118.65,21,118.66,13:02:12.610057290
21,118.65,23,118.66,13:02:12.610122198
21,118.65,24,118.66,13:02:12.610423293
18,118.65,24,118.66,13:02:12.610603587
13,118.65,24,118.66,13:02:12.610685228
13,118.65,27,118.66,13:02:12.630930024
13,118.65,28,118.66,13:02:12.631035429
13,118.65,29,118.66,13:02:12.631144859
13,118.65,28,118.66,13:02:13.201605694
13,118.65,27,118.66,13:02:13.201742881
13,118.65,26,118.66,13:02:13.201767713
13,118.65,21,118.66,13:02:13.201767713
13,118.65,19,118.66,13:02:13.201767713
13,118.65,15,118.66,13:02:13.201767713
13,118.65,12,118.66,13:02:13.201767713
13,118.65,8,118.66,13:02:13.201767713
13,118.65,6,118.66,13:02:13.201767713
13,118.65,5,118.66,13:02:13.201783162
13,118.65,4,118.66,13:02:13.201783162
13,118.65,2,118.66,13:02:13.201912251
13,118.65,1,118.66,13:02:13.202041830
17,118.65,1,118.66,13:02:13.202234849
22,118.65,1,118.66,13:02:13.202234849
25,118.65,1,118.66,13:02:13.202234849
28,118.65,1,118.66,13:02:13.202234849
32,118.65,1,118.66,13:02:13.202588202
28,118.65,1,118.66,13:02:13.437901858
28,118.65,6,118.66,13:02:13.868270214
28,118.65,11,118.66,13:02:13.868535907
24,118.65,11,118.66,13:02:13.868535907
24,118.65,12,118.66,13:02:13.868618911
21,118.65,12,118.66,13:02:13.868618911
21,118.65,14,118.66,13:02:13.868618911
21,118.65,18,118.66,13:02:13.879946715
16,118.65,18,118.66,13:02:13.880029348
13,118.65,18,118.66,13:02:13.880029348
13,118.65,20,118.66,13:02:13.880100480
13,118.65,22,118.66,13:02:13.880367645
18,118.65,22,118.66,13:02:13.989878687
21,118.65,22,118.66,13:02:13.989944344
21,118.65,18,118.66,13:02:13.990057552
21,118.65,16,118.66,13:02:13.990142672
23,118.65,16,118.66,13:02:13.990222127
23,118.65,14,118.66,13:02:13.990382274
23,118.65,9,118.66,13:02:13.990529042
23,118.65,7,118.66,13:02:13.990611110
28,118.65,7,118.66,13:02:14.417026691
30,118.65,7,118.66,13:02:14.417125545
32,118.65,7,118.66,13:02:14.417351155
32,118.65,2,118.66,13:02:14.562995896
32,118.65,3,118.66,13:02:14.736750232
30,118.65,3,118.66,13:02:15.072946404
32,118.65,3,118.66,13:02:15.144340113
33,118.65,3,118.66,13:02:15.144554751
33,118.65,2,118.66,13:02:15.267759616
34,118.65,2,118.66,13:02:15.439701178
34,118.65,3,118.66,13:02:16.038566273
29,118.65,3,118.66,13:02:16.038650825
29,118.65,7,118.66,13:02:16.038650825
29,118.65,12,118.66,13:02:16.038650825
29,118.65,17,118.66,13:02:16.038732316
27,118.65,17,118.66,13:02:16.038732316
27,118.65,22,118.66,13:02:16.038749749
27,118.65,24,118.66,13:02:16.038749749
27,118.65,26,118.66,13:02:16.038811887
27,118.65,27,118.66,13:02:16.039054092
24,118.65,27,118.66,13:02:16.039143137
19,118.65,27,118.66,13:02:16.039143137
19,118.65,30,118.66,13:02:16.039245611
19,118.65,31,118.66,13:02:16.039259141
19,118.65,30,118.66,13:02:16.039427914
18,118.65,30,118.66,13:02:16.039427914
16,118.65,30,118.66,13:02:16.039549531
15,118.65,30,118.66,13:02:16.040041908
14,118.65,30,118.66,13:02:16.040068167
9,118.65,30,118.66,13:02:16.040068167
4,118.65,30,118.66,13:02:16.040068167
3,118.65,30,118.66,13:02:16.040068167
1,118.65,30,118.66,13:02:16.040068167
29,118.64,30,118.66,13:02:16.040068167
34,118.64,30,118.66,13:02:16.040564970
33,118.64,30,118.66,13:02:16.041090636
30,118.64,30,118.66,13:02:16.041090636
29,118.64,30,118.66,13:02:16.041090636
34,118.64,30,118.66,13:02:16.041366746
37,118.64,30,118.66,13:02:16.058709611
38,118.64,30,118.66,13:02:16.381898370
38,118.64,35,118.66,13:02:16.714449823
38,118.64,37,118.66,13:02:16.714627410
39,118.64,37,118.66,13:02:16.734320525
39,118.64,35,118.66,13:02:16.749763578
39,118.64,5,118.65,13:02:17.530449865
39,118.64,6,118.65,13:02:17.530841797
39,118.64,7,118.65,13:02:17.530841797
39,118.64,2,118.65,13:02:17.531882106
39,118.64,1,118.65,13:02:17.532338327
39,118.64,31,118.66,13:02:17.549716235
39,118.64,32,118.66,13:02:17.553292363
39,118.64,33,118.66,13:02:17.553474377
38,118.64,33,118.66,13:02:17.554768885
38,118.64,36,118.66,13:02:17.642875220
38,118.64,37,118.66,13:02:17.642971009
39,118.64,37,118.66,13:02:17.911497321
44,118.64,37,118.66,13:02:20.145934169
44,118.64,36,118.66,13:02:20.149567712
45,118.64,36,118.66,13:02:20.195171652
5,118.65,36,118.66,13:02:20.866534482
5,118.65,31,118.66,13:02:20.866724239
5,118.65,32,118.66,13:02:20.866799119
5,118.65,34,118.66,13:02:20.867048657
5,118.65,32,118.66,13:02:20.874694272
13,118.65,32,118.66,13:02:20.875964405
5,118.65,32,118.66,13:02:20.877141744
45,118.64,32,118.66,13:02:20.877242007
5,118.65,32,118.66,13:02:20.878359933
45,118.64,32,118.66,13:02:20.882998672
42,118.64,32,118.66,13:02:20.902406257
1,118.65,32,118.66,13:02:20.902974159
2,118.65,32,118.66,13:02:20.914286775
3,118.65,32,118.66,13:02:20.914468036
2,118.65,32,118.66,13:02:20.949307499
7,118.65,32,118.66,13:02:20.972508948
15,118.65,32,118.66,13:02:20.978728426
16,118.65,32,118.66,13:02:20.997133011
8,118.65,32,118.66,13:02:21.176872219
3,118.65,32,118.66,13:02:21.177033032
5,118.65,32,118.66,13:02:21.233967382
8,118.65,32,118.66,13:02:21.234160547
9,118.65,32,118.66,13:02:21.247895576
15,118.65,32,118.66,13:02:21.297958627
17,118.65,32,118.66,13:02:21.298067315
17,118.65,31,118.66,13:02:22.016610620
17,118.65,30,118.66,13:02:22.016610620
17,118.65,27,118.66,13:02:22.016681504
23,118.65,27,118.66,13:02:22.016767251
23,118.65,23,118.66,13:02:22.016767251
23,118.65,21,118.66,13:02:22.016767251
28,118.65,21,118.66,13:02:22.017135862
29,118.65,21,118.66,13:02:22.017135862
30,118.65,21,118.66,13:02:22.017418248
30,118.65,19,118.66,13:02:22.018456917
30,118.65,14,118.66,13:02:22.018532607
30,118.65,9,118.66,13:02:22.018767077
30,118.65,8,118.66,13:02:22.018893598
29,118.65,8,118.66,13:02:22.042163278
28,118.65,8,118.66,13:02:22.044876114
28,118.65,7,118.66,13:02:22.074433019
29,118.65,7,118.66,13:02:22.074611578
79,118.65,7,118.66,13:02:23.249783328
79,118.65,2,118.66,13:02:23.250157686
79,118.65,1,118.66,13:02:23.250175276
79,118.65,39,118.67,13:02:23.250175276
79,118.65,37,118.67,13:02:23.250256137
79,118.65,33,118.67,13:02:23.250272223
83,118.65,33,118.67,13:02:23.250272223
84,118.65,33,118.67,13:02:23.250272223
7,118.66,33,118.67,13:02:23.250515584
7,118.66,38,118.67,13:02:23.250642124
7,118.66,37,118.67,13:02:23.250757327
79,118.65,37,118.67,13:02:23.251516005
79,118.65,31,118.67,13:02:23.274693163
80,118.65,31,118.67,13:02:23.277021113
1,118.66,31,118.67,13:02:23.277343475
1,118.66,28,118.67,13:02:23.277551171
79,118.65,28,118.67,13:02:23.305090444
79,118.65,29,118.67,13:02:23.305304809
79,118.65,34,118.67,13:02:23.305395113
79,118.65,38,118.67,13:02:23.305468476
79,118.65,41,118.67,13:02:23.305468476
1,118.66,41,118.67,13:02:23.325792968
79,118.65,41,118.67,13:02:23.373562377
5,118.66,41,118.67,13:02:23.386129469
10,118.66,41,118.67,13:02:23.386229575
11,118.66,41,118.67,13:02:23.386485367
11,118.66,40,118.67,13:02:23.386922339
11,118.66,37,118.67,13:02:23.387059171
17,118.66,37,118.67,13:02:23.387205162
17,118.66,32,118.67,13:02:23.387421986
12,118.66,32,118.67,13:02:23.409188436
7,118.66,32,118.67,13:02:23.409303511
1,118.66,32,118.67,13:02:23.409441514
1,118.66,37,118.67,13:02:23.409740175
1,118.66,38,118.67,13:02:23.410029936
6,118.66,38,118.67,13:02:23.424592642
7,118.66,38,118.67,13:02:23.432983593
7,118.66,37,118.67,13:02:23.434232043
6,118.66,37,118.67,13:02:23.475942423
7,118.66,37,118.67,13:02:23.524147951
8,118.66,37,118.67,13:02:23.524328565
9,118.66,37,118.67,13:02:23.704605285
10,118.66,37,118.67,13:02:23.704807361
10,118.66,32,118.67,13:02:23.869650956
17,118.66,32,118.67,13:02:23.869809570
19,118.66,32,118.67,13:02:23.869926281
17,118.66,32,118.67,13:02:24.088731213
12,118.66,32,118.67,13:02:24.088809856
5,118.66,32,118.67,13:02:24.088809856
5,118.66,37,118.67,13:02:24.088809856
4,118.66,37,118.67,13:02:24.089117721
3,118.66,37,118.67,13:02:24.089207393
2,118.66,37,118.67,13:02:24.089832194
1,118.66,37,118.67,13:02:24.090042043
82,118.65,37,118.67,13:02:24.090042043
82,118.65,42,118.67,13:02:24.090405320
82,118.65,37,118.67,13:02:24.106137623
83,118.65,37,118.67,13:02:24.165988185
5,118.66,37,118.67,13:02:24.190228757
6,118.66,37,118.67,13:02:24.486229992
1,118.66,37,118.67,13:02:24.924150774
81,118.65,37,118.67,13:02:24.925753253
81,118.65,41,118.67,13:02:24.925941452
82,118.65,41,118.67,13:02:24.998626616
84,118.65,41,118.67,13:02:25.005063529
84,118.65,43,118.67,13:02:25.005197584
84,118.65,45,118.67,13:02:25.395811396
84,118.65,46,118.67,13:02:25.396007159
85,118.65,46,118.67,13:02:25.396076308
5,118.66,46,118.67,13:02:25.461739998
6,118.66,46,118.67,13:02:25.461898497
7,118.66,46,118.67,13:02:25.462223866
7,118.66,42,118.67,13:02:25.462289403
7,118.66,40,118.67,13:02:25.462494711
6,118.66,40,118.67,13:02:25.462558433
1,118.66,40,118.67,13:02:25.462780772
2,118.66,40,118.67,13:02:25.462881108
2,118.66,42,118.67,13:02:25.463060464
3,118.66,42,118.67,13:02:25.463195033
2,118.66,42,118.67,13:02:25.464211872
1,118.66,42,118.67,13:02:25.464602620
2,118.66,42,118.67,13:02:25.465218457
1,118.66,42,118.67,13:02:25.465703909
2,118.66,42,118.67,13:02:25.465858750
1,118.66,42,118.67,13:02:25.467672992
85,118.65,42,118.67,13:02:25.468697824
1,118.66,42,118.67,13:02:25.490838166
3,118.66,42,118.67,13:02:25.491016445
1,118.66,42,118.67,13:02:25.563349286
3,118.66,42,118.67,13:02:25.752103454
1,118.66,42,118.67,13:02:25.768660961
2,118.66,42,118.67,13:02:25.782428984
3,118.66,42,118.67,13:02:25.784290775
2,118.66,42,118.67,13:02:25.833856545
1,118.66,42,118.67,13:02:25.834023585
3,118.66,42,118.67,13:02:25.845404114
1,118.66,42,118.67,13:02:25.865850503
2,118.66,42,118.67,13:02:25.942185188
3,118.66,42,118.67,13:02:25.942368731
3,118.66,40,118.67,13:02:26.148611528
5,118.66,40,118.67,13:02:26.247422699
5,118.66,41,118.67,13:02:26.249265422
5,118.66,42,118.67,13:02:26.249443796
5,118.66,43,118.67,13:02:26.249584746
4,118.66,43,118.67,13:02:26.252717659
3,118.66,43,118.67,13:02:26.252786664
2,118.66,43,118.67,13:02:26.253827626
82,118.65,43,118.67,13:02:26.253827626
82,118.65,1,118.66,13:02:26.254154669
82,118.65,2,118.66,13:02:26.254534444
82,118.65,1,118.66,13:02:26.256727765
82,118.65,43,118.67,13:02:26.256810629
82,118.65,39,118.67,13:02:26.256968516
2,118.66,39,118.67,13:02:26.257068568
3,118.66,39,118.67,13:02:26.257156283
1,118.66,39,118.67,13:02:26.257539397
2,118.66,39,118.67,13:02:26.261581439
1,118.66,39,118.67,13:02:26.261797797
2,118.66,39,118.67,13:02:26.273464982
1,118.66,39,118.67,13:02:26.281665043
2,118.66,39,118.67,13:02:26.316569377
3,118.66,39,118.67,13:02:26.317261668
3,118.66,42,118.67,13:02:26.381294272
3,118.66,43,118.67,13:02:26.381397923
3,118.66,44,118.67,13:02:26.381498857
2,118.66,44,118.67,13:02:26.381564618
1,118.66,44,118.67,13:02:26.384597706
3,118.66,44,118.67,13:02:26.387421241
4,118.66,44,118.67,13:02:26.416725566
5,118.66,44,118.67,13:02:26.428322943
3,118.66,44,118.67,13:02:26.523822693
2,118.66,44,118.67,13:02:26.524004062
1,118.66,44,118.67,13:02:26.524004062
83,118.65,44,118.67,13:02:26.524088260
83,118.65,46,118.67,13:02:26.524489800
82,118.65,46,118.67,13:02:26.524551269
83,118.65,46,118.67,13:02:26.571728884
83,118.65,44,118.67,13:02:27.892000302
83,118.65,49,118.67,13:02:28.135444278
83,118.65,51,118.67,13:02:28.135658841
83,118.65,49,118.67,13:02:28.615504944
83,118.65,48,118.67,13:02:29.035436978
83,118.65,47,118.67,13:02:29.040861544
1,118.66,47,118.67,13:02:29.041057515
3,118.66,47,118.67,13:02:29.041312577
5,118.66,47,118.67,13:02:29.041312577
5,118.66,42,118.67,13:02:29.045876926
10,118.66,42,118.67,13:02:29.045876926
15,118.66,42,118.67,13:02:29.045940011
25,118.66,42,118.67,13:02:29.047000067
25,118.66,41,118.67,13:02:29.047000067
15,118.66,41,118.67,13:02:29.058500018
16,118.66,41,118.67,13:02:29.067295041
14,118.66,41,118.67,13:02:29.577536842
13,118.66,41,118.67,13:02:30.000302490
11,118.66,41,118.67,13:02:30.000302490
10,118.66,41,118.67,13:02:30.000302490
5,118.66,41,118.67,13:02:30.000367508
5,118.66,43,118.67,13:02:30.000488668
1,118.66,43,118.67,13:02:30.000540073
87,118.65,43,118.67,13:02:30.000824435
87,118.65,45,118.67,13:02:30.001530434
89,118.65,45,118.67,13:02:30.001672371
89,118.65,47,118.67,13:02:30.001833772
1,118.66,47,118.67,13:02:30.011663759
3,118.66,47,118.67,13:02:30.011855490
5,118.66,47,118.67,13:02:30.012218032
6,118.66,47,118.67,13:02:30.012339207
6,118.66,45,118.67,13:02:30.013172393
6,118.66,43,118.67,13:02:30.108386590
6,118.66,44,118.67,13:02:30.108586424
6,118.66,45,118.67,13:02:30.108717880
6,118.66,46,118.67,13:02:30.108789707
5,118.66,46,118.67,13:02:30.207092447
3,118.66,46,118.67,13:02:30.207370738
1,118.66,46,118.67,13:02:30.208847275
3,118.66,46,118.67,13:02:30.209224311
5,118.66,46,118.67,13:02:30.209461072
5,118.66,45,118.67,13:02:30.209600529
3,118.66,45,118.67,13:02:30.213202622
1,118.66,45,118.67,13:02:30.213392853
2,118.66,45,118.67,13:02:30.439244585
3,118.66,45,118.67,13:02:30.439532261
4,118.66,45,118.67,13:02:30.463960641
6,118.66,45,118.67,13:02:30.506070052
7,118.66,45,118.67,13:02:30.506247517
7,118.66,44,118.67,13:02:30.520764806
7,118.66,43,118.67,13:02:30.521358326
7,118.66,45,118.67,13:02:30.528614375
6,118.66,45,118.67,13:02:30.629971542
11,118.66,45,118.67,13:02:30.711077405
11,118.66,43,118.67,13:02:30.711237040
11,118.66,45,118.67,13:02:30.765996064
11,118.66,43,118.67,13:02:30.774216481
12,118.66,43,118.67,13:02:30.774288817
23,118.66,43,118.67,13:02:30.782295195
24,118.66,43,118.67,13:02:30.782597703
23,118.66,43,118.67,13:02:31.170628615
23,118.66,38,118.67,13:02:31.265675140
24,118.66,38,118.67,13:02:31.265847646
25,118.66,38,118.67,13:02:31.266014023
26,118.66,38,118.67,13:02:31.266196215
32,118.66,38,118.67,13:02:31.266616410
32,118.66,31,118.67,13:02:31.266703894
32,118.66,30,118.67,13:02:31.266788502
32,118.66,27,118.67,13:02:31.266788502
37,118.66,27,118.67,13:02:31.266788502
37,118.66,25,118.67,13:02:31.266861168
37,118.66,24,118.67,13:02:31.267159408
37,118.66,20,118.67,13:02:31.267602083
37,118.66,17,118.67,13:02:31.267677187
37,118.66,12,118.67,13:02:31.267790089
37,118.66,10,118.67,13:02:31.267868559
37,118.66,12,118.67,13:02:31.268770523
37,118.66,14,118.67,13:02:31.269581010
32,118.66,14,118.67,13:02:31.269658117
32,118.66,19,118.67,13:02:31.269758389
26,118.66,19,118.67,13:02:31.269868990
26,118.66,17,118.67,13:02:31.269945621
26,118.66,19,118.67,13:02:31.270614139
26,118.66,17,118.67,13:02:31.271031095
26,118.66,18,118.67,13:02:31.271292660
26,118.66,19,118.67,13:02:31.271361056
26,118.66,18,118.67,13:02:31.271538880
26,118.66,19,118.67,13:02:31.271776253
26,118.66,20,118.67,13:02:31.271952653
15,118.66,20,118.67,13:02:31.274542773
14,118.66,20,118.67,13:02:31.276776166
13,118.66,20,118.67,13:02:31.277297887
13,118.66,25,118.67,13:02:31.277958345
12,118.66,25,118.67,13:02:31.318473337
11,118.66,25,118.67,13:02:31.349360567
11,118.66,29,118.67,13:02:31.378993237
11,118.66,36,118.67,13:02:31.379074770
11,118.66,38,118.67,13:02:31.379074770
11,118.66,41,118.67,13:02:31.379074770
11,118.66,44,118.67,13:02:31.379469010
11,118.66,45,118.67,13:02:31.379469010
11,118.66,46,118.67,13:02:31.379469010
9,118.66,46,118.67,13:02:31.379730673
8,118.66,46,118.67,13:02:31.379932465
10,118.66,46,118.67,13:02:31.867813197
11,118.66,46,118.67,13:02:31.867880544
12,118.66,46,118.67,13:02:31.867880544
13,118.66,46,118.67,13:02:31.867988060
13,118.66,45,118.67,13:02:31.868062604
13,118.66,44,118.67,13:02:31.868434799
13,118.66,40,118.67,13:02:31.869789358
13,118.66,38,118.67,13:02:31.869855339
24,118.66,38,118.67,13:02:31.869939112
25,118.66,38,118.67,13:02:31.870036298
25,118.66,37,118.67,13:02:31.870115975
26,118.66,37,118.67,13:02:31.870187598
26,118.66,32,118.67,13:02:32.016447854
32,118.66,32,118.67,13:02:32.017546068
32,118.66,31,118.67,13:02:32.017717924
32,118.66,28,118.67,13:02:32.017784921
35,118.66,28,118.67,13:02:32.017859827
35,118.66,23,118.67,13:02:32.018411069
35,118.66,16,118.67,13:02:32.018585210
35,118.66,13,118.67,13:02:32.018653808
32,118.66,13,118.67,13:02:32.027095120
26,118.66,13,118.67,13:02:32.074866057
26,118.66,14,118.67,13:02:32.074977932
26,118.66,15,118.67,13:02:32.075128401
26,118.66,16,118.67,13:02:32.075245188
25,118.66,16,118.67,13:02:32.075314553
25,118.66,15,118.67,13:02:32.087598672
25,118.66,14,118.67,13:02:32.087712720
25,118.66,15,118.67,13:02:32.091428432
25,118.66,16,118.67,13:02:32.091496746
25,118.66,17,118.67,13:02:32.091598877
14,118.66,17,118.67,13:02:32.091734268
14,118.66,16,118.67,13:02:32.091836761
14,118.66,17,118.67,13:02:32.093839045
14,118.66,21,118.67,13:02:32.095599518
14,118.66,23,118.67,13:02:32.095673988
13,118.66,23,118.67,13:02:32.095752861
12,118.66,23,118.67,13:02:32.095871898
13,118.66,23,118.67,13:02:32.100610272
14,118.66,23,118.67,13:02:32.100895440
13,118.66,23,118.67,13:02:32.101927755
13,118.66,26,118.67,13:02:32.118082071
13,118.66,27,118.67,13:02:32.118145054
13,118.66,34,118.67,13:02:32.119153888
13,118.66,37,118.67,13:02:32.119217178
12,118.66,37,118.67,13:02:32.119337187
13,118.66,37,118.67,13:02:32.361033956
14,118.66,37,118.67,13:02:32.361212573
25,118.66,37,118.67,13:02:32.401760766
25,118.66,36,118.67,13:02:32.401760766
25,118.66,32,118.67,13:02:32.401760766
25,118.66,30,118.67,13:02:32.401840890
25,118.66,27,118.67,13:02:32.402070177
31,118.66,27,118.67,13:02:32.402070177
31,118.66,26,118.67,13:02:32.402499911
31,118.66,25,118.67,13:02:32.402499911
32,118.66,25,118.67,13:02:32.402664167
32,118.66,18,118.67,13:02:32.403163111
32,118.66,15,118.67,13:02:32.403163111
33,118.66,15,118.67,13:02:32.403316252
33,118.66,14,118.67,13:02:32.403790864
33,118.66,21,118.67,13:02:32.557388937
33,118.66,24,118.67,13:02:32.557455366
32,118.66,24,118.67,13:02:32.557559219
31,118.66,24,118.67,13:02:32.931229353
32,118.66,24,118.67,13:02:32.969808497
35,118.66,24,118.67,13:02:32.969990353
35,118.66,21,118.67,13:02:32.970189348
35,118.66,14,118.67,13:02:32.970266611
35,118.66,13,118.67,13:02:32.970522093
35,118.66,11,118.67,13:02:32.970728960
35,118.66,13,118.67,13:02:33.059092600
34,118.66,13,118.67,13:02:33.063225519
34,118.66,14,118.67,13:02:33.063378850
34,118.66,24,118.67,13:02:33.070613468
34,118.66,25,118.67,13:02:33.070714937
31,118.66,25,118.67,13:02:33.070817792
20,118.66,25,118.67,13:02:33.070973497
14,118.66,25,118.67,13:02:33.071051897
13,118.66,25,118.67,13:02:33.071205644
14,118.66,25,118.67,13:02:33.100667146
16,118.66,25,118.67,13:02:33.100938580
16,118.66,24,118.67,13:02:33.101008923
17,118.66,24,118.67,13:02:33.101008923
28,118.66,24,118.67,13:02:33.190721432
28,118.66,23,118.67,13:02:33.190863416
28,118.66,13,118.67,13:02:33.498952268
34,118.66,13,118.67,13:02:33.499506841
34,118.66,11,118.67,13:02:33.500485774
34,118.66,10,118.67,13:02:33.500829994
34,118.66,12,118.67,13:02:33.510461329
34,118.66,10,118.67,13:02:33.512313004
34,118.66,12,118.67,13:02:33.513033046
34,118.66,13,118.67,13:02:33.519355876
34,118.66,14,118.67,13:02:33.519672228
34,118.66,13,118.67,13:02:33.521785241
34,118.66,12,118.67,13:02:33.529877958
34,118.66,13,118.67,13:02:33.604874628
28,118.66,13,118.67,13:02:33.605944544
28,118.66,14,118.67,13:02:33.606106329
28,118.66,13,118.67,13:02:33.713438466
28,118.66,12,118.67,13:02:33.717473911
28,118.66,13,118.67,13:02:33.720989130
28,118.66,14,118.67,13:02:33.725689420
28,118.66,13,118.67,13:02:33.823326683
28,118.66,12,118.67,13:02:33.826757276
34,118.66,12,118.67,13:02:33.839263452
28,118.66,12,118.67,13:02:34.520682083
28,118.66,22,118.67,13:02:34.520871033
27,118.66,22,118.67,13:02:34.521262998
27,118.66,24,118.67,13:02:34.521281272
27,118.66,22,118.67,13:02:34.631058087
27,118.66,12,118.67,13:02:34.635414858
28,118.66,12,118.67,13:02:34.635675011
29,118.66,12,118.67,13:02:34.635867505
29,118.66,17,118.67,13:02:34.895254352
29,118.66,22,118.67,13:02:34.895254352
29,118.66,24,118.67,13:02:34.895254352
28,118.66,24,118.67,13:02:34.895319281
28,118.66,34,118.67,13:02:34.895596970
28,118.66,38,118.67,13:02:34.895732490
27,118.66,38,118.67,13:02:34.895732490
26,118.66,38,118.67,13:02:34.895732490
15,118.66,38,118.67,13:02:34.895829952
15,118.66,44,118.67,13:02:34.895829952
13,118.66,44,118.67,13:02:34.896218566
12,118.66,44,118.67,13:02:34.896340486
13,118.66,44,118.67,13:02:34.898518450
14,118.66,44,118.67,13:02:34.898702923
16,118.66,44,118.67,13:02:34.898702923
15,118.66,44,118.67,13:02:34.898840968
16,118.66,44,118.67,13:02:34.899156014
15,118.66,44,118.67,13:02:34.899325707
14,118.66,44,118.67,13:02:34.899646308
15,118.66,44,118.67,13:02:34.900074016
14,118.66,44,118.67,13:02:34.900738608
15,118.66,44,118.67,13:02:34.900968384
14,118.66,44,118.67,13:02:34.901500271
15,118.66,44,118.67,13:02:34.903156347
14,118.66,44,118.67,13:02:34.905756568
13,118.66,44,118.67,13:02:35.795358635
12,118.66,44,118.67,13:02:35.795372747
7,118.66,44,118.67,13:02:35.795386690
6,118.66,44,118.67,13:02:35.795401150
4,118.66,44,118.67,13:02:35.795415207
3,118.66,44,118.67,13:02:35.795429137
2,118.66,44,118.67,13:02:35.795445530
1,118.66,44,118.67,13:02:35.795668267
85,118.65,44,118.67,13:02:35.795791876
85,118.65,45,118.67,13:02:35.795835957
1,118.66,45,118.67,13:02:35.805979105
2,118.66,45,118.67,13:02:35.806204865
1,118.66,45,118.67,13:02:35.806685408
85,118.65,45,118.67,13:02:35.806685408
85,118.65,49,118.67,13:02:35.807212223
85,118.65,45,118.67,13:02:35.807335200
86,118.65,45,118.67,13:02:36.085256556
87,118.65,45,118.67,13:02:36.085434562
87,118.65,41,118.67,13:02:36.361630451
86,118.65,41,118.67,13:02:36.362049670
5,118.66,41,118.67,13:02:36.365237095
7,118.66,41,118.67,13:02:36.365456493
7,118.66,45,118.67,13:02:36.365539670
11,118.66,45,118.67,13:02:36.365539670
12,118.66,45,118.67,13:02:36.365696632
12,118.66,49,118.67,13:02:36.365786159
12,118.66,45,118.67,13:02:36.379722956
8,118.66,45,118.67,13:02:36.450681680
9,118.66,45,118.67,13:02:36.529392248
9,118.66,41,118.67,13:02:37.527255642
10,118.66,41,118.67,13:02:37.580935252
9,118.66,41,118.67,13:02:37.615889876
11,118.66,41,118.67,13:02:37.668688872
16,118.66,41,118.67,13:02:37.668763342
20,118.66,41,118.67,13:02:37.669019940
20,118.66,35,118.67,13:02:37.669036782
21,118.66,35,118.67,13:02:37.669036782
21,118.66,34,118.67,13:02:37.669227406
21,118.66,33,118.67,13:02:37.669227406
21,118.66,31,118.67,13:02:37.669227406
21,118.66,30,118.67,13:02:37.669227406
21,118.66,27,118.67,13:02:37.669227406
21,118.66,25,118.67,13:02:37.669227406
22,118.66,25,118.67,13:02:37.669227406
22,118.66,20,118.67,13:02:37.669227406
22,118.66,10,118.67,13:02:37.669249255
29,118.66,10,118.67,13:02:37.669249255
33,118.66,10,118.67,13:02:37.669249255
33,118.66,5,118.67,13:02:37.669249255
33,118.66,3,118.67,13:02:37.669358109
33,118.66,2,118.67,13:02:37.669386158
35,118.66,2,118.67,13:02:37.669386158
35,118.66,52,118.68,13:02:37.669386158
1,118.67,52,118.68,13:02:37.669386158
1,118.67,46,118.68,13:02:37.669824785
3,118.67,46,118.68,13:02:37.669824785
5,118.67,46,118.68,13:02:37.669846480
5,118.67,51,118.68,13:02:37.669955424
5,118.67,53,118.68,13:02:37.669969750
5,118.67,54,118.68,13:02:37.669969750
5,118.67,53,118.68,13:02:37.669987140
4,118.67,53,118.68,13:02:37.670089844
2,118.67,53,118.68,13:02:37.670112916
42,118.66,53,118.68,13:02:37.670112916
42,118.66,2,118.67,13:02:37.670112916
42,118.66,4,118.67,13:02:37.670430336
45,118.66,4,118.67,13:02:37.670551603
45,118.66,5,118.67,13:02:37.670575159
45,118.66,7,118.67,13:02:37.670575159
45,118.66,5,118.67,13:02:37.670593712
47,118.66,5,118.67,13:02:37.670593712
47,118.66,6,118.67,13:02:37.670852905
47,118.66,4,118.67,13:02:37.672419410
47,118.66,2,118.67,13:02:37.672689871
47,118.66,4,118.67,13:02:37.672928958
47,118.66,3,118.67,13:02:37.673066011
47,118.66,2,118.67,13:02:37.673066011
47,118.66,53,118.68,13:02:37.673155573
47,118.66,55,118.68,13:02:37.673460110
44,118.66,55,118.68,13:02:37.674862442
42,118.66,55,118.68,13:02:37.674931821
42,118.66,57,118.68,13:02:37.680959406
1,118.67,57,118.68,13:02:37.688354409
41,118.66,57,118.68,13:02:37.688842870
41,118.66,1,118.67,13:02:37.688842870
41,118.66,2,118.67,13:02:37.689137270
41,118.66,3,118.67,13:02:37.689235474
44,118.66,3,118.67,13:02:37.689255250
44,118.66,5,118.67,13:02:37.689255250
46,118.66,5,118.67,13:02:37.689339104
46,118.66,6,118.67,13:02:37.689339104
47,118.66,6,118.67,13:02:37.690746276
48,118.66,6,118.67,13:02:37.695805089
48,118.66,7,118.67,13:02:37.697119876
48,118.66,11,118.67,13:02:37.697398957
46,118.66,11,118.67,13:02:37.697710835
43,118.66,11,118.67,13:02:37.697710835
43,118.66,12,118.67,13:02:37.697742109
36,118.66,12,118.67,13:02:37.698095657
36,118.66,20,118.67,13:02:37.698245459
36,118.66,22,118.67,13:02:37.698319996
34,118.66,22,118.67,13:02:37.698525321
30,118.66,22,118.67,13:02:37.698525321
30,118.66,14,118.67,13:02:37.700690452
30,118.66,12,118.67,13:02:37.700690452
30,118.66,11,118.67,13:02:37.700912420
30,118.66,12,118.67,13:02:37.702388589
30,118.66,11,118.67,13:02:37.729526435
30,118.66,12,118.67,13:02:37.738253704
30,118.66,13,118.67,13:02:37.738492502
30,118.66,21,118.67,13:02:37.806992395
30,118.66,23,118.67,13:02:37.807065608
28,118.66,23,118.67,13:02:37.807167633
28,118.66,28,118.67,13:02:37.882089375
28,118.66,23,118.67,13:02:37.894120810
28,118.66,28,118.67,13:02:37.994899858
29,118.66,28,118.67,13:02:38.048461304
29,118.66,23,118.67,13:02:38.048678501
33,118.66,23,118.67,13:02:38.048738350
29,118.66,23,118.67,13:02:38.048869146
24,118.66,23,118.67,13:02:38.279775862
24,118.66,28,118.67,13:02:38.279775862
24,118.66,33,118.67,13:02:38.279845238
24,118.66,38,118.67,13:02:38.279916486
20,118.66,38,118.67,13:02:38.280134444
13,118.66,38,118.67,13:02:38.280233459
11,118.66,38,118.67,13:02:38.280448707
11,118.66,42,118.67,13:02:38.397886773
10,118.66,42,118.67,13:02:38.398024421
5,118.66,42,118.67,13:02:38.830783681
4,118.66,42,118.67,13:02:38.831113140
3,118.66,42,118.67,13:02:38.831215463
2,118.66,42,118.67,13:02:38.831232490
1,118.66,42,118.67,13:02:38.831232490
83,118.65,42,118.67,13:02:38.831232490
83,118.65,43,118.67,13:02:38.831394420
83,118.65,5,118.66,13:02:38.839295282
83,118.65,6,118.66,13:02:38.839534846
83,118.65,8,118.66,13:02:38.839534846
83,118.65,9,118.66,13:02:38.841387312
83,118.65,10,118.66,13:02:38.841387312
83,118.65,17,118.66,13:02:38.842083954
83,118.65,21,118.66,13:02:38.842154582
83,118.65,22,118.66,13:02:38.842400613
81,118.65,22,118.66,13:02:38.843705342
82,118.65,22,118.66,13:02:38.844346753
82,118.65,21,118.66,13:02:38.844663786
83,118.65,21,118.66,13:02:38.844857095
83,118.65,17,118.66,13:02:38.845104858
83,118.65,10,118.66,13:02:38.845104858
82,118.65,10,118.66,13:02:38.858827588
83,118.65,10,118.66,13:02:38.868975981
83,118.65,9,118.66,13:02:38.869121562
83,118.65,10,118.66,13:02:38.877436748
82,118.65,10,118.66,13:02:38.877591060
81,118.65,10,118.66,13:02:38.902056146
81,118.65,11,118.66,13:02:38.902368991
81,118.65,12,118.66,13:02:38.902581362
81,118.65,11,118.66,13:02:38.903113309
81,118.65,10,118.66,13:02:38.903343627
81,118.65,11,118.66,13:02:38.908047893
81,118.65,14,118.66,13:02:38.908236907
81,118.65,15,118.66,13:02:38.908374273
81,118.65,14,118.66,13:02:38.918803511
81,118.65,15,118.66,13:02:38.934186975
81,118.65,16,118.66,13:02:38.934342706
81,118.65,11,118.66,13:02:38.942578150
81,118.65,10,118.66,13:02:38.942654352
81,118.65,9,118.66,13:02:38.942734867
82,118.65,9,118.66,13:02:38.942734867
82,118.65,10,118.66,13:02:38.942840768
81,118.65,10,118.66,13:02:38.942956899
81,118.65,11,118.66,13:02:38.943100505
81,118.65,10,118.66,13:02:38.956965243
81,118.65,11,118.66,13:02:38.973133159
81,118.65,10,118.66,13:02:38.976849982
81,118.65,11,118.66,13:02:39.048507461
81,118.65,18,118.66,13:02:39.048876005
81,118.65,22,118.66,13:02:39.048876005
80,118.65,22,118.66,13:02:40.117979739
79,118.65,22,118.66,13:02:40.118232596
80,118.65,22,118.66,13:02:40.118564538
79,118.65,22,118.66,13:02:40.149836340
80,118.65,22,118.66,13:02:40.174918515
80,118.65,21,118.66,13:02:40.246840711
80,118.65,20,118.66,13:02:40.247061162
80,118.65,16,118.66,13:02:40.247061162
80,118.65,9,118.66,13:02:40.247131270
81,118.65,9,118.66,13:02:40.247276931
82,118.65,9,118.66,13:02:40.247355065
82,118.65,8,118.66,13:02:40.247424294
82,118.65,5,118.66,13:02:40.247609059
82,118.65,6,118.66,13:02:40.248177590
82,118.65,4,118.66,13:02:40.248281468
81,118.65,4,118.66,13:02:40.248401842
81,118.65,5,118.66,13:02:40.248605247
81,118.65,4,118.66,13:02:40.248692668
82,118.65,4,118.66,13:02:40.248692668
82,118.65,3,118.66,13:02:40.248692668
82,118.65,4,118.66,13:02:40.248862479
81,118.65,4,118.66,13:02:40.249157922
81,118.65,5,118.66,13:02:40.249229400
81,118.65,7,118.66,13:02:40.249409960
80,118.65,7,118.66,13:02:40.250225755
81,118.65,7,118.66,13:02:40.251712810
81,118.65,6,118.66,13:02:40.251785626
81,118.65,7,118.66,13:02:40.252303689
80,118.65,7,118.66,13:02:40.252303689
80,118.65,6,118.66,13:02:40.258257995
80,118.65,7,118.66,13:02:40.259030651
80,118.65,8,118.66,13:02:40.259220062
80,118.65,7,118.66,13:02:40.264985242
81,118.65,7,118.66,13:02:40.265148823
81,118.65,8,118.66,13:02:40.270879935
80,118.65,8,118.66,13:02:40.271697272
80,118.65,7,118.66,13:02:40.333383616
80,118.65,8,118.66,13:02:40.333901897
80,118.65,11,118.66,13:02:40.334090445
80,118.65,10,118.66,13:02:40.468114005
81,118.65,10,118.66,13:02:40.472146405
81,118.65,9,118.66,13:02:40.472552990
82,118.65,9,118.66,13:02:40.472622162
82,118.65,6,118.66,13:02:40.473266106
82,118.65,4,118.66,13:02:40.473438519
82,118.65,3,118.66,13:02:40.473507739
82,118.65,4,118.66,13:02:40.473809617
82,118.65,5,118.66,13:02:40.473911745
82,118.65,7,118.66,13:02:40.474219332
82,118.65,6,118.66,13:02:40.474291808
81,118.65,6,118.66,13:02:40.474358583
81,118.65,7,118.66,13:02:40.474557930
81,118.65,6,118.66,13:02:40.476970891
81,118.65,7,118.66,13:02:40.478082231
80,118.65,7,118.66,13:02:40.485491874
80,118.65,12,118.66,13:02:40.625981276
80,118.65,13,118.66,13:02:40.626173999
80,118.65,20,118.66,13:02:40.784109645
80,118.65,24,118.66,13:02:40.784211165
79,118.65,24,118.66,13:02:41.272141276
79,118.65,28,118.66,13:02:41.276463366
79,118.65,29,118.66,13:02:41.276653884
77,118.65,29,118.66,13:02:41.277004120
77,118.65,31,118.66,13:02:41.277901029
77,118.65,29,118.66,13:02:41.279307613
77,118.65,25,118.66,13:02:41.279307613
78,118.65,25,118.66,13:02:41.279461245
77,118.65,25,118.66,13:02:41.279675367
78,118.65,25,118.66,13:02:41.280846175
77,118.65,25,118.66,13:02:41.730208592
77,118.65,29,118.66,13:02:41.730729183
77,118.65,31,118.66,13:02:41.730819414
77,118.65,33,118.66,13:02:41.730922732
77,118.65,29,118.66,13:02:41.742171156
77,118.65,27,118.66,13:02:41.742238084
78,118.65,27,118.66,13:02:41.742372896
77,118.65,27,118.66,13:02:41.815909318
78,118.65,27,118.66,13:02:42.260593307
78,118.65,25,118.66,13:02:42.261632708
77,118.65,25,118.66,13:02:42.563950745
77,118.65,29,118.66,13:02:42.564784130
77,118.65,31,118.66,13:02:42.564847352
77,118.65,33,118.66,13:02:42.564964697
71,118.65,33,118.66,13:02:42.565189813
71,118.65,38,118.66,13:02:42.568230461
68,118.65,38,118.66,13:02:42.568555657
62,118.65,38,118.66,13:02:42.568623417
60,118.65,38,118.66,13:02:42.568623417
61,118.65,38,118.66,13:02:42.568733017
60,118.65,38,118.66,13:02:42.568858822
57,118.65,38,118.66,13:02:42.569235140
58,118.65,38,118.66,13:02:42.569402943
60,118.65,38,118.66,13:02:42.569486684
59,118.65,38,118.66,13:02:42.569486684
57,118.65,38,118.66,13:02:42.570020290
59,118.65,38,118.66,13:02:42.570728516
57,118.65,38,118.66,13:02:42.573054669
59,118.65,38,118.66,13:02:42.575410414
58,118.65,38,118.66,13:02:42.587675061
59,118.65,38,118.66,13:02:42.593481565
60,118.65,38,118.66,13:02:42.646676847
59,118.65,38,118.66,13:02:42.647299375
60,118.65,38,118.66,13:02:42.647878610
59,118.65,38,118.66,13:02:42.651730056
60,118.65,38,118.66,13:02:42.657648576
60,118.65,36,118.66,13:02:43.273552476
60,118.65,32,118.66,13:02:43.273616262
61,118.65,32,118.66,13:02:43.273766822
60,118.65,32,118.66,13:02:44.508558544
61,118.65,32,118.66,13:02:44.515087595
60,118.65,32,118.66,13:02:44.515221720
61,118.65,32,118.66,13:02:44.515712014
60,118.65,32,118.66,13:02:44.546937611
60,118.65,37,118.66,13:02:44.547109595
61,118.65,37,118.66,13:02:44.547212032
61,118.65,39,118.66,13:02:44.547315719
60,118.65,39,118.66,13:02:44.547382942
61,118.65,39,118.66,13:02:44.548160221
61,118.65,34,118.66,13:02:44.555495953
61,118.65,32,118.66,13:02:44.684831267
62,118.65,32,118.66,13:02:45.041330485
63,118.65,32,118.66,13:02:45.439122468
63,118.65,27,118.66,13:02:45.516384701
63,118.65,25,118.66,13:02:45.516578947
63,118.65,18,118.66,13:02:48.015737035
63,118.65,17,118.66,13:02:48.015806833
63,118.65,13,118.66,13:02:48.015806833
63,118.65,12,118.66,13:02:48.017498566
63,118.65,17,118.66,13:02:48.035193661
63,118.65,20,118.66,13:02:48.035366576
63,118.65,31,118.66,13:02:48.154090391
63,118.65,26,118.66,13:02:48.199170373
63,118.65,15,118.66,13:02:48.202512294
63,118.65,12,118.66,13:02:48.202804981
65,118.65,12,118.66,13:02:48.237937181
63,118.65,12,118.66,13:02:48.238166787
63,118.65,17,118.66,13:02:48.392796484
63,118.65,28,118.66,13:02:48.392982826
63,118.65,31,118.66,13:02:48.393051770
63,118.65,28,118.66,13:02:48.393433347
63,118.65,33,118.66,13:02:49.179817654
63,118.65,38,118.66,13:02:49.180020850
63,118.65,33,118.66,13:02:50.334047985
63,118.65,28,118.66,13:02:50.335626508
63,118.65,17,118.66,13:02:50.335771897
63,118.65,12,118.66,13:02:50.417493804
64,118.65,12,118.66,13:02:50.417589564
63,118.65,12,118.66,13:02:50.448183193
64,118.65,12,118.66,13:02:50.450775880
63,118.65,12,118.66,13:02:50.598574204
63,118.65,25,118.66,13:02:51.123694212
63,118.65,29,118.66,13:02:51.124030079
63,118.65,16,118.66,13:02:53.023607514
65,118.65,16,118.66,13:02:53.023814272
65,118.65,12,118.66,13:02:53.023961314
65,118.65,11,118.66,13:02:53.024029155
73,118.65,11,118.66,13:02:53.024187239
78,118.65,11,118.66,13:02:53.024262118
78,118.65,9,118.66,13:02:53.025446383
78,118.65,4,118.66,13:02:53.025699454
78,118.65,3,118.66,13:02:53.025845276
78,118.65,2,118.66,13:02:53.026157483
78,118.65,4,118.66,13:02:53.026157483
78,118.65,7,118.66,13:02:53.026437694
78,118.65,5,118.66,13:02:53.028174701
78,118.65,2,118.66,13:02:53.034690610
78,118.65,3,118.66,13:02:53.034954959
78,118.65,4,118.66,13:02:53.035119433
78,118.65,6,118.66,13:02:53.035198529
78,118.65,5,118.66,13:02:53.043171901
78,118.65,4,118.66,13:02:53.060230953
78,118.65,2,118.66,13:02:53.061279443
78,118.65,3,118.66,13:02:53.063279522
78,118.65,5,118.66,13:02:53.063456539
78,118.65,4,118.66,13:02:53.063550683
78,118.65,6,118.66,13:02:53.063727703
76,118.65,6,118.66,13:02:53.064541319
76,118.65,8,118.66,13:02:53.065197914
77,118.65,8,118.66,13:02:53.066980159
76,118.65,8,118.66,13:02:53.069149283
77,118.65,8,118.66,13:02:53.109113298
76,118.65,8,118.66,13:02:53.323412778
76,118.65,20,118.66,13:02:53.399124425
76,118.65,21,118.66,13:02:53.399440645
76,118.65,9,118.66,13:02:53.507425181
77,118.65,9,118.66,13:02:53.510095189
76,118.65,9,118.66,13:02:53.517499398
76,118.65,14,118.66,13:02:54.049465028
76,118.65,19,118.66,13:02:54.049527732
76,118.65,31,118.66,13:02:54.049634241
76,118.65,33,118.66,13:02:54.049704375
76,118.65,31,118.66,13:02:54.049893981
68,118.65,31,118.66,13:02:54.054130199
63,118.65,31,118.66,13:02:54.054193751
63,118.65,37,118.66,13:02:54.108402596
63,118.65,40,118.66,13:02:54.108698910
63,118.65,34,118.66,13:02:54.325584930
63,118.65,31,118.66,13:02:54.581101217
62,118.65,31,118.66,13:02:55.233923024
57,118.65,31,118.66,13:02:55.233997830
13,118.65,31,118.66,13:02:55.234013442
8,118.65,31,118.66,13:02:55.234285974
7,118.65,31,118.66,13:02:55.234458934
5,118.65,31,118.66,13:02:55.234479695
4,118.65,31,118.66,13:02:55.234479695
3,118.65,31,118.66,13:02:55.234479695
2,118.65,31,118.66,13:02:55.234479695
2,118.65,36,118.66,13:02:55.234627372
2,118.65,42,118.66,13:02:55.234627372
1,118.65,42,118.66,13:02:55.234627372
46,118.64,42,118.66,13:02:55.234627372
46,118.64,2,118.65,13:02:55.234627372
42,118.64,2,118.65,13:02:55.234765839
42,118.64,4,118.65,13:02:55.234788956
42,118.64,14,118.65,13:02:55.234809596
44,118.64,14,118.65,13:02:55.234992722
46,118.64,14,118.65,13:02:55.235210457
47,118.64,14,118.65,13:02:55.235210457
47,118.64,12,118.65,13:02:55.235318907
47,118.64,13,118.65,13:02:55.235454273
47,118.64,16,118.65,13:02:55.235473637
47,118.64,13,118.65,13:02:55.245942458
45,118.64,13,118.65,13:02:55.246021169
45,118.64,3,118.65,13:02:55.246021169
47,118.64,3,118.65,13:02:55.246213702
47,118.64,1,118.65,13:02:55.254490176
47,118.64,38,118.66,13:02:55.254490176
47,118.64,39,118.66,13:02:55.279757529
47,118.64,43,118.66,13:02:55.279939545
51,118.64,43,118.66,13:02:55.289658091
52,118.64,43,118.66,13:02:55.290263829
52,118.64,42,118.66,13:02:56.920992292
52,118.64,38,118.66,13:02:56.977983637
1,118.65,38,118.66,13:02:56.983208750
1,118.65,43,118.66,13:02:56.983487380
1,118.65,47,118.66,13:02:56.983664071
2,118.65,47,118.66,13:02:57.034421616
2,118.65,43,118.66,13:02:57.037998206
4,118.65,43,118.66,13:02:57.042615446
2,118.65,43,118.66,13:02:57.241543613
3,118.65,43,118.66,13:02:58.006415875
2,118.65,43,118.66,13:02:59.930654791
1,118.65,43,118.66,13:02:59.930654791
47,118.64,43,118.66,13:02:59.931016346
47,118.64,6,118.65,13:02:59.931016346
47,118.64,8,118.65,13:02:59.931506106
47,118.64,10,118.65,13:02:59.931521969
47,118.64,4,118.65,13:02:59.931607101
47,118.64,3,118.65,13:02:59.931624976
47,118.64,2,118.65,13:02:59.931802092
47,118.64,41,118.66,13:02:59.931888163
5,118.65,41,118.66,13:02:59.931964748
6,118.65,41,118.66,13:02:59.941485562
6,118.65,38,118.66,13:03:00.006459688
7,118.65,38,118.66,13:03:00.022418989
9,118.65,38,118.66,13:03:00.022671561
10,118.65,38,118.66,13:03:00.022961615
20,118.65,38,118.66,13:03:00.023084275
23,118.65,38,118.66,13:03:00.023212102
24,118.65,38,118.66,13:03:00.023236044
24,118.65,32,118.66,13:03:00.023502882
22,118.65,32,118.66,13:03:00.023664089
21,118.65,32,118.66,13:03:00.023864255
18,118.65,32,118.66,13:03:00.162680525
8,118.65,32,118.66,13:03:00.162747425
13,118.65,32,118.66,13:03:00.181011671
14,118.65,32,118.66,13:03:00.181221175
15,118.65,32,118.66,13:03:00.181297216
18,118.65,32,118.66,13:03:00.181297216
19,118.65,32,118.66,13:03:00.181444358
19,118.65,20,118.66,13:03:00.181634137
16,118.65,20,118.66,13:03:00.181819341
26,118.65,20,118.66,13:03:00.263027383
29,118.65,20,118.66,13:03:00.263098349
33,118.65,20,118.66,13:03:00.263225427
34,118.65,20,118.66,13:03:00.439489163
34,118.65,15,118.66,13:03:01.159861898
34,118.65,10,118.66,13:03:01.159986714
40,118.65,10,118.66,13:03:01.160212848
36,118.65,10,118.66,13:03:01.160212848
38,118.65,10,118.66,13:03:01.160364240
38,118.65,15,118.66,13:03:01.161037635
38,118.65,10,118.66,13:03:01.162181055
38,118.65,9,118.66,13:03:01.162300159
38,118.65,7,118.66,13:03:01.162395737
42,118.65,7,118.66,13:03:01.162689979
43,118.65,7,118.66,13:03:01.162762930
43,118.65,5,118.66,13:03:01.166818025
43,118.65,3,118.66,13:03:01.172994116
43,118.65,4,118.66,13:03:01.212903896
43,118.65,6,118.66,13:03:01.213067813
43,118.65,8,118.66,13:03:01.214762333
43,118.65,7,118.66,13:03:01.227904909
43,118.65,8,118.66,13:03:01.252473858
43,118.65,7,118.66,13:03:01.252849113
43,118.65,8,118.66,13:03:01.269793209
43,118.65,7,118.66,13:03:01.272485374
43,118.65,8,118.66,13:03:01.275192108
43,118.65,7,118.66,13:03:01.291240903
43,118.65,8,118.66,13:03:01.351147305
43,118.65,7,118.66,13:03:01.387700015
43,118.65,12,118.66,13:03:01.389509144
43,118.65,10,118.66,13:03:01.843018520
43,118.65,13,118.66,13:03:01.949637681
43,118.65,14,118.66,13:03:01.949825796
43,118.65,22,118.66,13:03:01.974627225
43,118.65,27,118.66,13:03:01.974727200
43,118.65,19,118.66,13:03:02.086228305
43,118.65,14,118.66,13:03:02.086289802
43,118.65,13,118.66,13:03:02.086464136
49,118.65,13,118.66,13:03:03.144045873
52,118.65,13,118.66,13:03:03.144761927
53,118.65,13,118.66,13:03:03.192588587
50,118.65,13,118.66,13:03:03.826718313
50,118.65,14,118.66,13:03:05.879984991
50,118.65,15,118.66,13:03:05.880239620
50,118.65,14,118.66,13:03:08.943682616
50,118.65,15,118.66,13:03:09.597671607
50,118.65,16,118.66,13:03:09.597873001
50,118.65,11,118.66,13:03:10.243147276
50,118.65,10,118.66,13:03:10.243339205
50,118.65,15,118.66,13:03:10.416679943
49,118.65,15,118.66,13:03:12.442110762
49,118.65,14,118.66,13:03:12.442110762
50,118.65,14,118.66,13:03:12.442373143
50,118.65,19,118.66,13:03:14.323890196
50,118.65,21,118.66,13:03:14.324185988
49,118.65,21,118.66,13:03:14.324286055
48,118.65,21,118.66,13:03:14.326196080
47,118.65,21,118.66,13:03:14.326271516
47,118.65,23,118.66,13:03:14.326342207
47,118.65,24,118.66,13:03:14.326416905
47,118.65,19,118.66,13:03:14.327791464
46,118.65,19,118.66,13:03:14.330197894
42,118.65,19,118.66,13:03:14.330261209
36,118.65,19,118.66,13:03:14.330664700
36,118.65,30,118.66,13:03:14.330966684
34,118.65,30,118.66,13:03:14.331214239
34,118.65,35,118.66,13:03:14.333403134
34,118.65,37,118.66,13:03:14.333717463
36,118.65,37,118.66,13:03:14.372971354
36,118.65,32,118.66,13:03:14.373114753
36,118.65,30,118.66,13:03:14.698655509
38,118.65,30,118.66,13:03:14.698806392
38,118.65,28,118.66,13:03:14.699082776
38,118.65,17,118.66,13:03:14.699229957
41,118.65,17,118.66,13:03:15.145071382
42,118.65,17,118.66,13:03:15.438682787
44,118.65,17,118.66,13:03:15.625503116
44,118.65,19,118.66,13:03:16.985364859
44,118.65,22,118.66,13:03:16.985603352
42,118.65,22,118.66,13:03:17.743651748
42,118.65,23,118.66,13:03:17.743854507
42,118.65,22,118.66,13:03:17.754342247
44,118.65,22,118.66,13:03:17.754412026
44,118.65,19,118.66,13:03:17.855573159
45,118.65,19,118.66,13:03:19.812051329
45,118.65,21,118.66,13:03:21.607779340
43,118.65,21,118.66,13:03:21.607779340
45,118.65,21,118.66,13:03:21.608149350
45,118.65,22,118.66,13:03:21.608164939
45,118.65,20,118.66,13:03:21.608164939
45,118.65,21,118.66,13:03:21.612184578
43,118.65,21,118.66,13:03:21.612184578
43,118.65,20,118.66,13:03:21.615512081
44,118.65,20,118.66,13:03:21.615580602
45,118.65,20,118.66,13:03:21.615679463
47,118.65,20,118.66,13:03:21.615819226
47,118.65,19,118.66,13:03:23.656057788
47,118.65,18,118.66,13:03:23.656057788
47,118.65,16,118.66,13:03:23.656057788
47,118.65,13,118.66,13:03:23.656190590
47,118.65,12,118.66,13:03:23.656222379
47,118.65,11,118.66,13:03:23.656222379
47,118.65,6,118.66,13:03:23.656222379
47,118.65,4,118.66,13:03:23.656222379
47,118.65,3,118.66,13:03:23.656222379
47,118.65,1,118.66,13:03:23.656222379
47,118.65,63,118.67,13:03:23.656222379
52,118.65,63,118.67,13:03:23.656276406
52,118.65,2,118.66,13:03:23.656376748
54,118.65,2,118.66,13:03:23.656513247
56,118.65,2,118.66,13:03:23.656513247
60,118.65,2,118.66,13:03:23.656615507
60,118.65,4,118.66,13:03:23.656798546
60,118.65,2,118.66,13:03:23.656918863
60,118.65,3,118.66,13:03:23.667296171
59,118.65,3,118.66,13:03:23.677706403
59,118.65,5,118.66,13:03:23.680144404
59,118.65,3,118.66,13:03:23.690975268
59,118.65,2,118.66,13:03:23.691189930
59,118.65,57,118.67,13:03:23.691264748
63,118.65,57,118.67,13:03:23.691264748
1,118.66,57,118.67,13:03:23.704501936
1,118.66,61,118.67,13:03:23.704803162
2,118.66,61,118.67,13:03:23.704803162
1,118.66,61,118.67,13:03:23.712740458
68,118.65,61,118.67,13:03:23.712755779
68,118.65,63,118.67,13:03:23.735289172
1,118.66,63,118.67,13:03:23.749916310
2,118.66,63,118.67,13:03:23.753096241
1,118.66,63,118.67,13:03:23.798212794
2,118.66,63,118.67,13:03:23.864027070
1,118.66,63,118.67,13:03:23.953245931
64,118.65,63,118.67,13:03:23.953508001
63,118.65,63,118.67,13:03:24.001542372
3,118.66,63,118.67,13:03:24.005460796
9,118.66,63,118.67,13:03:24.006243006
14,118.66,63,118.67,13:03:24.006502628
14,118.66,53,118.67,13:03:24.006813196
15,118.66,53,118.67,13:03:24.023074830
16,118.66,53,118.67,13:03:24.077114821
17,118.66,53,118.67,13:03:24.442149874
18,118.66,53,118.67,13:03:25.340997871
18,118.66,52,118.67,13:03:25.344588140
19,118.66,52,118.67,13:03:26.821537803
18,118.66,52,118.67,13:03:26.841201559
18,118.66,47,118.67,13:03:26.841323901
19,118.66,47,118.67,13:03:26.841513484
18,118.66,47,118.67,13:03:27.442758375
18,118.66,46,118.67,13:03:27.442758375
18,118.66,42,118.67,13:03:27.442936030
18,118.66,43,118.67,13:03:30.013527151
19,118.66,43,118.67,13:03:30.094422566
19,118.66,42,118.67,13:03:30.121390719
20,118.66,42,118.67,13:03:30.439755553
21,118.66,42,118.67,13:03:30.440050327
22,118.66,42,118.67,13:03:30.791647352
21,118.66,42,118.67,13:03:31.066112103
21,118.66,43,118.67,13:03:31.576702422
20,118.66,43,118.67,13:03:31.576702422
21,118.66,43,118.67,13:03:31.595417736
21,118.66,42,118.67,13:03:31.595485782
23,118.66,42,118.67,13:03:31.595621190
24,118.66,42,118.67,13:03:31.595686194
25,118.66,42,118.67,13:03:31.595794415
25,118.66,40,118.67,13:03:31.595986348
23,118.66,40,118.67,13:03:31.607677050
24,118.66,40,118.67,13:03:31.611776970
25,118.66,40,118.67,13:03:31.612842639
26,118.66,40,118.67,13:03:31.617585106
27,118.66,40,118.67,13:03:31.617755238
26,118.66,40,118.67,13:03:31.628670494
25,118.66,40,118.67,13:03:31.628745278
25,118.66,41,118.67,13:03:31.628745278
20,118.66,41,118.67,13:03:31.629005867
19,118.66,41,118.67,13:03:31.629197304
19,118.66,43,118.67,13:03:31.629671595
16,118.66,43,118.67,13:03:31.629805978
16,118.66,46,118.67,13:03:31.630083806
16,118.66,47,118.67,13:03:31.630159210
15,118.66,47,118.67,13:03:31.630159210
13,118.66,47,118.67,13:03:31.630329545
14,118.66,47,118.67,13:03:32.214771578
19,118.66,47,118.67,13:03:32.215087434
24,118.66,47,118.67,13:03:32.215185024
24,118.66,46,118.67,13:03:32.215185024
25,118.66,46,118.67,13:03:32.215185024
26,118.66,46,118.67,13:03:32.215351043
27,118.66,46,118.67,13:03:32.215535808
27,118.66,44,118.67,13:03:32.215551315
26,118.66,44,118.67,13:03:32.215551315
26,118.66,41,118.67,13:03:32.217328677
26,118.66,40,118.67,13:03:32.217328677
25,118.66,40,118.67,13:03:32.475316947
29,118.66,40,118.67,13:03:32.554959328
31,118.66,40,118.67,13:03:32.555134471
32,118.66,40,118.67,13:03:32.555279426
32,118.66,41,118.67,13:03:35.272060883
31,118.66,41,118.67,13:03:35.463371129
29,118.66,41,118.67,13:03:35.888727870
28,118.66,41,118.67,13:03:36.357958529
28,118.66,42,118.67,13:03:36.358034462
27,118.66,42,118.67,13:03:36.358034462
26,118.66,42,118.67,13:03:36.358106477
21,118.66,42,118.67,13:03:36.358176725
16,118.66,42,118.67,13:03:36.358343848
17,118.66,42,118.67,13:03:36.358653339
17,118.66,44,118.67,13:03:36.358739588
17,118.66,48,118.67,13:03:36.362507976
16,118.66,48,118.67,13:03:36.378777279
15,118.66,48,118.67,13:03:36.388955275
28,118.66,48,118.67,13:03:37.592618831
29,118.66,48,118.67,13:03:38.818665700
29,118.66,47,118.67,13:03:40.140672797
30,118.66,47,118.67,13:03:40.140839902
29,118.66,47,118.67,13:03:40.140995959
30,118.66,47,118.67,13:03:40.925251996
31,118.66,47,118.67,13:03:40.925402915
30,118.66,47,118.67,13:03:40.925569461
29,118.66,47,118.67,13:03:40.933252659
30,118.66,47,118.67,13:03:40.933407308
32,118.66,47,118.67,13:03:40.933598288
33,118.66,47,118.67,13:03:40.940998129
32,118.66,47,118.67,13:03:40.989371732
33,118.66,47,118.67,13:03:40.992263164
32,118.66,47,118.67,13:03:41.015456676
19,118.66,47,118.67,13:03:41.498049365
19,118.66,48,118.67,13:03:41.498274555
17,118.66,48,118.67,13:03:41.498456318
16,118.66,48,118.67,13:03:41.498523471
17,118.66,48,118.67,13:03:42.287336290
18,118.66,48,118.67,13:03:42.287538402
18,118.66,47,118.67,13:03:42.297941066
17,118.66,47,118.67,13:03:42.304107075
17,118.66,48,118.67,13:03:42.304319244
17,118.66,47,118.67,13:03:42.344067224
17,118.66,48,118.67,13:03:42.344451202
16,118.66,48,118.67,13:03:42.442248025
16,118.66,47,118.67,13:03:42.442248025
18,118.66,47,118.67,13:03:42.442507885
18,118.66,43,118.67,13:03:42.442507885
20,118.66,43,118.67,13:03:42.442651146
25,118.66,43,118.67,13:03:42.442792503
25,118.66,42,118.67,13:03:42.442858041
26,118.66,42,118.67,13:03:42.443021741
25,118.66,42,118.67,13:03:42.467121143
25,118.66,44,118.67,13:03:42.648436756
23,118.66,44,118.67,13:03:42.648436756
22,118.66,44,118.67,13:03:42.648614269
20,118.66,44,118.67,13:03:42.649357856
21,118.66,44,118.67,13:03:43.227030566
22,118.66,44,118.67,13:03:45.439035423
24,118.66,44,118.67,13:03:45.439224792
24,118.66,42,118.67,13:03:45.439373931
25,118.66,42,118.67,13:03:45.571110082
23,118.66,42,118.67,13:03:45.621913760
22,118.66,42,118.67,13:03:45.622058103
22,118.66,43,118.67,13:03:45.623908588
22,118.66,44,118.67,13:03:45.778986897
17,118.66,44,118.67,13:03:45.779099320
16,118.66,44,118.67,13:03:45.779163264
17,118.66,44,118.67,13:03:45.803126908
17,118.66,43,118.67,13:03:46.892170935
18,118.66,43,118.67,13:03:46.892320801
18,118.66,42,118.67,13:03:46.892399110
19,118.66,42,118.67,13:03:46.892480403
21,118.66,42,118.67,13:03:46.892559031
20,118.66,42,118.67,13:03:46.931805477
19,118.66,42,118.67,13:03:46.931865393
19,118.66,43,118.67,13:03:46.931937274
17,118.66,43,118.67,13:03:46.932832694
17,118.66,44,118.67,13:03:46.936016926
16,118.66,44,118.67,13:03:46.936090149
17,118.66,44,118.67,13:03:46.951685494
19,118.66,44,118.67,13:03:46.951858533
19,118.66,43,118.67,13:03:46.952005696
18,118.66,43,118.67,13:03:47.448639859
18,118.66,42,118.67,13:03:47.448639859
19,118.66,42,118.67,13:03:47.448875213
19,118.66,41,118.67,13:03:47.448963037
19,118.66,42,118.67,13:03:47.448963037
20,118.66,42,118.67,13:03:47.448963037
19,118.66,42,118.67,13:03:47.449039076
19,118.66,43,118.67,13:03:47.449227830
20,118.66,43,118.67,13:03:48.405823413
20,118.66,42,118.67,13:03:48.405889448
21,118.66,42,118.67,13:03:48.405967042
26,118.66,42,118.67,13:03:48.406943931
26,118.66,40,118.67,13:03:48.407873661
26,118.66,35,118.67,13:03:48.508140236
25,118.66,35,118.67,13:03:51.323201325
25,118.66,36,118.67,13:03:51.323435926
24,118.66,36,118.67,13:03:51.323516124
24,118.66,37,118.67,13:03:51.323617935
24,118.66,36,118.67,13:03:51.324809419
24,118.66,35,118.67,13:03:51.329293342
26,118.66,35,118.67,13:03:51.331812080
26,118.66,34,118.67,13:03:51.331882102
28,118.66,34,118.67,13:03:51.331981773
26,118.66,34,118.67,13:03:51.332142979
31,118.66,34,118.67,13:03:53.820099430
31,118.66,35,118.67,13:03:56.005397044
30,118.66,35,118.67,13:03:57.305803559
29,118.66,35,118.67,13:03:57.441665294
29,118.66,34,118.67,13:03:57.441665294
29,118.66,35,118.67,13:04:00.146209464
29,118.66,38,118.67,13:04:00.146397793
27,118.66,38,118.67,13:04:00.146898372
27,118.66,40,118.67,13:04:00.147136698
28,118.66,40,118.67,13:04:00.439727365
28,118.66,38,118.67,13:04:00.484019662
29,118.66,38,118.67,13:04:00.484187605
30,118.66,38,118.67,13:04:00.585125734
30,118.66,44,118.67,13:04:00.606508243
29,118.66,44,118.67,13:04:00.606657658
28,118.66,44,118.67,13:04:00.606876797
28,118.66,45,118.67,13:04:00.629612467
26,118.66,45,118.67,13:04:01.037785560
26,118.66,46,118.67,13:04:01.042842536
26,118.66,45,118.67,13:04:01.069835300
26,118.66,49,118.67,13:04:01.287227404
26,118.66,50,118.67,13:04:01.350009704
26,118.66,49,118.67,13:04:01.511232142
28,118.66,49,118.67,13:04:01.511335169
28,118.66,48,118.67,13:04:01.511426832
28,118.66,44,118.67,13:04:01.818837487
29,118.66,44,118.67,13:04:01.849771282
33,118.66,44,118.67,13:04:01.849961158
33,118.66,45,118.67,13:04:01.924348908
33,118.66,40,118.67,13:04:02.029221892
29,118.66,40,118.67,13:04:02.029417895
40,118.66,40,118.67,13:04:02.293661438
44,118.66,40,118.67,13:04:02.293852545
45,118.66,40,118.67,13:04:02.752930273
45,118.66,39,118.67,13:04:02.753103028
46,118.66,39,118.67,13:04:02.753173610
46,118.66,35,118.67,13:04:03.766539119
45,118.66,35,118.67,13:04:03.766633610
45,118.66,34,118.67,13:04:04.519212077
41,118.66,34,118.67,13:04:06.328187836
46,118.66,34,118.67,13:04:07.970772216
50,118.66,34,118.67,13:04:07.970991769
58,118.66,34,118.67,13:04:09.497519289
58,118.66,33,118.67,13:04:09.588084761
58,118.66,32,118.67,13:04:09.588172152
58,118.66,31,118.67,13:04:09.588194130
58,118.66,29,118.67,13:04:09.588194130
58,118.66,22,118.67,13:04:09.588194130
58,118.66,19,118.67,13:04:09.588194130
58,118.66,17,118.67,13:04:09.588476270
58,118.66,16,118.67,13:04:09.588476270
58,118.66,14,118.67,13:04:09.588640632
58,118.66,13,118.67,13:04:09.588655336
58,118.66,12,118.67,13:04:09.588655336
58,118.66,11,118.67,13:04:09.588669925
58,118.66,10,118.67,13:04:09.588686782
58,118.66,7,118.67,13:04:09.588686782
58,118.66,6,118.67,13:04:09.588705791
58,118.66,4,118.67,13:04:09.588705791
58,118.66,1,118.67,13:04:09.588793125
58,118.66,69,118.68,13:04:09.588809079
59,118.66,69,118.68,13:04:09.588825936
65,118.66,69,118.68,13:04:09.588937665
67,118.66,69,118.68,13:04:09.588979800
66,118.66,69,118.68,13:04:09.609883107
66,118.66,64,118.68,13:04:09.612223064
67,118.66,64,118.68,13:04:09.636736237
71,118.66,64,118.68,13:04:09.636909507
67,118.66,64,118.68,13:04:09.690803933
67,118.66,1,118.67,13:04:09.865130836
67,118.66,11,118.67,13:04:09.865534112
67,118.66,13,118.67,13:04:09.865534112
67,118.66,14,118.67,13:04:09.865552985
67,118.66,15,118.67,13:04:09.865552985
67,118.66,14,118.67,13:04:09.865950013
67,118.66,17,118.67,13:04:09.923588676
67,118.66,14,118.67,13:04:10.922737730
67,118.66,4,118.67,13:04:10.922806812
67,118.66,2,118.67,13:04:10.923014501
67,118.66,4,118.67,13:04:11.021674757
67,118.66,3,118.67,13:04:11.888605052
67,118.66,2,118.67,13:04:11.888700587
67,118.66,68,118.68,13:04:11.888725331
69,118.66,68,118.68,13:04:11.888878768
69,118.66,64,118.68,13:04:11.911437392
