price,volume,timestamp
118.67,1,13:00:01.502935829
118.67,1,13:00:01.503018971
118.67,1,13:00:01.548726568
118.68,2,13:00:12.241898944
118.68,1,13:00:12.242017667
118.68,1,13:00:12.242043641
118.68,2,13:00:12.242160191
118.68,1,13:00:12.242160191
118.68,2,13:00:12.242561187
118.69,1,13:00:12.442235489
118.68,1,13:00:14.030804327
118.68,5,13:00:20.101658357
118.68,1,13:00:20.101673675
118.68,3,13:00:20.101673675
118.68,1,13:00:20.101756500
118.68,1,13:00:20.101784205
118.68,2,13:00:20.101784205
118.68,8,13:00:20.101784205
118.68,1,13:00:29.290136218
118.68,1,13:00:39.396975463
118.68,6,13:00:39.397135559
118.68,4,13:00:39.397236243
118.68,1,13:00:39.397252688
118.68,1,13:00:39.397384300
118.68,2,13:00:39.397384300
118.68,1,13:00:39.407908649
118.68,1,13:00:44.889288951
118.68,2,13:00:44.889303632
118.68,1,13:00:46.404653914
118.68,1,13:00:46.529890931
118.68,8,13:00:51.000880585
118.68,5,13:00:51.001621471
118.68,1,13:00:51.001636383
118.68,1,13:00:51.002805252
118.68,4,13:01:04.738826397
118.68,1,13:01:04.738842448
118.68,1,13:01:04.861430209
118.67,1,13:01:08.503959139
118.69,1,13:01:11.957153576
118.69,1,13:01:11.957168209
118.69,7,13:01:11.957181700
118.69,2,13:01:11.957196110
118.69,1,13:01:11.957214257
118.69,8,13:01:11.969182328
118.69,1,13:01:11.969182328
118.69,2,13:01:11.969182328
118.7,1,13:01:11.986469865
118.7,2,13:01:11.986469865
118.7,17,13:01:11.986469865
118.7,4,13:01:11.986905610
118.7,1,13:01:22.874168060
118.7,1,13:01:22.874271791
118.7,1,13:01:22.874288886
118.7,2,13:01:22.874288886
118.71,1,13:01:27.442316544
118.7,1,13:01:27.927296427
118.7,2,13:01:29.046217943
118.7,1,13:01:40.443270740
118.7,3,13:01:40.443270740
118.7,1,13:01:40.443360363
118.7,3,13:01:40.443360363
118.7,1,13:01:46.860710789
118.7,1,13:01:47.437387299
118.7,1,13:01:47.440618691
118.69,1,13:01:47.452692433
118.69,14,13:01:47.452692433
118.68,2,13:01:47.452744622
118.68,7,13:01:47.452744622
118.68,1,13:01:47.452744622
118.68,4,13:01:47.452744622
118.68,2,13:01:47.456281927
118.68,1,13:01:47.456281927
118.68,5,13:01:47.456300664
118.67,12,13:01:47.469100738
118.67,11,13:01:47.469100738
118.67,7,13:01:47.469100738
118.67,16,13:01:47.469174140
118.67,4,13:01:47.469176550
118.67,6,13:01:47.501298335
118.66,3,13:01:47.501364610
118.66,7,13:01:47.501364610
118.66,1,13:01:47.501364610
118.66,6,13:01:47.501364610
118.66,2,13:01:47.501364610
118.68,1,13:01:47.526897498
118.69,1,13:01:47.535252813
118.65,5,13:01:47.540128448
118.66,2,13:01:47.546091318
118.66,4,13:01:47.546910498
118.66,6,13:01:47.557308427
118.65,6,13:01:47.566323063
118.66,1,13:01:47.569873183
118.65,6,13:01:47.570651653
118.65,2,13:01:47.572722032
118.65,2,13:01:47.573501315
118.66,17,13:01:47.593016699
118.66,1,13:01:47.593016699
118.66,3,13:01:47.593361650
118.65,3,13:01:47.606067205
118.65,1,13:01:47.606483909
118.65,7,13:01:47.606483909
118.65,6,13:01:47.608091968
118.66,3,13:01:47.656092060
118.66,1,13:01:47.656202184
118.66,2,13:01:47.656344460
118.66,13,13:01:47.656344460
118.66,5,13:01:47.656344460
118.66,1,13:01:47.656344460
118.66,7,13:01:47.656344460
118.65,3,13:01:47.697918258
118.67,1,13:01:47.768691351
118.67,1,13:01:47.959928361
118.67,7,13:01:47.959928361
118.67,2,13:01:47.960033736
118.67,5,13:01:47.960061784
118.67,2,13:01:47.982427351
118.66,1,13:01:48.298001097
118.66,6,13:01:48.298298793
118.66,2,13:01:48.298407935
118.66,2,13:01:48.328663670
118.67,2,13:01:48.421937270
118.67,1,13:01:48.421937270
118.67,4,13:01:48.421937270
118.67,7,13:01:48.422516610
118.67,4,13:01:48.440446268
118.67,1,13:01:48.456225463
118.67,2,13:01:48.489665500
118.67,1,13:01:48.489877916
118.67,1,13:01:48.489976585
118.67,1,13:01:48.490143222
118.66,1,13:01:49.392605729
118.66,7,13:01:49.392623054
118.66,5,13:01:49.392623054
118.66,2,13:01:49.435111034
118.66,4,13:01:49.435111034
118.66,1,13:01:51.004712030
118.66,1,13:01:52.443127877
118.66,1,13:01:52.443204088
118.67,1,13:01:52.484423552
118.65,1,13:01:55.001780972
118.65,1,13:01:55.002220210
118.65,2,13:01:57.737547048
118.65,7,13:01:57.737547048
118.65,5,13:02:03.170639387
118.65,1,13:02:03.171079015
118.65,1,13:02:03.192391179
118.65,1,13:02:05.061203159
118.65,1,13:02:08.573322263
118.65,1,13:02:08.573336822
118.65,1,13:02:08.573412835
118.65,1,13:02:08.573430701
118.65,1,13:02:08.621232583
118.66,1,13:02:10.954985702
118.66,5,13:02:10.954985702
118.66,7,13:02:10.955094444
118.66,6,13:02:10.955117145
118.66,1,13:02:10.955117145
118.66,2,13:02:10.955117145
118.65,1,13:02:10.999299986
118.65,1,13:02:10.999375700
118.65,2,13:02:10.999663387
118.66,1,13:02:13.201605694
118.66,1,13:02:13.201742881
118.66,2,13:02:13.201767713
118.66,4,13:02:13.201767713
118.66,3,13:02:13.201767713
118.66,5,13:02:13.201767713
118.66,1,13:02:13.201767713
118.66,1,13:02:13.201783162
118.65,1,13:02:16.040041908
118.65,1,13:02:16.040068167
118.65,5,13:02:16.040068167
118.65,2,13:02:16.040068167
118.66,1,13:02:22.074433019
118.66,1,13:02:23.250175276
118.66,1,13:02:23.305090444
118.66,1,13:02:24.090042043
118.66,1,13:02:24.925753253
118.66,2,13:02:26.253827626
118.66,1,13:02:26.253827626
118.66,1,13:02:26.256727765
118.66,1,13:02:26.256810629
118.66,1,13:02:26.524004062
118.66,1,13:02:26.524088260
118.66,1,13:02:30.000302490
118.66,2,13:02:30.000302490
118.66,1,13:02:30.000824435
118.66,1,13:02:35.795358635
118.66,1,13:02:35.795372747
118.66,5,13:02:35.795386690
118.66,1,13:02:35.795401150
118.66,2,13:02:35.795415207
118.66,1,13:02:35.795429137
118.66,1,13:02:35.795445530
118.66,1,13:02:35.795668267
118.66,1,13:02:35.795791876
118.66,1,13:02:35.806685408
118.67,1,13:02:37.669227406
118.67,3,13:02:37.669227406
118.67,2,13:02:37.669227406
118.67,2,13:02:37.669358109
118.67,1,13:02:37.669386158
118.67,1,13:02:37.670089844
118.67,2,13:02:37.670112916
118.67,1,13:02:37.673066011
118.67,2,13:02:37.673155573
118.67,1,13:02:37.688842870
118.66,1,13:02:38.831113140
118.66,1,13:02:38.831215463
118.66,1,13:02:38.831232490
118.66,5,13:02:38.942578150
118.65,1,13:02:55.233923024
118.65,5,13:02:55.233997830
118.65,44,13:02:55.234013442
118.65,5,13:02:55.234285974
118.65,1,13:02:55.234458934
118.65,1,13:02:55.234479695
118.65,2,13:02:55.234479695
118.65,1,13:02:55.234627372
118.65,1,13:02:55.254490176
118.65,2,13:02:55.254490176
118.65,1,13:02:59.930654791
118.65,1,13:02:59.931016346
118.65,1,13:02:59.931624976
118.66,1,13:03:12.442110762
118.66,1,13:03:23.656057788
118.66,2,13:03:23.656057788
118.66,3,13:03:23.656190590
118.66,1,13:03:23.656222379
118.66,2,13:03:23.656222379
118.66,5,13:03:23.656222379
118.66,2,13:03:23.690975268
118.66,1,13:03:23.691189930
118.66,2,13:03:23.691264748
118.66,1,13:03:23.712740458
118.66,1,13:03:23.712755779
118.66,1,13:03:23.953245931
118.66,1,13:03:23.953508001
118.67,1,13:03:27.442758375
118.66,3,13:03:31.629805978
118.66,2,13:03:31.630329545
118.67,1,13:03:42.442248025
118.67,1,13:03:47.448639859
118.67,1,13:03:57.441665294
118.67,1,13:04:09.588084761
118.67,1,13:04:09.588172152
118.67,1,13:04:09.588194130
118.67,2,13:04:09.588476270
118.67,1,13:04:09.588476270
118.67,2,13:04:09.588640632
118.67,1,13:04:09.588655336
118.67,1,13:04:09.588669925
118.67,3,13:04:09.588686782
118.67,1,13:04:09.588686782
118.67,1,13:04:09.588705791
118.67,2,13:04:09.588705791
118.67,3,13:04:09.588793125
118.67,1,13:04:09.588809079
118.67,1,13:04:11.888605052
118.67,1,13:04:11.888700587
118.67,2,13:04:11.888725331
118.68,1,13:04:12.442356437
118.67,1,13:04:22.366169800
118.67,1,13:04:27.441830334
118.67,1,13:04:36.749878642
118.67,1,13:04:36.760097291
118.67,1,13:04:36.778718404
118.67,1,13:04:36.779091869
118.67,2,13:04:38.612259818
118.67,1,13:04:42.442196573
118.67,1,13:04:46.283007429
118.67,1,13:04:57.442825255
118.67,1,13:05:04.636616363
118.67,1,13:05:04.636703555
118.67,1,13:05:04.637025879
118.67,1,13:05:04.637124420
118.67,1,13:05:04.637145108
118.67,2,13:05:04.686814945
118.67,1,13:05:04.698525756
118.67,1,13:05:04.698614082
118.68,1,13:05:12.442193237
118.68,1,13:05:13.897973598
118.68,1,13:05:13.898056340
118.68,2,13:05:13.898239792
118.68,1,13:05:13.898395757
118.68,5,13:05:13.898395757
118.68,2,13:05:13.898543117
118.68,2,13:05:13.898557467
118.68,3,13:05:13.898557467
118.68,4,13:05:13.898571786
118.68,2,13:05:13.898590484
118.68,2,13:05:13.898861748
118.68,1,13:05:13.899443056
118.68,2,13:05:13.899443056
118.68,2,13:05:13.899656928
118.68,2,13:05:13.899857542
118.68,2,13:05:13.899954920
118.68,3,13:05:13.899968882
118.68,1,13:05:13.900732424
118.68,2,13:05:13.911068949
118.68,1,13:05:13.911068949
118.68,2,13:05:13.911230907
118.68,1,13:05:13.911230907
118.68,3,13:05:13.911265406
118.68,2,13:05:13.911942375
118.68,4,13:05:13.911942375
118.68,1,13:05:13.912346826
118.68,1,13:05:13.916920282
118.68,1,13:05:13.917190986
118.68,1,13:05:13.920284619
118.68,1,13:05:13.920723590
118.68,1,13:05:13.921235038
118.68,5,13:05:13.925989610
118.68,1,13:05:13.929689966
118.68,4,13:05:14.135683203
118.68,1,13:05:14.135683203
118.68,2,13:05:14.135683203
118.68,1,13:05:14.135699869
118.68,3,13:05:14.135699869
118.68,2,13:05:14.136458358
118.68,1,13:05:14.136458358
118.68,1,13:05:15.121452527
118.68,1,13:05:15.157516077
118.68,1,13:05:15.157757405
118.68,1,13:05:15.157863277
118.68,2,13:05:15.157878992
118.68,3,13:05:18.241822040
118.68,1,13:05:18.241822040
118.68,1,13:05:18.241909016
118.68,1,13:05:18.241928533
118.68,2,13:05:18.241928533
118.67,1,13:05:25.263367452
118.67,1,13:05:25.274373195
118.67,1,13:05:25.274770791
118.68,1,13:05:42.442395623
118.67,1,13:05:51.503635271
118.67,1,13:05:51.503719818
118.67,2,13:05:51.503738634
118.67,1,13:05:51.504329187
118.67,1,13:06:00.755779950
118.67,2,13:06:06.775815636
118.67,1,13:06:08.318815372
118.67,3,13:06:08.318920329
118.67,1,13:06:12.442422952
118.67,1,13:06:18.408411607
118.67,1,13:06:21.478568228
118.67,1,13:06:21.478771994
118.67,1,13:06:21.624692806
118.67,2,13:06:24.260586180
118.67,3,13:06:24.260586180
118.67,1,13:06:24.260703351
118.67,1,13:06:24.260726535
118.67,5,13:06:24.260726535
118.67,1,13:06:24.271968515
118.67,1,13:06:24.277403852
118.67,1,13:06:26.153750697
118.67,5,13:06:26.153750697
118.67,2,13:06:26.153750697
118.67,2,13:06:26.153843398
118.67,1,13:06:26.153859504
118.67,5,13:06:26.153859504
118.68,1,13:06:42.441915678
118.68,1,13:06:57.442689785
118.68,2,13:06:57.638537948
118.68,2,13:06:57.638780031
118.68,1,13:06:57.638780031
118.68,1,13:07:00.018882978
118.68,5,13:07:00.018882978
118.68,1,13:07:00.018978092
118.68,1,13:07:00.029752615
118.68,1,13:07:00.030194477
118.68,2,13:07:04.315915913
118.68,1,13:07:04.315915913
118.68,4,13:07:04.315915913
118.68,1,13:07:04.316037903
118.68,4,13:07:04.316037903
118.68,3,13:07:04.319834560
118.68,3,13:07:04.320553523
118.68,1,13:07:04.339430102
118.68,1,13:07:04.359202674
118.68,1,13:07:04.484585462
118.68,1,13:07:07.714075662
118.68,1,13:07:07.714179535
118.68,1,13:07:07.725235675
118.67,5,13:07:12.457693307
118.68,1,13:07:16.437496816
118.68,1,13:07:16.437590611
118.68,1,13:07:16.437606259
118.68,1,13:07:16.441581649
118.68,1,13:07:22.792447795
118.68,1,13:07:22.792969814
118.69,1,13:07:27.254477265
118.69,1,13:07:27.254606315
118.69,1,13:07:27.254703317
118.69,3,13:07:27.254703317
118.7,1,13:07:27.440897354
118.7,1,13:07:33.526186515
118.7,1,13:07:33.526573001
118.7,3,13:07:33.526753699
118.7,2,13:07:33.526753699
118.7,2,13:07:33.526768860
118.7,1,13:07:33.526768860
118.7,3,13:07:33.526768860
118.7,1,13:07:33.567250170
118.7,1,13:07:33.567356173
118.7,3,13:07:33.820490582
118.7,3,13:07:33.820835017
118.7,2,13:07:34.260990694
118.7,1,13:07:34.261074409
118.7,2,13:07:34.261257897
118.7,1,13:07:34.261257897
118.7,1,13:07:35.116840780
118.71,1,13:07:42.442531735
118.7,1,13:07:52.833174119
118.7,1,13:07:52.833287914
118.7,1,13:07:52.833384807
118.7,1,13:07:52.833480980
118.7,1,13:07:52.833760211
118.7,4,13:07:52.833760211
118.7,1,13:07:52.833968263
118.7,1,13:07:52.834569451
118.7,1,13:07:52.998965725
118.71,2,13:08:04.294541510
118.71,1,13:08:04.294636349
118.71,2,13:08:04.294636349
118.71,1,13:08:04.294904893
118.71,1,13:08:04.295032918
118.71,1,13:08:04.397957975
118.71,4,13:08:04.464924725
118.71,1,13:08:08.712186118
118.71,1,13:08:08.713146370
118.71,1,13:08:09.108750647
118.71,1,13:08:12.442012240
118.7,1,13:08:19.205235950
118.7,1,13:08:19.205710525
118.7,1,13:08:19.205825062
118.7,3,13:08:24.411886259
118.7,3,13:08:24.412091641
118.7,3,13:08:30.472629707
118.7,1,13:08:30.472922146
118.7,1,13:08:30.472937787
118.7,1,13:08:30.473381864
118.7,1,13:08:34.626864544
118.7,1,13:08:37.081414851
118.7,1,13:08:37.081715491
118.71,2,13:08:53.725092136
118.71,1,13:08:53.725490378
118.71,2,13:08:53.725520008
118.71,10,13:08:53.725520008
118.71,1,13:08:53.725520008
118.71,3,13:08:53.725520008
118.71,1,13:08:53.726054064
118.71,1,13:08:53.727579414
118.71,4,13:08:53.728107534
118.71,1,13:08:53.728713365
118.71,1,13:08:53.729145752
118.71,1,13:08:54.711328558
118.71,1,13:08:56.420055333
118.72,1,13:08:57.441612536
118.71,1,13:09:02.019462456
118.71,1,13:09:02.019576525
118.71,1,13:09:02.019604500
118.71,2,13:09:02.019604500
118.71,1,13:09:04.248547514
118.71,1,13:09:04.248790020
118.71,1,13:09:04.249005408
118.71,1,13:09:05.759296711
118.71,1,13:09:08.745736039
118.71,1,13:09:08.746755331
118.71,1,13:09:11.229622448
118.71,1,13:09:17.396716594
118.71,4,13:09:17.396716594
118.71,2,13:09:17.396808940
118.71,1,13:09:17.396826127
118.71,2,13:09:17.409028940
118.71,1,13:09:17.409028940
118.71,3,13:09:17.512884944
118.71,1,13:09:17.513183078
118.71,1,13:09:17.573547807
118.71,1,13:09:17.662055651
118.71,5,13:09:20.209433594
118.71,1,13:09:20.209833699
118.71,1,13:09:20.210091081
118.71,2,13:09:20.211298965
118.71,1,13:09:20.220778039
118.71,2,13:09:20.220778039
118.71,2,13:09:20.220860016
118.71,4,13:09:20.232583218
118.71,1,13:09:20.232673531
118.71,1,13:09:20.244553410
118.71,1,13:09:20.260469225
118.71,2,13:09:20.269683817
118.71,6,13:09:24.540369306
118.71,1,13:09:24.551333602
118.71,1,13:09:24.603489726
118.7,1,13:09:33.028189823
118.7,1,13:09:33.028299625
118.7,1,13:09:33.028320130
118.7,1,13:09:46.220006864
118.7,1,13:09:47.580504937
118.7,1,13:09:47.580521276
118.7,1,13:09:47.580612102
118.7,1,13:09:47.596370397
118.7,2,13:09:47.596370397
118.7,1,13:09:51.058496295
118.7,1,13:09:51.631571902
118.7,1,13:09:53.224429586
118.7,1,13:09:56.213950049
118.69,1,13:10:01.046486859
118.69,4,13:10:01.046569547
118.69,1,13:10:01.046569547
118.69,5,13:10:01.046924982
118.69,1,13:10:01.046924982
118.69,1,13:10:01.047024670
118.69,1,13:10:01.047048510
118.69,2,13:10:01.058015929
118.69,1,13:10:01.058015929
118.69,1,13:10:01.058102444
118.69,1,13:10:01.058123938
118.69,1,13:10:01.058290965
118.69,1,13:10:01.063179042
118.69,1,13:10:01.077876559
118.69,6,13:10:01.163744407
118.69,6,13:10:01.175580273
118.69,1,13:10:01.186732578
118.69,5,13:10:01.186916136
118.69,1,13:10:03.262659032
118.69,1,13:10:03.262675176
118.69,5,13:10:03.262990668
118.69,1,13:10:03.262990668
118.69,4,13:10:03.262990668
118.69,2,13:10:03.273882521
118.69,1,13:10:03.273882521
118.69,2,13:10:03.273960678
118.69,6,13:10:12.019512354
118.69,1,13:10:12.019527336
118.69,1,13:10:12.019710565
118.69,1,13:10:12.019726418
118.69,1,13:10:12.019740033
118.69,1,13:10:12.019755035
118.69,1,13:10:12.019770737
118.69,5,13:10:12.019770737
118.69,2,13:10:12.019770737
118.69,1,13:10:12.019784938
118.69,1,13:10:12.020715386
118.69,1,13:10:12.020871975
118.69,1,13:10:12.030511510
118.69,1,13:10:12.030593565
118.69,1,13:10:12.030873907
118.69,1,13:10:12.113672239
118.69,1,13:10:13.651094730
118.69,2,13:10:13.651302387
118.69,1,13:10:13.752911969
118.69,1,13:10:13.790679332
118.69,1,13:10:15.019829018
118.69,1,13:10:15.019964650
118.69,1,13:10:15.019979022
118.69,1,13:10:15.019993000
118.69,1,13:10:15.020008266
118.69,1,13:10:15.020177988
118.69,1,13:10:15.020363006
118.68,1,13:10:21.960371050
118.68,6,13:10:21.960371050
118.68,1,13:10:21.960472611
118.68,1,13:10:21.960490589
118.68,4,13:10:21.960490589
118.68,6,13:10:21.971402325
118.68,1,13:10:21.972054961
118.68,1,13:10:21.976631252
118.68,1,13:10:21.976726058
118.68,2,13:10:21.976741748
118.68,1,13:10:21.982430569
118.68,6,13:10:24.874468514
118.68,1,13:10:24.874551166
118.68,6,13:10:24.902283025
118.68,3,13:10:24.913243363
118.68,1,13:10:24.913243363
118.68,6,13:10:24.927106850
118.68,3,13:10:24.939647641
118.68,3,13:10:24.939878752
118.69,1,13:10:42.442392441
118.69,1,13:10:57.441901787
118.69,1,13:11:12.442516199
118.69,1,13:11:27.442058599
118.68,1,13:11:39.389105548
118.69,1,13:11:42.442816369
118.69,1,13:11:48.623300819
118.69,2,13:11:50.727018654
118.68,1,13:11:55.271535818
118.69,1,13:11:57.442031710
118.69,1,13:12:12.441792257
118.68,2,13:12:24.000415066
118.68,2,13:12:24.000429808
118.68,1,13:12:24.000443504
118.68,1,13:12:24.000458365
118.68,2,13:12:24.000458365
118.68,1,13:12:24.000472637
118.68,1,13:12:24.000489815
118.68,2,13:12:24.000489815
118.68,4,13:12:24.000489815
118.68,1,13:12:24.000505174
118.68,2,13:12:24.000505174
118.68,2,13:12:24.000518999
118.68,5,13:12:24.000532903
118.68,3,13:12:24.000548117
118.68,1,13:12:24.000548117
118.68,1,13:12:24.000565368
118.68,4,13:12:24.001170836
118.68,3,13:12:24.001512436
118.68,2,13:12:24.001621178
118.68,3,13:12:24.001705707
118.68,1,13:12:24.001705707
118.68,1,13:12:24.044469784
118.68,1,13:12:24.050781784
118.68,2,13:12:24.070314975
118.68,1,13:12:24.078792635
118.68,1,13:12:24.078808354
118.68,1,13:12:24.096871260
118.68,1,13:12:25.016295239
118.68,1,13:12:25.016408332
118.68,1,13:12:25.016425058
118.68,1,13:12:36.443714006
118.68,2,13:12:36.443714006
118.68,1,13:12:36.444122272
118.68,1,13:12:36.444139167
118.68,1,13:12:46.044376850
118.68,1,13:12:46.044882747
118.68,1,13:12:46.044976216
118.69,1,13:12:57.442181394
118.69,4,13:13:11.113962166
118.69,4,13:13:11.114037852
118.69,1,13:13:11.114470816
118.69,1,13:13:11.114775036
118.69,5,13:13:11.114775036
118.69,1,13:13:11.115124596
118.69,23,13:13:11.115124596
118.69,1,13:13:11.115433237
118.69,1,13:13:11.115448261
118.69,1,13:13:11.129052850
118.69,1,13:13:11.162774779
118.69,1,13:13:12.442475998
118.69,1,13:13:27.442367470
118.69,1,13:13:42.442486513
118.68,1,13:13:45.768557450
118.68,2,13:13:45.768557450
118.68,1,13:13:45.768644809
118.68,1,13:13:45.768665731
118.68,3,13:13:45.769089283
118.68,1,13:13:45.769089283
118.68,1,13:13:45.769292536
118.68,1,13:13:45.769308302
118.68,1,13:13:45.769324920
118.68,2,13:13:45.769338588
118.68,3,13:13:45.769351955
118.68,1,13:13:45.769366374
118.68,1,13:13:45.769384841
118.68,2,13:13:45.769497075
118.68,1,13:13:45.770440617
118.68,1,13:13:45.770995895
118.68,1,13:13:45.866445548
118.68,1,13:13:47.975947617
118.68,1,13:13:47.976406681
118.68,2,13:13:47.976406681
118.68,1,13:13:47.976569489
118.68,2,13:13:47.976584430
118.68,1,13:13:47.976859233
118.67,1,13:13:54.513009470
118.68,1,13:13:56.942368365
118.68,1,13:14:12.443083658
118.67,1,13:14:25.650900014
118.67,2,13:14:25.651130328
118.67,1,13:14:25.651144331
118.67,1,13:14:25.651158325
118.67,1,13:14:25.651173282
118.67,8,13:14:25.651188671
118.67,1,13:14:25.651188671
118.67,3,13:14:25.651203512
118.67,1,13:14:25.651217896
118.67,2,13:14:25.651231595
118.67,4,13:14:25.651245464
118.67,2,13:14:25.651259346
118.67,5,13:14:25.651274613
118.67,1,13:14:25.651274613
118.67,1,13:14:25.651290622
118.67,1,13:14:25.651304629
118.67,1,13:14:25.651318117
118.67,1,13:14:25.651339567
118.67,1,13:14:25.652564577
118.67,9,13:14:25.652770439
118.67,5,13:14:25.697164869
118.67,1,13:14:25.849597730
118.68,1,13:14:42.442295392
118.67,3,13:14:46.719765780
118.67,2,13:14:46.719918976
118.67,1,13:14:46.719943345
118.67,2,13:14:46.719943345
118.67,4,13:14:46.719943345
118.67,3,13:14:46.719969725
118.67,1,13:14:46.719969725
118.67,10,13:14:46.719969725
118.67,2,13:14:46.730556972
118.67,15,13:14:46.730877075
118.67,2,13:14:46.730877075
118.67,1,13:14:46.738522269
118.67,3,13:14:46.769899101
118.67,1,13:14:46.770177519
118.67,2,13:14:46.770177519
118.67,1,13:14:46.770285414
118.67,1,13:14:46.781309765
118.67,3,13:14:48.962564917
118.67,4,13:14:48.962564917
118.67,2,13:14:48.962649963
118.67,3,13:14:48.962669780
118.67,1,13:14:48.973433463
118.68,1,13:15:12.442475161
118.67,5,13:15:13.239954870
118.67,2,13:15:13.240048229
118.67,4,13:15:13.240072325
118.67,1,13:15:13.240072325
118.67,3,13:15:13.251144929
118.67,1,13:15:13.335629746
118.67,1,13:15:27.442169167
118.67,1,13:15:38.835041522
118.67,5,13:15:38.835201704
118.67,1,13:15:38.835221176
118.67,1,13:15:38.835249487
118.67,1,13:15:38.838077546
118.67,1,13:15:38.853627599
118.67,1,13:15:38.853642664
118.67,1,13:15:40.487705305
118.67,1,13:15:40.838776995
118.68,1,13:15:42.441745123
118.67,1,13:15:42.473678387
118.67,1,13:15:49.168329144
118.67,1,13:15:49.168974685
118.67,1,13:15:49.169028611
118.67,1,13:15:49.170701257
118.67,1,13:15:52.830563643
118.67,1,13:15:52.830644881
118.67,3,13:15:52.830661135
118.67,1,13:15:52.830661135
118.67,1,13:15:54.204691547
118.67,2,13:15:54.204774068
118.67,1,13:15:54.215499479
118.67,1,13:15:54.570000954
118.67,2,13:16:06.500777097
118.67,2,13:16:06.500897171
118.67,1,13:16:06.500928679
118.67,1,13:16:06.505973664
118.67,1,13:16:06.524733862
118.67,1,13:16:12.442123601
118.66,4,13:16:27.328123520
118.66,1,13:16:27.328123520
118.66,3,13:16:27.328123520
118.66,1,13:16:27.328290189
118.66,3,13:16:27.328303907
118.66,1,13:16:27.328319066
118.66,1,13:16:27.328332848
118.66,2,13:16:27.328353674
118.66,1,13:16:27.339195231
118.66,2,13:16:27.339195231
118.66,1,13:16:27.443259691
118.66,4,13:16:35.620421918
118.66,1,13:16:35.620421918
118.66,1,13:16:35.620456346
118.66,2,13:16:35.631346017
118.66,1,13:16:35.631346017
118.66,1,13:16:42.314057617
118.66,11,13:16:42.314057617
118.66,2,13:16:42.314151069
118.66,1,13:16:42.314169588
118.66,1,13:16:42.325244813
118.66,1,13:16:42.339581622
118.66,3,13:16:42.353456643
118.66,5,13:16:42.353610041
118.66,3,13:16:42.371571907
118.66,4,13:17:00.030722962
118.66,3,13:17:00.030815770
118.66,1,13:17:00.030904752
118.66,2,13:17:00.030920970
118.66,8,13:17:01.202975199
118.66,2,13:17:01.203207304
118.66,1,13:17:01.203207304
118.66,1,13:17:01.288966622
118.66,2,13:17:01.289180123
118.67,1,13:17:04.600626851
118.66,1,13:17:07.034513145
118.66,1,13:17:19.243216602
118.66,2,13:17:19.281067923
118.66,1,13:17:19.281082259
118.66,1,13:17:19.281185040
118.66,2,13:17:19.281201731
118.66,1,13:17:19.281201731
118.66,1,13:17:19.339977019
118.66,1,13:17:40.272661251
118.66,1,13:17:40.272751065
118.66,1,13:17:40.272765682
118.66,1,13:17:40.405641352
118.66,3,13:17:44.935370560
118.66,1,13:17:44.935442122
118.66,1,13:17:44.935837903
118.66,2,13:17:44.935853925
118.66,3,13:17:44.935853925
118.67,1,13:17:50.592757967
118.66,4,13:18:07.949920872
118.66,1,13:18:07.949920872
118.66,1,13:18:12.234602154
118.66,2,13:18:12.234698544
118.66,1,13:18:12.234718583
118.66,2,13:18:12.234718583
118.66,1,13:18:12.235379959
118.67,1,13:18:36.592207577
118.67,1,13:18:59.592739643
118.66,2,13:19:02.978167233
118.66,1,13:19:08.804361669
118.66,1,13:19:14.631626062
118.66,1,13:19:14.631640027
118.66,1,13:19:20.458766443
118.67,1,13:19:22.592218400
118.67,1,13:19:44.325551978
118.66,1,13:20:01.057839262
118.66,2,13:20:01.057839262
118.66,3,13:20:01.057910043
118.66,2,13:20:01.058289710
118.66,7,13:20:01.058312846
118.66,1,13:20:01.058312846
118.66,3,13:20:01.058312846
118.66,2,13:20:01.058541460
118.66,1,13:20:01.058668615
118.66,1,13:20:01.099044952
118.67,1,13:20:04.592264350
118.66,4,13:20:06.907167515
118.66,1,13:20:06.907167515
118.66,1,13:20:06.907258328
118.67,1,13:20:23.592451744
118.67,1,13:20:41.016209588
118.66,1,13:20:47.342926459
118.66,5,13:20:56.346743371
118.66,2,13:20:56.346743371
118.66,3,13:20:56.346914440
118.66,2,13:20:56.346928232
118.66,1,13:20:56.346944088
118.66,1,13:20:56.346958271
118.66,6,13:20:56.346958271
118.66,8,13:20:56.346973362
118.66,1,13:20:56.346973362
118.66,9,13:20:56.346973362
118.66,5,13:20:56.346988456
118.66,3,13:20:56.346988456
118.66,1,13:20:56.347012955
118.66,1,13:20:56.347466513
118.66,1,13:20:56.410975099
118.66,1,13:20:56.455285464
118.67,4,13:21:06.015400311
118.67,1,13:21:06.015415943
118.67,1,13:21:06.015429716
118.67,1,13:21:06.015450644
118.67,3,13:21:06.015450644
118.67,2,13:21:06.015468118
118.67,1,13:21:06.015468118
118.67,5,13:21:06.015468118
118.67,1,13:21:06.015908076
118.67,15,13:21:06.015908076
118.67,12,13:21:06.015923924
118.67,1,13:21:06.016371384
118.67,15,13:21:06.016839520
118.67,1,13:21:06.016839520
118.67,1,13:21:06.035193459
118.67,1,13:21:06.037990697
118.67,1,13:21:06.038006287
118.67,1,13:21:06.048435051
118.67,4,13:21:06.048532659
118.67,1,13:21:06.048532659
118.67,1,13:21:17.017140836
118.66,2,13:21:47.283185878
118.66,5,13:21:56.519476225
118.66,2,13:21:56.519563760
118.66,3,13:21:56.519578657
118.66,1,13:21:56.519578657
118.67,2,13:21:57.046455284
118.67,1,13:21:57.046638358
118.67,9,13:21:57.046653285
118.67,1,13:21:57.046653285
118.67,1,13:21:57.046668393
118.67,1,13:21:57.046683142
118.67,1,13:21:57.046698303
118.67,1,13:21:57.046715682
118.67,2,13:21:57.046732220
118.67,1,13:21:57.070488258
118.67,1,13:21:57.070694079
118.67,1,13:21:57.094593716
118.67,2,13:21:57.094593716
118.67,3,13:21:57.102260859
118.67,1,13:21:57.111574193
118.67,2,13:21:57.181335099
118.67,1,13:21:57.181335099
118.67,1,13:21:57.181456571
118.67,1,13:21:57.181480360
118.67,2,13:21:57.181480360
118.67,3,13:21:57.181480360
118.67,4,13:21:57.181480360
118.67,1,13:21:57.252700733
118.67,1,13:21:57.252793265
118.67,2,13:21:57.252810298
118.67,1,13:21:57.252810298
118.67,1,13:21:58.870634788
118.67,10,13:21:58.870728374
118.67,1,13:21:58.870750534
118.67,1,13:22:03.295203822
118.67,1,13:22:06.533124065
118.67,3,13:22:06.533124065
118.67,3,13:22:06.533465656
118.67,1,13:22:06.533465656
118.67,4,13:22:06.533465656
118.67,3,13:22:06.533906295
118.67,2,13:22:06.533906295
118.67,5,13:22:06.534437779
118.67,1,13:22:06.534846537
118.68,1,13:22:40.942177846
118.67,1,13:22:44.391297174
118.67,1,13:22:44.391516472
118.67,1,13:22:44.391532046
118.67,3,13:22:44.391532046
118.67,1,13:22:44.391549583
118.67,4,13:22:44.391567875
118.67,2,13:22:44.391567875
118.67,1,13:22:44.391583065
118.67,1,13:22:44.391596473
118.67,1,13:22:44.391612159
118.67,11,13:22:44.391612159
118.67,1,13:22:44.391626300
118.67,5,13:22:44.391643302
118.67,1,13:22:44.391643302
118.67,1,13:22:44.402566930
118.67,1,13:22:44.489055762
118.67,1,13:22:55.516558269
118.67,1,13:22:55.516763072
118.67,1,13:22:55.516776870
118.67,1,13:22:55.516790665
118.67,1,13:22:55.516804336
118.67,5,13:22:55.516818896
118.67,11,13:22:55.516818896
118.67,2,13:22:55.516832925
118.67,1,13:22:55.516848019
118.67,1,13:22:55.516863161
118.67,10,13:22:55.516863161
118.67,3,13:22:55.516878880
118.67,7,13:22:55.516893235
118.67,2,13:22:55.516907401
118.67,3,13:22:55.516921165
118.67,1,13:22:55.516935068
118.67,1,13:22:55.527809131
118.67,1,13:22:55.539771043
118.67,3,13:22:55.540107350
118.67,1,13:22:55.567221241
118.67,3,13:22:55.567315865
118.67,1,13:22:55.567334278
118.67,2,13:22:55.567334278
118.67,13,13:22:55.567334278
118.67,2,13:22:55.567937862
118.67,4,13:22:55.568177768
118.67,1,13:22:55.568565883
118.67,1,13:22:55.583970285
118.67,1,13:22:55.584210749
118.67,1,13:22:55.882126891
118.67,1,13:23:07.484503621
118.67,4,13:23:07.484503621
118.67,2,13:23:07.484648832
118.67,2,13:23:07.484663303
118.67,1,13:23:07.484663303
118.67,2,13:23:07.484679075
118.67,4,13:23:07.484679075
118.67,1,13:23:07.484679075
118.67,1,13:23:07.484695873
118.67,4,13:23:07.484695873
118.67,1,13:23:07.485080404
118.67,3,13:23:07.485080404
118.66,6,13:23:10.567521861
118.66,1,13:23:10.567521861
118.66,2,13:23:10.567521861
118.67,1,13:23:28.207539637
118.66,1,13:23:29.141776769
118.66,1,13:23:29.141970842
118.66,1,13:23:29.141985214
118.66,3,13:23:29.141999348
118.66,1,13:23:29.142012990
118.66,2,13:23:29.142026148
118.66,2,13:23:29.142040074
118.66,2,13:23:29.142055034
118.66,2,13:23:29.142068634
118.66,1,13:23:29.142084344
118.66,12,13:23:29.142084344
118.66,1,13:23:29.142097799
118.66,1,13:23:29.142115678
118.66,2,13:23:29.142128958
118.66,6,13:23:29.142142749
118.66,1,13:23:29.142159960
118.66,1,13:23:29.144380451
118.66,6,13:23:29.153380438
118.66,1,13:23:29.164354974
118.66,1,13:23:29.164436468
118.65,3,13:23:29.189964861
118.66,1,13:23:29.190944566
118.66,1,13:23:29.191035368
118.66,4,13:23:29.191276953
118.66,12,13:23:29.230822660
118.65,2,13:23:30.251813553
118.65,1,13:23:30.251813553
118.65,1,13:23:30.251996437
118.65,1,13:23:30.252010239
118.65,1,13:23:30.252025481
118.65,1,13:23:30.252041353
118.65,3,13:23:30.252055493
118.65,4,13:23:30.252069368
118.65,1,13:23:30.252084466
118.65,1,13:23:30.252098066
118.65,4,13:23:30.252112303
118.65,2,13:23:30.252126623
118.65,2,13:23:30.252253916
118.65,1,13:23:30.252961119
118.65,5,13:23:30.262658053
118.65,1,13:23:30.273716906
118.65,9,13:23:30.273716906
118.65,3,13:23:30.273716906
118.65,5,13:23:30.273798150
118.65,1,13:23:30.273813446
118.64,1,13:23:35.795800495
118.64,4,13:23:35.795800495
118.64,2,13:23:35.795800495
118.64,4,13:23:35.796365851
118.64,9,13:23:35.796379586
118.64,2,13:23:35.796509297
118.64,1,13:23:35.796539724
118.64,2,13:23:35.796539724
118.64,1,13:23:35.851076658
118.64,1,13:23:56.991340543
118.64,2,13:24:01.697486473
118.64,2,13:24:01.697502382
118.64,12,13:24:01.697732207
118.64,1,13:24:01.697921949
118.64,5,13:24:01.697921949
118.64,1,13:24:01.782265349
118.64,3,13:24:01.806382989
118.64,1,13:24:01.806382989
118.63,1,13:24:09.004375064
118.63,2,13:24:09.004390273
118.63,8,13:24:12.835544424
118.63,1,13:24:12.835544424
118.63,2,13:24:12.835544424
118.63,4,13:24:12.835766047
118.63,3,13:24:12.835918448
118.63,1,13:24:12.835932557
118.63,1,13:24:12.835948753
118.63,2,13:24:12.835948753
118.63,1,13:24:12.835966731
118.63,3,13:24:12.835966731
118.63,1,13:24:12.840238600
118.63,8,13:24:12.840712187
118.63,2,13:24:12.841175480
118.63,2,13:24:12.908821286
118.63,3,13:24:12.908946777
118.63,4,13:24:12.908974780
118.63,1,13:24:12.908974780
118.63,2,13:24:12.908974780
118.63,2,13:24:12.919616135
118.63,1,13:24:12.929941307
118.63,1,13:24:12.930156099
118.63,26,13:24:12.930156099
118.63,1,13:24:13.084252537
118.64,8,13:24:17.113461581
118.64,1,13:24:17.113477197
118.64,4,13:24:17.113477197
118.64,1,13:24:17.113491837
118.64,2,13:24:17.113491837
118.64,1,13:24:17.113510982
118.64,4,13:24:17.113510982
118.64,1,13:24:17.114301945
118.64,1,13:24:17.114758773
118.64,1,13:24:27.290274610
118.64,1,13:24:27.290381330
118.64,10,13:24:27.290381330
118.64,2,13:24:27.290381330
118.64,1,13:24:27.290701684
118.64,2,13:24:27.290801204
118.64,1,13:24:27.290816264
118.64,1,13:24:27.291156203
118.64,1,13:24:27.301418630
118.64,1,13:24:27.302273920
118.64,1,13:24:27.352461080
118.64,1,13:24:29.716773695
118.64,1,13:24:29.717159184
118.64,1,13:24:30.871237001
118.64,1,13:24:49.382740396
118.64,1,13:24:49.382883824
118.64,2,13:24:49.382909582
118.64,1,13:24:49.382909582
118.64,3,13:24:49.382909582
118.64,5,13:24:49.382935207
118.64,1,13:24:49.382935207
118.64,1,13:24:49.476638721
118.65,1,13:24:58.207924561
118.64,2,13:25:02.982020731
118.64,3,13:25:02.982020731
118.64,1,13:25:02.982110459
118.64,6,13:25:02.982132933
118.64,6,13:25:02.982559390
118.64,1,13:25:02.982559390
118.64,2,13:25:02.982559390
118.65,1,13:25:34.207754814
118.65,1,13:25:52.207779963
118.65,1,13:26:09.017438799
118.65,1,13:26:26.017656832
118.64,6,13:26:29.521000223
118.64,1,13:26:29.521000223
118.64,3,13:26:29.521090978
118.64,1,13:26:29.521110412
118.64,5,13:26:29.521110412
118.64,1,13:26:29.521226482
118.64,3,13:26:29.521365615
118.64,1,13:26:29.521365615
118.64,1,13:26:29.521380259
118.64,2,13:26:29.521380259
118.64,1,13:26:29.521395788
118.64,1,13:26:29.521410613
118.64,1,13:26:29.521425733
118.64,1,13:26:29.521502149
118.64,1,13:26:29.521615554
118.64,2,13:26:29.521629561
118.64,1,13:26:29.521645516
118.64,1,13:26:29.522601726
118.64,3,13:26:29.534740863
118.64,1,13:26:29.545737988
118.64,8,13:26:29.545905085
118.64,2,13:26:29.545920183
118.64,1,13:26:29.545920183
118.64,8,13:26:29.545920183
118.64,1,13:26:29.615997656
118.64,1,13:26:30.521930419
118.64,1,13:26:33.703259387
118.64,3,13:26:33.703259387
118.64,2,13:26:33.703386334
118.64,4,13:26:33.703405381
118.64,1,13:26:33.703405381
118.64,12,13:26:33.703405381
118.64,3,13:26:33.703405381
118.64,3,13:26:33.703424897
118.64,2,13:26:33.703669528
118.64,73,13:26:33.704026382
118.64,1,13:26:33.704157915
118.64,2,13:26:33.704502276
118.64,6,13:26:33.704793565
118.64,1,13:26:33.704793565
118.64,2,13:26:33.705255046
118.65,1,13:27:00.017416284
118.65,1,13:27:02.052630347
118.65,3,13:27:02.084575452
118.65,1,13:27:02.084575452
118.65,8,13:27:02.084827095
118.65,1,13:27:02.084827095
118.65,3,13:27:02.084911821
118.65,2,13:27:02.085444467
118.65,1,13:27:02.085444467
118.65,1,13:27:02.085792653
118.65,2,13:27:02.086351397
118.65,1,13:27:02.086810271
118.65,1,13:27:02.087313963
118.65,1,13:27:02.108498476
118.65,1,13:27:02.108579125
118.65,1,13:27:02.111964196
118.65,2,13:27:02.112293062
118.65,1,13:27:02.139603225
118.65,1,13:27:05.184899227
118.65,4,13:27:05.184997041
118.65,4,13:27:05.185015166
118.65,1,13:27:05.185464113
118.65,5,13:27:05.186132330
118.65,1,13:27:05.186132330
118.65,1,13:27:05.186994361
118.65,1,13:27:05.245457673
118.65,1,13:27:07.298562611
118.65,3,13:27:07.298562611
118.65,3,13:27:07.298712035
118.64,1,13:27:07.298743328
118.65,1,13:27:07.298743328
118.64,4,13:27:07.298743328
118.64,9,13:27:07.298743328
118.64,3,13:27:07.298743328
118.64,12,13:27:07.298743328
118.64,7,13:27:07.298743328
118.65,3,13:27:07.309478808
118.64,1,13:27:09.050021395
118.64,2,13:27:09.050021395
118.64,1,13:27:34.769622570
118.64,2,13:27:34.769716846
118.64,1,13:27:34.769716846
118.64,8,13:27:34.769731956
118.64,4,13:27:34.770022324
118.64,1,13:27:34.770144819
118.64,1,13:27:34.770163164
118.64,3,13:27:34.770895396
118.64,2,13:27:34.771007062
118.64,1,13:27:34.771132631
118.64,1,13:27:34.771158188
118.64,2,13:27:34.771158188
118.64,2,13:27:34.825475442
118.64,2,13:27:34.904534016
118.64,1,13:27:37.067781593
118.64,1,13:27:37.067994396
118.64,2,13:27:38.911987702
118.64,1,13:27:38.912003279
118.64,2,13:27:38.912003279
118.64,6,13:27:40.682487720
118.64,2,13:27:40.682573582
118.64,1,13:27:40.682600232
118.64,4,13:27:40.682600232
118.64,3,13:27:40.734928136
118.64,3,13:27:40.735147531
118.64,1,13:27:40.735147531
118.64,1,13:27:40.761932294
118.64,1,13:27:40.761948409
118.63,1,13:27:41.523537946
118.63,4,13:27:41.922853917
118.63,5,13:27:41.922869198
118.63,1,13:27:41.922869198
118.63,2,13:27:41.923215095
118.63,5,13:27:41.923517695
118.63,2,13:27:41.923517695
118.63,1,13:27:41.924318789
118.63,1,13:27:41.924334696
118.63,1,13:27:41.924349256
118.63,4,13:27:41.924349256
118.63,2,13:27:41.935330509
118.63,4,13:27:41.935330509
118.63,3,13:27:41.936120388
118.63,3,13:27:41.947814218
118.63,11,13:27:41.947814218
118.63,1,13:27:41.947911111
118.63,1,13:27:41.949148237
118.63,2,13:27:41.951532863
118.63,1,13:27:41.960347720
118.63,3,13:27:41.960347720
118.63,1,13:27:41.971130697
118.63,1,13:27:41.971229395
118.63,3,13:27:41.971229395
118.63,4,13:27:41.983728710
118.63,1,13:27:41.983728710
118.63,1,13:27:41.984661791
118.63,1,13:27:41.984797718
118.63,1,13:27:42.031098582
118.63,5,13:27:42.115085694
118.63,1,13:27:42.115101291
118.63,7,13:27:42.197387069
118.63,5,13:27:42.197387069
118.63,1,13:27:42.197387069
118.63,2,13:27:42.197517799
118.63,5,13:27:42.197532228
118.63,2,13:27:42.197532228
118.63,11,13:27:42.197550579
118.63,1,13:27:42.197550579
118.63,3,13:27:42.197550579
118.63,1,13:27:42.197568413
118.63,8,13:27:42.197568413
118.63,1,13:27:42.198900800
118.63,2,13:27:42.463360855
118.63,2,13:27:42.940987545
118.63,1,13:27:42.941003158
118.63,1,13:27:43.062215347
118.63,1,13:27:44.087954244
118.63,1,13:27:47.300431315
118.63,2,13:27:49.975534832
118.63,4,13:27:49.975534832
118.63,2,13:27:49.975675811
118.63,2,13:27:49.975719654
118.63,12,13:27:49.975719654
118.63,1,13:27:49.975719654
118.63,4,13:27:49.975719654
118.63,1,13:27:49.986595769
118.63,12,13:27:49.987507694
118.62,2,13:27:52.165821875
118.62,1,13:27:52.165821875
118.62,5,13:27:52.166004435
118.62,4,13:27:52.166022768
118.62,8,13:27:52.166022768
118.62,5,13:27:52.166022768
118.62,1,13:27:52.166022768
118.62,1,13:27:52.166048729
118.62,10,13:27:52.166048729
118.62,3,13:27:52.166048729
118.62,2,13:27:52.166048729
118.62,5,13:27:52.166048729
118.62,1,13:27:52.166065231
118.63,3,13:27:58.010287393
118.63,2,13:27:58.010287393
118.63,5,13:27:58.010394786
118.63,3,13:27:58.010469299
118.63,1,13:27:58.010910671
118.63,1,13:27:58.010936777
118.63,1,13:27:58.035849629
118.63,3,13:27:58.035849629
118.63,5,13:27:58.036689862
118.63,1,13:27:58.038800475
118.63,2,13:27:58.038893300
118.63,1,13:27:58.038910423
118.63,2,13:27:58.038984998
118.63,1,13:27:58.073164106
118.63,3,13:27:58.111243913
118.63,1,13:27:58.111258086
118.63,12,13:27:58.111341801
118.63,2,13:27:59.958406724
118.63,1,13:27:59.958406724
118.63,9,13:27:59.958661216
118.63,1,13:27:59.958661216
118.63,1,13:28:09.175353962
118.63,3,13:28:09.175353962
118.63,1,13:28:09.186263205
118.63,1,13:28:09.187755124
118.63,1,13:28:09.299849473
118.63,6,13:28:09.299849473
118.63,1,13:28:09.299935745
118.63,1,13:28:09.300807396
118.63,1,13:28:09.421014346
118.63,1,13:28:15.904479659
118.63,1,13:28:15.904563256
118.63,1,13:28:15.915394995
118.63,1,13:28:15.915722431
118.63,1,13:28:15.915740953
118.63,9,13:28:17.245596612
118.63,1,13:28:17.245612320
118.63,1,13:28:24.868704716
118.63,5,13:28:24.868704716
118.63,1,13:28:24.868878616
118.63,2,13:28:24.868892549
118.63,1,13:28:24.868908373
118.63,2,13:28:24.868922181
118.63,1,13:28:24.868937465
118.63,5,13:28:24.868937465
118.63,1,13:28:24.868952053
118.63,8,13:28:24.868975119
118.63,20,13:28:24.869639179
118.63,2,13:28:24.869863707
118.63,5,13:28:31.093565901
118.63,1,13:28:31.093565901
118.63,1,13:28:31.093779810
118.63,1,13:28:31.093793250
118.63,1,13:28:31.093807500
118.63,1,13:28:31.093821241
118.63,1,13:28:31.093835599
118.63,2,13:28:31.093850242
118.63,1,13:28:31.093863813
118.63,1,13:28:31.093883282
118.62,8,13:28:31.093911263
118.63,1,13:28:31.093911263
118.62,4,13:28:31.093932240
118.62,4,13:28:31.093959091
118.62,2,13:28:31.093980246
118.62,5,13:28:31.094005475
118.62,1,13:28:31.094028704
118.62,11,13:28:31.094056554
118.62,1,13:28:31.094105881
118.62,3,13:28:31.094126905
118.62,6,13:28:31.094145750
118.62,4,13:28:31.094166205
118.62,5,13:28:31.094184941
118.62,1,13:28:31.094208675
118.62,9,13:28:31.094224108
118.62,4,13:28:31.094253798
118.62,1,13:28:31.094272246
118.62,2,13:28:31.094292413
118.62,5,13:28:31.094306237
118.62,1,13:28:31.094327955
118.62,7,13:28:31.094357328
118.62,1,13:28:31.095131580
118.63,1,13:28:31.104514716
118.63,1,13:28:31.105608494
118.63,1,13:28:31.106003840
118.63,14,13:28:31.106003840
118.63,3,13:28:31.106003840
118.63,5,13:28:31.106003840
118.63,7,13:28:31.106019100
118.63,1,13:28:31.106937290
118.63,2,13:28:31.107142704
118.62,1,13:28:48.839653518
118.62,2,13:28:48.839653518
118.62,8,13:28:48.839889513
118.62,10,13:28:48.839912160
118.62,1,13:28:48.839912160
118.62,19,13:28:48.839912160
118.62,1,13:28:48.865889966
118.62,1,13:28:54.543404291
118.62,2,13:28:54.543750963
118.62,1,13:28:54.543784636
118.62,4,13:28:54.543784636
118.62,1,13:28:54.554990543
118.62,1,13:28:54.555488842
118.62,1,13:28:54.569353596
118.62,1,13:28:54.589166733
118.62,1,13:28:54.589368759
118.62,1,13:28:54.754726188
118.63,1,13:29:01.196753014
118.63,1,13:29:09.618215472
118.63,1,13:29:22.070587524
118.63,1,13:29:24.405788590
118.63,1,13:29:24.406236177
118.63,11,13:29:24.406236177
118.63,1,13:29:24.406254345
118.64,1,13:29:24.617567500
118.63,1,13:29:29.749416705
118.63,1,13:29:29.749569290
118.63,1,13:29:29.749588116
118.63,2,13:29:29.749588116
118.63,1,13:29:29.749608099
118.63,2,13:29:29.749608099
118.63,7,13:29:29.749608099
118.63,1,13:29:29.760404518
118.63,1,13:29:29.761489029
118.63,1,13:29:29.786319037
118.63,2,13:29:29.805998450
118.63,1,13:29:29.806587544
118.63,1,13:29:30.050304558
118.63,5,13:29:30.051121760
118.63,1,13:29:32.297519051
118.63,1,13:29:32.297610065
118.63,1,13:29:32.308413049
118.63,1,13:29:32.308691987
118.62,1,13:29:53.679523152
118.63,1,13:29:54.617401466
118.63,2,13:29:54.617574496
118.63,1,13:29:54.617589148
118.63,1,13:29:54.617604300
118.63,1,13:29:54.617620390
118.64,1,13:29:54.618569811
118.63,1,13:29:54.628638520
118.63,1,13:29:54.649307713
118.63,1,13:29:54.663904333
118.63,6,13:29:57.119660886
118.63,2,13:29:57.119660886
118.63,14,13:29:57.119744612
118.64,1,13:29:59.920176919
118.63,7,13:30:01.065063932
118.64,1,13:30:09.616861306
118.64,1,13:30:09.617132858
118.64,5,13:30:15.522837814
118.64,1,13:30:15.522837814
118.64,1,13:30:15.522933809
118.64,1,13:30:15.741195420
118.65,1,13:30:24.618474902
118.64,1,13:30:29.219995279
118.64,1,13:30:29.220120494
118.64,1,13:30:29.220143271
118.64,1,13:30:29.230904058
118.64,1,13:30:29.231915789
118.64,1,13:30:29.896488131
118.65,1,13:30:36.056150751
118.64,1,13:30:38.330926254
118.64,1,13:30:38.331240686
118.64,1,13:30:38.331368605
118.64,3,13:30:38.501683142
118.64,1,13:30:44.768427909
118.64,1,13:30:44.768624101
118.64,1,13:30:44.768792299
118.64,1,13:31:00.281427606
118.64,1,13:31:00.281520550
118.64,1,13:31:00.281539899
118.64,3,13:31:00.281539899
118.64,4,13:31:00.281803984
118.64,1,13:31:00.281803984
118.64,1,13:31:01.053138964
118.64,1,13:31:01.053304610
118.64,1,13:31:01.053399099
118.64,1,13:31:01.064042359
118.65,2,13:31:13.080107462
118.64,1,13:31:13.382332884
118.64,1,13:31:13.870184627
118.65,1,13:31:24.618380518
118.65,1,13:31:39.617939445
118.65,2,13:31:40.207964021
118.65,1,13:31:40.207964021
118.65,1,13:31:40.208062370
118.65,5,13:31:40.208078306
118.65,1,13:31:40.208078306
118.65,1,13:31:54.618383972
118.64,1,13:32:02.304373990
118.64,2,13:32:02.304838661
118.64,1,13:32:02.304838661
118.64,1,13:32:02.304853174
118.64,2,13:32:02.305027829
118.64,1,13:32:02.305047080
118.64,1,13:32:02.305062239
118.64,1,13:32:02.305077112
118.64,1,13:32:02.305094443
118.64,1,13:32:02.305888337
118.64,1,13:32:02.315227333
118.64,1,13:32:02.316284218
118.64,1,13:32:02.331732003
118.63,1,13:32:11.137865005
118.63,20,13:32:15.389565785
118.63,1,13:32:15.389750840
118.63,5,13:32:15.389765378
118.63,1,13:32:15.389765378
118.63,1,13:32:15.389780578
118.63,1,13:32:15.389794424
118.63,18,13:32:15.389794424
118.63,1,13:32:15.389810165
118.63,2,13:32:15.389810165
118.63,1,13:32:15.389825099
118.63,1,13:32:15.391924164
118.63,4,13:32:15.391924164
118.63,10,13:32:15.391924164
118.63,2,13:32:15.396395446
118.63,5,13:32:15.396395446
118.63,3,13:32:15.396809984
118.63,1,13:32:15.397000999
118.63,1,13:32:15.397126819
118.63,7,13:32:20.498584131
118.63,1,13:32:20.499004547
118.63,8,13:32:20.499004547
118.63,2,13:32:20.499225350
118.63,1,13:32:21.007443190
118.63,1,13:32:23.429907089
118.63,1,13:32:23.430182077
118.63,1,13:32:30.497973449
118.63,1,13:32:30.498003141
118.63,2,13:32:30.498003141
118.63,4,13:32:30.498003141
118.63,1,13:32:30.539054360
118.64,1,13:32:37.015752701
118.64,1,13:32:46.397182811
118.64,2,13:32:46.397265995
118.64,1,13:32:46.397265995
118.64,1,13:32:46.397535425
118.64,1,13:32:46.397662110
118.64,1,13:32:46.397690610
118.64,8,13:32:46.398082475
118.64,1,13:32:46.421382940
118.64,1,13:32:46.422483183
118.64,1,13:32:50.073403197
118.63,1,13:32:59.846098858
118.63,2,13:32:59.846219475
118.63,1,13:32:59.846245162
118.63,1,13:33:03.171388836
118.63,1,13:33:04.523688725
118.63,1,13:33:04.523779234
118.63,1,13:33:04.523797912
118.63,5,13:33:04.523797912
118.63,1,13:33:04.534818893
118.63,1,13:33:04.535687254
118.63,13,13:33:08.353915442
118.63,1,13:33:10.964087904
118.63,1,13:33:10.964248989
118.63,1,13:33:10.974982936
118.63,1,13:33:13.094226854
118.63,1,13:33:13.095138444
118.63,1,13:33:15.144575209
118.63,1,13:33:16.212148563
118.63,1,13:33:16.212249887
118.64,2,13:33:19.061571883
118.63,1,13:33:23.036021765
118.64,1,13:33:34.018985376
118.65,4,13:34:08.970327919
118.65,1,13:34:08.970327919
118.65,2,13:34:08.970427036
118.65,1,13:34:08.970450137
118.65,1,13:34:08.996094745
118.65,1,13:34:08.996207463
118.65,2,13:34:08.996654132
118.65,1,13:34:08.996750711
118.66,5,13:34:10.615131657
118.66,1,13:34:10.615131657
118.66,1,13:34:10.615145078
118.66,2,13:34:10.615162608
118.66,2,13:34:10.615193039
118.66,6,13:34:10.615193039
118.66,1,13:34:10.616188117
118.66,1,13:34:10.616538266
118.66,1,13:34:10.635539082
118.66,1,13:34:17.626100155
118.66,4,13:34:17.626100155
118.66,2,13:34:17.626631931
118.67,1,13:34:17.653429539
118.66,1,13:34:17.654351069
118.66,1,13:34:17.655091075
118.66,1,13:34:21.189602565
118.66,4,13:34:21.189926462
118.66,1,13:34:21.189926462
118.66,1,13:34:21.190031317
118.66,2,13:34:21.190053976
118.66,1,13:34:21.190053976
118.66,1,13:34:21.200845645
118.66,2,13:34:25.688804279
118.66,1,13:34:39.289496806
118.66,1,13:34:54.062925323
118.66,1,13:35:18.015273178
118.66,1,13:35:32.032073667
118.66,2,13:35:32.032073667
118.66,1,13:35:32.032294566
118.66,1,13:35:32.032309590
118.66,2,13:35:32.032309590
118.66,8,13:35:32.032323481
118.66,7,13:35:32.032338616
118.66,1,13:35:32.032338616
118.66,10,13:35:32.032352462
118.66,1,13:35:32.032368146
118.66,6,13:35:32.032368146
118.66,3,13:35:32.032383106
118.66,1,13:35:32.032383106
118.66,2,13:35:32.032396776
118.66,2,13:35:32.032411445
118.66,1,13:35:32.032425777
118.66,1,13:35:32.032440702
118.66,1,13:35:32.060666164
118.66,2,13:35:32.065233595
118.66,1,13:35:32.065319067
118.66,1,13:35:32.082624968
118.66,1,13:35:32.082869762
118.66,1,13:35:32.087204700
118.66,1,13:35:32.342970737
118.66,1,13:35:32.442254767
118.66,5,13:35:32.638882571
118.66,17,13:35:35.539108290
118.66,2,13:35:35.539108290
118.66,1,13:35:35.539199413
118.66,2,13:35:35.539530043
118.66,1,13:35:36.148492767
118.66,3,13:35:36.171132501
118.66,1,13:35:38.070085807
118.66,1,13:35:38.070161336
118.66,1,13:35:38.070285032
118.66,5,13:35:46.915196347
118.66,1,13:35:57.061424592
118.65,1,13:36:15.577825254
118.65,8,13:36:15.577825254
118.65,10,13:36:15.578255792
118.65,3,13:36:15.625659984
118.66,1,13:36:15.719549119
118.66,1,13:36:15.768081647
118.66,1,13:36:15.768099721
118.66,1,13:36:17.061309882
118.66,1,13:36:19.068031693
118.66,1,13:36:37.061560583
118.65,1,13:36:45.631278202
118.65,2,13:36:45.631370632
118.65,1,13:36:45.631390366
118.65,2,13:36:45.631390366
118.65,1,13:36:45.631527144
118.65,1,13:36:45.631687896
118.65,2,13:36:45.631687896
118.65,1,13:36:45.642550253
118.65,2,13:36:45.643811826
118.65,1,13:36:45.643811826
118.65,1,13:36:45.661554533
118.65,1,13:36:45.679383810
118.65,1,13:36:45.696526379
118.65,1,13:36:45.951100852
118.65,4,13:37:10.402017267
118.65,2,13:37:10.402017267
118.65,1,13:37:10.402194253
118.65,5,13:37:10.402208064
118.65,6,13:37:10.402224429
118.65,8,13:37:10.402224429
118.65,1,13:37:10.402224429
118.65,2,13:37:10.402224429
118.65,1,13:37:10.402239296
118.65,4,13:37:10.402256641
118.65,1,13:37:10.402256641
118.65,1,13:37:10.402272262
118.65,4,13:37:10.412941471
118.65,1,13:37:10.413815944
118.65,3,13:37:10.414124724
118.65,1,13:37:10.427752760
118.65,1,13:37:10.467890092
118.65,2,13:37:10.468769989
118.65,1,13:37:10.518808775
118.65,2,13:37:10.745831047
118.65,1,13:37:10.768526385
118.65,1,13:37:11.523475514
118.65,4,13:37:11.523475514
118.65,1,13:37:11.534594573
118.64,5,13:37:12.916321730
118.64,1,13:37:12.916321730
118.64,1,13:37:21.465668528
118.64,8,13:37:21.465668528
118.64,2,13:37:21.465811747
118.64,10,13:37:21.465843100
118.64,1,13:37:21.465843100
118.64,5,13:37:21.465843100
118.64,4,13:37:21.465843100
118.64,2,13:37:23.218065359
118.64,1,13:37:24.792270524
118.64,1,13:37:26.351684715
118.64,1,13:37:31.253279398
118.65,1,13:37:37.061823892
118.65,1,13:37:37.062153757
118.65,1,13:37:37.062266942
118.65,1,13:37:37.062293459
118.65,14,13:37:37.062293459
118.65,1,13:37:37.062810354
118.65,2,13:37:37.065401694
118.65,1,13:37:37.083610389
118.64,2,13:37:42.068807119
118.64,1,13:37:42.068807119
118.64,1,13:37:42.068962953
118.64,1,13:37:42.068978530
118.64,8,13:37:42.068978530
118.64,2,13:37:42.068978530
118.64,1,13:37:42.068992758
118.64,5,13:37:42.068992758
118.64,1,13:37:42.069007810
118.64,8,13:37:42.069022316
118.65,1,13:37:49.078498118
118.65,1,13:37:57.061679049
118.64,1,13:38:02.058517015
118.64,3,13:38:02.058517015
118.64,1,13:38:02.058724862
118.64,1,13:38:02.302669551
118.65,2,13:38:29.065385926
118.65,1,13:38:38.017139530
118.64,3,13:38:39.854940283
118.64,1,13:38:39.856179148
118.64,2,13:38:39.856179148
118.64,1,13:38:39.856192797
118.64,2,13:38:39.856192797
118.64,1,13:38:39.856208666
118.64,3,13:38:39.856208666
118.64,2,13:38:39.856226464
118.64,1,13:38:39.856226464
118.64,1,13:38:39.856366179
118.64,1,13:38:39.856380220
118.64,2,13:38:39.856396080
118.64,1,13:38:39.857564575
118.64,2,13:38:39.858241531
118.64,2,13:38:39.858842570
118.64,1,13:38:39.858842570
118.64,1,13:38:39.859318958
118.64,2,13:38:39.911138457
118.64,4,13:38:39.922026251
118.64,9,13:38:39.939048271
118.64,1,13:38:40.132441924
118.63,1,13:38:47.399374373
118.63,1,13:38:47.399460037
118.63,3,13:38:47.399478828
118.63,5,13:38:47.399478828
118.63,2,13:38:47.399478828
118.63,1,13:38:49.052017224
118.64,1,13:38:56.046513767
118.64,1,13:39:11.045158266
118.64,1,13:39:15.295761518
118.64,2,13:39:15.296264023
118.64,5,13:39:15.296264023
118.64,7,13:39:15.296264023
118.64,1,13:39:15.296918960
118.63,1,13:39:18.498467563
118.64,1,13:39:26.045791077
118.64,1,13:39:33.016376119
118.64,1,13:39:39.692767786
118.64,8,13:39:39.692767786
118.64,3,13:39:39.692921879
118.64,5,13:39:39.692939848
118.64,2,13:39:39.692939848
118.64,1,13:39:39.692939848
118.64,1,13:39:39.692959197
118.64,4,13:39:39.692959197
118.64,2,13:39:39.693391354
118.64,1,13:39:39.715855767
118.64,1,13:39:39.715871108
118.64,1,13:39:39.823068382
118.64,8,13:39:39.823152571
118.64,1,13:39:39.823167556
118.64,1,13:39:40.100718645
118.65,1,13:39:41.046399575
118.65,1,13:39:47.056222443
118.65,1,13:39:56.169021601
118.64,1,13:40:01.075810164
118.64,1,13:40:01.075825456
118.64,1,13:40:01.075898931
118.64,1,13:40:01.075918109
118.64,2,13:40:01.075918109
118.64,4,13:40:01.127827648
118.64,2,13:40:01.206438091
118.64,2,13:40:01.285253818
118.64,1,13:40:01.350582938
118.64,1,13:40:01.350664875
118.64,1,13:40:01.350680619
118.64,1,13:40:01.583642603
118.64,1,13:40:01.583838472
118.64,1,13:40:01.584096334
118.63,1,13:40:03.479804042
118.64,7,13:40:06.167836751
118.64,1,13:40:06.167836751
118.64,1,13:40:06.168122351
118.64,1,13:40:06.168238690
118.64,5,13:40:06.168238690
118.64,6,13:40:06.168446402
118.64,1,13:40:06.168557477
118.64,9,13:40:06.168934817
118.64,1,13:40:06.168934817
118.64,1,13:40:06.169183611
118.64,2,13:40:06.188822368
118.64,1,13:40:06.189763337
118.64,1,13:40:06.216016602
118.65,2,13:40:19.066330332
118.65,1,13:40:26.046520598
118.65,1,13:40:41.046296328
118.65,1,13:40:44.206458040
118.65,1,13:40:44.206656769
118.65,1,13:40:44.206671470
118.65,10,13:40:44.206685947
118.65,1,13:40:44.206685947
118.65,2,13:40:44.206701553
118.65,1,13:40:44.206701553
118.65,1,13:40:44.206719105
118.65,36,13:40:44.206719105
118.65,2,13:40:44.206719105
118.65,4,13:40:44.206719105
118.66,1,13:40:44.208358896
118.66,2,13:40:44.208358896
118.66,3,13:40:44.208358896
118.66,8,13:40:44.208358896
118.66,3,13:40:44.209134364
118.66,2,13:40:44.209134364
118.66,4,13:40:44.209299878
118.66,1,13:40:44.209299878
118.66,2,13:40:44.209315212
118.66,1,13:40:44.209315212
118.66,5,13:40:44.209572306
118.66,4,13:40:44.210000972
118.66,1,13:40:44.210000972
118.66,2,13:40:44.210014706
118.66,5,13:40:44.210954833
118.66,1,13:40:44.210954833
118.66,2,13:40:44.210954833
118.66,2,13:40:44.212797367
118.66,2,13:40:44.212847556
118.66,1,13:40:44.212863740
118.66,5,13:40:44.212971927
118.66,2,13:40:44.213698614
118.66,2,13:40:44.213858822
118.66,4,13:40:44.213889993
118.66,3,13:40:44.213906476
118.66,2,13:40:44.213924435
118.66,1,13:40:44.224840346
118.66,1,13:40:44.224914552
118.66,1,13:40:44.234867630
118.66,7,13:40:44.234867630
118.66,3,13:40:44.234867630
118.66,1,13:40:44.240465447
118.66,1,13:40:44.321227798
118.66,7,13:40:44.367799014
118.66,1,13:40:44.367799014
118.66,1,13:40:44.367913078
118.66,1,13:40:44.367975331
118.66,3,13:40:44.367975331
118.66,2,13:40:44.367975331
118.66,1,13:40:44.408105489
118.65,9,13:40:47.671523660
118.66,1,13:40:52.620515164
118.66,1,13:40:56.045762423
118.66,5,13:40:56.348008831
118.66,1,13:40:56.348008831
118.66,15,13:40:56.348098211
118.66,1,13:40:56.348114492
118.66,3,13:41:01.569422503
118.66,5,13:41:01.569741418
118.66,1,13:41:01.569848435
118.66,1,13:41:01.569869373
118.66,2,13:41:01.569869373
118.66,5,13:41:01.569869373
118.66,3,13:41:01.570697433
118.66,1,13:41:01.570968365
118.66,1,13:41:01.617947938
118.66,1,13:41:01.622620453
118.66,1,13:41:01.622945688
118.66,1,13:41:01.783045129
118.66,1,13:41:08.587216661
118.66,3,13:41:08.587279221
118.66,1,13:41:08.587421954
118.66,1,13:41:09.458501876
118.66,1,13:41:09.458759546
118.66,2,13:41:09.458845415
118.66,4,13:41:09.458863341
118.66,1,13:41:09.459179338
118.67,1,13:41:26.047004784
118.67,1,13:41:41.046075349
118.67,1,13:41:41.057555060
118.67,2,13:42:00.139867738
118.67,25,13:42:00.139867738
118.67,1,13:42:00.139967450
118.67,3,13:42:00.139993937
118.67,1,13:42:00.162967678
118.67,2,13:42:00.162967678
118.67,1,13:42:00.163075937
118.67,1,13:42:00.163094628
118.67,4,13:42:00.163094628
118.67,1,13:42:00.163902884
118.67,3,13:42:00.164403623
118.67,2,13:42:00.164500580
118.67,2,13:42:00.164529322
118.67,8,13:42:00.164529322
118.67,1,13:42:00.164529322
118.67,1,13:42:00.165063584
118.67,1,13:42:00.186712401
118.68,1,13:42:01.410133284
118.68,1,13:42:10.000736911
118.68,7,13:42:10.439794353
118.68,1,13:42:10.439895972
118.68,15,13:42:10.439925966
118.68,1,13:42:10.439925966
118.68,4,13:42:10.497156900
118.68,1,13:42:10.527584399
118.68,2,13:42:10.527601555
118.68,1,13:42:10.527601555
118.68,6,13:42:10.593633098
118.68,2,13:42:10.624787576
118.68,1,13:42:10.730082723
118.68,5,13:42:11.747756623
118.68,2,13:42:11.748098005
118.68,1,13:42:11.748113387
118.68,1,13:42:12.759014117
118.69,1,13:42:13.044560850
118.69,2,13:42:15.447922201
118.69,1,13:42:15.447922201
118.69,1,13:42:15.447993190
118.69,1,13:42:15.450111585
118.69,1,13:42:15.451814375
118.69,1,13:42:15.452183328
118.69,1,13:42:15.541689563
118.69,1,13:42:17.267770208
118.69,1,13:42:17.267937414
118.69,4,13:42:17.267937414
118.69,3,13:42:17.267937414
118.69,2,13:42:17.267937414
118.69,2,13:42:17.268233792
118.69,4,13:42:17.268481795
118.69,5,13:42:17.268524787
118.68,1,13:42:17.307371775
118.68,1,13:42:17.307462195
118.68,1,13:42:20.418921112
118.68,1,13:42:20.418941602
118.68,1,13:42:20.419522440
118.68,4,13:42:20.559940292
118.68,5,13:42:23.569676494
118.68,5,13:42:31.441418720
118.68,2,13:42:31.441541859
118.68,2,13:42:31.441572700
118.68,1,13:42:31.441572700
118.68,8,13:42:31.441572700
118.69,1,13:42:42.058849855
118.69,1,13:42:45.990320342
118.69,1,13:42:57.990456170
118.69,1,13:43:09.990807436
118.68,1,13:43:20.741790678
118.68,1,13:43:20.742096724
118.68,1,13:43:20.742184414
118.68,1,13:43:20.742323915
118.68,1,13:43:20.811912680
118.68,1,13:43:20.812070875
118.68,1,13:43:20.812413425
118.68,3,13:43:20.812413425
118.68,4,13:43:20.812413425
118.68,1,13:43:20.812534701
118.68,1,13:43:20.812556087
118.68,2,13:43:20.812556087
118.68,2,13:43:22.013362694
118.69,1,13:43:33.990593668
118.69,1,13:43:45.990788184
118.68,1,13:43:48.172812833
118.68,1,13:43:48.183842630
118.68,1,13:43:52.063368355
118.68,8,13:43:57.749505377
118.68,2,13:43:57.749505377
118.68,1,13:43:57.749505377
118.68,1,13:43:57.749703495
118.68,1,13:43:57.749717863
118.68,5,13:43:57.749733636
118.68,3,13:43:57.749747463
118.68,5,13:43:57.749762884
118.68,1,13:43:57.749762884
118.68,1,13:43:57.749776900
118.68,1,13:43:57.749791047
118.68,8,13:43:57.749806887
118.68,1,13:43:57.749806887
118.68,1,13:43:57.749820753
118.68,1,13:43:57.749839364
118.68,1,13:43:57.749853303
118.68,1,13:43:57.749871780
118.68,1,13:43:57.749886033
118.68,4,13:43:57.749900804
118.68,1,13:43:57.749914730
118.68,8,13:43:57.749933338
118.68,2,13:43:57.749946938
118.68,1,13:43:57.749960682
118.68,2,13:43:57.751273147
118.68,1,13:43:57.769585562
118.68,2,13:43:57.769585562
118.68,1,13:43:57.769665446
118.68,1,13:43:57.934115421
118.68,2,13:43:57.934115421
118.68,1,13:43:57.934214414
118.68,3,13:43:57.934214414
118.68,1,13:43:57.934229921
118.69,1,13:43:57.990948234
118.68,1,13:43:58.031045487
118.68,1,13:43:58.031273666
118.68,1,13:43:58.056386814
118.68,3,13:43:58.056468705
118.68,1,13:44:03.749033560
118.68,1,13:44:03.749119270
118.68,1,13:44:05.030050000
118.68,1,13:44:05.030295106
118.69,1,13:44:10.437396313
118.68,1,13:44:10.478314875
118.68,1,13:44:10.478591077
118.68,1,13:44:10.479304805
118.68,1,13:44:10.479380200
118.67,1,13:44:11.510998337
118.68,1,13:44:17.074422253
118.69,1,13:44:21.990669169
118.68,5,13:44:22.031622321
118.68,1,13:44:22.032593718
118.68,1,13:44:22.032676758
118.69,1,13:44:24.441619229
118.69,1,13:44:24.441862166
118.69,3,13:44:24.445103494
118.69,2,13:44:24.445103494
118.69,1,13:44:24.445216748
118.69,5,13:44:24.445216748
118.7,1,13:44:33.990811428
118.69,1,13:44:40.087341077
118.69,1,13:44:40.087358894
118.69,2,13:44:40.087358894
118.69,1,13:44:41.846630987
118.69,1,13:44:41.977063816
118.69,1,13:44:42.317676633
118.69,1,13:44:42.317962409
118.69,1,13:44:42.318228354
118.69,1,13:44:42.341284203
118.7,1,13:44:57.990499777
118.69,4,13:45:01.080156284
118.69,1,13:45:01.080156284
118.69,1,13:45:03.149553174
118.69,1,13:45:04.185402707
118.69,1,13:45:04.187352495
118.69,1,13:45:04.268099330
118.69,1,13:45:12.324540169
118.7,1,13:45:21.991105745
118.69,1,13:45:22.592266476
118.69,2,13:45:22.592469032
118.69,1,13:45:22.592469032
118.69,1,13:45:22.649190735
118.69,1,13:45:22.694661279
118.69,1,13:45:25.067756124
118.68,1,13:45:30.289410725
118.68,2,13:45:30.289479701
118.69,1,13:45:33.991121655
118.68,1,13:45:40.669914548
118.68,1,13:45:40.670008606
118.68,1,13:45:40.670113585
118.68,1,13:45:40.670524902
118.68,2,13:45:40.670524902
118.68,7,13:45:40.670524902
118.68,1,13:45:40.670632999
118.68,1,13:45:40.670650086
118.68,10,13:45:41.805470559
118.68,3,13:45:41.805470559
118.68,1,13:45:41.805584303
118.68,1,13:45:41.805608112
118.68,2,13:45:41.805608112
118.68,7,13:45:41.805608112
118.68,1,13:45:41.849869011
118.68,2,13:45:41.849936742
118.68,1,13:45:46.435696418
118.68,1,13:45:46.474760955
118.68,1,13:45:46.491417810
118.68,1,13:45:46.500055058
118.68,1,13:45:47.014311573
118.68,4,13:45:49.723874808
118.68,1,13:45:54.802246942
118.68,1,13:45:54.802330001
118.68,1,13:45:55.056219374
118.68,2,13:45:55.989700885
118.68,1,13:45:55.990035675
118.68,3,13:45:55.990035675
118.68,1,13:46:00.729693796
118.68,1,13:46:13.061807528
118.68,1,13:46:13.175604180
118.68,1,13:46:15.172138842
118.68,1,13:46:15.194269149
118.68,1,13:46:15.275278453
118.68,1,13:46:23.066481714
118.68,7,13:46:52.361997965
118.68,6,13:46:52.362178899
118.68,3,13:46:52.362369367
118.68,5,13:46:52.362369367
118.68,20,13:46:52.362483382
118.68,1,13:46:52.362483382
118.68,2,13:46:52.362483382
118.68,8,13:46:52.362574156
118.68,2,13:46:52.362698835
118.68,1,13:46:52.362698835
118.68,1,13:46:52.375428176
118.68,2,13:46:52.375885549
118.68,3,13:46:52.375989799
118.68,1,13:46:52.376220330
118.68,1,13:46:52.388406526
118.68,1,13:46:59.428019945
118.68,1,13:47:11.600359713
118.68,1,13:47:11.607156028
118.68,1,13:47:11.607237970
118.68,1,13:47:11.607256776
118.68,1,13:47:11.607838107
118.68,1,13:47:11.651169322
118.68,2,13:47:11.651169322
118.69,1,13:47:13.418505205
118.69,1,13:47:20.465519602
118.69,1,13:47:23.026044441
118.69,1,13:47:27.418325898
118.69,1,13:47:41.418745670
118.69,2,13:47:44.053976444
118.69,1,13:47:55.418251566
118.68,1,13:47:56.493817307
118.68,1,13:47:56.494105931
118.68,1,13:47:56.494128388
118.68,4,13:47:56.494128388
118.68,3,13:47:56.494158149
118.68,4,13:47:56.494158149
118.68,2,13:47:56.494158149
118.68,1,13:47:56.494158149
118.68,1,13:47:56.494490513
118.68,3,13:47:56.494490513
118.68,2,13:47:56.494490513
118.68,15,13:47:56.540597726
118.68,1,13:47:56.670519872
118.68,1,13:47:57.686372285
118.68,1,13:47:57.686550419
118.68,4,13:47:57.686550419
118.68,1,13:47:57.727056980
118.68,1,13:48:03.192531444
118.68,1,13:48:07.684839949
118.68,1,13:48:07.684924086
118.68,1,13:48:07.695878249
118.68,1,13:48:07.696437855
118.68,1,13:48:23.418675675
118.68,5,13:48:28.828032976
118.68,2,13:48:28.828032976
118.68,4,13:48:28.828032976
118.68,1,13:48:28.828187420
118.68,9,13:48:28.828212220
118.68,1,13:48:28.828212220
118.68,2,13:48:28.828212220
118.68,4,13:48:28.828230674
118.68,1,13:48:28.828230674
118.68,16,13:48:28.833106534
118.68,1,13:48:28.849883249
118.68,1,13:48:28.936067521
118.68,1,13:48:32.752488723
118.68,1,13:48:32.850056801
118.68,1,13:48:33.067281958
118.68,1,13:48:33.067462754
118.69,1,13:48:36.066526736
118.69,1,13:48:37.418169005
118.68,1,13:48:44.592449710
118.68,1,13:48:44.592554643
118.68,1,13:48:44.592586042
118.68,2,13:48:44.592586042
118.68,1,13:48:44.603445626
118.67,1,13:48:59.056247059
118.67,2,13:49:00.194724116
118.67,1,13:49:00.194724116
118.67,1,13:49:00.194739947
118.67,8,13:49:00.194739947
118.67,2,13:49:00.194739947
118.67,1,13:49:00.194756730
118.67,2,13:49:00.205816976
118.67,3,13:49:00.205816976
118.67,1,13:49:00.206819840
118.67,2,13:49:00.217825785
118.67,1,13:49:00.217825785
118.67,5,13:49:00.217912606
118.67,1,13:49:00.217928302
118.67,2,13:49:00.294781297
118.68,1,13:49:09.977352847
118.68,1,13:49:19.418577547
118.68,1,13:49:24.412142248
118.68,1,13:49:33.418386047
118.68,1,13:49:45.325607390
118.68,1,13:49:47.417030674
118.68,1,13:49:47.444523082
118.67,7,13:50:01.085491538
118.68,1,13:50:01.417966497
118.68,1,13:50:15.418724086
118.68,1,13:50:18.057668726
118.68,1,13:50:29.418335038
118.68,1,13:50:43.418703069
118.68,1,13:50:43.445842952
118.67,1,13:50:48.896798073
118.67,4,13:50:48.896798073
118.67,3,13:50:48.897166847
118.67,1,13:50:48.897311228
118.67,3,13:50:48.897341563
118.67,1,13:50:48.897341563
118.67,1,13:50:48.897582828
118.67,5,13:50:48.897597090
118.67,1,13:50:48.897610837
118.67,1,13:50:48.897625269
118.67,1,13:50:48.897644664
118.67,1,13:50:48.897672111
118.67,1,13:50:48.907788168
118.67,1,13:50:48.908649010
118.67,2,13:50:54.853946410
118.67,1,13:50:54.853946410
118.67,1,13:50:54.854046397
118.67,2,13:50:54.854067542
118.67,43,13:50:54.854067542
118.67,1,13:50:54.854067542
118.67,12,13:50:54.854354535
118.67,2,13:50:54.854492786
118.67,1,13:50:54.854492786
118.67,1,13:50:54.876869611
118.67,1,13:50:54.885262803
118.67,1,13:50:54.910604344
118.67,3,13:50:54.910689288
118.67,1,13:50:54.910707477
118.67,4,13:50:54.910925042
118.67,2,13:50:54.911030317
118.67,1,13:50:54.953498847
118.67,3,13:50:54.969329775
118.67,1,13:50:56.668454935
118.67,1,13:50:56.668632065
118.67,1,13:50:56.668663585
118.67,5,13:50:56.668663585
118.67,2,13:50:56.668663585
118.67,1,13:50:56.679227664
118.67,1,13:50:56.798564084
118.68,5,13:50:59.155161304
118.68,1,13:50:59.155201192
118.68,5,13:50:59.155201192
118.68,2,13:50:59.155201192
118.68,9,13:50:59.155201192
118.68,11,13:50:59.155201192
118.68,8,13:50:59.155201192
118.68,4,13:50:59.155201192
118.68,1,13:51:11.417861932
118.68,1,13:51:12.066052818
118.68,1,13:51:17.654807184
118.68,1,13:51:25.418986846
118.67,1,13:51:32.971662751
118.67,1,13:51:32.972053720
118.67,2,13:51:32.972182814
118.67,1,13:51:32.972182814
118.67,1,13:51:32.982672379
118.67,1,13:51:33.144691693
118.67,5,13:51:33.155498688
118.67,8,13:51:33.155901158
118.67,1,13:51:33.155921967
118.67,2,13:51:33.155921967
118.67,1,13:51:33.165095773
118.67,1,13:51:42.089633749
118.67,1,13:51:42.089717785
118.68,1,13:52:26.058899324
118.68,1,13:52:26.058958847
118.67,2,13:52:26.091568163
118.67,19,13:52:26.091584419
118.67,1,13:52:26.091584419
118.67,2,13:52:26.092114474
118.67,5,13:52:26.092131319
118.67,1,13:52:26.092131319
118.67,2,13:52:26.092131319
118.67,1,13:52:26.092152656
118.67,2,13:52:26.092152656
118.67,4,13:52:26.092152656
118.67,1,13:52:26.141182749
118.67,2,13:52:26.295684219
118.67,1,13:52:26.377098719
118.67,1,13:52:26.377175695
118.67,1,13:52:26.816641618
118.67,5,13:52:26.816641618
118.67,1,13:52:26.842037010
118.67,2,13:52:29.155354682
118.67,1,13:52:32.939524385
118.67,3,13:52:32.939605307
118.68,1,13:52:47.362716334
118.68,1,13:53:38.033010335
118.68,1,13:53:49.067928360
118.67,1,13:53:52.548867678
118.67,6,13:53:55.433963409
118.67,2,13:53:56.271851445
118.67,1,13:53:56.271851445
118.67,5,13:54:02.870197771
118.67,5,13:54:02.870347139
118.67,6,13:54:02.870378520
118.67,1,13:54:02.870378520
118.67,13,13:54:02.870378520
118.67,5,13:54:02.870378520
118.67,2,13:54:02.870378520
118.67,8,13:54:02.870378520
118.67,8,13:54:02.916314141
118.67,1,13:54:02.919030123
118.67,3,13:54:02.919256471
118.67,6,13:54:02.919352462
118.67,1,13:54:02.919368584
118.67,6,13:54:03.046596963
118.67,1,13:54:03.046669360
118.67,3,13:54:03.055551659
118.67,1,13:54:03.055891143
118.67,1,13:54:03.056016355
118.67,4,13:54:03.057680743
118.67,2,13:54:03.057680743
118.67,1,13:54:03.066639533
118.67,1,13:54:03.103663359
118.67,5,13:54:03.116032295
118.67,6,13:54:03.295854778
118.67,1,13:54:03.295854778
118.67,5,13:54:03.354935573
118.67,1,13:54:04.449077510
118.67,1,13:54:12.558358173
118.67,1,13:54:12.558374151
118.67,2,13:54:13.436280791
118.68,1,13:54:28.034934726
118.68,1,13:54:38.063107695
118.67,1,13:55:01.641591982
118.67,6,13:55:01.641591982
118.67,6,13:55:01.641661909
118.67,1,13:55:01.641930357
118.67,1,13:55:01.653012334
118.67,1,13:55:01.685794095
118.67,1,13:55:06.827189639
118.67,4,13:55:06.827189639
118.67,1,13:55:06.827364633
118.67,4,13:55:06.827379658
118.67,1,13:55:06.827379658
118.67,2,13:55:06.827393209
118.67,5,13:55:06.827409529
118.67,8,13:55:06.827409529
118.67,2,13:55:06.827409529
118.67,1,13:55:06.827423545
118.67,1,13:55:06.827441946
118.67,3,13:55:06.869418920
118.67,1,13:55:06.875401120
118.67,6,13:55:06.875401120
118.67,1,13:55:06.892382245
118.67,1,13:55:06.892684035
118.67,1,13:55:06.903499487
118.67,1,13:55:06.949742468
118.67,2,13:55:09.832876575
118.67,1,13:55:13.034860685
118.67,1,13:55:22.064615475
118.67,4,13:55:22.064961590
118.67,1,13:55:22.065065839
118.67,12,13:55:22.065088697
118.67,4,13:55:22.065088697
118.67,2,13:55:22.065280866
118.67,5,13:55:22.065385909
118.67,27,13:55:24.171325648
118.67,17,13:55:24.171325648
118.67,1,13:55:24.171325648
118.67,1,13:55:24.171399431
118.67,3,13:55:33.637392348
118.67,1,13:55:33.637407318
118.67,5,13:55:33.637498316
118.67,3,13:55:33.637517301
118.67,3,13:55:33.638209746
118.67,1,13:55:33.638496472
118.67,4,13:55:33.644047361
118.67,4,13:55:33.686501558
118.67,4,13:55:33.686515609
118.67,1,13:55:33.686599429
118.67,1,13:55:33.686615475
118.67,1,13:55:34.951058970
118.67,2,13:55:34.951058970
118.67,1,13:55:34.951141280
118.67,2,13:55:43.378422871
118.67,1,13:55:43.378742052
118.67,1,13:55:43.378759408
118.67,1,13:55:43.410406367
118.67,2,13:55:43.410680770
118.67,1,13:55:43.421499633
118.67,1,13:55:43.461717326
118.67,3,13:55:43.461914683
118.67,1,13:55:43.461993108
118.67,3,13:55:43.472723968
118.67,1,13:55:43.519151794
118.67,1,13:55:43.519370735
118.67,1,13:55:43.519454200
118.67,1,13:55:43.574438382
118.67,1,13:55:43.641613990
118.67,1,13:55:52.992675200
118.67,3,13:55:52.992675200
118.67,1,13:55:52.992737971
118.67,1,13:56:13.036978274
118.66,3,13:56:21.991979366
118.66,8,13:56:21.991979366
118.66,13,13:56:21.992140825
118.66,5,13:56:21.992173978
118.66,1,13:56:21.992173978
118.66,2,13:56:21.992173978
118.66,10,13:56:21.992173978
118.66,5,13:56:21.992645760
118.66,6,13:56:21.992645760
118.66,1,13:56:21.992645760
118.66,1,13:56:21.992660150
118.66,3,13:56:21.992660150
118.66,1,13:56:21.992676195
118.66,3,13:56:21.993288933
118.66,6,13:56:22.039180003
118.66,3,13:56:22.039180003
118.66,1,13:56:22.039263220
118.66,1,13:56:22.039681905
118.66,1,13:56:22.040067734
118.66,6,13:56:22.049973844
118.66,1,13:56:22.061375336
118.66,1,13:56:22.061394111
118.66,3,13:56:22.105620802
118.66,1,13:56:22.149682911
118.66,2,13:56:22.228317778
118.66,1,13:56:22.304445303
118.66,1,13:56:22.304522810
118.66,1,13:56:22.386473422
118.66,1,13:56:22.466914038
118.66,1,13:56:22.466989397
118.66,2,13:56:22.543704530
118.66,2,13:56:22.627710253
118.66,2,13:56:22.702105263
118.66,2,13:56:22.777029392
118.66,2,13:56:22.852164647
118.66,1,13:56:22.928105581
118.66,2,13:56:33.168313729
118.66,1,13:56:33.168899069
118.66,2,13:56:33.169335948
118.66,3,13:56:33.169335948
118.66,5,13:56:33.169502096
118.66,2,13:56:33.169522595
118.66,1,13:56:33.169538224
118.66,7,13:56:33.169557539
118.66,2,13:56:33.169557539
118.66,1,13:56:33.169755270
118.66,1,13:56:33.170042969
118.66,1,13:56:33.170227900
118.66,1,13:56:33.170243375
118.66,2,13:56:33.170393542
118.66,1,13:56:33.170824265
118.66,1,13:56:33.180269410
118.66,2,13:56:33.180269410
118.66,2,13:56:33.180355365
118.66,8,13:56:33.193084071
118.66,1,13:56:33.193471533
118.66,1,13:56:35.673422334
118.66,2,13:56:35.673422334
118.66,3,13:56:35.673422334
118.66,5,13:56:35.673529227
118.66,2,13:56:35.673545479
118.66,3,13:56:35.673545479
118.66,8,13:56:35.673545479
118.66,2,13:56:35.673735969
118.66,3,13:56:35.673735969
118.66,1,13:56:35.673750958
118.66,6,13:56:35.673750958
118.66,1,13:56:35.673783502
118.66,16,13:56:35.673783502
118.66,1,13:56:35.673867326
118.66,2,13:56:35.717918372
118.66,10,13:56:36.129984921
118.66,1,13:56:36.130535064
118.66,2,13:56:36.130535064
118.66,14,13:56:36.131395566
118.66,1,13:56:36.131803133
118.65,6,13:56:39.671086583
118.65,10,13:56:39.671102634
118.66,1,13:56:45.062892903
118.66,1,13:56:49.131161306
118.66,1,13:56:49.131332118
118.66,1,13:56:49.131345975
118.66,10,13:56:49.131363063
118.66,1,13:56:49.131363063
118.66,3,13:56:49.131363063
118.66,6,13:56:49.131377668
118.66,1,13:56:49.131377668
118.66,1,13:56:49.131391981
118.66,16,13:56:49.131391981
118.66,1,13:56:49.131408147
118.65,3,13:56:56.153918459
118.65,2,13:56:56.261547872
118.65,1,13:56:57.377762942
118.65,1,13:56:57.377834760
118.65,1,13:56:59.282269531
118.66,1,13:56:59.771006566
118.66,12,13:56:59.771366064
118.66,1,13:56:59.771608835
118.66,11,13:56:59.771748649
118.66,8,13:56:59.771809977
118.66,1,13:56:59.771809977
118.66,2,13:56:59.771809977
118.66,21,13:56:59.771932171
118.66,1,13:56:59.785526711
118.66,1,13:56:59.795279172
118.66,1,13:56:59.795619324
118.66,1,13:56:59.795911581
118.66,1,13:56:59.818405242
118.65,1,13:57:07.695568605
118.66,13,13:57:15.414854523
118.66,1,13:57:15.414854523
118.66,14,13:57:15.414996732
118.66,1,13:57:15.414996732
118.66,4,13:57:15.415018913
118.66,10,13:57:15.415018913
118.66,3,13:57:15.415018913
118.66,1,13:57:15.415018913
118.66,21,13:57:15.415039339
118.66,3,13:57:15.415039339
118.66,1,13:57:15.415814862
118.66,3,13:57:15.415830821
118.66,1,13:57:15.415849691
118.66,3,13:57:15.416594945
118.66,1,13:57:15.416678446
118.66,8,13:57:15.416697608
118.66,13,13:57:15.417022026
118.66,3,13:57:15.417022026
118.66,2,13:57:15.495030512
118.66,1,13:57:15.495030512
118.66,1,13:57:15.495119092
118.66,1,13:57:15.495220039
118.66,6,13:57:15.495357025
118.66,1,13:57:15.516462979
118.66,3,13:57:15.516462979
118.66,3,13:57:15.516557168
118.66,3,13:57:15.516575821
118.66,2,13:57:15.516575821
118.66,1,13:57:15.516575821
118.66,4,13:57:15.549504469
118.66,1,13:57:15.549504469
118.66,1,13:57:15.549746284
118.66,2,13:57:15.549848284
118.66,1,13:57:15.600673341
118.66,1,13:57:18.834229716
118.66,3,13:57:18.834229716
118.66,3,13:57:18.834361663
118.66,6,13:57:18.834361663
118.66,1,13:57:18.834380390
118.66,2,13:57:18.834879203
118.66,4,13:57:18.835851305
118.66,3,13:57:18.835851305
118.66,2,13:57:18.836266482
118.66,1,13:57:18.836429143
118.66,1,13:57:18.859249287
118.66,1,13:57:20.014705248
118.66,1,13:57:23.204317561
118.66,1,13:57:35.194607387
118.65,2,13:57:37.726743486
118.65,1,13:57:37.726912531
118.65,1,13:57:37.726927850
118.65,2,13:57:37.726927850
118.65,1,13:57:37.726942198
118.65,3,13:57:37.726958198
118.65,1,13:57:37.726958198
118.65,8,13:57:37.726958198
118.65,2,13:57:37.726972288
118.65,1,13:57:37.726987152
118.65,1,13:57:37.727001011
118.65,1,13:57:37.727014913
118.65,1,13:57:37.727029456
118.65,3,13:57:37.727093069
118.65,1,13:57:37.727110791
118.65,2,13:57:37.727126388
118.65,1,13:57:37.727126388
118.65,1,13:57:37.727141146
118.65,1,13:57:37.727164340
118.65,2,13:57:37.727192046
118.65,14,13:57:37.727821974
118.65,2,13:57:37.728261510
118.65,1,13:57:37.728281053
118.65,1,13:57:37.728414144
118.66,1,13:57:43.073940696
118.66,1,13:57:47.195331453
118.66,1,13:57:59.194680407
118.66,1,13:58:11.195239617
118.66,1,13:58:23.194761792
118.66,1,13:58:24.068079223
118.65,4,13:58:34.977607935
118.65,1,13:58:34.977939209
118.65,3,13:58:34.978115045
118.65,1,13:58:34.978128825
118.65,1,13:58:34.978143769
118.65,1,13:58:34.978157794
118.65,3,13:58:34.978171673
118.65,1,13:58:34.978186101
118.65,1,13:58:34.978201439
118.65,2,13:58:34.978201439
118.65,1,13:58:34.978414120
118.65,9,13:58:34.978442697
118.65,1,13:58:34.978460149
118.65,13,13:58:34.978475508
118.65,1,13:58:34.978496049
118.65,1,13:58:34.978510532
118.65,6,13:58:34.978528068
118.65,1,13:58:34.978543249
118.65,8,13:58:34.978563758
118.65,1,13:58:34.978581886
118.65,2,13:58:34.978607713
118.65,1,13:58:34.978624884
118.65,3,13:58:34.979391741
118.65,5,13:58:34.979409316
118.65,1,13:58:34.979436016
118.65,1,13:58:34.979824981
118.65,1,13:58:34.980250944
118.65,1,13:58:34.980284387
118.65,1,13:58:34.980297981
118.65,11,13:58:35.030959521
118.65,1,13:58:35.031511022
118.65,1,13:58:35.031621047
118.65,2,13:58:35.031650023
118.65,1,13:58:35.031650023
118.65,3,13:58:35.031650023
118.65,3,13:58:35.043697949
118.65,6,13:58:35.043790265
118.65,1,13:58:35.043811456
118.65,1,13:58:35.181387681
118.65,2,13:58:35.181461872
118.66,3,13:58:44.551490419
118.66,1,13:58:44.551528963
118.66,13,13:58:44.551528963
118.66,1,13:58:44.551912275
118.66,1,13:58:44.551937672
118.66,1,13:58:44.552311212
118.66,1,13:58:44.552329628
118.66,1,13:58:44.577217261
118.66,1,13:58:44.644876842
118.66,1,13:58:45.041083459
118.66,1,13:58:45.041174270
118.66,1,13:58:45.041192638
118.66,3,13:58:45.041584017
118.66,1,13:58:47.194768637
118.66,1,13:58:53.026644652
118.66,2,13:58:53.026644652
118.66,3,13:58:53.026770450
118.66,1,13:58:53.026770450
118.66,1,13:58:53.026802290
118.66,13,13:58:53.026802290
118.66,2,13:58:53.026802290
118.66,3,13:58:53.027489262
118.66,1,13:58:53.071103459
118.67,1,13:58:59.195127377
118.67,1,13:59:11.195896334
118.67,1,13:59:23.195177199
118.67,1,13:59:28.074442598
118.67,1,13:59:35.195818116
118.67,1,13:59:45.542924635
118.67,2,13:59:45.542924635
118.67,2,13:59:45.542994791
118.67,1,13:59:46.016175130
118.66,1,13:59:46.825857601
118.66,10,13:59:46.825963854
118.66,5,13:59:46.825985912
118.66,3,13:59:46.825985912
118.66,1,13:59:46.825985912
118.66,1,13:59:46.829886952
118.66,1,13:59:46.829899429
118.66,4,13:59:46.830008370
118.66,1,13:59:46.830029484
118.66,3,13:59:46.830029484
118.66,5,13:59:46.830433170
118.66,1,13:59:46.830433170
118.66,2,13:59:46.830746404
118.66,1,13:59:46.887119282
118.66,2,13:59:46.887119282
118.66,1,13:59:48.535346431
118.66,1,13:59:48.606376297
118.66,1,13:59:48.606391875
118.66,1,13:59:48.620302391
118.66,1,13:59:48.729761782
118.66,1,13:59:50.660601575
118.66,5,13:59:50.660694372
118.66,3,13:59:50.660715246
118.66,1,13:59:50.660715246
118.66,1,13:59:53.857768389
118.66,1,13:59:53.857865992
118.66,1,13:59:53.857882504
118.66,1,13:59:57.016601502
118.66,1,13:59:58.792796735
118.66,1,13:59:58.815414084
