price,volume,timestamp
107.625,25,13:20:00.195663846
107.625,2,13:20:00.203550312
107.625,25,13:20:00.419675517
107.625,3,13:20:00.426638956
107.625,25,13:20:00.774934749
107.625,25,13:20:00.797887305
107.625,25,13:20:00.818876505
107.625,19,13:20:00.840867956
107.625,25,13:20:00.861928287
107.625,25,13:20:00.882897315
107.625,21,13:20:00.903878598
107.625,24,13:20:00.924944754
107.625,25,13:20:00.945956796
107.625,23,13:20:00.967966660
107.625,24,13:20:00.990940400
107.625,25,13:20:01.014983396
107.625,19,13:20:01.015247593
107.625,25,13:20:01.036995929
107.625,8,13:20:01.057964617
107.6406,2,13:20:13.041895187
107.625,5,13:20:26.667541267
107.6406,1,13:20:36.615059797
107.6406,1,13:20:44.625237578
107.625,146,13:20:50.076815830
107.625,5,13:20:54.989671262
107.6406,2,13:21:00.239461329
107.625,69,13:21:18.436626650
107.6406,1,13:21:23.813568116
107.625,8,13:21:25.156572959
107.625,6,13:21:25.999278565
107.625,2,13:21:26.231592128
107.625,7,13:21:26.845620945
107.625,1,13:21:26.849500249
107.625,16,13:21:28.491811915
107.625,7,13:21:28.495599339
107.625,17,13:21:30.938012180
107.625,8,13:21:30.943864798
107.625,24,13:21:32.570420508
107.625,12,13:21:32.574049221
107.625,30,13:21:35.063748384
107.625,4,13:21:35.067792513
107.625,1,13:21:35.866394374
107.625,16,13:21:37.535447344
107.625,24,13:21:39.199081177
107.625,19,13:21:40.855348732
107.625,15,13:21:42.517942473
107.625,24,13:21:44.215970698
107.6406,1,13:21:44.697455123
107.625,68,13:21:45.747028476
107.625,13,13:21:45.902245955
107.6406,2,13:21:47.412768513
107.625,21,13:21:47.539658233
107.625,20,13:21:49.203225433
107.625,15,13:21:50.847548439
107.625,29,13:21:52.490644898
107.625,16,13:21:54.976330808
107.625,22,13:21:56.626680774
107.625,19,13:21:58.328759045
107.625,21,13:22:00.002755058
107.625,3,13:22:01.506194821
107.625,21,13:22:01.644982330
107.625,19,13:22:04.073136100
107.625,20,13:22:05.737056212
107.625,18,13:22:07.423863764
107.625,28,13:22:09.060348211
107.6406,2,13:22:11.037012959
107.625,18,13:22:11.491072860
107.625,30,13:22:13.115638348
107.625,27,13:22:15.636835768
107.625,13,13:22:17.242728837
107.625,14,13:22:18.048748931
107.625,14,13:22:18.854811433
107.625,9,13:22:19.660582408
107.625,12,13:22:20.465845605
107.625,9,13:22:21.307981680
107.625,36,13:22:21.578746444
107.625,5,13:22:34.568223072
107.6406,1,13:22:34.610222662
107.6406,86,13:22:37.207545733
107.6406,2,13:22:37.213257257
107.6406,4,13:22:37.213390070
107.6406,1,13:22:37.213390070
107.6406,1,13:22:37.213502669
107.6406,2,13:22:37.213502669
107.6406,1,13:22:37.213531233
107.6406,1528,13:22:37.214691426
107.6406,3,13:22:37.220778027
107.6406,1,13:22:37.225632202
107.6406,1,13:22:37.226248083
107.6406,1,13:22:37.226708044
107.6406,1,13:22:37.226775965
107.6406,1,13:22:37.226847180
107.6406,1,13:22:37.227089274
107.6406,1,13:22:37.228356989
107.6406,1,13:22:37.228450722
107.6406,3,13:22:37.229425583
107.6406,1,13:22:37.229757973
107.6406,2,13:22:37.229806093
107.6406,30,13:22:37.230247047
107.6406,3,13:22:37.230684754
107.6406,43,13:22:37.230707087
107.6406,1,13:22:37.230798523
107.6406,43,13:22:37.231546906
107.6406,49,13:22:37.231611711
107.6406,49,13:22:37.231680486
107.6406,49,13:22:37.231702772
107.6406,49,13:22:37.231724021
107.6406,42,13:22:37.231748574
107.6406,42,13:22:37.231775430
107.6406,2,13:22:37.231928956
107.6406,49,13:22:37.231955721
107.6406,4,13:22:37.232502094
107.6406,2,13:22:37.232588799
107.6406,49,13:22:37.232735278
107.6406,3,13:22:37.233242182
107.6406,1,13:22:37.237899386
107.6406,29,13:22:37.238106937
107.6406,33,13:22:37.238231717
107.6406,1,13:22:37.238391877
107.6406,43,13:22:37.238726645
107.6406,8,13:22:37.238759442
107.6406,1,13:22:37.238832986
107.6406,1,13:22:37.238904104
107.6406,5,13:22:37.238904104
107.6406,15,13:22:37.238933228
107.6406,5,13:22:37.238972057
107.6406,21,13:22:37.238997121
107.6406,34,13:22:37.239019015
107.6406,4,13:22:37.239067196
107.6406,32,13:22:37.239106860
107.6406,30,13:22:37.239160369
107.6406,1,13:22:37.239225358
107.6406,19,13:22:37.239225358
107.6406,3,13:22:37.239261843
107.6406,27,13:22:37.239369598
107.6406,5,13:22:37.239369598
107.6406,2,13:22:37.239411628
107.6406,43,13:22:37.239483313
107.6406,1,13:22:37.239528760
107.6406,8,13:22:37.239634775
107.6406,3,13:22:37.239687381
107.6406,16,13:22:37.239731657
107.6406,18,13:22:37.239855173
107.6406,1,13:22:37.241458761
107.6406,46,13:22:37.244528708
107.6406,2,13:22:37.245560194
107.6406,1,13:22:37.245681060
107.6406,1,13:22:37.247695335
107.6406,1,13:22:37.247765768
107.6406,36,13:22:37.248869483
107.6406,41,13:22:37.248904623
107.6406,1,13:22:37.248932754
107.6406,51,13:22:37.249460628
107.6406,2,13:22:37.250733351
107.6406,2,13:22:37.266019103
107.6406,77,13:22:37.271743412
107.6406,2,13:22:37.317936170
107.6406,50,13:22:39.592095860
107.6406,1,13:22:40.779844873
107.6406,1,13:22:43.924515632
107.6406,300,13:22:47.931861851
107.6406,1,13:22:47.932485553
107.6406,1,13:22:47.932527282
107.6406,1,13:22:47.932636219
107.6406,1,13:22:47.933142596
107.6406,2,13:22:58.234753326
107.6406,350,13:23:13.987800485
107.6406,1,13:23:13.989363745
107.6406,1,13:23:13.989773800
107.6406,1,13:23:13.990484212
107.6406,10,13:23:13.990792974
107.6406,1,13:23:13.990928183
107.6406,43,13:23:20.718312403
107.6406,360,13:23:20.719077757
107.6406,1,13:23:20.724862174
107.6406,1,13:23:20.725464702
107.6406,1,13:23:20.725639911
107.6406,1,13:23:20.725957841
107.6406,24,13:23:20.727536747
107.6406,226,13:23:20.730136898
107.6406,619,13:23:20.731505972
107.6406,1,13:23:20.732409027
107.6406,1,13:23:20.733172402
107.6406,1,13:23:20.733457467
107.6406,1,13:23:20.733821769
107.6406,3,13:23:20.734235989
107.6406,10,13:23:20.734314643
107.6406,5,13:23:20.734542715
107.6406,1,13:23:20.734580136
107.6406,1,13:23:20.734612389
107.6406,4,13:23:20.734717358
107.6406,2,13:23:20.734765170
107.6406,15,13:23:20.734816195
107.6406,4,13:23:20.734867061
107.6406,7,13:23:20.735030555
107.6406,1,13:23:20.735240447
107.6406,11,13:23:20.735310678
107.6406,10,13:23:20.735349041
107.6406,1,13:23:20.736667225
107.6406,1,13:23:20.736689840
107.6406,1,13:23:20.736744942
107.6406,2,13:23:20.736770587
107.6406,1,13:23:20.737061322
107.6406,1,13:23:20.822402856
107.6406,1,13:23:36.838140063
107.6406,1,13:23:43.790690173
107.6406,1,13:23:57.072022404
107.6406,25,13:24:28.997638196
107.6406,1,13:24:46.574813027
107.625,2,13:24:52.375368136
107.625,1,13:25:00.010785821
107.625,1,13:25:15.010580529
107.625,1,13:25:30.010940624
107.6406,120,13:25:30.189658037
107.6406,3,13:25:30.191800993
107.6406,3,13:25:30.192141454
107.625,23,13:25:30.523876860
107.625,32,13:25:32.263422591
107.625,5,13:25:33.350187555
107.625,5,13:25:33.350452821
107.6406,1,13:25:34.552645131
107.6406,2,13:25:43.402064806
107.625,1,13:25:45.010525293
107.6406,1,13:25:46.656358919
107.625,1,13:25:54.806804530
107.625,23,13:25:55.585429364
107.625,1,13:26:00.011186994
107.6406,2,13:26:07.026559182
107.6406,4,13:26:08.810574632
107.6406,42,13:26:08.811036078
107.6406,1,13:26:08.811102303
107.6406,1,13:26:08.811145120
107.6406,35,13:26:08.811472048
107.6406,4,13:26:08.811538056
107.6406,7,13:26:08.811588435
107.6406,2,13:26:08.811639424
107.6406,2,13:26:08.811692462
107.6406,2,13:26:08.811736313
107.6406,27,13:26:08.811905244
107.6406,9,13:26:08.811960064
107.6406,11,13:26:08.812007643
107.6406,11,13:26:08.812071529
107.6406,1,13:26:08.812075180
107.6406,5,13:26:08.812219116
107.6406,4,13:26:08.812476622
107.6406,190,13:26:12.396332868
107.6406,20,13:26:12.397417875
107.6406,5,13:26:12.397464209
107.6406,10,13:26:12.397526582
107.6406,3,13:26:12.397614327
107.6406,1,13:26:12.397645762
107.6406,2,13:26:12.397673404
107.6406,4,13:26:12.397744748
107.6406,1,13:26:12.397811778
107.6406,1,13:26:12.397847519
107.6406,1,13:26:12.397875206
107.6406,1,13:26:12.397911043
107.6406,1,13:26:12.397936007
107.6406,1,13:26:12.397962913
107.6406,1,13:26:12.397997369
107.6406,1,13:26:12.398060359
107.6406,1,13:26:12.398085143
107.6406,1,13:26:12.398121652
107.6406,1,13:26:12.398145567
107.6406,1,13:26:12.398208332
107.6406,1,13:26:12.398239902
107.6406,1,13:26:12.398300817
107.6406,1,13:26:12.398339737
107.6406,1,13:26:12.398364781
107.6406,1,13:26:12.398393767
107.6406,9,13:26:12.398541687
107.6406,20,13:26:12.398705978
107.6406,1,13:26:12.398727447
107.6406,1,13:26:12.398756904
107.6406,5,13:26:12.398812495
107.6406,1,13:26:12.398853639
107.6406,1,13:26:12.398920842
107.6406,3,13:26:12.398984483
107.6406,5,13:26:12.398984483
107.6406,25,13:26:12.399083673
107.6406,7,13:26:12.399110226
107.6406,68,13:26:12.399186612
107.6406,4,13:26:12.399224926
107.6406,10,13:26:12.399297807
107.6406,25,13:26:12.399297807
107.6406,1,13:26:12.399316409
107.6406,3,13:26:12.399331847
107.6406,9,13:26:12.399354925
107.6406,1,13:26:12.399376312
107.6406,1,13:26:12.399629830
107.6406,94,13:26:12.399663133
107.6406,1,13:26:12.399687729
107.6406,46,13:26:12.399832228
107.6406,8,13:26:12.399881339
107.6406,2,13:26:12.399950554
107.6406,42,13:26:12.400084405
107.6406,4,13:26:12.400114140
107.6406,30,13:26:12.400185144
107.6406,1,13:26:12.400219375
107.6406,2,13:26:12.400254460
107.6406,2,13:26:12.400294919
107.6406,3,13:26:12.400353374
107.6406,5,13:26:12.400416288
107.6406,2,13:26:12.400534168
107.6406,15,13:26:12.400601505
107.6406,1,13:26:12.400831160
107.6406,1,13:26:12.400943389
107.6406,419,13:26:12.400987422
107.6406,3,13:26:12.401017100
107.6406,1,13:26:12.401073606
107.6406,1,13:26:12.401604439
107.6406,1,13:26:12.401624677
107.6406,1,13:26:12.401653094
107.6406,1,13:26:12.401676633
107.6406,1,13:26:12.401702554
107.6406,1,13:26:12.401726532
107.6406,1,13:26:12.401754452
107.6406,1,13:26:12.401777362
107.6406,1,13:26:12.401805839
107.6406,1,13:26:12.401850796
107.6406,1,13:26:12.401871801
107.6406,1,13:26:12.401885633
107.6406,1,13:26:12.401914593
107.6406,1,13:26:12.401944443
107.6406,1,13:26:12.401962175
107.6406,1,13:26:12.401989728
107.6406,1,13:26:12.402018458
107.6406,1,13:26:12.402043319
107.6406,1,13:26:12.402066920
107.6406,1,13:26:12.402101963
107.6406,1,13:26:12.402122652
107.6406,1,13:26:12.402147680
107.6406,1,13:26:12.402208538
107.6406,1,13:26:12.402389696
107.6406,1,13:26:12.402414375
107.6406,2,13:26:12.402505671
107.6406,1,13:26:12.402543281
107.6406,2,13:26:12.402595519
107.6406,1,13:26:12.402729762
107.6406,1,13:26:12.402812259
107.6406,2,13:26:12.402881521
107.6406,1,13:26:12.402989524
107.6406,2,13:26:12.403088847
107.6406,4,13:26:12.403166513
107.6406,2,13:26:12.403482938
107.6406,2,13:26:12.404167615
107.6406,91,13:26:12.404769408
107.6406,2,13:26:12.404807384
107.6406,1,13:26:12.404826975
107.6406,19,13:26:12.405459340
107.6406,12,13:26:12.405484204
107.6406,7,13:26:12.405827725
107.625,398,13:26:12.413222555
107.6406,17,13:26:12.413817521
107.6406,1,13:26:12.422521750
107.6406,3,13:26:12.447834387
107.625,1,13:26:15.011747202
107.6406,1,13:26:28.888795268
107.6406,1,13:26:28.985451892
107.625,1,13:26:30.011679267
107.6406,1,13:26:30.600817666
107.6406,8,13:26:31.507768078
107.625,1,13:26:45.012479359
107.625,29,13:26:46.800470645
107.6406,2,13:26:47.771794021
107.6406,1,13:26:47.773763926
107.6406,1,13:26:49.338863990
107.6406,4,13:26:54.095041828
107.6406,2,13:26:54.224002575
107.625,1,13:27:00.011974713
107.625,3,13:27:09.092697404
107.6406,1,13:27:10.676983766
107.625,1,13:27:15.011726697
107.6406,1,13:27:17.798366583
107.625,23,13:27:18.401486529
107.625,1,13:27:30.012394712
107.6406,1,13:27:35.913362240
107.625,2,13:27:40.390046419
107.6406,2,13:27:41.422562801
107.625,24,13:27:43.464428314
107.6406,3,13:27:43.939716681
107.625,1,13:27:45.011282894
107.6406,1,13:27:53.177585297
107.625,1,13:28:00.011754887
107.6406,2,13:28:05.021864604
107.625,26,13:28:09.616943149
107.6406,2,13:28:13.395494448
107.625,1,13:28:15.012909579
107.625,100,13:28:25.070716833
107.625,1,13:28:30.011301419
107.6406,1,13:28:33.404303976
107.625,26,13:28:37.948440777
107.6406,1,13:28:42.601800264
107.625,1,13:28:45.011967243
107.6406,1,13:28:46.434903551
107.6406,10,13:28:48.014640533
107.625,1,13:29:00.011757611
107.6406,3,13:29:02.107708614
107.6406,11,13:29:04.168702348
107.625,25,13:29:06.284043777
107.625,4,13:29:13.283710820
107.625,1,13:29:15.013001284
107.6406,1,13:29:20.748997116
107.625,1,13:29:21.080076827
107.625,3,13:29:22.010476793
107.625,12,13:29:26.197440267
107.625,1,13:29:26.198374468
107.625,2,13:29:26.564129323
107.625,1,13:29:26.573919316
107.625,7,13:29:26.574197235
107.625,3,13:29:26.574441499
107.625,8,13:29:26.574466802
107.625,3,13:29:26.574538697
107.625,8,13:29:26.574674269
107.625,1,13:29:26.574728807
107.625,2,13:29:26.574760356
107.625,108,13:29:26.574991490
107.625,1,13:29:26.575024739
107.625,1,13:29:26.575080853
107.625,2,13:29:26.575130246
107.625,4,13:29:26.575228347
107.625,3,13:29:26.575295523
107.625,5,13:29:26.575385102
107.625,5,13:29:26.576067812
107.625,5,13:29:26.576211524
107.625,138,13:29:26.577062931
107.625,2,13:29:26.578191692
107.625,9,13:29:26.578354652
107.625,180,13:29:26.578734785
107.625,1,13:29:26.578804089
107.625,20,13:29:26.578816797
107.625,3,13:29:26.578914661
107.625,24,13:29:26.578914661
107.625,5,13:29:26.579052782
107.625,739,13:29:26.579395903
107.625,2,13:29:26.582281904
107.625,43,13:29:26.582935767
107.625,1,13:29:26.582959057
107.625,1,13:29:26.583014571
107.625,30,13:29:26.583055538
107.625,4,13:29:26.587159279
107.625,43,13:29:26.588108559
107.625,96,13:29:26.588313459
107.625,288,13:29:26.588434152
107.625,43,13:29:26.589030398
107.625,84,13:29:26.589066889
107.625,20,13:29:26.589204175
107.625,1,13:29:26.589223417
107.625,1,13:29:26.589266538
107.625,49,13:29:26.589327348
107.625,16,13:29:26.589534882
107.625,3,13:29:26.589561788
107.625,1,13:29:26.589648167
107.625,2,13:29:26.589741366
107.625,1,13:29:26.591582133
107.625,2,13:29:26.591605100
107.625,1,13:29:26.591674951
107.625,16,13:29:26.591711044
107.625,1,13:29:26.591775740
107.625,7,13:29:26.591800189
107.625,9,13:29:26.591838276
107.625,1,13:29:26.591863764
107.625,1,13:29:26.591950777
107.625,1,13:29:26.591971654
107.625,1,13:29:26.591989213
107.625,1,13:29:26.592005281
107.625,1,13:29:26.592024776
107.625,1,13:29:26.592064072
107.625,1,13:29:26.592091327
107.625,1,13:29:26.592108944
107.625,1,13:29:26.592167297
107.625,1,13:29:26.592187528
107.625,1,13:29:26.592204904
107.625,1,13:29:26.592223874
107.625,1,13:29:26.592242434
107.625,1,13:29:26.592265308
107.625,1,13:29:26.592299526
107.625,1,13:29:26.592314855
107.625,1,13:29:26.592332884
107.625,1,13:29:26.592379255
107.625,1,13:29:26.592410632
107.625,1,13:29:26.592431237
107.625,1,13:29:26.592450850
107.625,1,13:29:26.593344450
107.625,3,13:29:26.593488168
107.625,4,13:29:26.593510566
107.625,50,13:29:26.593590963
107.625,3,13:29:26.593765124
107.625,19,13:29:26.593792263
107.625,7,13:29:26.593809922
107.625,1,13:29:26.593903946
107.625,1,13:29:26.593924987
107.625,1,13:29:26.594021360
107.625,14,13:29:26.596336120
107.625,1,13:29:26.597546023
107.625,294,13:29:26.607572046
107.625,4,13:29:26.618819928
107.625,5,13:29:28.677455687
107.6094,1,13:29:30.011679049
107.6094,11,13:29:33.523246559
107.6094,1,13:29:45.012991033
107.6094,24,13:29:45.513219858
107.625,2,13:29:47.983659291
107.625,1,13:29:59.500096422
107.625,99,13:30:08.741515557
107.6094,1,13:30:13.028560354
107.625,6,13:30:18.898418862
107.625,4,13:30:22.233762591
107.6094,1,13:30:34.537313517
107.6094,1,13:30:42.440886469
107.6094,1,13:30:48.467939958
107.625,1,13:30:49.295366192
107.625,5,13:30:49.296982330
107.625,5,13:30:49.297853186
107.625,2,13:30:49.297917286
107.625,2,13:30:49.297938948
107.625,4,13:30:49.297977322
107.625,50,13:30:49.299301727
107.625,5,13:30:49.299324082
107.625,1,13:30:49.299377182
107.625,1,13:30:49.299397348
107.625,3,13:30:49.299577154
107.625,20,13:30:49.300337095
107.625,8,13:30:49.300514433
107.625,5,13:30:49.301921201
107.625,113,13:30:49.301950327
107.625,2,13:30:49.302004118
107.625,9,13:30:49.302035177
107.625,2,13:30:49.302082477
107.625,11,13:30:49.302123214
107.625,19,13:30:49.302151320
107.625,2,13:30:49.302774117
107.625,1,13:30:49.302826246
107.625,1,13:30:49.302883665
107.625,46,13:30:49.303123948
107.625,1,13:30:49.303147977
107.625,1,13:30:49.304338555
107.625,1,13:30:49.304459644
107.625,1,13:30:49.304528514
107.625,1,13:30:49.304613748
107.625,1,13:30:49.304667867
107.625,1,13:30:49.304783118
107.625,1,13:30:49.304961496
107.625,1,13:30:49.305113057
107.625,1,13:30:49.305199760
107.625,1,13:30:49.305217459
107.625,1,13:30:49.308541987
107.625,1,13:30:49.308986514
107.625,3,13:30:49.309072212
107.625,30,13:30:49.309092097
107.625,5,13:30:49.309338125
107.625,1,13:30:49.309939827
107.625,1,13:30:49.309961805
107.625,1,13:30:49.310113513
107.625,3,13:30:49.310455856
107.625,5,13:30:49.326420626
107.625,4,13:30:49.326470012
107.625,2,13:30:49.326636336
107.625,1,13:30:49.340781876
107.625,3,13:30:49.452112361
107.625,4,13:30:49.515757530
107.625,3,13:30:49.515834152
107.625,42,13:30:49.516065601
107.625,43,13:30:49.516115732
107.625,1,13:30:49.516148296
107.625,1,13:30:49.516280229
107.625,20,13:30:49.516331007
107.625,2,13:30:49.516371895
107.625,16,13:30:49.516412765
107.625,27,13:30:49.516544362
107.625,10,13:30:49.516580395
107.625,1,13:30:49.516611263
107.625,1,13:30:49.516678918
107.625,4,13:30:49.516721514
107.625,42,13:30:49.516862647
107.625,43,13:30:49.516896007
107.625,1,13:30:49.516981516
107.625,42,13:30:49.517006275
107.625,43,13:30:49.517034247
107.625,2,13:30:49.517074277
107.625,1,13:30:49.517102140
107.625,3,13:30:49.517172832
107.625,2,13:30:49.517211767
107.625,3,13:30:49.517270050
107.625,1,13:30:49.517340736
107.625,1,13:30:49.517366423
107.625,1,13:30:49.517403704
107.625,1,13:30:49.517438175
107.625,1,13:30:49.517485357
107.625,1,13:30:49.517524756
107.625,1,13:30:49.517561966
107.625,1,13:30:49.517606741
107.625,1,13:30:49.517661053
107.625,1,13:30:49.517736239
107.625,1,13:30:49.517786467
107.625,1,13:30:49.517834189
107.625,1,13:30:49.517859150
107.625,1,13:30:49.517917202
107.625,1,13:30:49.517950320
107.625,1,13:30:49.517969619
107.625,1,13:30:49.518016091
107.625,1,13:30:49.518051445
107.625,1,13:30:49.518099136
107.625,3,13:30:49.518147799
107.625,1,13:30:49.518202834
107.625,2,13:30:49.518252556
107.625,1,13:30:49.518405724
107.625,1,13:30:49.518435757
107.625,2,13:30:49.518479719
107.625,1,13:30:49.518520037
107.625,2,13:30:49.518592506
107.625,4,13:30:49.518649889
107.625,1,13:30:49.518733571
107.625,2,13:30:49.518774964
107.625,5,13:30:49.518872303
107.625,2,13:30:49.518933085
107.625,3,13:30:49.519015036
107.625,2,13:30:49.519287831
107.625,2,13:30:49.519508008
107.625,1,13:30:49.541321812
107.625,1,13:30:49.541540889
107.625,47,13:30:49.911223498
107.625,1,13:30:49.911950032
107.625,1,13:30:49.911980123
107.625,1,13:30:49.912018264
107.625,1,13:30:49.912052687
107.625,1,13:30:49.912083987
107.625,1,13:30:49.912119639
107.625,1,13:30:49.912154539
107.625,1,13:30:49.912181705
107.625,1,13:30:49.912213116
107.625,1,13:30:49.912236073
107.625,1,13:30:49.912269735
107.625,1,13:30:49.912303749
107.625,1,13:30:49.912337471
107.625,1,13:30:49.912362739
107.625,1,13:30:49.912413794
107.625,1,13:30:49.912439670
107.625,1,13:30:49.912479888
107.625,1,13:30:49.912509099
107.625,1,13:30:49.912537811
107.625,1,13:30:49.912576458
107.625,1,13:30:49.912630110
107.625,2,13:30:49.912719248
107.625,42,13:30:49.912772888
107.625,1,13:30:49.912945336
107.625,42,13:30:49.913264916
107.625,86,13:30:49.913373862
107.625,1,13:30:49.913410622
107.625,2,13:30:49.913446053
107.625,3,13:30:49.913563444
107.625,1,13:30:49.913598800
107.625,1,13:30:49.913638079
107.625,34,13:30:49.913684202
107.625,17,13:30:49.913775257
107.625,2,13:30:49.913835888
107.625,3,13:30:49.913867738
107.625,5,13:30:49.913896548
107.625,4,13:30:49.913928222
107.625,2,13:30:49.913964406
107.625,3,13:30:49.914013990
107.625,1,13:30:49.914041585
107.625,1,13:30:49.914080744
107.625,1,13:30:49.914217243
107.625,1,13:30:49.914246552
107.625,1,13:30:49.914271621
107.625,1,13:30:49.914323494
107.625,1,13:30:49.914343027
107.625,1,13:30:49.914376794
107.625,1,13:30:49.914390485
107.625,1,13:30:49.914445308
107.625,1,13:30:49.914473641
107.625,1,13:30:49.914478416
107.625,1,13:30:49.914500996
107.625,1,13:30:49.914541313
107.625,1,13:30:49.914564232
107.625,1,13:30:49.914599357
107.625,1,13:30:49.914629251
107.625,1,13:30:49.914659578
107.625,1,13:30:49.914691825
107.625,1,13:30:49.914724754
107.625,1,13:30:49.914783205
107.625,1,13:30:49.914797868
107.625,78,13:30:49.914840067
107.625,2,13:30:49.914901519
107.625,5,13:30:49.914933286
107.625,2,13:30:49.914959258
107.625,36,13:30:49.914997943
107.625,1,13:30:49.915118304
107.625,52,13:30:49.915341179
107.625,2,13:30:49.915422608
107.625,1,13:30:49.916015902
107.625,6,13:30:49.916219895
107.625,1,13:30:49.916285947
107.625,7,13:30:49.916635126
107.625,4,13:30:49.916685990
107.625,8,13:30:49.916723041
107.625,91,13:30:49.917444271
107.625,2,13:30:49.917625897
107.625,1,13:30:49.918406934
107.625,1,13:30:49.918573686
107.625,1,13:30:49.918919280
107.625,28,13:30:49.928448621
107.625,28,13:30:49.928594212
107.625,1,13:30:49.928727820
107.625,1,13:30:49.928801118
107.625,1,13:30:49.928900167
107.625,1,13:30:49.928941897
107.625,1,13:30:49.928972967
107.625,1,13:30:49.929009241
107.625,1,13:30:49.929044649
107.625,1,13:30:49.929087565
107.625,1,13:30:49.929149406
107.625,1,13:30:49.929185896
107.625,1,13:30:49.929224138
107.625,1,13:30:49.929261995
107.625,1,13:30:49.929292260
107.625,1,13:30:49.929331391
107.625,1,13:30:49.929365289
107.625,1,13:30:49.929408576
107.625,1,13:30:49.929432142
107.625,1,13:30:49.929506697
107.625,40,13:30:49.930145298
107.625,1,13:30:49.930316531
107.625,1,13:30:49.930360289
107.625,1,13:30:49.930394676
107.625,1,13:30:49.930424623
107.625,1,13:30:49.930475698
107.625,1,13:30:49.930551723
107.625,1,13:30:49.930580661
107.625,1,13:30:49.930611544
107.625,1,13:30:49.930645222
107.625,1,13:30:49.930683563
107.625,1,13:30:49.930721560
107.625,1,13:30:49.930759746
107.625,1,13:30:49.930784333
107.625,39,13:30:49.944445018
107.625,39,13:30:49.944546172
107.625,1,13:30:49.944671883
107.625,1,13:30:49.944742899
107.625,1,13:30:49.944813547
107.625,1,13:30:49.944847119
107.625,1,13:30:49.944920739
107.625,1,13:30:49.944937780
107.625,1,13:30:49.944973655
107.625,1,13:30:49.945003598
107.625,1,13:30:49.945037112
107.625,1,13:30:49.945068899
107.625,1,13:30:49.945099046
107.625,1,13:30:49.945131665
107.625,1,13:30:49.945200396
107.625,1,13:30:49.945261623
107.625,1,13:30:49.945319585
107.625,1,13:30:49.945403335
107.625,1,13:30:49.945434182
107.625,1,13:30:49.945462707
107.625,1,13:30:49.945508065
107.625,51,13:30:49.957557871
107.625,1,13:30:49.957710725
107.625,3,13:30:49.957798234
107.625,1,13:30:49.957842933
107.625,1,13:30:49.957866030
107.625,1,13:30:49.957941188
107.625,1,13:30:49.957962371
107.625,1,13:30:49.958000837
107.625,1,13:30:49.958031477
107.625,1,13:30:49.958057033
107.625,1,13:30:49.958087552
107.625,1,13:30:49.958122788
107.625,1,13:30:49.958154872
107.625,1,13:30:49.958187659
107.625,1,13:30:49.958218972
107.625,1,13:30:49.958254663
107.625,1,13:30:49.958290423
107.625,1,13:30:49.958317669
107.625,1,13:30:49.958353173
107.625,1,13:30:49.958383952
107.625,1,13:30:49.958413555
107.625,4,13:30:49.958572134
107.625,22,13:30:49.958638110
107.625,16,13:30:49.958691571
107.625,1,13:30:49.959265064
107.625,1,13:30:49.959871790
107.625,13,13:30:49.960145731
107.625,1,13:30:49.960274083
107.625,1,13:30:49.960296822
107.625,25,13:30:49.960428163
107.625,1,13:30:49.960576754
107.625,5,13:30:49.960628637
107.625,1,13:30:49.961016302
107.625,1,13:30:49.962093620
107.625,1,13:30:49.963148149
107.625,5,13:30:53.264673544
107.625,1,13:30:53.264965895
107.625,1,13:30:53.265022514
107.625,20,13:30:53.265108199
107.625,20,13:30:53.265150261
107.625,2,13:30:53.265174120
107.625,39,13:30:53.265529497
107.625,1,13:30:53.265558272
107.625,6,13:30:53.265588551
107.625,1,13:30:53.265646011
107.625,10,13:30:53.265680607
107.625,7,13:30:53.265719334
107.625,1,13:30:53.265869334
107.625,1,13:30:53.266147080
107.625,1,13:30:53.266185475
107.625,162,13:30:53.266463468
107.625,42,13:30:53.266707735
107.625,1,13:30:53.266758379
107.625,1,13:30:53.266807133
107.625,5,13:30:53.268932983
107.625,1,13:31:09.023103866
107.625,4,13:31:22.388969454
107.625,3,13:31:41.445219481
107.625,1,13:31:48.888174342
107.625,1,13:31:48.888569249
107.6094,5,13:32:11.681440925
107.6094,1,13:32:28.212876177
107.625,4,13:32:32.149511381
107.625,1,13:32:32.149835014
107.6094,1,13:32:33.706815895
107.625,19,13:32:34.076401819
107.625,6,13:32:41.489287294
107.625,1,13:32:45.839761736
107.6094,2,13:32:47.901961942
107.625,466,13:32:50.738362642
107.625,1,13:32:50.739533891
107.625,2,13:32:57.250257719
107.625,20,13:32:58.354124602
107.625,9,13:33:09.510683007
107.625,3,13:33:09.512671470
107.625,1,13:33:09.514264987
107.625,1,13:33:09.514582606
107.625,4,13:33:09.516033726
107.625,2,13:33:09.516790180
107.625,1,13:33:09.517756870
107.625,2,13:33:09.517799724
107.625,5,13:33:09.517916004
107.625,4,13:33:09.518034377
107.625,572,13:33:09.518304236
107.625,1,13:33:09.519733065
107.625,1,13:33:09.519767488
107.625,1,13:33:09.519855141
107.625,1,13:33:09.522063717
107.625,1,13:33:09.523034735
107.625,1,13:33:09.523129228
107.625,1,13:33:09.523318375
107.625,21,13:33:13.228074284
107.625,9,13:33:13.814965991
107.625,4,13:33:13.822628727
107.625,2,13:33:13.825541342
107.625,2,13:33:16.325564491
107.625,43,13:33:20.461906119
107.625,43,13:33:20.461977669
107.625,4,13:33:20.462652278
107.625,122,13:33:20.462945310
107.625,84,13:33:20.463722838
107.625,90,13:33:20.464086418
107.625,2,13:33:20.464254029
107.625,2,13:33:20.464396758
107.625,2,13:33:20.464650750
107.625,2,13:33:20.464827170
107.625,2,13:33:20.465253046
107.625,46,13:33:20.465413514
107.625,5,13:33:20.468783963
107.625,1,13:33:20.468848112
107.625,1,13:33:20.469556123
107.625,34,13:33:20.479767954
107.625,4,13:33:20.492591515
107.625,5,13:33:22.494698238
107.625,10,13:33:22.496204051
107.625,10,13:33:22.496269153
107.625,1,13:33:22.498261519
107.625,1,13:33:22.499087629
107.625,20,13:33:22.499190079
107.625,1,13:33:22.499212444
107.625,3,13:33:22.499752557
107.625,43,13:33:22.499909562
107.625,6,13:33:22.499946308
107.625,1,13:33:22.500146194
107.625,1,13:33:22.500387812
107.625,1,13:33:22.500470598
107.625,1,13:33:22.500501280
107.625,1,13:33:22.500519600
107.625,1,13:33:22.500564266
107.625,1,13:33:22.500582049
107.625,1,13:33:22.500603531
107.625,1,13:33:22.500627574
107.625,1,13:33:22.500653624
107.625,1,13:33:22.500669538
107.625,1,13:33:22.500701049
107.625,1,13:33:22.500720160
107.625,1,13:33:22.500751118
107.625,1,13:33:22.500771506
107.625,1,13:33:22.500801397
107.625,1,13:33:22.500820032
107.625,1,13:33:22.500857290
107.625,1,13:33:22.500875585
107.625,1,13:33:22.500892053
107.625,1,13:33:22.500935794
107.625,1,13:33:22.500958079
107.625,1,13:33:22.501048549
107.625,1,13:33:22.501182794
107.625,2,13:33:22.501356142
107.625,4,13:33:22.501435765
107.625,1,13:33:22.501479174
107.625,1,13:33:22.501497719
107.625,5,13:33:22.501552974
107.625,2,13:33:22.501603372
107.625,24,13:33:22.501629929
107.625,1,13:33:22.503480511
107.625,1,13:33:22.535212597
107.625,1,13:33:23.020315907
107.625,43,13:33:23.988014385
107.625,43,13:33:23.988226363
107.625,1,13:33:23.988462298
107.625,34,13:33:23.988572248
107.625,15,13:33:23.988621484
107.625,2,13:33:23.988679700
107.625,1,13:33:23.989982559
107.625,5,13:33:24.003650914
107.625,225,13:33:24.419726352
107.625,12,13:33:25.670732869
107.625,39,13:33:25.671030795
107.625,5,13:33:26.121470450
107.625,1,13:33:26.121695027
107.625,1,13:33:26.121917003
107.625,2,13:33:26.121983170
107.625,86,13:33:26.122268219
107.625,6,13:33:26.126645015
107.625,1,13:33:26.127801435
107.625,1,13:33:26.143383943
107.6406,1,13:33:28.603706684
107.625,50,13:33:41.516780140
107.6406,5,13:33:53.208811320
107.6406,1,13:34:11.219687320
107.6406,300,13:34:24.340050057
107.6406,2,13:34:24.361301205
107.6406,1,13:34:27.157554674
107.6406,5,13:34:27.157616764
107.6406,86,13:34:27.162748443
107.6406,1,13:34:27.163197793
107.6406,42,13:34:27.163301327
107.6406,1,13:34:27.163330784
107.6406,8,13:34:27.163369533
107.6406,20,13:34:27.163484313
107.6406,6,13:34:27.163568964
107.6406,12,13:34:27.163709566
107.6406,1,13:34:27.163779602
107.6406,1,13:34:27.164048238
107.6406,1,13:34:27.164150077
107.6406,1,13:34:27.164215537
107.6406,1,13:34:27.164250896
107.6406,2,13:34:27.165146110
107.6406,4,13:34:27.166681287
107.6406,4,13:34:27.167249884
107.6406,4,13:34:27.167424102
107.6406,1,13:34:27.168332207
107.6406,22,13:34:27.168947311
107.6406,22,13:34:27.169366583
107.6406,2,13:34:27.169638278
107.6406,112,13:34:27.170237326
107.6406,1,13:34:27.170381364
107.6406,1,13:34:27.171125879
107.6406,1,13:34:27.171169464
107.6406,1,13:34:27.171193378
107.6406,1,13:34:27.171233705
107.6406,1,13:34:27.178116200
107.6406,1,13:34:29.973685032
107.6406,31,13:34:34.262688401
107.6406,6,13:34:34.262753330
107.6406,1,13:34:34.262796256
107.6406,1,13:34:34.262978509
107.6406,1,13:34:34.263065273
107.6406,2,13:34:34.263228517
107.6406,5,13:34:34.263536104
107.6406,1,13:34:34.263816094
107.6406,8,13:34:34.263962912
107.6406,2,13:34:34.264018549
107.6406,2,13:34:34.264065069
107.6406,5,13:34:34.264447902
107.6406,32,13:34:34.264596568
107.6406,1,13:34:34.265601692
107.6406,30,13:34:34.265637599
107.6406,1,13:34:34.265668688
107.6406,1,13:34:34.265842183
107.6406,16,13:34:34.816432013
107.6406,32,13:34:34.825011264
107.6406,25,13:34:34.825577345
107.6406,23,13:34:34.825732514
107.6406,1,13:34:34.825792761
107.6406,6,13:34:34.827421245
107.6406,20,13:34:34.828435490
107.6406,1,13:34:34.828788777
107.6406,1,13:34:34.829104032
107.6406,1,13:34:34.829130218
107.6406,91,13:34:34.829348158
107.6406,1,13:34:34.830327490
107.6406,17,13:34:34.831422756
107.6406,12,13:34:36.509912044
107.6406,5,13:34:36.510209427
107.6406,23,13:34:36.511054657
107.6406,1,13:34:36.511159967
107.6406,11,13:34:36.511184026
107.6406,5,13:34:36.512465981
107.6406,1,13:34:36.512569360
107.6406,1,13:34:36.512792382
107.6406,24,13:34:36.512909923
107.6406,1,13:34:36.514119106
107.6406,1,13:34:36.514216063
107.6406,1,13:34:36.514318585
107.6563,215,13:34:39.699396168
107.6406,85,13:34:39.699396168
107.6563,1,13:34:48.469933689
107.6563,1,13:35:00.105274700
107.6563,6,13:35:04.941000024
107.6406,1,13:35:07.765719454
107.6406,200,13:35:13.283225762
107.6406,31,13:35:13.283803611
107.6406,1,13:35:13.283871107
107.6406,1,13:35:13.284463042
107.6406,1,13:35:13.285585785
107.6406,10,13:35:13.288032218
107.6406,92,13:35:14.918063920
107.6406,5,13:35:14.918283579
107.6406,1,13:35:14.918551526
107.6406,1,13:35:14.918593616
107.6406,1,13:35:14.918634540
107.6406,22,13:35:14.918838960
107.6406,43,13:35:14.920716959
107.6406,1,13:35:14.921448926
107.6406,1,13:35:14.922627561
107.6406,43,13:35:14.922678212
107.6406,1,13:35:14.922730696
107.6406,1,13:35:14.922756127
107.6406,1,13:35:14.923185988
107.6406,1,13:35:14.923236971
107.6406,23,13:35:14.923305631
107.6406,3,13:35:14.923339057
107.6406,3,13:35:14.923355201
107.6406,2,13:35:14.923381688
107.6406,1,13:35:14.923412822
107.6406,1,13:35:14.923465344
107.6406,5,13:35:14.923484986
107.6406,61,13:35:14.923515502
107.6406,2,13:35:14.923676904
107.6406,1,13:35:14.923704287
107.6406,1,13:35:14.923765623
107.6406,2,13:35:14.923791610
107.6406,1,13:35:14.923831019
107.6406,1,13:35:14.923988424
107.6406,5,13:35:14.924038703
107.6406,3,13:35:14.924082265
107.6406,1,13:35:14.924103434
107.6406,1,13:35:14.924402551
107.6406,1,13:35:14.924521119
107.6406,1,13:35:14.924568445
107.6406,1,13:35:14.924586644
107.6406,1,13:35:14.924619739
107.6406,5,13:35:15.318706310
107.6406,2,13:35:15.336420701
107.6406,1,13:35:15.347513315
107.6406,1,13:35:15.348606845
107.6406,1,13:35:15.349771096
107.6406,50,13:35:21.902528090
107.6406,1,13:35:21.902702899
107.6406,4,13:35:21.902769938
107.6406,14,13:35:21.902841221
107.6406,1,13:35:21.902904987
107.6406,1,13:35:21.902960117
107.6406,5,13:35:21.903027645
107.6406,44,13:35:21.903520391
107.6406,1,13:35:21.903767119
107.6406,1,13:35:21.903833709
107.6406,1,13:35:21.903877854
107.6406,1,13:35:21.922263500
107.625,17,13:35:26.384232661
107.625,16,13:35:26.567772307
107.625,17,13:35:26.751958948
107.6406,1,13:35:45.270838146
107.6406,1,13:35:45.471771704
107.6406,2,13:35:46.185368301
107.625,1,13:35:56.780519664
107.625,75,13:36:05.894138389
107.625,1,13:36:05.896132804
107.6406,2,13:36:08.979884760
107.6406,2,13:36:13.143463244
107.6406,6,13:36:16.667552098
107.6406,2,13:36:23.658710119
107.6406,1,13:36:24.153096808
107.6406,1,13:36:28.019704459
107.6406,3,13:36:31.461466443
107.6406,5,13:36:31.461488757
107.6406,4,13:36:31.477796863
107.6406,1,13:36:31.512599189
107.6406,13,13:36:31.512933756
107.6406,1,13:36:31.513215704
107.6406,1,13:36:35.005663123
107.6406,1,13:36:35.006236603
107.6406,5,13:36:45.264117801
107.6406,1,13:36:50.242611461
107.6406,1,13:36:50.788305058
107.625,96,13:36:51.986451145
107.6406,12,13:36:55.824945275
107.6406,1,13:36:56.006082904
107.6406,2,13:37:04.090694403
107.6406,10,13:37:06.654772273
107.6406,1,13:37:06.655185910
107.6406,3,13:37:06.655228564
107.6406,10,13:37:06.655252660
107.6406,1,13:37:06.655289707
107.6406,51,13:37:06.655529926
107.6406,1,13:37:06.655659689
107.6406,1,13:37:06.655705767
107.6406,1,13:37:06.655737713
107.6406,1,13:37:06.655790837
107.6406,25,13:37:06.655790837
107.6406,1,13:37:06.655824803
107.6406,1,13:37:06.655871729
107.6406,1,13:37:06.655880660
107.6406,1,13:37:06.655912466
107.6406,1,13:37:06.655933932
107.6406,1,13:37:06.655983097
107.6406,1,13:37:06.656028951
107.6406,1,13:37:06.656071144
107.6406,1,13:37:06.656127884
107.6406,1,13:37:06.656170723
107.6406,1,13:37:06.656194189
107.6406,1,13:37:06.656227995
107.6406,5,13:37:06.656318544
107.6406,1,13:37:06.656386958
107.6406,3,13:37:06.656641930
107.6406,20,13:37:06.656720428
107.6406,1,13:37:06.656863570
107.6406,1,13:37:06.656886748
107.6406,2,13:37:06.656939958
107.6406,7,13:37:06.656969114
107.6406,45,13:37:06.657000231
107.6406,10,13:37:06.657045509
107.6406,7,13:37:06.657065509
107.6406,5,13:37:06.657089545
107.6406,1,13:37:06.657237592
107.6406,1,13:37:06.657329637
107.6406,1,13:37:06.657351743
107.6406,47,13:37:06.657426755
107.6406,23,13:37:06.657686530
107.6406,1,13:37:06.657765329
107.6406,1,13:37:06.660403462
107.6406,1,13:37:06.661160946
107.6406,1,13:37:06.661444443
107.6406,1,13:37:06.661509494
107.6406,10,13:37:06.662596757
107.6406,1,13:37:06.662900575
107.6406,100,13:37:06.667095505
107.6406,400,13:37:06.675481370
107.6406,1,13:37:06.677043341
107.6406,1,13:37:06.677584481
107.6406,5,13:37:06.681497373
107.6406,525,13:37:06.689025176
107.6406,1,13:37:06.689881463
107.6406,21,13:37:06.690147810
107.6406,1,13:37:06.690174233
107.6406,1,13:37:06.690206726
107.6406,5,13:37:06.690534439
107.6406,2,13:37:06.690784297
107.6406,2,13:37:06.690833002
107.6406,4,13:37:06.690889435
107.6406,3,13:37:06.690927910
107.6406,1,13:37:06.690991664
107.6406,3,13:37:06.692049493
107.6406,2,13:37:06.692382860
107.6406,1,13:37:06.693082807
107.6406,4,13:37:06.693318012
107.6406,20,13:37:06.693348745
107.6406,74,13:37:06.693610866
107.6406,1,13:37:06.694292873
107.6406,1,13:37:06.694384414
107.6406,1,13:37:06.694521089
107.6406,2,13:37:06.694698801
107.6406,1,13:37:06.694725954
107.6406,1,13:37:06.694758130
107.6406,1,13:37:07.685603573
107.6406,362,13:37:11.136524964
107.6406,38,13:37:11.140501253
107.6406,5,13:37:11.140578301
107.6406,4,13:37:11.144849696
107.6406,27,13:37:12.263596486
107.6406,86,13:37:12.264132935
107.6406,32,13:37:12.264336884
107.6406,60,13:37:12.280299866
107.6406,1,13:37:12.280540297
107.6406,1,13:37:12.280594743
107.6406,2,13:37:14.388774902
107.6406,1,13:37:14.388990257
107.6406,18,13:37:14.389088758
107.6406,5,13:37:14.389123940
107.6406,7,13:37:14.389242386
107.6406,6,13:37:14.389242386
107.6406,4,13:37:14.389317844
107.6406,1,13:37:14.389348869
107.6406,1,13:37:14.389660933
107.6406,1,13:37:14.389716679
107.6406,62,13:37:17.854740699
107.6406,36,13:37:17.855440119
107.6406,3,13:37:17.855642440
107.6406,5,13:37:17.855766497
107.6406,2,13:37:17.855811470
107.6406,1,13:37:17.855897773
107.6406,2,13:37:17.855975544
107.6406,12,13:37:17.856541200
107.6406,15,13:37:17.856622783
107.6406,5,13:37:17.857063502
107.6406,5,13:37:17.857100904
107.6406,1,13:37:17.857176317
107.6406,1,13:37:17.857251516
107.6406,2,13:37:17.857251516
107.6406,14,13:37:17.859714729
107.6406,1,13:37:17.859810767
107.6406,43,13:37:17.859899319
107.6406,2,13:37:17.860590002
107.6406,20,13:37:17.861248332
107.6406,1,13:37:17.862146590
107.6406,1,13:37:17.862187625
107.6406,1,13:37:17.862221792
107.6406,1,13:37:17.862370819
107.6406,1,13:37:17.862395907
107.6406,1,13:37:17.862456526
107.6406,42,13:37:17.862829362
107.6406,1,13:37:17.862879008
107.6406,4,13:37:17.862935877
107.6406,3,13:37:17.862965262
107.6406,1,13:37:17.863997639
107.6406,1,13:37:17.864358315
107.6406,5,13:37:17.864844388
107.6406,2,13:37:17.864890376
107.6406,1,13:37:17.865235328
107.6406,1,13:37:17.865259501
107.6406,1,13:37:17.865900669
107.6406,5,13:37:17.866873815
107.6406,50,13:37:17.977120985
107.6406,1,13:37:18.469240523
107.6406,16,13:37:20.759212214
107.6406,1,13:37:20.759422071
107.6406,2,13:37:20.760000950
107.6406,1,13:37:20.760074119
107.6406,5,13:37:20.760295483
107.6406,12,13:37:20.760360320
107.6406,1,13:37:20.760421719
107.6406,1,13:37:20.760485906
107.6406,1,13:37:20.760534474
107.6406,1,13:37:20.760858938
107.6406,6,13:37:20.761262703
107.6406,15,13:37:20.761431510
107.6406,1,13:37:20.763291842
107.625,16,13:37:21.130574662
107.625,17,13:37:21.496363341
107.6406,340,13:37:22.659591076
107.6406,10,13:37:22.659960888
107.6406,5,13:37:22.661493099
107.6406,28,13:37:22.661941645
107.6406,75,13:37:22.662626190
107.6406,9,13:37:22.662911860
107.6406,1,13:37:22.665541658
107.6406,1,13:37:22.665559958
107.6406,47,13:37:22.665588477
107.6406,1,13:37:22.665958769
107.6406,1,13:37:22.666010905
107.6406,22,13:37:22.666036476
107.6406,1,13:37:22.666074980
107.6406,5,13:37:22.666104692
107.6406,3,13:37:22.666146274
107.6406,1,13:37:22.667487233
107.6406,1,13:37:22.667642157
107.6406,1,13:37:22.667891647
107.6406,1,13:37:22.668372700
107.6406,2,13:37:22.669363392
107.6406,1,13:37:24.619798999
107.6406,2,13:37:24.619914880
107.6406,4,13:37:24.619998303
107.6406,6,13:37:24.620135947
107.6406,43,13:37:24.620315809
107.6406,19,13:37:24.620373850
107.6406,2,13:37:24.620560256
107.6406,2,13:37:24.620855664
107.6406,6,13:37:24.621066388
107.6406,1,13:37:24.621118786
107.6406,1,13:37:24.621199325
107.6406,1,13:37:24.621304831
107.6406,1,13:37:24.621331366
107.6406,1,13:37:24.621433343
107.6406,1,13:37:24.621461673
107.6406,56,13:37:24.621691681
107.6563,6,13:37:28.404580101
107.6406,1,13:37:36.200830546
107.6406,1,13:37:36.200918618
107.6406,72,13:37:36.201444212
107.6406,1,13:37:36.203086601
107.625,25,13:37:39.287487233
107.6406,18,13:37:39.297159920
107.6406,1,13:37:39.297672651
107.6406,1,13:37:39.306158438
107.6406,2,13:37:43.396233853
107.6406,43,13:37:43.396438637
107.6406,1,13:37:43.396777960
107.6406,1,13:37:43.396814469
107.6406,1,13:37:43.396846771
107.6406,1,13:37:43.396866477
107.6406,1,13:37:43.396895255
107.6406,1,13:37:43.396910907
107.6406,1,13:37:43.396939986
107.6406,1,13:37:43.396966060
107.6406,1,13:37:43.396996252
107.6406,1,13:37:43.397027159
107.6406,1,13:37:43.397061492
107.6406,1,13:37:43.397095659
107.6406,1,13:37:43.397133212
107.6406,1,13:37:43.397163350
107.6406,1,13:37:43.397181389
107.6406,1,13:37:43.397222320
107.6406,1,13:37:43.397294671
107.6406,1,13:37:43.397352006
107.6406,1,13:37:43.397383325
107.6406,1,13:37:43.397412712
107.6406,1,13:37:43.397446838
107.6406,5,13:37:43.397537636
107.6406,25,13:37:43.397741573
107.6406,1,13:37:43.397822374
107.6406,1,13:37:43.397826387
107.6406,4,13:37:43.398459924
107.6406,1,13:37:43.398574233
107.6406,1,13:37:43.398624016
107.6406,1,13:37:43.398655524
107.6406,1,13:37:43.398674731
107.6406,1,13:37:43.398705576
107.6406,1,13:37:43.398728886
107.6406,1,13:37:43.398763657
107.6406,1,13:37:43.398783011
107.6406,1,13:37:43.398805895
107.6406,1,13:37:43.398838088
107.6406,1,13:37:43.398856943
107.6406,1,13:37:43.398885545
107.6406,1,13:37:43.398912489
107.6406,1,13:37:43.398939021
107.6406,1,13:37:43.398966724
107.6406,1,13:37:43.398992324
107.6406,1,13:37:43.399017890
107.6406,1,13:37:43.399045109
107.6406,1,13:37:43.399071609
107.6406,1,13:37:43.399096887
107.6406,4,13:37:43.400578683
107.6406,1,13:37:43.400701102
107.6406,3,13:37:43.400718372
107.6406,1,13:37:43.400908149
107.6406,11,13:37:43.401131830
107.6406,4,13:37:43.401211550
107.6406,4,13:37:43.401249062
107.6406,1,13:37:43.401422702
107.6406,1,13:37:43.401687979
107.6406,1,13:37:43.402557177
107.6406,1,13:37:43.402725498
107.6406,1,13:37:43.403123387
107.6406,2,13:37:43.403162428
107.6406,1,13:37:43.404439984
107.6406,1,13:37:43.405241760
107.6406,1,13:37:43.405371446
107.6406,1,13:37:43.406183574
107.6406,1,13:37:43.406345587
107.6406,2,13:37:43.406745364
107.6406,2,13:37:43.407357914
107.6406,1,13:37:43.407435234
107.6406,4,13:37:43.407873986
107.6406,1,13:37:43.407965062
107.6406,1,13:37:43.408025842
107.6406,2,13:37:43.408690060
107.6406,1,13:37:43.409055181
107.6406,1,13:37:43.411058358
107.6406,2,13:37:43.416315747
107.6406,14,13:37:43.417225255
107.6406,1,13:37:43.417479725
107.6406,1,13:37:43.417564946
107.6406,2,13:37:43.417766550
107.6406,1,13:37:43.417799690
107.6406,9,13:37:43.417879858
107.6406,1,13:37:43.421799221
107.6406,202,13:37:43.841201069
107.6406,20,13:37:43.841503213
107.6406,20,13:37:43.841663761
107.6406,43,13:37:43.841948326
107.6406,14,13:37:43.854650674
107.6406,14,13:37:43.871171782
107.6406,1,13:37:46.027056271
107.6406,3,13:37:50.211380871
107.6406,43,13:37:50.211812093
107.6406,5,13:37:50.211891359
107.6406,2,13:37:50.211954915
107.6406,34,13:37:50.212056377
107.6406,25,13:37:50.212799556
107.6406,1,13:37:50.215161899
107.6406,4,13:37:50.234215640
107.6406,6,13:37:58.341665844
107.6406,1,13:37:58.342004968
107.6406,2,13:37:58.342042016
107.6406,1,13:37:58.342398150
107.6406,245,13:38:00.897922788
107.6406,10,13:38:00.915208487
107.6406,1,13:38:00.915393250
107.6406,1,13:38:00.915488705
107.6406,1,13:38:00.915569596
107.6406,5,13:38:01.003158610
107.6406,3,13:38:01.003577948
107.6406,10,13:38:01.003891647
107.6406,1,13:38:01.004116720
107.6406,4,13:38:01.004181009
107.6406,1,13:38:08.609981713
107.6406,20,13:38:08.610356406
107.6406,1,13:38:08.611091684
107.6406,1,13:38:08.611609026
107.6406,2,13:38:08.611686132
107.625,1,13:38:12.642750338
107.6406,75,13:38:16.579725650
107.6406,2,13:38:16.580268096
107.6406,1,13:38:16.580416095
107.6406,19,13:38:16.580567353
107.6406,1,13:38:16.580605213
107.6406,1,13:38:16.580714383
107.6406,1,13:38:16.580748861
107.6406,1,13:38:16.580781050
107.6406,1,13:38:16.580834993
107.6406,1,13:38:16.580854305
107.6406,1,13:38:16.580879132
107.6406,1,13:38:16.580905145
107.6406,1,13:38:16.580923277
107.6406,1,13:38:16.580945206
107.6406,1,13:38:16.580968129
107.6406,1,13:38:16.580993908
107.6406,1,13:38:16.581020683
107.6406,1,13:38:16.581044962
107.6406,1,13:38:16.581077254
107.6406,1,13:38:16.581124865
107.6406,1,13:38:16.581161215
107.6406,1,13:38:16.581192908
107.6406,1,13:38:16.581227456
107.6406,1,13:38:16.581241689
107.6406,1,13:38:16.581272148
107.6406,1,13:38:16.581301073
107.6406,9,13:38:16.581335419
107.6406,1,13:38:16.581482042
107.6406,1,13:38:16.582067409
107.6406,3,13:38:16.582098786
107.6406,28,13:38:16.582161907
107.6406,20,13:38:16.582201719
107.6406,12,13:38:16.582246347
107.6406,6,13:38:16.582295449
107.6406,1,13:38:16.582335728
107.6406,1,13:38:16.582483350
107.6406,1,13:38:16.583598060
107.6406,1,13:38:16.583644676
107.6406,5,13:38:18.698448787
107.6406,1,13:38:18.698655921
107.6406,1,13:38:18.698680715
107.6406,1,13:38:18.698854936
107.6406,6,13:38:22.405990270
107.6406,6,13:38:40.129646879
107.6406,120,13:38:42.920725652
107.6406,1,13:38:42.925145000
107.6406,1,13:38:42.925190066
107.6406,1,13:38:42.927805834
107.6406,1,13:38:42.927837355
107.6406,1,13:38:42.929123499
107.6406,10,13:38:42.929344489
107.6406,7,13:38:42.929454110
107.6406,1,13:38:42.929581223
107.6406,1,13:38:42.929621323
107.6406,1,13:38:42.929726983
107.6406,1,13:38:42.938480267
107.6406,15,13:38:46.695637921
107.6406,250,13:38:46.965643273
107.6406,1,13:38:46.966988084
107.6406,2,13:38:46.967037992
107.6406,1,13:38:46.967069564
107.6406,1,13:38:46.967103437
107.6406,1,13:38:46.967159092
107.6406,1,13:38:46.967200088
107.6406,6,13:38:46.967247890
107.6406,2,13:38:46.967287993
107.6406,1,13:38:46.967346850
107.6406,1,13:38:46.967699099
107.6406,1,13:38:46.967809899
107.6406,7,13:38:46.967995269
107.6406,12,13:38:46.968175829
107.6406,4,13:38:46.968215891
107.6406,6,13:38:46.968279310
107.6406,5,13:38:46.968314136
107.6406,1,13:38:46.968355269
107.6406,5,13:38:47.981650864
107.6406,10,13:38:47.982232063
107.6406,1,13:38:47.982448071
107.6406,1,13:38:47.982539199
107.6406,5,13:38:48.076679545
107.6563,1,13:38:49.790059726
107.6563,1,13:39:04.105407689
107.6563,2,13:39:33.887684566
107.6563,1,13:39:34.048136345
107.6563,1,13:39:39.014910460
107.6563,1,13:39:39.880008982
107.6563,1,13:39:39.910384211
107.6563,42,13:39:39.911449894
107.6563,17,13:39:39.913164913
107.6563,1,13:39:39.914231527
107.6563,3,13:39:39.914268827
107.6563,1,13:39:39.914307199
107.6563,2,13:39:39.914361500
107.6563,4,13:39:39.914385148
107.6563,1,13:39:39.914421621
107.6563,2,13:39:39.914456204
107.6563,1,13:39:39.914485696
107.6563,2,13:39:39.914519012
107.6563,2,13:39:39.914566295
107.6563,2,13:39:39.914606303
107.6563,1,13:39:39.914645845
107.6563,1,13:39:39.914702727
107.6563,2,13:39:39.914840368
107.6563,2,13:39:39.914916424
107.6563,1,13:39:39.914941049
107.6563,4,13:39:39.915046072
107.6563,2,13:39:39.915068638
107.6563,1,13:39:39.915132425
107.6563,2,13:39:39.915132425
107.6563,3,13:39:39.915228091
107.6563,2,13:39:39.915264850
107.6563,4,13:39:39.915300723
107.6563,3,13:39:39.915350388
107.6563,1,13:39:39.915395812
107.6563,1,13:39:39.915430945
107.6563,4,13:39:39.915477225
107.6563,2,13:39:39.915524987
107.6563,10,13:39:39.915560825
107.6563,2,13:39:39.915591791
107.6563,1,13:39:39.915637383
107.6563,9,13:39:39.915673169
107.6563,2,13:39:39.915719935
107.6563,2,13:39:39.915755603
107.6563,2,13:39:39.915782186
107.6563,2,13:39:39.915863268
107.6563,1,13:39:39.915898511
107.6563,2,13:39:39.915955226
107.6563,1,13:39:39.915984984
107.6563,1,13:39:39.916020334
107.6563,2,13:39:39.916083046
107.6563,2,13:39:39.916110938
107.6563,2,13:39:39.916178926
107.6563,3,13:39:39.916224655
107.6563,1,13:39:39.918114219
107.6563,1,13:39:39.941543104
107.6563,2,13:39:39.982248599
107.6563,2,13:39:39.986401939
107.6563,1,13:39:44.373310419
107.6563,8,13:39:51.413328202
107.6563,6,13:39:51.862321196
107.6563,1,13:39:52.175719587
107.6563,1,13:39:58.917319847
107.6563,1,13:40:03.131178554
107.6406,20,13:40:06.322005096
107.6563,1000,13:40:14.875315647
107.6563,1,13:40:14.877680450
107.6563,46,13:40:14.877751849
107.6563,1,13:40:14.877785762
107.6563,1,13:40:14.877813395
107.6563,1,13:40:14.877850616
107.6563,1,13:40:14.878494405
107.6563,1,13:40:14.878641359
107.6563,1,13:40:14.878678665
107.6563,1,13:40:14.878751325
107.6563,1,13:40:14.878852140
107.6563,1,13:40:14.879010298
107.6563,1,13:40:14.879091188
107.6563,1,13:40:14.879161011
107.6563,2,13:40:14.879243163
107.6563,1,13:40:14.879308185
107.6563,1,13:40:14.879408651
107.6563,1,13:40:14.879446469
107.6563,1,13:40:14.879495683
107.6563,1,13:40:14.879615611
107.6563,1,13:40:14.879665434
107.6563,1,13:40:14.879704867
107.6563,1,13:40:14.879749644
107.6563,3,13:40:14.879787666
107.6563,1,13:40:14.879826800
107.6563,1,13:40:14.879868568
107.6563,1,13:40:14.879906664
107.6563,20,13:40:14.879950262
107.6563,37,13:40:14.882142101
107.6563,2,13:40:14.882198909
107.6563,1,13:40:14.882262883
107.6563,3,13:40:14.882295000
107.6563,80,13:40:14.883072724
107.6563,1,13:40:14.883211300
107.6563,26,13:40:14.884072105
107.6563,15,13:40:14.884841343
107.6563,22,13:40:14.884912788
107.6563,39,13:40:14.885095050
107.6563,26,13:40:14.885186704
107.6563,4,13:40:14.885245139
107.6563,1,13:40:14.885314049
107.6563,3,13:40:14.885456187
107.6563,1,13:40:14.885603960
107.6563,4,13:40:14.885610549
107.6563,2,13:40:14.885645036
107.6563,2,13:40:14.885766673
107.6563,5,13:40:14.885778424
107.6563,4,13:40:14.885819627
107.6563,1,13:40:14.886055386
107.6563,1,13:40:14.886123154
107.6563,1,13:40:14.886215473
107.6563,2,13:40:14.886499044
107.6563,1,13:40:14.886667801
107.6563,1,13:40:14.886722340
107.6563,2,13:40:14.887022651
107.6563,4,13:40:14.887051531
107.6563,1,13:40:14.887414972
107.6563,1,13:40:14.887529416
107.6563,7,13:40:14.887620662
107.6563,1,13:40:14.887721391
107.6563,1,13:40:14.887774287
107.6563,1,13:40:14.887857442
107.6563,2,13:40:14.887896326
107.6563,3,13:40:14.887929875
107.6563,13,13:40:14.888022888
107.6563,1,13:40:14.888153646
107.6563,1,13:40:14.888226899
107.6563,1,13:40:14.888692553
107.6563,1,13:40:14.888896742
107.6563,1,13:40:14.889125058
107.6563,1,13:40:14.889156981
107.6563,1,13:40:14.889243937
107.6563,6,13:40:14.889374487
107.6563,1,13:40:14.889840032
107.6563,1,13:40:14.889887009
107.6563,1,13:40:14.890344334
107.6563,3,13:40:14.890724476
107.6563,8,13:40:14.890748864
107.6563,9,13:40:14.890927459
107.6563,1,13:40:14.891855494
107.6563,10,13:40:14.892532740
107.6563,8,13:40:14.893669223
107.6563,4,13:40:14.897086239
107.6563,39,13:40:14.897168106
107.6563,4,13:40:14.901435290
107.6563,1,13:40:15.805667643
107.6563,5,13:40:16.889752545
107.6563,15,13:40:17.086858871
107.6563,1,13:40:17.087083240
107.6563,1,13:40:17.087151257
107.6563,5,13:40:17.385589785
107.6563,4,13:40:19.905636747
107.6563,50,13:40:21.070855837
107.6563,1,13:40:21.071088315
107.6563,1,13:40:21.071243768
107.6563,5,13:40:22.405599910
107.6563,5,13:40:24.925596493
107.6563,2,13:40:27.445587019
107.6563,2,13:40:29.945629247
107.6563,2,13:40:32.465642697
107.6563,2,13:40:34.965642997
107.6563,1,13:40:34.965688626
107.6563,1,13:40:35.945458673
107.6563,1,13:40:36.105309397
107.6563,1,13:40:36.105506357
107.6563,4,13:40:37.485590297
107.6563,3,13:40:39.985741078
107.6563,2,13:40:43.045590822
107.6563,7,13:40:44.892917389
107.6563,3,13:40:45.545610407
107.6563,1,13:40:46.282864480
107.6563,1,13:40:46.306002657
107.6563,1,13:40:57.030262275
107.6563,500,13:41:00.049767851
107.6563,1,13:41:00.050791961
107.6563,1,13:41:00.050941548
107.6563,1,13:41:00.051045304
107.6563,1,13:41:00.051082434
107.6563,1,13:41:00.051110812
107.6563,1,13:41:00.051166368
107.6563,1,13:41:00.051210920
107.6563,1,13:41:00.051348490
107.6563,1,13:41:00.051392616
107.6563,1,13:41:00.051433305
107.6563,1,13:41:00.051457693
107.6563,1,13:41:00.051542392
107.6563,1,13:41:00.051584388
107.6563,1,13:41:00.051933475
107.6563,1,13:41:00.052541607
107.6563,1,13:41:00.052583270
107.6563,1,13:41:00.052605303
107.6563,1,13:41:00.052627547
107.6563,1,13:41:00.052661919
107.6563,1,13:41:00.052722034
107.6563,1,13:41:00.052761001
107.6563,1,13:41:00.052781526
107.6563,1,13:41:00.052826321
107.6563,1,13:41:00.052844937
107.6563,1,13:41:00.052868281
107.6563,1,13:41:00.052912794
107.6563,1,13:41:00.053126514
107.6563,60,13:41:00.053674844
107.6563,1,13:41:00.054051895
107.6563,20,13:41:00.054096156
107.6563,1,13:41:00.054274821
107.6563,17,13:41:00.054459098
107.6563,1,13:41:00.054813296
107.6563,10,13:41:00.057986798
107.6563,1,13:41:00.058007134
107.6563,1,13:41:00.058353189
107.6563,6,13:41:00.058373727
107.6563,1,13:41:00.059891094
107.6563,1,13:41:01.145650994
107.6719,6,13:41:03.593699141
107.6563,1,13:41:04.006073772
107.6563,5,13:41:06.299170819
107.6563,1,13:41:06.525545716
107.6563,1,13:41:13.006405666
107.6563,1,13:41:23.917169068
107.6719,1,13:41:33.570319751
107.6719,2,13:41:33.575619685
107.6719,2,13:42:14.193336386
107.6719,6,13:42:15.324775763
107.6719,1,13:42:25.025328851
107.6719,1,13:42:25.106111021
107.6563,50,13:42:44.126143125
107.6563,50,13:42:51.735969704
107.6719,2,13:42:52.298344323
107.6563,75,13:43:02.297343076
107.6563,1,13:43:23.287036899
107.6563,3,13:43:24.107533830
107.6719,6,13:43:27.055342509
107.6719,3,13:43:27.056269143
107.6563,2,13:43:45.554171346
107.6563,2,13:43:45.555999863
107.6563,1,13:43:49.656055103
107.6563,1,13:43:49.658220238
107.6563,43,13:43:49.746885059
107.6563,42,13:43:49.747208739
107.6563,22,13:43:49.747358614
107.6563,43,13:43:49.747641318
107.6563,42,13:43:49.747694109
107.6563,43,13:43:49.747915876
107.6563,12,13:43:49.748213169
107.6563,99,13:43:49.748999975
107.6563,100,13:43:49.749887891
107.6563,1,13:43:49.750409546
107.6563,1,13:43:49.750443802
107.6563,1,13:43:49.750570103
107.6563,37,13:43:49.750616071
107.6563,1,13:43:49.750654982
107.6563,1,13:43:49.750670345
107.6563,1,13:43:49.750782587
107.6563,1,13:43:49.750808204
107.6563,1,13:43:49.750829637
107.6563,1,13:43:49.750854813
107.6563,1,13:43:49.751000586
107.6563,1,13:43:49.751011629
107.6563,1,13:43:49.751023805
107.6563,1,13:43:49.751035239
107.6563,1,13:43:49.751048784
107.6563,1,13:43:49.751061396
107.6563,1,13:43:49.751074657
107.6563,1,13:43:49.751087886
107.6563,1,13:43:49.751101826
107.6563,1,13:43:49.751113116
107.6563,1,13:43:49.751124930
107.6563,1,13:43:49.751147347
107.6563,1,13:43:49.751173798
107.6563,24,13:43:49.751207792
107.6563,1,13:43:49.751232120
107.6563,30,13:43:49.751535940
107.6563,10,13:43:49.751562331
107.6563,1,13:43:49.751577899
107.6563,42,13:43:49.751742102
107.6563,1,13:43:49.751794735
107.6563,1,13:43:49.751812294
107.6563,2,13:43:49.752317124
107.6563,1,13:43:49.752344424
107.6563,1,13:43:49.752385955
107.6563,1,13:43:49.752511384
107.6563,1,13:43:49.752562284
107.6563,1,13:43:49.752588182
107.6563,1,13:43:49.752634253
107.6563,1,13:43:49.752659627
107.6563,1,13:43:49.752690302
107.6563,1,13:43:49.753000607
107.6563,2,13:43:49.753065990
107.6563,1,13:43:49.753095362
107.6563,1,13:43:49.753118894
107.6563,1,13:43:49.753131748
107.6563,1,13:43:49.753206790
107.6563,7,13:43:49.753262922
107.6563,1,13:43:49.753300155
107.6563,1,13:43:49.753583902
107.6563,2,13:43:49.753598148
107.6563,1,13:43:49.753722797
107.6563,1,13:43:49.753734842
107.6563,5,13:43:49.753745808
107.6563,2,13:43:49.754214109
107.6563,2,13:43:49.754330835
107.6563,1,13:43:49.754841690
107.6563,43,13:43:49.755013713
107.6563,4,13:43:49.755141156
107.6563,10,13:43:49.755298778
107.6563,5,13:43:49.755518219
107.6563,16,13:43:49.756284359
107.6563,1,13:43:49.756473918
107.6719,1,13:43:49.756681078
107.6563,1,13:43:49.756863286
107.6563,81,13:43:49.757142585
107.6563,78,13:43:49.757424324
107.6563,9,13:43:49.757532852
107.6563,1,13:43:49.757944425
107.6563,1,13:43:49.760375046
107.6563,1,13:43:49.760736327
107.6563,43,13:43:49.760922565
107.6563,43,13:43:49.761041959
107.6563,42,13:43:49.761388926
107.6563,1,13:43:49.762803512
107.6563,1,13:43:49.763484537
107.6563,1,13:43:49.763530208
107.6563,1,13:43:49.763645270
107.6563,3,13:43:49.764176765
107.6563,20,13:43:49.765120352
107.6563,4,13:43:49.765165905
107.6563,42,13:43:49.765228694
107.6563,4,13:43:49.765274413
107.6563,1,13:43:49.765811502
107.6563,1,13:43:49.766435348
107.6563,1,13:43:49.766464997
107.6563,1,13:43:49.766539911
107.6563,5,13:43:49.766812566
107.6563,33,13:43:49.766867824
107.6563,31,13:43:49.767563989
107.6563,1,13:43:49.767631728
107.6563,1,13:43:49.768083065
107.6563,1,13:43:49.768168583
107.6563,1,13:43:49.768276509
107.6563,1,13:43:49.768316320
107.6563,10,13:43:49.769052726
107.6563,1,13:43:49.769115105
107.6563,1,13:43:49.769708304
107.6563,41,13:43:49.770479104
107.6563,1,13:43:49.770537239
107.6563,1,13:43:49.771173521
107.6563,1,13:43:49.771233119
107.6563,1,13:43:49.771516849
107.6563,1,13:43:49.779402653
107.6563,12,13:43:49.836438276
107.6563,2,13:43:49.836790392
107.6563,1,13:43:49.836826975
107.6563,9,13:43:49.836849609
107.6563,1,13:43:49.836978514
107.6563,3,13:43:49.837083180
107.6563,4,13:43:49.837109153
107.6563,5,13:43:50.651434408
107.6563,20,13:43:50.651651587
107.6563,1,13:43:50.651857303
107.6563,1,13:43:50.652013111
107.6563,1,13:43:50.773339237
107.6563,17,13:43:50.773398188
107.6563,5,13:43:50.773456254
107.6563,1,13:43:50.773627057
107.6563,5,13:43:50.782625991
107.6563,5,13:43:50.785510708
107.6563,84,13:43:52.159496843
107.6563,84,13:43:52.159783936
107.6563,86,13:43:52.159885465
107.6563,14,13:43:52.160094045
107.6563,3,13:43:52.160149163
107.6563,9,13:43:52.163960962
107.6563,1,13:43:53.185523832
107.6563,1,13:43:55.685582082
107.6563,2,13:43:58.205568745
107.6563,2,13:44:00.725511554
107.6563,1,13:44:01.145478141
107.6563,100,13:44:02.892549696
107.6563,1,13:44:02.892990204
107.6563,3,13:44:03.225811714
107.6563,50,13:44:03.537923277
107.6563,3,13:44:03.538334984
107.6563,2,13:44:03.538377100
107.6563,1,13:44:03.538490914
107.6563,12,13:44:03.538986271
107.6563,1,13:44:03.539520714
107.6563,1,13:44:03.665620827
107.6563,6,13:44:05.438250247
107.6563,4,13:44:05.745637598
107.6563,3,13:44:08.265537307
107.6563,230,13:44:08.274578322
107.6563,11,13:44:08.278209698
107.6563,1,13:44:08.278233679
107.6563,11,13:44:08.279703567
107.6563,2,13:44:08.279994182
107.6563,2,13:44:08.280942847
107.6563,5,13:44:08.285576019
107.6563,1,13:44:08.285781572
107.6563,10,13:44:08.286217523
107.6563,1,13:44:08.286381159
107.6563,14,13:44:08.286453992
107.6563,4,13:44:08.286500243
107.6563,1,13:44:08.286599368
107.6563,1,13:44:08.286700794
107.6563,1,13:44:08.286784034
107.6563,1,13:44:08.286841933
107.6563,17,13:44:08.286880276
107.6563,13,13:44:08.286993721
107.6563,1,13:44:08.287093791
107.6563,13,13:44:08.287276383
107.6563,1,13:44:08.287329904
107.6563,1,13:44:08.287469370
107.6563,1,13:44:08.287525435
107.6563,1,13:44:08.287611615
107.6563,1,13:44:08.287800729
107.6563,10,13:44:08.486569679
107.6563,1,13:44:08.486847138
107.6563,4,13:44:10.785536233
107.6563,1,13:44:10.785759310
107.6563,3,13:44:13.285543387
107.6563,75,13:44:14.034044005
107.6563,1,13:44:14.034315444
107.6563,1,13:44:14.034453770
107.6563,101,13:44:14.034799169
107.6563,3,13:44:14.045575383
107.6563,1,13:44:14.045769595
107.6563,2,13:44:16.565640026
107.6563,2,13:44:19.085624701
107.6563,1,13:44:21.216115593
107.6563,151,13:44:21.216466988
107.6563,1,13:44:21.219772233
107.6563,1,13:44:21.219792902
107.6563,1,13:44:21.220001735
107.6563,3,13:44:21.225523559
107.6563,3,13:44:23.725633866
107.6563,143,13:44:26.142643524
107.6406,60,13:44:29.121089894
107.6563,6,13:44:38.787804502
107.6406,17,13:44:52.652192719
107.6406,18,13:44:52.669268379
107.6406,16,13:44:52.721329129
107.6563,1,13:45:04.265088257
107.6563,30,13:45:06.296393179
107.6406,13,13:45:18.784269151
107.6563,2,13:45:19.262998405
107.6563,79,13:45:22.864843014
107.6406,14,13:45:27.879320168
107.6563,72,13:45:33.686499935
107.6563,200,13:45:34.328107918
107.6406,12,13:45:36.983002190
107.6563,2,13:45:37.090793056
107.6563,4,13:45:37.107710580
107.6563,42,13:45:37.108194315
107.6563,1,13:45:37.108420886
107.6563,1,13:45:37.108605632
107.6406,52,13:45:37.508653166
107.6406,80,13:45:37.757248807
107.6406,20,13:45:40.354744606
107.6563,4,13:45:43.192591518
107.6406,24,13:45:46.568466581
107.6563,3,13:45:49.298549355
107.6563,6,13:45:50.515247939
107.6406,4,13:45:55.741645109
107.6406,2,13:46:14.100114756
107.6563,1,13:46:17.927495081
107.6563,7,13:46:22.701684104
107.6563,1,13:46:22.702414906
107.6563,1,13:46:22.705861560
107.6406,3,13:46:25.620959907
107.6563,65,13:46:30.618945910
107.6563,1,13:46:30.620747562
107.6563,3,13:46:30.625620848
107.6563,4,13:46:34.613065896
107.6563,256,13:46:35.490314203
107.6563,1,13:46:35.491182534
107.6563,19,13:46:35.491236749
107.6563,1,13:46:35.491266164
107.6563,1,13:46:35.491297343
107.6563,6,13:46:35.491330335
107.6563,1,13:46:35.491354521
107.6563,1,13:46:35.491372544
107.6563,1,13:46:35.491416891
107.6563,1,13:46:35.491468265
107.6563,1,13:46:35.491499907
107.6563,1,13:46:35.491528439
107.6563,1,13:46:35.491556849
107.6563,1,13:46:35.491592162
107.6563,1,13:46:35.491632191
107.6563,1,13:46:35.491667062
107.6563,1,13:46:35.491703617
107.6563,1,13:46:35.491747964
107.6563,1,13:46:35.491812038
107.6563,1,13:46:35.491846470
107.6563,1,13:46:35.491877438
107.6563,1,13:46:35.491905566
107.6563,1,13:46:35.491935039
107.6563,1,13:46:35.491971375
107.6563,83,13:46:35.492534913
107.6563,1,13:46:35.494737886
107.6563,11,13:46:35.494991219
107.6563,3,13:46:35.496667684
107.6563,1,13:46:35.496752018
107.6563,4,13:46:35.497054054
107.6563,1,13:46:35.497152200
107.6563,1,13:46:35.497213373
107.6563,2,13:46:35.498260984
107.6563,1,13:46:35.498285580
107.6563,10,13:46:35.498307155
107.6563,1,13:46:35.498354416
107.6563,66,13:46:35.499444118
107.6563,1,13:46:35.499491134
107.6563,1,13:46:35.499515076
107.6563,1,13:46:35.499754150
107.6563,1,13:46:35.499816270
107.6563,13,13:46:35.499935494
107.6563,29,13:46:35.500151946
107.6563,17,13:46:35.500330741
107.6563,1,13:46:35.500664856
107.6563,1,13:46:35.500687177
107.6563,1,13:46:35.500750922
107.6563,2,13:46:35.500920452
107.6563,2,13:46:35.505606834
107.6563,1,13:46:36.030018615
107.6563,498,13:46:36.030268873
107.6563,14,13:46:36.036632678
107.6563,2,13:46:36.040046481
107.6563,16,13:46:36.042082538
107.6563,3,13:46:36.044400233
107.6563,16,13:46:36.047404693
107.6563,13,13:46:36.050346528
107.6563,3,13:46:36.052400531
107.6563,16,13:46:36.054363697
107.6563,13,13:46:36.057321811
107.6563,3,13:46:36.059413302
107.6563,16,13:46:36.062356082
107.6563,13,13:46:36.065406236
107.6563,3,13:46:36.068355771
107.6563,16,13:46:36.071340388
107.6563,16,13:46:36.074334992
107.6563,16,13:46:36.077421345
107.6563,16,13:46:36.080388884
107.6563,3,13:46:36.083377023
107.6563,13,13:46:36.086384172
107.6563,16,13:46:36.089383460
107.6563,6,13:46:36.092419177
107.6563,10,13:46:36.095383463
107.6563,16,13:46:36.098390010
107.6563,16,13:46:36.101423444
107.6563,3,13:46:36.104353890
107.6563,13,13:46:36.106345626
107.6563,16,13:46:36.108443368
107.6563,3,13:46:36.110325735
107.6563,13,13:46:36.113376863
107.6563,16,13:46:36.116367470
107.6563,3,13:46:36.118477883
107.6563,13,13:46:36.120410671
107.6563,16,13:46:36.122414129
107.6563,3,13:46:36.125421239
107.6563,16,13:46:36.128465486
107.6563,16,13:46:36.131501655
107.6563,3,13:46:36.134413756
107.6563,7,13:46:36.137364219
107.6563,5,13:46:36.144474698
107.6563,235,13:46:36.361792385
107.6563,3,13:46:38.025621770
107.6563,1,13:46:38.866749710
107.6563,2,13:46:40.545553844
107.6563,1,13:46:43.365640244
107.6563,1,13:46:45.885599777
107.6563,1,13:46:48.405612280
107.6563,1,13:46:48.773665051
107.6563,1,13:46:50.906048635
107.6563,1,13:46:50.906404982
107.6563,1,13:46:53.405622727
107.6563,6,13:46:55.046993704
107.6563,1,13:46:55.905609014
107.6563,1,13:46:58.425630990
107.6563,1,13:47:01.485738883
107.6563,1,13:47:04.005662413
107.6563,1,13:47:06.013916263
107.6563,1,13:47:06.505606251
107.6563,1,13:47:09.005873412
107.6563,2,13:47:11.525603380
107.6563,1,13:47:13.134819888
107.6563,1,13:47:15.765941708
107.6563,1,13:47:23.629241666
107.6563,2,13:47:23.629773549
107.6563,2,13:47:23.629818067
107.6563,2,13:47:23.629887896
107.6563,1,13:47:23.645732238
107.6563,1,13:47:32.473366408
107.6406,10,13:47:33.670056216
107.6563,26,13:47:34.775218509
107.6563,1,13:47:34.785526084
107.6563,1,13:47:37.285527289
107.6563,1,13:47:39.805529288
107.6563,1,13:47:41.060523349
107.6563,1,13:47:41.060814766
107.6563,1,13:47:43.117989305
107.6563,1,13:47:44.605617974
107.6563,1,13:47:44.638467310
107.6563,1,13:47:47.125572647
107.6563,100,13:47:50.601678284
107.6563,1,13:47:50.605594174
107.6563,1,13:47:53.125606513
107.6563,1,13:47:55.626126905
107.6563,1,13:48:00.325513501
107.6563,1,13:48:02.845762278
107.6563,1,13:48:03.062258323
107.6563,40,13:48:28.304861083
107.6406,2,13:48:30.897500758
107.6563,1,13:49:07.305456159
107.6406,3,13:50:00.006680774
107.6406,1,13:50:10.819136958
107.6406,1,13:50:10.852169682
107.6406,3,13:50:10.852511000
107.6563,150,13:50:28.506502108
107.6406,50,13:50:37.390632170
107.6563,1,13:50:37.401655218
107.6563,10,13:50:57.323534773
107.6563,66,13:50:58.934252353
107.6406,1,13:51:01.038987460
107.6563,1,13:51:06.230059062
107.6563,80,13:51:07.229449653
107.6563,1,13:51:15.442186000
107.6406,4,13:51:21.004780859
107.6563,65,13:51:29.815307464
107.6563,1785,13:51:29.817163227
107.6563,93,13:51:29.819904744
107.6563,19,13:51:29.820848186
107.6563,8,13:51:29.820883749
107.6563,16,13:51:29.821063526
107.6563,162,13:51:29.821462765
107.6563,86,13:51:29.822164815
107.6563,84,13:51:29.822877543
107.6563,46,13:51:29.823510282
107.6563,46,13:51:29.823774051
107.6563,46,13:51:29.824184270
107.6563,23,13:51:29.824202654
107.6563,2,13:51:29.835295674
107.6563,8,13:51:29.835910583
107.6563,8,13:51:29.836032396
107.6563,1,13:51:29.837431693
107.6563,1,13:51:29.837461388
107.6563,19,13:51:29.837506387
107.6563,7,13:51:29.842422993
107.6563,7,13:51:29.842589495
107.6563,7,13:51:29.842775026
107.6563,2,13:51:29.843019377
107.6563,6,13:51:29.843105349
107.6563,5,13:51:29.843179549
107.6719,7,13:51:29.864279776
107.6719,8,13:51:29.941397713
107.6719,1,13:51:31.384389634
107.6719,2,13:51:31.384788234
107.6719,2,13:51:31.385097703
107.6719,1,13:51:31.385389068
107.6719,5,13:51:31.385419449
107.6719,2,13:51:31.386593835
107.6719,2,13:51:31.386667353
107.6719,1,13:51:31.386710794
107.6719,1,13:51:31.386749550
107.6719,2,13:51:31.386821360
107.6719,9,13:51:31.386869274
107.6719,9,13:51:31.386928136
107.6719,10,13:51:31.387010506
107.6719,20,13:51:31.387096588
107.6719,1,13:51:31.387151763
107.6719,1,13:51:31.387185804
107.6719,3,13:51:31.387213923
107.6719,3,13:51:31.387257640
107.6719,9,13:51:31.387324445
107.6719,2,13:51:31.387324445
107.6719,1,13:51:31.387381134
107.6719,4,13:51:31.387404107
107.6719,2,13:51:31.387794886
107.6719,1,13:51:31.387971242
107.6719,1,13:51:31.389113489
107.6719,1,13:51:31.389233210
107.6719,1,13:51:31.389286497
107.6719,7,13:51:31.389358288
107.6719,10,13:51:31.389450497
107.6719,7,13:51:31.389540011
107.6719,2,13:51:31.389589370
107.6719,1,13:51:31.389733063
107.6719,1,13:51:31.390323533
107.6719,1,13:51:31.405591780
107.6719,2,13:51:31.408416695
107.6719,178,13:51:31.425956824
107.6719,1,13:51:31.426442811
107.6719,1,13:51:31.426621218
107.6719,1,13:51:31.426699908
107.6719,4,13:51:31.426796661
107.6719,2,13:51:31.426863527
107.6719,10,13:51:31.426982127
107.6719,1,13:51:31.427065870
107.6719,2,13:51:31.427172051
107.6719,5,13:51:31.427376174
107.6719,1,13:51:31.427407912
107.6719,2,13:51:31.427442729
107.6719,7,13:51:31.427502746
107.6719,1,13:51:31.427571970
107.6719,1,13:51:31.427600629
107.6719,1,13:51:31.427627206
107.6719,1,13:51:31.427646349
107.6719,1,13:51:31.427670516
107.6719,1,13:51:31.427695791
107.6719,1,13:51:31.427718344
107.6719,1,13:51:31.427743516
107.6719,1,13:51:31.427794925
107.6719,1,13:51:31.427820612
107.6719,1,13:51:31.427859205
107.6719,1,13:51:31.427898483
107.6719,1,13:51:31.427934601
107.6719,1,13:51:31.427958256
107.6719,1,13:51:31.427992033
107.6719,1,13:51:31.428032735
107.6719,1,13:51:31.428095023
107.6719,1,13:51:31.428125338
107.6719,1,13:51:31.428175198
107.6719,1,13:51:31.428197938
107.6719,1,13:51:31.428230121
107.6719,1,13:51:31.428378380
107.6719,2,13:51:31.428521810
107.6719,2,13:51:31.428560505
107.6719,1,13:51:31.428652117
107.6719,7,13:51:31.428706400
107.6719,2,13:51:31.428745466
107.6719,1,13:51:31.429729550
107.6719,46,13:51:31.431103222
107.6719,1,13:51:31.431344933
107.6719,1,13:51:31.431431677
107.6719,1,13:51:31.431687665
107.6719,187,13:51:31.432505202
107.6719,1,13:51:31.433150908
107.6719,1,13:51:31.433211428
107.6719,1,13:51:31.433266779
107.6719,1,13:51:31.433292808
107.6719,1,13:51:31.433318723
107.6719,1,13:51:31.433348518
107.6719,1,13:51:31.433373824
107.6719,1,13:51:31.433391572
107.6719,1,13:51:31.433412136
107.6719,1,13:51:31.433431128
107.6719,1,13:51:31.433452127
107.6719,1,13:51:31.433475334
107.6719,1,13:51:31.433532375
107.6719,1,13:51:31.433556097
107.6719,5,13:51:31.434884610
107.6719,1,13:51:31.436667037
107.6719,50,13:51:31.438413558
107.6719,1,13:51:31.444407241
107.6875,9,13:51:31.462606920
107.6719,1,13:51:32.764889963
107.6719,43,13:51:41.495163604
107.6719,42,13:51:41.495376453
107.6719,5,13:51:41.495742541
107.6719,92,13:51:41.496193142
107.6719,3,13:51:41.496299419
107.6719,42,13:51:41.496470238
107.6719,30,13:51:41.496511605
107.6719,92,13:51:41.496716599
107.6719,6,13:51:41.496813490
107.6719,46,13:51:41.496936459
107.6719,18,13:51:41.497707726
107.6719,205,13:51:41.497959858
107.6719,47,13:51:41.498941397
107.6719,86,13:51:41.499275924
107.6719,42,13:51:41.499471365
107.6719,26,13:51:41.499750105
107.6719,3,13:51:41.499777748
107.6719,1,13:51:41.499822348
107.6719,2,13:51:41.499848982
107.6719,60,13:51:41.500008254
107.6719,3,13:51:41.500049612
107.6719,1,13:51:41.500490972
107.6719,1,13:51:41.500523011
107.6719,1,13:51:41.500556214
107.6719,1,13:51:41.500587281
107.6719,1,13:51:41.500615592
107.6719,1,13:51:41.500646425
107.6719,1,13:51:41.500673513
107.6719,1,13:51:41.500705344
107.6719,1,13:51:41.500719822
107.6719,1,13:51:41.500753294
107.6719,1,13:51:41.500784335
107.6719,1,13:51:41.500822620
107.6719,1,13:51:41.500864880
107.6719,1,13:51:41.500919150
107.6719,1,13:51:41.500925185
107.6719,1,13:51:41.500956409
107.6719,1,13:51:41.500986842
107.6719,1,13:51:41.501029821
107.6719,1,13:51:41.501059940
107.6719,1,13:51:41.501120984
107.6719,1,13:51:41.501125180
107.6719,4,13:51:41.501177104
107.6719,1,13:51:41.501217322
107.6719,18,13:51:41.501286053
107.6719,3,13:51:41.503169935
107.6719,1,13:51:41.503201145
107.6719,1,13:51:41.504815187
107.6719,18,13:51:41.505265404
107.6719,5,13:51:41.506327439
107.6719,135,13:51:41.506463419
107.6719,4,13:51:41.507109857
107.6719,1,13:51:41.507396427
107.6719,4,13:51:41.507452060
107.6719,57,13:51:41.507954188
107.6719,1,13:51:41.508475837
107.6719,1,13:51:41.545089990
107.6719,1,13:51:41.545300519
107.6719,5,13:51:41.609053218
107.6719,6,13:51:41.877795665
107.6719,2,13:51:41.877865589
107.6719,110,13:51:41.878290126
107.6719,5,13:51:41.887708104
107.6719,72,13:51:41.887930999
107.6719,1,13:51:41.888219894
107.6719,1,13:51:41.888318945
107.6719,49,13:51:41.888796830
107.6719,340,13:51:41.891865484
107.6719,1,13:51:41.892028012
107.6719,5,13:51:41.894778448
107.6719,2,13:51:41.903762403
107.6719,27,13:51:41.904317686
107.6719,1,13:51:41.904522037
107.6719,121,13:51:41.904929754
107.6719,5,13:51:44.613414861
107.6719,1,13:51:44.613658969
107.6719,1,13:51:44.613741620
107.6719,159,13:51:44.614068446
107.6719,10,13:51:44.773616279
107.6719,1,13:51:47.225636757
107.6719,1,13:52:11.548987085
107.6719,1,13:52:15.716701893
107.6719,10,13:52:18.221077939
107.6563,10,13:52:22.131088604
107.6563,8,13:52:22.133926092
107.6563,16,13:52:22.133972509
107.6563,22,13:52:22.134025547
107.6563,50,13:52:22.134059435
107.6563,2,13:52:22.136118594
107.6563,3,13:52:22.137523144
107.6563,6,13:52:22.137601615
107.6563,4,13:52:22.137755456
107.6563,8,13:52:22.148615690
107.6563,2,13:52:22.148804603
107.6563,4,13:52:22.148942986
107.6563,10,13:52:22.157048484
107.6563,3,13:52:22.157331027
107.6563,2,13:52:22.182843132
107.6563,10,13:52:22.183158073
107.6563,2,13:52:22.223431188
107.6563,10,13:52:22.223750266
107.6563,2,13:52:22.249077599
107.6563,10,13:52:22.249301450
107.6563,4,13:52:22.278720286
107.6563,3,13:52:22.278795653
107.6563,5,13:52:22.278927156
107.6563,1,13:52:22.440258810
107.6563,2,13:52:22.440335432
107.6563,1,13:52:22.460400825
107.6563,4,13:52:22.460614158
107.6563,2,13:52:22.460683163
107.6563,1,13:52:22.460902781
107.6563,1,13:52:22.461460380
107.6563,2,13:52:22.461581562
107.6563,3,13:52:22.461613592
107.6563,2,13:52:22.461699184
107.6563,75,13:52:22.462168160
107.6563,2,13:52:22.462214225
107.6563,1,13:52:22.462381889
107.6563,20,13:52:22.462560213
107.6563,2,13:52:22.462606927
107.6563,2,13:52:22.462661098
107.6563,1,13:52:22.462716529
107.6563,1,13:52:22.465572837
107.6563,1,13:52:22.465602952
107.6563,5,13:52:22.480892211
107.6563,3,13:52:22.504227328
107.6563,3,13:52:22.514637063
107.6563,1,13:52:22.546471334
107.6563,7,13:52:22.546501678
107.6719,23,13:52:22.724816705
107.6563,42,13:52:23.183263839
107.6563,1,13:52:23.183293170
107.6563,1,13:52:23.183572914
107.6563,14,13:52:23.183764869
107.6563,14,13:52:23.183795999
107.6563,2,13:52:23.183820032
107.6563,4,13:52:23.183891999
107.6563,2,13:52:23.183925759
107.6563,43,13:52:23.183950640
107.6563,84,13:52:23.184168669
107.6563,4,13:52:23.184225741
107.6563,1,13:52:23.184249000
107.6563,8,13:52:23.184325533
107.6563,146,13:52:23.184664974
107.6563,18,13:52:23.185277095
107.6563,6,13:52:23.188185151
107.6563,1,13:52:23.188222403
107.6563,1,13:52:32.045665896
107.6563,75,13:52:32.964230065
107.6563,1,13:52:32.964691997
107.6563,5,13:52:32.964892993
107.6563,4,13:52:32.965029942
107.6563,2,13:52:32.965131554
107.6563,3,13:52:32.965218664
107.6563,1,13:52:32.965308819
107.6563,1,13:52:32.965793642
107.6563,41,13:52:32.965968452
107.6563,22,13:52:32.965998068
107.6563,17,13:52:32.966022516
107.6563,6,13:52:32.966039387
107.6563,22,13:52:32.966357092
107.6563,1,13:52:32.966465501
107.6563,2,13:52:32.966471297
107.6563,1,13:52:32.967008390
107.6563,1,13:52:32.967082919
107.6563,1,13:52:32.967235558
107.6563,2,13:52:32.967284536
107.6563,1,13:52:32.967315121
107.6563,2,13:52:32.967358565
107.6563,1,13:52:32.967394922
107.6563,1,13:52:32.967429089
107.6563,1,13:52:32.967484188
107.6563,1,13:52:32.969408985
107.6563,1,13:52:32.973023048
107.6563,53,13:52:32.980141523
107.6563,1,13:52:32.980408016
107.6563,1,13:52:32.980443796
107.6563,1,13:52:32.980474791
107.6563,1,13:52:32.980511317
107.6563,1,13:52:32.980541685
107.6563,1,13:52:32.980568502
107.6563,1,13:52:32.980628058
107.6563,1,13:52:32.980656945
107.6563,1,13:52:32.980692034
107.6563,1,13:52:32.980721058
107.6563,1,13:52:32.980777121
107.6563,1,13:52:32.980810936
107.6563,1,13:52:32.980838760
107.6563,1,13:52:32.980864908
107.6563,1,13:52:32.980934212
107.6563,1,13:52:32.980958567
107.6563,1,13:52:32.980994898
107.6563,1,13:52:32.981058042
107.6563,1,13:52:32.981185813
107.6563,1,13:52:32.981246159
107.6563,43,13:52:32.981325029
107.6563,1,13:52:32.981379373
107.6563,6,13:52:32.981553306
107.6563,5,13:52:32.982901630
107.6563,5,13:52:32.983002077
107.6563,1,13:52:32.983066831
107.6563,1,13:52:32.983217999
107.6563,1,13:52:32.992489910
107.6563,1,13:52:33.178831334
107.6563,67,13:52:33.179082221
107.6563,20,13:52:33.179135730
107.6563,30,13:52:34.247367743
107.6563,1,13:52:34.247579383
107.6563,1,13:52:34.247676814
107.6563,45,13:52:34.248193571
107.6563,1,13:52:34.250649752
107.6563,61,13:52:34.368800491
107.6563,1,13:52:34.368969148
107.6563,1,13:52:34.369002006
107.6563,1,13:52:34.369030794
107.6563,2,13:52:34.369165154
107.6563,1,13:52:34.369214567
107.6563,1,13:52:34.369273106
107.6563,1,13:52:34.369300105
107.6563,1,13:52:36.374765230
107.6563,1,13:52:41.173706727
107.6563,8,13:52:43.201993271
107.6563,100,13:52:48.011794984
107.6563,1,13:52:48.012060721
107.6563,1,13:52:48.012131230
107.6563,1,13:52:48.012169254
107.6563,86,13:52:48.012650569
107.6563,1,13:52:48.012972390
107.6563,7,13:52:48.013004234
107.6563,1,13:52:48.013055729
107.6563,10,13:52:48.013283465
107.6563,2,13:52:48.013317965
107.6563,3,13:52:48.013358836
107.6563,4,13:52:48.013423318
107.6563,2,13:52:48.013463728
107.6563,6,13:52:48.013527329
107.6563,20,13:52:48.014975860
107.6563,10,13:52:50.600381073
107.6563,9,13:52:50.601249890
107.6563,10,13:52:50.624263778
107.6563,9,13:52:50.627225444
107.6563,10,13:52:50.648220571
107.6563,9,13:52:50.651230638
107.6563,10,13:52:50.672249618
107.6563,9,13:52:50.675242834
107.6563,10,13:52:50.695270162
107.6563,9,13:52:50.699250319
107.6563,10,13:52:50.718284311
107.6563,9,13:52:50.722293976
107.6563,10,13:52:50.741275603
107.6563,9,13:52:50.746285304
107.6563,10,13:52:50.764320275
107.6563,2,13:53:12.781280856
107.6563,4,13:53:12.781369904
107.6563,2,13:53:12.781818310
107.6563,5,13:53:12.783952449
107.6563,2,13:53:12.783984901
107.6563,34,13:53:12.784052618
107.6563,62,13:53:12.784072436
107.6563,4,13:53:12.784214982
107.6563,287,13:53:12.785249263
107.6563,5,13:53:12.786081541
107.6563,4,13:53:12.786525186
107.6563,1,13:53:12.787196063
107.6563,1,13:53:12.787264221
107.6563,1,13:53:12.789232523
107.6563,1,13:53:12.789555452
107.6563,1,13:53:12.789953821
107.6563,1,13:53:12.789973082
107.6563,9,13:53:12.790098012
107.6563,1,13:53:12.790209970
107.6563,27,13:53:12.790457325
107.6563,22,13:53:12.793343735
107.6563,46,13:53:12.795710935
107.6563,1,13:53:12.795825958
107.6563,1,13:53:12.795894740
107.6563,1,13:53:12.795924642
107.6563,7,13:53:12.795991706
107.6563,1,13:53:12.796058064
107.6563,1,13:53:12.796089335
107.6563,32,13:53:12.796170445
107.6563,2,13:53:12.796176100
107.6563,14,13:53:12.796206212
107.6563,5,13:53:12.796241435
107.6563,5,13:53:12.796272805
107.6563,1,13:53:12.796298236
107.6563,2,13:53:12.796337863
107.6563,2,13:53:12.796377765
107.6563,1,13:53:12.796432761
107.6563,1,13:53:12.796485300
107.6563,83,13:53:12.797253049
107.6563,3,13:53:12.797376623
107.6563,1,13:53:12.797424131
107.6563,1,13:53:12.797529628
107.6563,1,13:53:12.797554834
107.6563,1,13:53:12.797643159
107.6563,1,13:53:12.797672795
107.6563,1,13:53:12.797700636
107.6563,1,13:53:12.797731984
107.6563,1,13:53:12.797762317
107.6563,1,13:53:12.797790929
107.6563,1,13:53:12.797820590
107.6563,1,13:53:12.797856534
107.6563,1,13:53:12.797877036
107.6563,7,13:53:12.798289755
107.6563,2,13:53:12.798335989
107.6563,5,13:53:12.798391623
107.6563,1,13:53:12.798840403
107.6563,2,13:53:12.799091151
107.6563,177,13:53:12.826958386
107.6563,4,13:53:19.168947882
107.6563,5,13:53:19.168994882
107.6563,2,13:53:19.169160140
107.6563,3,13:53:19.169622344
107.6563,3,13:53:19.185090041
107.6563,1,13:53:19.193045619
107.6563,1,13:53:22.498946307
107.6563,2,13:53:22.499229238
107.6563,750,13:53:22.500239607
107.6563,1,13:53:22.504066014
107.6563,1,13:53:22.504395287
107.6719,6,13:53:27.995949220
107.6719,1,13:53:43.505676137
107.6719,1,13:53:45.372167448
107.6719,2,13:53:45.372388855
107.6719,14,13:53:45.372713723
107.6719,8,13:53:45.372948822
107.6719,1,13:53:45.376841710
107.6719,1,13:53:46.342484633
107.6719,1,13:53:46.545648524
107.6563,10,13:53:47.398306211
107.6563,9,13:53:47.414203151
107.6563,10,13:53:47.421191462
107.6563,9,13:53:47.440183834
107.6563,10,13:53:47.445184863
107.6563,9,13:53:47.463188838
107.6563,10,13:53:47.468189450
107.6719,98,13:53:49.923952138
107.6719,2,13:53:50.005873573
107.6719,1,13:53:52.525556790
107.6719,30,13:54:00.472279708
107.6563,8,13:54:03.876130448
107.6719,2,13:54:05.864214083
107.6719,2,13:54:09.259229818
107.6719,2,13:54:09.260013158
107.6719,2,13:54:09.261431606
107.6719,5,13:54:09.352813793
107.6719,1,13:54:09.365602178
107.6719,1,13:54:23.862216468
107.6719,2,13:54:26.535248188
107.6563,19,13:54:27.980441141
107.6563,9,13:54:28.004339777
107.6563,10,13:54:28.004521179
107.6563,9,13:54:28.029310727
107.6563,10,13:54:28.031371817
107.6563,9,13:54:28.054377767
107.6563,10,13:54:28.057300236
107.6563,10,13:54:28.383565604
107.6719,5,13:54:30.688006659
107.6719,5,13:54:30.705119867
107.6719,5,13:54:30.725914734
107.6719,2,13:54:30.743335689
107.6719,1,13:54:30.743947083
107.6719,2,13:54:30.744813677
107.6719,5,13:54:30.762636611
107.6719,5,13:54:30.778423238
107.6719,3,13:54:30.795023397
107.6719,2,13:54:30.795292081
107.6719,3,13:54:30.813778462
107.6719,1,13:54:30.814117525
107.6719,1,13:54:30.815052341
107.6719,5,13:54:30.832437999
107.6719,5,13:54:30.848873158
107.6719,5,13:54:30.866821433
107.6719,30,13:54:31.417121034
107.6719,3,13:54:33.477578042
107.6719,500,13:54:35.796949993
107.6719,1,13:54:35.798793661
107.6719,76,13:54:35.799351663
107.6719,1,13:54:35.799531635
107.6719,10,13:54:35.799602887
107.6719,1,13:54:35.800911112
107.6719,5,13:54:35.800947682
107.6719,5,13:54:35.801196654
107.6719,1,13:54:35.801242802
107.6719,3,13:54:35.801308448
107.6719,2,13:54:35.801339082
107.6719,1,13:54:35.801428732
107.6719,1,13:54:35.801704161
107.6719,1,13:54:35.801740092
107.6719,1,13:54:35.802062808
107.6719,35,13:54:35.803234326
107.6719,1,13:54:35.805582761
107.6719,5,13:54:35.805658046
107.6719,21,13:54:35.809441290
107.6719,130,13:54:35.810442132
107.6719,1,13:54:35.810651686
107.6719,12,13:54:35.874995578
107.6719,4,13:54:38.305611298
107.6719,500,13:54:40.236046426
107.6719,3,13:54:40.237264127
107.6719,1,13:54:40.237508689
107.6719,4,13:54:40.237736044
107.6719,5,13:54:40.238409588
107.6719,1,13:54:40.238436615
107.6719,2,13:54:40.238453233
107.6719,1,13:54:40.580365969
107.6719,7,13:54:40.582097107
107.6719,4,13:54:40.825519496
107.6719,50,13:54:43.756392608
107.6719,1,13:54:43.765563455
107.6719,4,13:54:45.940609223
107.6719,2,13:54:46.285620496
107.6719,4,13:54:48.805583891
107.6719,5,13:54:51.325495951
107.6719,100,13:54:53.152783927
107.6719,1,13:54:53.152884095
107.6719,1,13:54:53.153279880
107.6719,5,13:54:53.153499055
107.6719,2,13:54:53.153676717
107.6719,1,13:54:53.153745783
107.6719,5,13:54:53.153802891
107.6719,2,13:54:53.153968284
107.6719,5,13:54:53.154022215
107.6719,82,13:54:53.154252724
107.6719,7,13:54:53.164857690
107.6719,12,13:54:53.165159450
107.6719,12,13:54:53.165236210
107.6719,71,13:54:53.165854069
107.6719,3,13:54:53.177247169
107.6719,1,13:54:53.354429534
107.6719,1,13:54:53.354473057
107.6719,1,13:54:53.358356041
107.6719,5,13:54:53.825616441
107.6719,5,13:54:56.345573095
107.6719,5,13:54:58.845629517
107.6719,5,13:54:59.591218328
107.6875,385,13:55:00.018889403
107.6719,115,13:55:00.018889403
107.6719,1,13:55:00.022247925
107.6719,2,13:55:00.024576091
107.6719,34,13:55:00.025384568
107.6875,40,13:55:00.025813946
107.6719,1,13:55:00.026278841
107.6719,1,13:55:00.026377717
107.6719,1,13:55:00.026651787
107.6719,1,13:55:00.026916550
107.6719,1,13:55:00.026935648
107.6719,1,13:55:00.027047660
107.6719,20,13:55:00.027718986
107.6719,9,13:55:00.028038602
107.6719,8,13:55:00.028538384
107.6719,1,13:55:00.028560158
107.6719,2,13:55:00.064423311
107.6719,2,13:55:00.064729164
107.6719,2,13:55:00.064970003
107.6719,2,13:55:00.065181329
107.6719,169,13:55:00.065499160
107.6719,6,13:55:00.065894789
107.6719,27,13:55:00.065990971
107.6719,106,13:55:00.066250311
107.6719,30,13:55:00.066695884
107.6719,4,13:55:00.066762097
107.6719,1,13:55:00.067278754
107.6719,1,13:55:00.095219037
107.6719,1,13:55:00.157816501
107.6719,2,13:55:00.246643401
107.6719,6,13:55:01.365623038
107.6719,13,13:55:06.735272416
107.6719,1,13:55:08.273441328
107.6719,12,13:55:11.679288727
107.6719,5,13:55:11.679508229
107.6719,12,13:55:11.703045007
107.6719,12,13:55:11.726058654
107.6719,12,13:55:11.749067219
107.6719,12,13:55:11.774062094
107.6719,12,13:55:11.798059969
107.6719,11,13:55:11.821082112
107.6719,12,13:55:11.844130290
107.6719,12,13:55:11.866115066
107.6719,11,13:55:11.888294630
107.6719,1,13:55:11.888903131
107.6719,1,13:55:11.889014599
107.6719,3,13:55:11.889073426
107.6719,4,13:55:11.890249848
107.6719,12,13:55:11.919222001
107.6719,12,13:55:11.942277578
107.6719,2,13:55:13.007304380
107.6719,1,13:55:15.011473771
107.6719,1,13:55:15.645560757
107.6719,1,13:55:18.165634642
107.6719,1,13:55:19.206034637
107.6719,1,13:55:20.665614320
107.6719,1,13:55:23.165509102
107.6719,1,13:55:25.665547241
107.6719,6,13:55:29.546322631
107.6719,1,13:55:30.011960871
107.6719,176,13:55:33.623970158
107.6719,7,13:55:33.624126084
107.6719,2,13:55:33.624795394
107.6719,1,13:55:33.624878582
107.6719,3,13:55:33.625242174
107.6719,5,13:55:33.625602908
107.6719,2,13:55:33.625659126
107.6719,4,13:55:33.625729031
107.6719,7,13:55:33.625939433
107.6719,1,13:55:33.625966361
107.6719,3,13:55:33.626135245
107.6719,2,13:55:33.626198564
107.6719,2,13:55:33.626275279
107.6719,3,13:55:33.626289609
107.6719,1,13:55:33.626862174
107.6719,7,13:55:33.627050754
107.6719,7,13:55:33.627657723
107.6719,1,13:55:36.145532335
107.6563,2,13:55:37.237577156
107.6563,1,13:55:37.237715534
107.6563,36,13:55:40.872994831
107.6563,61,13:55:40.873802493
107.6563,3,13:55:40.874020048
107.6563,351,13:55:40.874261254
107.6563,34,13:55:40.903813992
107.6563,5,13:55:40.907079732
107.6563,13,13:55:43.106053251
107.6563,1,13:55:45.011800707
107.6563,3,13:55:46.918368316
107.6563,5,13:55:47.312622909
107.6563,1,13:55:47.313041963
107.6563,10,13:55:47.313954164
107.6563,4,13:55:47.314936715
107.6563,1,13:55:47.318181040
107.6563,2,13:55:47.319023562
107.6563,3,13:55:47.376832648
107.6406,8,13:55:48.272525562
107.6563,10,13:55:57.112090933
107.6563,1,13:56:00.012272766
107.6563,1,13:56:00.925592691
107.6563,1,13:56:00.926453031
107.6563,4,13:56:01.500370155
107.6563,3,13:56:02.857433105
107.6563,3,13:56:02.857473252
107.6563,12,13:56:02.863119743
107.6563,5,13:56:02.864152244
107.6563,27,13:56:02.865087760
107.6563,1,13:56:02.865376086
107.6563,657,13:56:02.865629623
107.6563,96,13:56:02.872125239
107.6719,1,13:56:02.885823529
107.6563,10,13:56:02.892034281
107.6719,23,13:56:02.899508927
107.6719,66,13:56:02.904023776
107.6719,5,13:56:02.904352381
107.6719,7,13:56:02.904389959
107.6719,5,13:56:02.904436879
107.6719,5,13:56:02.904470912
107.6719,7,13:56:02.904506317
107.6719,7,13:56:02.904546814
107.6719,7,13:56:02.904587823
107.6719,7,13:56:02.904624672
107.6719,7,13:56:02.904828362
107.6719,6,13:56:02.905026235
107.6719,1,13:56:02.905232294
107.6719,10,13:56:02.914681844
107.6719,5,13:56:02.948068030
107.6719,1,13:56:03.023836965
107.6563,23,13:56:05.303213804
107.6563,23,13:56:05.303940356
107.6563,23,13:56:05.304409303
107.6563,23,13:56:05.305254674
107.6563,23,13:56:05.306754797
107.6563,23,13:56:05.308060999
107.6563,23,13:56:05.311726078
107.6563,23,13:56:05.312225809
107.6563,23,13:56:05.312637260
107.6563,23,13:56:05.313078876
107.6563,2,13:56:05.313518213
107.6563,1,13:56:05.861963677
107.6563,120,13:56:08.575073847
107.6719,41,13:56:09.872083509
107.6719,1,13:56:09.872894219
107.6719,10,13:56:09.873768785
107.6719,12,13:56:09.873919264
107.6719,7,13:56:09.874064115
107.6719,3,13:56:09.874095370
107.6719,16,13:56:09.874153047
107.6719,4,13:56:09.874192185
107.6719,2,13:56:09.874294427
107.6719,2,13:56:09.874514847
107.6719,5,13:56:09.874641909
107.6719,4,13:56:09.874707309
107.6719,4,13:56:09.874875460
107.6719,4,13:56:09.875011862
107.6719,20,13:56:09.875249043
107.6719,1,13:56:09.875619929
107.6719,1,13:56:09.876534846
107.6719,31,13:56:09.876948685
107.6719,34,13:56:09.877083158
107.6719,5,13:56:09.878160310
107.6719,5,13:56:09.878389876
107.6719,6,13:56:09.884823902
107.6719,5,13:56:09.884882899
107.6719,40,13:56:09.886839281
107.6719,7,13:56:09.887551819
107.6719,1,13:56:09.887610957
107.6719,5,13:56:09.887661007
107.6719,13,13:56:09.888122234
107.6719,1,13:56:09.888451033
107.6719,51,13:56:09.888854387
107.6719,10,13:56:09.889211284
107.6719,1,13:56:09.889348717
107.6719,1,13:56:10.357622869
107.6719,75,13:56:11.032671463
107.6719,1,13:56:11.032974525
107.6719,4,13:56:11.033527308
107.6719,3,13:56:11.033736656
107.6719,5,13:56:11.034482337
107.6719,4,13:56:11.034554336
107.6719,1,13:56:11.035042186
107.6719,64,13:56:11.037700515
107.6719,1,13:56:11.037768983
107.6719,1,13:56:11.037997481
107.6719,1,13:56:11.845037504
107.6719,6,13:56:13.025566893
107.6719,1,13:56:15.012668137
107.6719,5,13:56:15.545510610
107.6719,1,13:56:19.204091776
107.6719,1,13:56:20.125593006
107.6719,1,13:56:23.845605921
107.6719,1,13:56:26.545556410
107.6563,50,13:56:27.542654993
107.6719,6,13:56:28.616665260
107.6719,1,13:56:28.800822050
107.6719,1,13:56:30.011948371
107.6719,400,13:56:34.397456061
107.6719,1,13:56:34.405628091
107.6719,65,13:56:38.494423279
107.6719,2,13:56:38.505622922
107.6719,5,13:56:43.573151815
107.6719,1,13:56:44.251262009
107.6719,1,13:56:45.012992251
107.6719,20,13:56:45.388426162
107.6719,10,13:56:45.678471356
107.6563,5,13:56:45.880085000
107.6563,2,13:56:53.373041422
107.6563,1,13:56:53.559661335
107.6719,35,13:56:55.266547317
107.6719,6,13:56:58.150994793
107.6719,1,13:57:00.012967767
107.6563,17,13:57:01.118398033
107.6563,30,13:57:01.122801473
107.6563,26,13:57:01.800994718
107.6563,164,13:57:01.801335012
107.6563,100,13:57:01.818826571
107.6563,1,13:57:01.819031622
107.6563,1,13:57:01.819313122
107.6563,121,13:57:01.819401633
107.6563,5,13:57:01.819885678
107.6563,1,13:57:01.820292444
107.6563,2,13:57:01.822392608
107.6563,2,13:57:01.836571776
107.6563,1,13:57:01.836759230
107.6563,1,13:57:01.836964572
107.6563,20,13:57:02.519969316
107.6563,10,13:57:04.924647020
107.6563,208,13:57:04.925170832
107.6563,1,13:57:04.926807188
107.6563,1,13:57:04.944903709
107.6563,129,13:57:04.964453303
107.6563,1,13:57:04.964807751
107.6563,26,13:57:04.964992948
107.6563,1,13:57:04.965123441
107.6563,7,13:57:04.965196332
107.6563,2,13:57:04.965279048
107.6563,20,13:57:04.965524735
107.6563,2,13:57:04.966148630
107.6563,35,13:57:04.968190440
107.6563,58,13:57:05.006196671
107.6563,1,13:57:05.006961029
107.6563,1,13:57:05.007187811
107.6563,1,13:57:05.027572125
107.6563,1,13:57:05.048040694
107.6563,1,13:57:05.188275510
107.6563,2,13:57:05.208738044
107.6563,2,13:57:05.209420396
107.6563,29,13:57:05.531588199
107.6563,1,13:57:05.531914666
107.6563,1,13:57:05.532020936
107.6563,8,13:57:08.389802126
107.6563,1,13:57:08.390656805
107.6563,1,13:57:08.392043089
107.6563,1,13:57:08.409651249
107.6563,34,13:57:08.428915595
107.6563,49,13:57:08.528317718
107.6563,1,13:57:08.528622886
107.6563,35,13:57:08.547625060
107.6563,28,13:57:08.548675388
107.6563,2,13:57:08.548919259
107.6563,2,13:57:09.029775062
107.6563,1,13:57:09.629097111
107.6563,2,13:57:09.629363513
107.6563,32,13:57:09.629604491
107.6563,1,13:57:09.629949240
107.6563,5,13:57:09.630109381
107.6563,4,13:57:09.651609839
107.6563,1,13:57:11.633927505
107.6563,2,13:57:11.634023305
107.6563,1,13:57:11.634056525
107.6563,2,13:57:11.634263538
107.6563,2,13:57:11.634371159
107.6563,3,13:57:13.025554937
107.6563,2,13:57:13.418986037
107.6563,2,13:57:13.419108290
107.6563,1,13:57:13.419187821
107.6563,1,13:57:13.484538562
107.6563,1,13:57:15.014690251
107.6563,10,13:57:20.064649312
107.6563,1,13:57:20.065595923
107.6563,6,13:57:20.557297468
107.6563,3,13:57:22.585642527
107.6563,4,13:57:25.085571819
107.6563,4,13:57:27.605642068
107.6563,10,13:57:27.646516508
107.6563,1,13:57:27.646849174
107.6563,69,13:57:27.874584422
107.6563,3,13:57:27.875921969
107.6563,31,13:57:27.893653363
107.6563,20,13:57:27.913114266
107.6563,1,13:57:27.913363119
107.6563,6,13:57:27.913906663
107.6563,1,13:57:27.914618671
107.6563,1,13:57:27.914849991
107.6563,5,13:57:28.847036599
107.6563,1,13:57:28.847207566
107.6563,1,13:57:28.847376193
107.6563,19,13:57:28.886850057
107.6563,27,13:57:28.906051420
107.6563,17,13:57:28.925521602
107.6719,1,13:57:30.014430791
107.6563,1,13:57:31.700364947
107.6563,1,13:57:31.700621605
107.6563,1,13:57:31.707821193
107.6563,36,13:57:31.708193773
107.6563,2,13:57:31.708358967
107.6563,14,13:57:31.709102506
107.6563,5,13:57:31.709354731
107.6563,2,13:57:31.711664906
107.6563,2,13:57:31.711728267
107.6563,160,13:57:32.617734415
107.6563,1,13:57:32.619147669
107.6719,175,13:57:36.420300210
107.6719,4,13:57:36.420870609
107.6719,2,13:57:36.421779107
107.6719,1,13:57:36.421862481
107.6719,29,13:57:36.422456478
107.6719,4,13:57:36.422728617
107.6719,1,13:57:36.422936148
107.6719,31,13:57:36.423066413
107.6719,1,13:57:36.425143268
107.6719,3,13:57:36.436267201
107.6719,13,13:57:36.443013160
107.6719,2,13:57:37.473154243
107.6719,31,13:57:38.826198859
107.6719,1,13:57:38.826456894
107.6719,2,13:57:38.826558328
107.6719,16,13:57:38.826687963
107.6719,1,13:57:38.827450274
107.6719,2,13:57:38.827533779
107.6719,19,13:57:39.643033292
107.6719,1,13:57:45.016137136
107.6719,5,13:57:45.719690844
107.6719,1,13:57:48.169996165
107.6719,13,13:57:49.687994445
107.6563,107,13:57:52.020051544
107.6563,31,13:57:53.546338132
107.6563,36,13:57:53.546389221
107.6563,5,13:57:53.547597546
107.6563,4,13:57:53.547819451
107.6563,5,13:57:53.547865618
107.6563,5,13:57:53.548724049
107.6563,2,13:57:53.549573558
107.6563,9,13:57:53.549741170
107.6563,1,13:57:53.550753700
107.6563,1,13:57:53.552362129
107.6563,16,13:57:53.552714977
107.6563,2,13:57:53.554683522
107.6563,3,13:57:53.554927864
107.6563,7,13:57:53.555330841
107.6563,2,13:57:53.555952031
107.6563,3,13:57:53.555972445
107.6563,6,13:57:53.556450826
107.6563,1,13:57:53.556518958
107.6563,3,13:57:53.557081375
107.6563,2,13:57:53.557233648
107.6563,7,13:57:53.557894880
107.6563,2,13:57:53.558150527
107.6563,28,13:57:53.568061408
107.6563,13,13:57:53.568840095
107.6563,1,13:57:53.569223098
107.6563,2,13:57:53.569828951
107.6563,7,13:57:53.570029630
107.6563,14,13:57:54.665215259
107.6563,2,13:57:54.666855701
107.6563,2,13:57:54.667415437
107.6563,4,13:57:55.006204384
107.6563,2,13:57:55.008516725
107.6563,4,13:57:55.010393956
107.6563,2,13:57:55.011329383
107.6563,1,13:57:55.011379042
107.6563,4,13:57:55.011810369
107.6563,1,13:57:55.252034794
107.6563,10,13:57:55.253497889
107.6563,7,13:57:55.253853540
107.6563,4,13:57:55.254530748
107.6563,1,13:57:56.670369127
107.6563,1,13:57:56.673711818
107.6563,60,13:57:56.674276217
107.6563,1,13:57:56.674568354
107.6563,207,13:57:58.851347780
107.6563,1,13:57:58.851390827
107.6563,16,13:57:58.851416197
107.6563,5,13:57:59.078634727
107.6719,1,13:58:00.015186281
107.6563,4,13:58:00.509046170
107.6563,51,13:58:00.509645642
107.6563,2,13:58:00.510127482
107.6563,4,13:58:00.510972629
107.6563,3,13:58:00.511829961
107.6563,3,13:58:00.512022544
107.6563,14,13:58:00.606426715
107.6563,1,13:58:00.794589291
107.6563,1,13:58:01.125667536
107.6563,9,13:58:01.696241343
107.6563,9,13:58:01.698085436
107.6563,46,13:58:01.698329329
107.6563,4,13:58:01.698522385
107.6563,4,13:58:01.704601359
107.6563,1,13:58:01.704729496
107.6563,1,13:58:01.705369144
107.6563,133,13:58:02.208890619
107.6563,2,13:58:02.210467982
107.6563,1,13:58:02.210517071
107.6563,1,13:58:02.211599579
107.6563,4,13:58:02.212269673
107.6563,1,13:58:02.242689428
107.6719,1,13:58:05.283729109
107.6719,1,13:58:06.246045335
107.6563,25,13:58:08.154659219
107.6563,4,13:58:08.161872478
107.6563,2,13:58:08.162843073
107.6563,2,13:58:08.163320804
107.6563,2,13:58:08.163448007
107.6563,2,13:58:08.164192438
107.6563,2,13:58:08.164227386
107.6563,2,13:58:08.164269288
107.6563,7,13:58:08.164295780
107.6563,1,13:58:08.164327195
107.6563,4,13:58:08.164731246
107.6563,2,13:58:08.165239605
107.6563,2,13:58:08.165433055
107.6563,6,13:58:08.165527272
107.6563,1,13:58:08.170392832
107.6563,3,13:58:08.428374017
107.6563,11,13:58:08.428675366
107.6563,7,13:58:08.993203756
107.6719,4,13:58:09.414605943
107.6563,5,13:58:09.420763005
107.6563,1,13:58:09.424227520
107.6563,1,13:58:09.424283998
107.6563,2,13:58:09.424736433
107.6563,4,13:58:11.256207233
107.6563,2,13:58:11.256428997
107.6563,4,13:58:11.656770373
107.6563,17,13:58:11.656896417
107.6563,3,13:58:11.657379822
107.6563,8,13:58:13.025605223
107.6563,18,13:58:13.026160280
107.6563,1,13:58:13.027046778
107.6563,4,13:58:13.027879153
107.6563,1,13:58:13.029372482
107.6563,5,13:58:13.029603399
107.6719,1,13:58:15.016746677
107.6563,10,13:58:17.996961857
107.6563,102,13:58:17.997311923
107.6563,2,13:58:17.998510955
107.6563,1,13:58:18.020387021
107.6563,40,13:58:18.020782261
107.6563,2,13:58:18.021372379
107.6563,1,13:58:18.021497959
107.6563,1,13:58:18.021577858
107.6563,1,13:58:19.395008984
107.6563,11,13:58:19.480169292
107.6563,4,13:58:19.480943698
107.6563,2,13:58:19.481343101
107.6563,2,13:58:19.481582565
107.6563,2,13:58:20.448351831
107.6563,1,13:58:20.448419368
107.6563,3,13:58:20.448577934
107.6563,62,13:58:20.448684042
107.6563,4,13:58:20.450366067
107.6563,1,13:58:20.450918116
107.6563,15,13:58:20.650246073
107.6563,4,13:58:21.643512299
107.6563,1,13:58:21.919792666
107.6719,1,13:58:30.015383300
107.6719,2,13:58:30.059105569
107.6719,100,13:58:32.824936718
107.6719,3,13:58:32.825618248
107.6719,182,13:58:44.759596201
107.6719,4,13:58:44.763873703
107.6719,3,13:58:44.764732805
107.6719,2,13:58:44.764813350
107.6719,20,13:58:44.765261506
107.6719,2,13:58:44.768171783
107.6719,2,13:58:44.770234077
107.6719,1,13:58:45.015822137
107.6563,100,13:58:47.365025596
107.6563,71,13:58:47.380752946
107.6563,1,13:58:47.381198283
107.6563,11,13:58:47.382166825
107.6563,46,13:58:47.382585226
107.6563,1,13:58:47.382622030
107.6563,1,13:58:47.382648837
107.6563,8,13:58:47.382920845
107.6563,1,13:58:47.395704806
107.6563,1,13:58:47.729668193
107.6719,40,13:58:48.134514518
107.6719,2,13:58:48.134910530
107.6563,51,13:58:50.608223189
107.6719,1,13:58:52.574327972
107.6719,1,13:58:53.865872639
107.6563,19,13:58:53.888201877
107.6719,1,13:58:58.100471437
107.6563,5,13:58:58.429506784
107.6563,1,13:58:58.429536136
107.6563,74,13:58:58.430271520
107.6563,1,13:58:58.431095265
107.6563,2,13:58:58.431240320
107.6563,2,13:58:58.431885024
107.6563,6,13:58:58.432327469
107.6563,2,13:58:58.432440764
107.6563,14,13:58:58.448315305
107.6563,2,13:58:58.448596367
107.6406,28,13:58:58.637882937
107.6563,45,13:58:59.398090124
107.6563,34,13:58:59.398238236
107.6563,18,13:58:59.398336113
107.6563,2,13:58:59.399353411
107.6563,2,13:58:59.400723192
107.6563,12,13:58:59.409623832
107.6719,88,13:58:59.409623832
107.6563,1,13:58:59.421826526
107.6563,1,13:58:59.427943130
107.6563,18,13:58:59.442664904
107.6563,1,13:58:59.443423666
107.6563,3,13:58:59.467662048
107.6563,10,13:58:59.467928009
107.6563,2,13:58:59.468540559
107.6563,2,13:58:59.537274233
