bidVolume,bidPrice,askVolume,askPrice,timestamp
11,109.86,81,109.87,10:00:00.314686694
12,109.86,81,109.87,10:00:01.303506024
11,109.86,81,109.87,10:00:01.446804464
11,109.86,91,109.87,10:00:02.003228125
11,109.86,99,109.87,10:00:02.003293693
6,109.86,99,109.87,10:00:02.050904066
7,109.86,99,109.87,10:00:03.281214247
9,109.86,99,109.87,10:00:04.270068966
7,109.86,99,109.87,10:00:04.684067311
6,109.86,99,109.87,10:00:04.684112542
10,109.86,99,109.87,10:00:05.258907362
14,109.86,99,109.87,10:00:06.247777848
52,109.86,99,109.87,10:00:06.799335989
14,109.86,99,109.87,10:00:07.951528788
10,109.86,99,109.87,10:00:07.952308806
6,109.86,99,109.87,10:00:07.953483455
14,109.86,99,109.87,10:00:08.225483168
6,109.86,99,109.87,10:00:08.438209882
20,109.86,99,109.87,10:00:08.543366685
15,109.86,99,109.87,10:00:10.554398138
14,109.86,99,109.87,10:00:10.554398138
11,109.86,99,109.87,10:00:10.554398138
106,109.85,99,109.87,10:00:10.554727706
106,109.85,1,109.86,10:00:10.554727706
106,109.85,42,109.86,10:00:10.554847442
106,109.85,53,109.86,10:00:10.555095645
106,109.85,52,109.86,10:00:10.555228157
106,109.85,61,109.86,10:00:10.555228157
106,109.85,50,109.86,10:00:10.555546957
105,109.85,50,109.86,10:00:10.555623037
105,109.85,41,109.86,10:00:10.555623037
105,109.85,99,109.87,10:00:10.556097741
105,109.85,108,109.87,10:00:10.556435894
107,109.85,108,109.87,10:00:10.566159596
109,109.85,108,109.87,10:00:10.566233810
109,109.85,22,109.86,10:00:10.651885379
103,109.85,22,109.86,10:00:10.651885379
99,109.85,22,109.86,10:00:10.651907628
95,109.85,22,109.86,10:00:10.651907628
79,109.85,22,109.86,10:00:10.651907628
69,109.85,22,109.86,10:00:10.651907628
62,109.85,22,109.86,10:00:10.652424710
62,109.85,23,109.86,10:00:10.652424710
62,109.85,31,109.86,10:00:10.652450223
62,109.85,42,109.86,10:00:10.652450223
62,109.85,84,109.86,10:00:10.652744238
62,109.85,95,109.86,10:00:10.652773797
54,109.85,95,109.86,10:00:10.652989004
40,109.85,95,109.86,10:00:10.653357912
10,109.85,95,109.86,10:00:10.653357912
19,109.85,95,109.86,10:00:10.660282820
10,109.85,95,109.86,10:00:10.662863797
9,109.85,95,109.86,10:00:10.663828532
8,109.85,95,109.86,10:00:10.663920417
17,109.85,95,109.86,10:00:10.673210221
25,109.85,95,109.86,10:00:10.677496306
17,109.85,95,109.86,10:00:10.677768509
52,109.85,95,109.86,10:00:10.770282106
17,109.85,95,109.86,10:00:10.857289297
8,109.85,95,109.86,10:00:10.964349011
9,109.85,95,109.86,10:00:11.911538778
9,109.85,96,109.86,10:00:11.911606560
9,109.85,97,109.86,10:00:11.911606560
11,109.85,97,109.86,10:00:12.154927347
20,109.85,97,109.86,10:00:12.155219414
20,109.85,86,109.86,10:00:12.155428845
20,109.85,64,109.86,10:00:12.156170025
56,109.85,64,109.86,10:00:12.156474696
57,109.85,64,109.86,10:00:12.156474696
65,109.85,64,109.86,10:00:12.156661545
65,109.85,53,109.86,10:00:12.157038216
81,109.85,53,109.86,10:00:12.157599531
81,109.85,52,109.86,10:00:12.162027794
90,109.85,52,109.86,10:00:12.162706766
90,109.85,10,109.86,10:00:12.162706766
90,109.85,2,109.86,10:00:12.162789553
90,109.85,1,109.86,10:00:12.165944060
90,109.85,116,109.87,10:00:12.167097864
90,109.85,117,109.87,10:00:12.167239777
90,109.85,118,109.87,10:00:12.167471629
91,109.85,118,109.87,10:00:12.167898384
92,109.85,118,109.87,10:00:12.167898384
91,109.85,118,109.87,10:00:12.179952357
90,109.85,118,109.87,10:00:12.179952357
90,109.85,120,109.87,10:00:15.005762978
90,109.85,121,109.87,10:00:15.010286306
25,109.86,121,109.87,10:00:16.783876787
42,109.86,121,109.87,10:00:16.784093489
51,109.86,121,109.87,10:00:16.784171940
44,109.86,121,109.87,10:00:16.784270311
35,109.86,121,109.87,10:00:16.784504094
18,109.86,121,109.87,10:00:16.788002452
90,109.85,121,109.87,10:00:16.788002452
93,109.85,121,109.87,10:00:16.798601942
95,109.85,121,109.87,10:00:16.799300012
97,109.85,121,109.87,10:00:16.799375471
100,109.85,121,109.87,10:00:16.799600621
97,109.85,121,109.87,10:00:16.853378788
100,109.85,121,109.87,10:00:16.871418074
97,109.85,121,109.87,10:00:16.898617998
94,109.85,121,109.87,10:00:16.909868554
104,109.85,121,109.87,10:00:17.125153896
94,109.85,121,109.87,10:00:18.236236581
98,109.85,121,109.87,10:00:19.102867609
94,109.85,121,109.87,10:00:19.978503739
28,109.86,121,109.87,10:00:20.013143369
42,109.86,121,109.87,10:00:20.013278521
45,109.86,121,109.87,10:00:20.013420819
42,109.86,121,109.87,10:00:20.013572425
43,109.86,121,109.87,10:00:21.117483350
44,109.86,121,109.87,10:00:21.117882204
45,109.86,121,109.87,10:00:21.118039388
44,109.86,121,109.87,10:00:21.121998902
43,109.86,121,109.87,10:00:21.140940984
43,109.86,111,109.87,10:00:23.308925837
43,109.86,103,109.87,10:00:23.308925837
44,109.86,103,109.87,10:00:23.309285695
45,109.86,103,109.87,10:00:23.309350432
53,109.86,103,109.87,10:00:23.381718986
68,109.86,103,109.87,10:00:23.428233251
72,109.86,103,109.87,10:00:23.428306787
72,109.86,102,109.87,10:00:23.440457515
72,109.86,103,109.87,10:00:23.441231978
72,109.86,102,109.87,10:00:23.441403226
74,109.86,102,109.87,10:00:23.441547175
74,109.86,60,109.87,10:00:23.442052253
74,109.86,51,109.87,10:00:23.442268246
74,109.86,52,109.87,10:00:23.442440243
74,109.86,44,109.87,10:00:23.442543144
74,109.86,34,109.87,10:00:23.442543144
74,109.86,23,109.87,10:00:23.442543144
74,109.86,15,109.87,10:00:23.442698664
83,109.86,15,109.87,10:00:23.442852166
83,109.86,23,109.87,10:00:23.459047319
83,109.86,32,109.87,10:00:23.467908542
83,109.86,66,109.87,10:00:23.546635088
74,109.86,66,109.87,10:00:23.549552686
66,109.86,66,109.87,10:00:23.551524198
64,109.86,66,109.87,10:00:23.551647366
64,109.86,74,109.87,10:00:23.551752246
64,109.86,76,109.87,10:00:23.551898678
60,109.86,76,109.87,10:00:23.579354082
45,109.86,76,109.87,10:00:23.579354082
44,109.86,76,109.87,10:00:23.579521813
45,109.86,76,109.87,10:00:23.736287043
53,109.86,76,109.87,10:00:24.689202192
69,109.86,76,109.87,10:00:24.689346012
69,109.86,74,109.87,10:00:24.689559655
69,109.86,66,109.87,10:00:24.689559655
69,109.86,32,109.87,10:00:24.689667183
69,109.86,23,109.87,10:00:24.689877564
69,109.86,15,109.87,10:00:24.692904506
69,109.86,23,109.87,10:00:24.702483516
69,109.86,32,109.87,10:00:24.702857718
69,109.86,34,109.87,10:00:24.703032502
61,109.86,34,109.87,10:00:24.704155710
61,109.86,32,109.87,10:00:24.746274797
61,109.86,67,109.87,10:00:24.791506925
61,109.86,77,109.87,10:00:24.791650701
61,109.86,42,109.87,10:00:24.930423847
61,109.86,33,109.87,10:00:25.226240565
61,109.86,23,109.87,10:00:25.226414894
61,109.86,15,109.87,10:00:25.226750484
62,109.86,15,109.87,10:00:25.237728733
61,109.86,15,109.87,10:00:25.239500101
62,109.86,15,109.87,10:00:25.287970700
63,109.86,15,109.87,10:00:25.367771027
63,109.86,14,109.87,10:00:25.368758607
63,109.86,12,109.87,10:00:25.368829414
73,109.86,12,109.87,10:00:25.368982377
73,109.86,13,109.87,10:00:25.369139967
73,109.86,14,109.87,10:00:25.369139967
73,109.86,15,109.87,10:00:25.369242834
73,109.86,14,109.87,10:00:25.369586245
73,109.86,13,109.87,10:00:25.370732161
73,109.86,14,109.87,10:00:25.370960686
73,109.86,13,109.87,10:00:25.371124448
73,109.86,12,109.87,10:00:25.371262942
73,109.86,13,109.87,10:00:25.371458068
73,109.86,14,109.87,10:00:25.371634199
73,109.86,13,109.87,10:00:25.371782250
73,109.86,12,109.87,10:00:25.371926671
73,109.86,13,109.87,10:00:25.372037354
73,109.86,14,109.87,10:00:25.372162605
73,109.86,13,109.87,10:00:25.373065206
73,109.86,12,109.87,10:00:25.373801775
73,109.86,13,109.87,10:00:25.374018034
73,109.86,14,109.87,10:00:25.376385869
73,109.86,15,109.87,10:00:25.376465888
73,109.86,14,109.87,10:00:25.420673347
73,109.86,15,109.87,10:00:25.458123020
73,109.86,14,109.87,10:00:25.471001834
73,109.86,13,109.87,10:00:25.471232194
73,109.86,14,109.87,10:00:25.474465915
73,109.86,13,109.87,10:00:25.672823596
73,109.86,12,109.87,10:00:25.673360917
73,109.86,11,109.87,10:00:25.674071962
73,109.86,10,109.87,10:00:25.674138673
73,109.86,9,109.87,10:00:25.674415021
73,109.86,10,109.87,10:00:25.677971458
73,109.86,11,109.87,10:00:25.677971458
73,109.86,10,109.87,10:00:25.678186309
73,109.86,11,109.87,10:00:25.678416480
73,109.86,10,109.87,10:00:25.678801661
73,109.86,9,109.87,10:00:25.679154170
73,109.86,10,109.87,10:00:25.683837633
73,109.86,11,109.87,10:00:25.684151886
73,109.86,12,109.87,10:00:25.687590542
73,109.86,11,109.87,10:00:25.711163639
73,109.86,10,109.87,10:00:25.711521966
73,109.86,11,109.87,10:00:25.713152952
73,109.86,12,109.87,10:00:25.713467970
73,109.86,11,109.87,10:00:25.714427355
73,109.86,10,109.87,10:00:25.714574882
73,109.86,12,109.87,10:00:25.719853944
73,109.86,10,109.87,10:00:25.741556252
73,109.86,9,109.87,10:00:25.741838449
74,109.86,9,109.87,10:00:25.747785725
74,109.86,11,109.87,10:00:25.761288887
74,109.86,12,109.87,10:00:25.767345283
74,109.86,11,109.87,10:00:25.787355048
74,109.86,9,109.87,10:00:25.787496971
74,109.86,10,109.87,10:00:25.790077929
74,109.86,11,109.87,10:00:25.790214016
74,109.86,10,109.87,10:00:25.792564411
74,109.86,9,109.87,10:00:25.792639380
74,109.86,10,109.87,10:00:25.829205703
74,109.86,11,109.87,10:00:25.829304468
74,109.86,12,109.87,10:00:25.829374276
73,109.86,12,109.87,10:00:25.840836118
73,109.86,11,109.87,10:00:25.852251742
73,109.86,10,109.87,10:00:25.852388070
73,109.86,12,109.87,10:00:25.858213430
73,109.86,10,109.87,10:00:25.884827175
73,109.86,11,109.87,10:00:25.916280778
73,109.86,12,109.87,10:00:25.916433258
73,109.86,11,109.87,10:00:25.933977851
73,109.86,12,109.87,10:00:25.967716540
73,109.86,11,109.87,10:00:25.983820046
73,109.86,10,109.87,10:00:25.983993051
73,109.86,9,109.87,10:00:25.984065799
73,109.86,10,109.87,10:00:26.012438531
73,109.86,12,109.87,10:00:26.012596269
73,109.86,10,109.87,10:00:26.015401921
73,109.86,9,109.87,10:00:26.015505473
73,109.86,10,109.87,10:00:26.093466660
73,109.86,11,109.87,10:00:26.093649796
73,109.86,10,109.87,10:00:26.117648092
73,109.86,9,109.87,10:00:26.117845750
74,109.86,9,109.87,10:00:26.364773029
74,109.86,7,109.87,10:00:26.368671473
74,109.86,5,109.87,10:00:26.368671473
74,109.86,3,109.87,10:00:26.368815224
74,109.86,2,109.87,10:00:26.368845243
74,109.86,106,109.88,10:00:26.368859960
85,109.86,106,109.88,10:00:26.369090837
85,109.86,107,109.88,10:00:26.369258174
94,109.86,107,109.88,10:00:26.369258174
102,109.86,107,109.88,10:00:26.369272417
102,109.86,110,109.88,10:00:26.369373595
102,109.86,111,109.88,10:00:26.369373595
37,109.87,111,109.88,10:00:26.385386223
38,109.87,111,109.88,10:00:26.385567546
39,109.87,111,109.88,10:00:26.385663075
40,109.87,111,109.88,10:00:26.385663075
39,109.87,111,109.88,10:00:26.385973366
40,109.87,111,109.88,10:00:26.385973366
41,109.87,111,109.88,10:00:26.387254903
4,109.87,111,109.88,10:00:26.396111457
3,109.87,111,109.88,10:00:26.396324779
3,109.87,110,109.88,10:00:26.396661503
3,109.87,109,109.88,10:00:26.396742926
2,109.87,109,109.88,10:00:26.403315028
3,109.87,109,109.88,10:00:26.420437729
2,109.87,109,109.88,10:00:26.443942692
3,109.87,109,109.88,10:00:26.455174684
2,109.87,109,109.88,10:00:26.467617136
1,109.87,109,109.88,10:00:26.878768814
102,109.86,109,109.88,10:00:26.878890343
102,109.86,1,109.87,10:00:26.879136961
102,109.86,106,109.88,10:00:26.879491345
91,109.86,106,109.88,10:00:26.879592097
94,109.86,106,109.88,10:00:26.890282467
97,109.86,106,109.88,10:00:26.890356173
97,109.86,107,109.88,10:00:27.013956348
97,109.86,106,109.88,10:00:27.015503244
97,109.86,1,109.87,10:00:27.142524455
97,109.86,4,109.87,10:00:27.142680282
97,109.86,15,109.87,10:00:27.142680282
97,109.86,16,109.87,10:00:27.142759581
97,109.86,15,109.87,10:00:27.146072993
97,109.86,12,109.87,10:00:27.148625919
97,109.86,11,109.87,10:00:27.148780745
97,109.86,106,109.88,10:00:27.162745791
97,109.86,1,109.87,10:00:28.317496838
97,109.86,2,109.87,10:00:28.317887017
97,109.86,5,109.87,10:00:28.317887017
97,109.86,14,109.87,10:00:28.317903445
97,109.86,22,109.87,10:00:28.317997676
97,109.86,19,109.87,10:00:28.322566335
97,109.86,11,109.87,10:00:28.322682649
97,109.86,10,109.87,10:00:28.322852428
97,109.86,11,109.87,10:00:28.323278431
97,109.86,12,109.87,10:00:28.325961888
97,109.86,13,109.87,10:00:28.326066103
97,109.86,12,109.87,10:00:28.326879769
97,109.86,11,109.87,10:00:28.327020838
97,109.86,10,109.87,10:00:28.344542214
97,109.86,11,109.87,10:00:28.370034674
97,109.86,13,109.87,10:00:28.370188328
96,109.86,13,109.87,10:00:28.377029930
96,109.86,14,109.87,10:00:28.377174144
96,109.86,22,109.87,10:00:28.383300370
96,109.86,23,109.87,10:00:28.384257463
96,109.86,24,109.87,10:00:28.384257463
96,109.86,33,109.87,10:00:28.384257463
96,109.86,43,109.87,10:00:28.384398913
95,109.86,43,109.87,10:00:28.384398913
95,109.86,44,109.87,10:00:28.384878464
86,109.86,44,109.87,10:00:28.385028068
76,109.86,44,109.87,10:00:28.385169956
75,109.86,44,109.87,10:00:28.385169956
67,109.86,44,109.87,10:00:28.385169956
67,109.86,83,109.87,10:00:28.385273178
68,109.86,83,109.87,10:00:28.385704051
67,109.86,83,109.87,10:00:28.385896188
66,109.86,83,109.87,10:00:28.396542831
65,109.86,83,109.87,10:00:28.396647279
65,109.86,44,109.87,10:00:28.410420357
66,109.86,44,109.87,10:00:28.410420357
67,109.86,44,109.87,10:00:28.456578127
68,109.86,44,109.87,10:00:28.506660025
67,109.86,44,109.87,10:00:28.620212904
66,109.86,44,109.87,10:00:29.021610667
65,109.86,44,109.87,10:00:29.318590384
66,109.86,44,109.87,10:00:29.335917386
67,109.86,44,109.87,10:00:30.070801438
66,109.86,44,109.87,10:00:30.152881039
65,109.86,44,109.87,10:00:30.384974829
65,109.86,45,109.87,10:00:30.386738594
66,109.86,45,109.87,10:00:30.505454598
65,109.86,45,109.87,10:00:30.554662109
65,109.86,87,109.87,10:00:30.588135148
65,109.86,92,109.87,10:00:30.588318623
65,109.86,107,109.87,10:00:30.588517311
49,109.86,107,109.87,10:00:31.109199091
48,109.86,107,109.87,10:00:31.264645945
49,109.86,107,109.87,10:00:32.029630258
47,109.86,107,109.87,10:00:32.030161681
47,109.86,105,109.87,10:00:32.030262410
46,109.86,105,109.87,10:00:32.122014368
45,109.86,105,109.87,10:00:32.124413749
46,109.86,105,109.87,10:00:32.135237875
47,109.86,105,109.87,10:00:32.135455463
46,109.86,105,109.87,10:00:32.231738360
45,109.86,105,109.87,10:00:32.231832428
46,109.86,105,109.87,10:00:32.262065255
47,109.86,105,109.87,10:00:32.262140182
46,109.86,105,109.87,10:00:32.439082147
45,109.86,105,109.87,10:00:32.440211858
46,109.86,105,109.87,10:00:32.577918050
45,109.86,105,109.87,10:00:32.602068453
46,109.86,105,109.87,10:00:33.114017882
47,109.86,105,109.87,10:00:33.114017882
46,109.86,105,109.87,10:00:33.114355738
45,109.86,105,109.87,10:00:33.114610529
46,109.86,105,109.87,10:00:33.681287277
47,109.86,105,109.87,10:00:33.681345257
46,109.86,105,109.87,10:00:33.741108177
45,109.86,105,109.87,10:00:33.741172865
46,109.86,105,109.87,10:00:34.050398995
47,109.86,105,109.87,10:00:34.557435354
47,109.86,118,109.87,10:00:34.575658996
60,109.86,118,109.87,10:00:34.575727502
47,109.86,118,109.87,10:00:34.577084697
46,109.86,118,109.87,10:00:35.152909348
45,109.86,118,109.87,10:00:35.153009703
46,109.86,118,109.87,10:00:35.651130384
47,109.86,118,109.87,10:00:35.657017377
47,109.86,103,109.87,10:00:35.660100922
56,109.86,103,109.87,10:00:35.660116409
64,109.86,103,109.87,10:00:35.660116409
77,109.86,103,109.87,10:00:35.660217197
82,109.86,103,109.87,10:00:35.660234080
84,109.86,103,109.87,10:00:35.660234080
82,109.86,103,109.87,10:00:35.660478893
91,109.86,103,109.87,10:00:35.665006226
91,109.86,93,109.87,10:00:35.665006226
98,109.86,93,109.87,10:00:35.665089587
99,109.86,93,109.87,10:00:35.665089587
100,109.86,93,109.87,10:00:35.667744804
100,109.86,53,109.87,10:00:35.668515314
100,109.86,40,109.87,10:00:35.668515314
101,109.86,40,109.87,10:00:35.668708221
101,109.86,32,109.87,10:00:35.668894512
101,109.86,23,109.87,10:00:35.668894512
101,109.86,36,109.87,10:00:35.668918042
101,109.86,27,109.87,10:00:35.668918042
101,109.86,26,109.87,10:00:35.669351871
101,109.86,25,109.87,10:00:35.669744458
99,109.86,25,109.87,10:00:35.676536245
97,109.86,25,109.87,10:00:35.676536245
97,109.86,24,109.87,10:00:35.724392133
97,109.86,22,109.87,10:00:35.735335241
97,109.86,21,109.87,10:00:35.736245314
98,109.86,21,109.87,10:00:35.743267373
98,109.86,20,109.87,10:00:35.746453074
98,109.86,19,109.87,10:00:35.746453074
98,109.86,14,109.87,10:00:35.752113772
105,109.86,14,109.87,10:00:35.752280939
105,109.86,13,109.87,10:00:35.752386520
110,109.86,13,109.87,10:00:35.752457144
110,109.86,5,109.87,10:00:35.762056612
110,109.86,123,109.88,10:00:35.762056612
111,109.86,123,109.88,10:00:35.762262350
110,109.86,123,109.88,10:00:35.762889483
111,109.86,123,109.88,10:00:35.773376189
112,109.86,123,109.88,10:00:35.773453859
132,109.86,123,109.88,10:00:35.796447571
1,109.87,123,109.88,10:00:36.035416476
132,109.86,123,109.88,10:00:36.035746131
132,109.86,1,109.87,10:00:36.035746131
132,109.86,123,109.88,10:00:36.035862261
3,109.87,123,109.88,10:00:36.035862261
14,109.87,123,109.88,10:00:36.035862261
11,109.87,123,109.88,10:00:36.039256416
11,109.87,122,109.88,10:00:36.046791003
11,109.87,121,109.88,10:00:36.046878296
11,109.87,120,109.88,10:00:36.046956247
11,109.87,119,109.88,10:00:36.046956247
12,109.87,119,109.88,10:00:36.048915258
13,109.87,119,109.88,10:00:36.050234578
14,109.87,119,109.88,10:00:36.061832510
15,109.87,119,109.88,10:00:36.065904561
14,109.87,119,109.88,10:00:36.101495949
13,109.87,119,109.88,10:00:36.101573603
12,109.87,119,109.88,10:00:36.101727088
11,109.87,119,109.88,10:00:36.101798771
114,109.86,119,109.88,10:00:36.103228540
114,109.86,9,109.87,10:00:36.103580657
114,109.86,10,109.87,10:00:36.103938641
114,109.86,1,109.87,10:00:36.104042603
114,109.86,119,109.88,10:00:36.107580748
115,109.86,119,109.88,10:00:36.114889360
116,109.86,119,109.88,10:00:36.114889360
136,109.86,119,109.88,10:00:36.124686191
136,109.86,6,109.87,10:00:36.712764835
136,109.86,19,109.87,10:00:36.713299631
136,109.86,21,109.87,10:00:36.713330306
136,109.86,24,109.87,10:00:36.713347083
136,109.86,25,109.87,10:00:36.713448379
129,109.86,25,109.87,10:00:36.714309061
129,109.86,26,109.87,10:00:36.714309250
129,109.86,25,109.87,10:00:36.714418491
124,109.86,25,109.87,10:00:36.714418491
124,109.86,22,109.87,10:00:36.714449083
124,109.86,24,109.87,10:00:36.714842305
124,109.86,23,109.87,10:00:36.714842305
124,109.86,46,109.87,10:00:36.714957524
124,109.86,47,109.87,10:00:36.715277553
124,109.86,65,109.87,10:00:36.715352004
124,109.86,66,109.87,10:00:36.715352004
124,109.86,67,109.87,10:00:36.715490963
124,109.86,68,109.87,10:00:36.715490963
124,109.86,67,109.87,10:00:36.716129705
124,109.86,66,109.87,10:00:36.716129705
124,109.86,74,109.87,10:00:36.716159754
124,109.86,75,109.87,10:00:36.716224493
124,109.86,76,109.87,10:00:36.716224493
123,109.86,76,109.87,10:00:36.716414649
116,109.86,76,109.87,10:00:36.716441256
107,109.86,76,109.87,10:00:36.716441256
107,109.86,75,109.87,10:00:36.717291019
108,109.86,75,109.87,10:00:36.719827815
107,109.86,75,109.87,10:00:36.729328193
107,109.86,76,109.87,10:00:36.729583259
106,109.86,76,109.87,10:00:36.732204086
105,109.86,76,109.87,10:00:36.743542128
104,109.86,76,109.87,10:00:36.743666087
91,109.86,76,109.87,10:00:36.751286565
90,109.86,76,109.87,10:00:36.751286565
90,109.86,83,109.87,10:00:36.751677257
90,109.86,87,109.87,10:00:36.751809388
70,109.86,87,109.87,10:00:36.756837662
61,109.86,87,109.87,10:00:36.757063660
53,109.86,87,109.87,10:00:36.757063660
53,109.86,96,109.87,10:00:37.104996915
53,109.86,102,109.87,10:00:37.105117056
52,109.86,102,109.87,10:00:37.116377109
51,109.86,102,109.87,10:00:37.116377109
50,109.86,102,109.87,10:00:37.238796640
45,109.86,102,109.87,10:00:37.238908845
44,109.86,102,109.87,10:00:37.238998858
43,109.86,102,109.87,10:00:37.239148044
44,109.86,102,109.87,10:00:37.240449433
43,109.86,102,109.87,10:00:37.240659788
44,109.86,102,109.87,10:00:37.240830793
43,109.86,102,109.87,10:00:37.241469419
44,109.86,102,109.87,10:00:38.126176714
43,109.86,102,109.87,10:00:38.229596713
44,109.86,102,109.87,10:00:38.384972641
45,109.86,102,109.87,10:00:38.389816113
44,109.86,102,109.87,10:00:39.918472691
43,109.86,102,109.87,10:00:39.918540902
44,109.86,102,109.87,10:00:39.931567616
43,109.86,102,109.87,10:00:40.021331138
44,109.86,102,109.87,10:00:40.074943733
44,109.86,96,109.87,10:00:40.133492040
44,109.86,87,109.87,10:00:40.133567719
45,109.86,87,109.87,10:00:40.543182352
44,109.86,87,109.87,10:00:40.555479505
43,109.86,87,109.87,10:00:40.561022253
43,109.86,97,109.87,10:00:40.986982583
43,109.86,102,109.87,10:00:40.987144576
15,109.86,102,109.87,10:00:40.998055695
3,109.86,102,109.87,10:00:40.998147541
4,109.86,102,109.87,10:00:41.021259868
5,109.86,102,109.87,10:00:41.021325481
6,109.86,102,109.87,10:00:41.021325481
7,109.86,102,109.87,10:00:41.021919797
8,109.86,102,109.87,10:00:41.023433626
8,109.86,92,109.87,10:00:41.032607684
8,109.86,87,109.87,10:00:41.032607684
9,109.86,87,109.87,10:00:41.039501923
22,109.86,87,109.87,10:00:41.125147495
23,109.86,87,109.87,10:00:41.125312353
22,109.86,87,109.87,10:00:41.125455134
23,109.86,87,109.87,10:00:41.162512286
24,109.86,87,109.87,10:00:41.177997008
51,109.86,87,109.87,10:00:41.182864032
65,109.86,87,109.87,10:00:41.182923894
76,109.86,87,109.87,10:00:41.542353378
77,109.86,87,109.87,10:00:41.542353378
82,109.86,87,109.87,10:00:41.542491802
81,109.86,87,109.87,10:00:41.542698410
82,109.86,87,109.87,10:00:41.545040400
81,109.86,87,109.87,10:00:41.554397092
82,109.86,87,109.87,10:00:41.562420585
81,109.86,87,109.87,10:00:41.830430225
76,109.86,87,109.87,10:00:42.295512173
65,109.86,87,109.87,10:00:42.295605811
64,109.86,87,109.87,10:00:42.313578514
63,109.86,87,109.87,10:00:42.313652367
62,109.86,87,109.87,10:00:42.474928441
61,109.86,87,109.87,10:00:42.475005779
60,109.86,87,109.87,10:00:42.475005779
59,109.86,87,109.87,10:00:42.475104278
58,109.86,87,109.87,10:00:42.475104278
57,109.86,87,109.87,10:00:42.475121484
43,109.86,87,109.87,10:00:42.475121484
16,109.86,87,109.87,10:00:42.475121484
3,109.86,87,109.87,10:00:42.475332185
3,109.86,102,109.87,10:00:42.475600571
4,109.86,102,109.87,10:00:42.492314804
5,109.86,102,109.87,10:00:42.496387254
4,109.86,102,109.87,10:00:42.589816274
7,109.86,102,109.87,10:00:43.644804492
8,109.86,102,109.87,10:00:43.824238160
7,109.86,102,109.87,10:00:44.122795755
8,109.86,102,109.87,10:00:44.270535921
9,109.86,102,109.87,10:00:44.281480205
22,109.86,102,109.87,10:00:44.281585576
22,109.86,87,109.87,10:00:44.281975238
23,109.86,87,109.87,10:00:44.282232899
24,109.86,87,109.87,10:00:44.282377122
54,109.86,87,109.87,10:00:44.284089528
65,109.86,87,109.87,10:00:44.284228049
64,109.86,87,109.87,10:00:44.310761999
63,109.86,87,109.87,10:00:44.310830949
52,109.86,87,109.87,10:00:45.267586915
52,109.86,98,109.87,10:00:45.267759935
39,109.86,98,109.87,10:00:45.267874585
9,109.86,98,109.87,10:00:45.268006769
9,109.86,102,109.87,10:00:45.268006769
8,109.86,102,109.87,10:00:45.268164210
5,109.86,102,109.87,10:00:45.268164210
4,109.86,102,109.87,10:00:45.268164210
3,109.86,102,109.87,10:00:45.268244082
4,109.86,102,109.87,10:00:45.430378877
3,109.86,102,109.87,10:00:45.441650152
2,109.86,102,109.87,10:00:45.441722363
1,109.86,102,109.87,10:00:46.272835643
121,109.85,102,109.87,10:00:46.273251166
121,109.85,111,109.87,10:00:46.273519022
108,109.85,111,109.87,10:00:46.273596867
111,109.85,111,109.87,10:00:46.273596867
124,109.85,111,109.87,10:00:46.273691946
124,109.85,2,109.86,10:00:47.153254422
125,109.85,2,109.86,10:00:47.153383982
117,109.85,2,109.86,10:00:47.153472780
108,109.85,2,109.86,10:00:47.153489567
108,109.85,3,109.86,10:00:47.153668923
108,109.85,6,109.86,10:00:47.153668923
108,109.85,4,109.86,10:00:47.153968578
108,109.85,3,109.86,10:00:47.153968578
108,109.85,2,109.86,10:00:47.153968578
107,109.85,2,109.86,10:00:47.153968578
107,109.85,113,109.87,10:00:47.154362885
107,109.85,117,109.87,10:00:47.154362885
107,109.85,113,109.87,10:00:47.154803076
107,109.85,111,109.87,10:00:47.155207677
107,109.85,1,109.86,10:00:47.162513171
107,109.85,6,109.86,10:00:47.163053275
107,109.85,13,109.86,10:00:47.163053275
107,109.85,6,109.86,10:00:47.171772738
107,109.85,7,109.86,10:00:47.208121834
107,109.85,8,109.86,10:00:47.208686624
107,109.85,9,109.86,10:00:47.210189564
107,109.85,10,109.86,10:00:47.214221353
107,109.85,23,109.86,10:00:47.214351855
107,109.85,33,109.86,10:00:47.214669567
107,109.85,34,109.86,10:00:47.222978431
107,109.85,35,109.86,10:00:47.223512873
107,109.85,34,109.86,10:00:47.223717862
106,109.85,34,109.86,10:00:47.234284151
105,109.85,34,109.86,10:00:47.234357799
105,109.85,33,109.86,10:00:47.237543244
105,109.85,32,109.86,10:00:47.238460907
105,109.85,31,109.86,10:00:47.238834853
105,109.85,30,109.86,10:00:47.238834853
105,109.85,20,109.86,10:00:47.323207893
105,109.85,7,109.86,10:00:47.650894559
105,109.85,6,109.86,10:00:47.651153417
105,109.85,1,109.86,10:00:47.840150165
105,109.85,124,109.87,10:00:47.840567850
105,109.85,118,109.87,10:00:47.840640583
106,109.85,118,109.87,10:00:47.851874160
106,109.85,119,109.87,10:00:47.851956365
107,109.85,119,109.87,10:00:47.852030954
107,109.85,120,109.87,10:00:47.852111639
127,109.85,120,109.87,10:00:48.014544366
129,109.85,120,109.87,10:00:48.244207701
137,109.85,120,109.87,10:00:48.244574783
129,109.85,120,109.87,10:00:48.245704475
135,109.85,120,109.87,10:00:48.247132234
131,109.85,120,109.87,10:00:48.250098602
127,109.85,120,109.87,10:00:48.250627764
107,109.85,120,109.87,10:00:48.251967920
127,109.85,120,109.87,10:00:48.303290577
107,109.85,120,109.87,10:00:48.315037292
109,109.85,120,109.87,10:00:49.089994031
117,109.85,120,109.87,10:00:49.090358251
107,109.85,120,109.87,10:00:49.094478741
127,109.85,120,109.87,10:00:49.219149887
127,109.85,35,109.86,10:00:49.581779264
107,109.85,35,109.86,10:00:49.587501685
106,109.85,35,109.86,10:00:49.593115230
105,109.85,35,109.86,10:00:49.593217528
105,109.85,150,109.87,10:00:49.593291813
105,109.85,120,109.87,10:00:49.593946259
125,109.85,120,109.87,10:00:50.759505344
125,109.85,1,109.86,10:00:51.780277254
125,109.85,38,109.86,10:00:51.780774293
125,109.85,39,109.86,10:00:51.780774293
125,109.85,41,109.86,10:00:51.780774293
125,109.85,54,109.86,10:00:51.780870466
125,109.85,58,109.86,10:00:51.780889378
125,109.85,60,109.86,10:00:51.780889378
125,109.85,61,109.86,10:00:51.781082704
125,109.85,60,109.86,10:00:51.781181849
125,109.85,61,109.86,10:00:51.781273379
125,109.85,59,109.86,10:00:51.781293935
125,109.85,46,109.86,10:00:51.781396793
125,109.85,44,109.86,10:00:51.781396793
125,109.85,43,109.86,10:00:51.781713819
125,109.85,42,109.86,10:00:51.781713819
125,109.85,38,109.86,10:00:51.785066627
125,109.85,1,109.86,10:00:51.797895515
125,109.85,120,109.87,10:00:51.951177034
125,109.85,3,109.86,10:00:52.301189148
125,109.85,5,109.86,10:00:52.301260719
125,109.85,6,109.86,10:00:52.301774958
125,109.85,42,109.86,10:00:52.301774958
125,109.85,47,109.86,10:00:52.301774958
125,109.85,48,109.86,10:00:52.301947220
125,109.85,49,109.86,10:00:52.302038900
125,109.85,48,109.86,10:00:52.302145374
125,109.85,49,109.86,10:00:52.302220724
125,109.85,44,109.86,10:00:52.302492475
125,109.85,43,109.86,10:00:52.302569543
125,109.85,45,109.86,10:00:52.304100853
125,109.85,46,109.86,10:00:52.304378585
125,109.85,44,109.86,10:00:52.304724396
125,109.85,43,109.86,10:00:52.304982840
105,109.85,43,109.86,10:00:52.306865901
105,109.85,7,109.86,10:00:52.311953526
105,109.85,6,109.86,10:00:52.316575582
105,109.85,5,109.86,10:00:52.321816727
105,109.85,3,109.86,10:00:52.321887226
105,109.85,122,109.87,10:00:52.330598209
105,109.85,120,109.87,10:00:52.331070442
125,109.85,120,109.87,10:00:52.335102295
127,109.85,120,109.87,10:00:54.164102276
133,109.85,120,109.87,10:00:54.164753009
125,109.85,120,109.87,10:00:54.165432064
105,109.85,120,109.87,10:00:54.173919261
116,109.85,120,109.87,10:00:54.392237909
120,109.85,120,109.87,10:00:54.392344148
116,109.85,120,109.87,10:00:54.392713025
105,109.85,120,109.87,10:00:54.405497611
125,109.85,120,109.87,10:00:54.464038768
105,109.85,120,109.87,10:00:54.476296272
125,109.85,120,109.87,10:00:54.495763799
125,109.85,1,109.86,10:00:54.554507347
125,109.85,6,109.86,10:00:54.554771651
125,109.85,44,109.86,10:00:54.554858230
125,109.85,46,109.86,10:00:54.554858230
125,109.85,49,109.86,10:00:54.554873839
125,109.85,46,109.86,10:00:54.555008965
125,109.85,44,109.86,10:00:54.555204563
125,109.85,45,109.86,10:00:54.558574500
125,109.85,46,109.86,10:00:54.563151421
125,109.85,47,109.86,10:00:54.563331172
125,109.85,48,109.86,10:00:54.563397402
125,109.85,47,109.86,10:00:54.569961062
125,109.85,46,109.86,10:00:54.570118245
125,109.85,45,109.86,10:00:54.589172370
125,109.85,44,109.86,10:00:54.589472199
125,109.85,45,109.86,10:00:54.697534503
125,109.85,44,109.86,10:00:54.697641960
105,109.85,44,109.86,10:00:54.709913282
105,109.85,45,109.86,10:00:54.719196940
105,109.85,46,109.86,10:00:54.757129951
105,109.85,45,109.86,10:00:54.775862153
105,109.85,46,109.86,10:00:54.820090434
105,109.85,47,109.86,10:00:54.820811931
105,109.85,48,109.86,10:00:54.941952860
105,109.85,49,109.86,10:00:54.942016984
105,109.85,48,109.86,10:00:54.990977130
105,109.85,47,109.86,10:00:55.093550209
105,109.85,46,109.86,10:00:55.093613252
105,109.85,45,109.86,10:00:55.097279698
105,109.85,44,109.86,10:00:55.097554434
105,109.85,45,109.86,10:00:55.194585791
105,109.85,46,109.86,10:00:55.195242905
105,109.85,47,109.86,10:00:55.199458204
105,109.85,48,109.86,10:00:55.203768979
105,109.85,49,109.86,10:00:55.233511426
105,109.85,48,109.86,10:00:55.267497271
105,109.85,49,109.86,10:00:55.269546454
105,109.85,48,109.86,10:00:55.276247832
105,109.85,47,109.86,10:00:55.300531735
105,109.85,48,109.86,10:00:55.330250310
105,109.85,49,109.86,10:00:55.383604808
105,109.85,48,109.86,10:00:55.383802609
105,109.85,49,109.86,10:00:55.473394865
105,109.85,50,109.86,10:00:55.473556225
105,109.85,51,109.86,10:00:55.503526091
105,109.85,50,109.86,10:00:55.596612104
105,109.85,51,109.86,10:00:56.160744458
105,109.85,50,109.86,10:00:56.309693658
105,109.85,49,109.86,10:00:56.309841754
105,109.85,48,109.86,10:00:56.309991645
105,109.85,47,109.86,10:00:56.313413671
105,109.85,46,109.86,10:00:56.313565469
125,109.85,46,109.86,10:00:56.517490369
125,109.85,48,109.86,10:00:56.932484194
125,109.85,46,109.86,10:00:56.936419858
125,109.85,45,109.86,10:00:57.532767007
125,109.85,7,109.86,10:00:57.532926304
125,109.85,6,109.86,10:00:57.735130814
125,109.85,1,109.86,10:00:57.735596621
125,109.85,126,109.87,10:00:57.735596621
125,109.85,120,109.87,10:00:57.736257555
126,109.85,120,109.87,10:00:57.746455840
127,109.85,120,109.87,10:00:57.746507088
139,109.85,120,109.87,10:01:00.001843323
149,109.85,120,109.87,10:01:00.004744741
4,109.86,120,109.87,10:01:00.012559818
4,109.86,109,109.87,10:01:00.012791213
4,109.86,105,109.87,10:01:00.012809014
17,109.86,105,109.87,10:01:00.012809014
19,109.86,105,109.87,10:01:00.013010000
20,109.86,105,109.87,10:01:00.013010000
30,109.86,105,109.87,10:01:00.013010000
40,109.86,105,109.87,10:01:00.013086781
30,109.86,105,109.87,10:01:00.014132937
29,109.86,105,109.87,10:01:00.023292291
29,109.86,104,109.87,10:01:00.023946345
29,109.86,103,109.87,10:01:00.023946345
30,109.86,103,109.87,10:01:00.025211159
42,109.86,103,109.87,10:01:00.038358213
43,109.86,103,109.87,10:01:00.074377789
45,109.86,103,109.87,10:01:00.079609717
44,109.86,103,109.87,10:01:00.079803065
42,109.86,103,109.87,10:01:00.081230014
43,109.86,103,109.87,10:01:00.117154150
44,109.86,103,109.87,10:01:00.117304548
45,109.86,103,109.87,10:01:00.144423699
44,109.86,103,109.87,10:01:00.147919584
43,109.86,103,109.87,10:01:00.148075991
44,109.86,103,109.87,10:01:00.357419581
45,109.86,103,109.87,10:01:00.357548749
46,109.86,103,109.87,10:01:00.358667497
45,109.86,103,109.87,10:01:00.361514564
44,109.86,103,109.87,10:01:00.386069526
43,109.86,103,109.87,10:01:00.451191411
42,109.86,103,109.87,10:01:00.519573822
43,109.86,103,109.87,10:01:00.670915161
31,109.86,103,109.87,10:01:00.855616633
30,109.86,103,109.87,10:01:00.855957018
20,109.86,103,109.87,10:01:00.855957018
21,109.86,103,109.87,10:01:01.292811451
22,109.86,103,109.87,10:01:01.293703051
30,109.86,103,109.87,10:01:01.293834251
31,109.86,103,109.87,10:01:01.294091838
40,109.86,103,109.87,10:01:01.298856375
41,109.86,103,109.87,10:01:01.298916257
53,109.86,103,109.87,10:01:01.299042311
63,109.86,103,109.87,10:01:01.299125578
62,109.86,103,109.87,10:01:01.299374906
63,109.86,103,109.87,10:01:01.310326310
64,109.86,103,109.87,10:01:01.310402034
63,109.86,103,109.87,10:01:01.620569988
53,109.86,103,109.87,10:01:01.620939636
52,109.86,103,109.87,10:01:01.621292439
40,109.86,103,109.87,10:01:01.621374999
31,109.86,103,109.87,10:01:01.621446400
23,109.86,103,109.87,10:01:01.621669783
25,109.86,103,109.87,10:01:01.805811266
33,109.86,103,109.87,10:01:01.806088748
45,109.86,103,109.87,10:01:01.806304536
46,109.86,103,109.87,10:01:02.539578252
45,109.86,103,109.87,10:01:02.601997072
46,109.86,103,109.87,10:01:03.133591075
48,109.86,103,109.87,10:01:03.134726747
48,109.86,94,109.87,10:01:03.134828882
48,109.86,86,109.87,10:01:03.134828882
58,109.86,86,109.87,10:01:03.134950898
68,109.86,86,109.87,10:01:03.134970239
92,109.86,86,109.87,10:01:03.134970239
109,109.86,86,109.87,10:01:03.134970239
115,109.86,86,109.87,10:01:03.135054088
115,109.86,79,109.87,10:01:03.135142507
115,109.86,75,109.87,10:01:03.135142507
115,109.86,68,109.87,10:01:03.135244978
116,109.86,68,109.87,10:01:03.146257044
117,109.86,68,109.87,10:01:03.146406363
117,109.86,67,109.87,10:01:03.146607034
117,109.86,68,109.87,10:01:03.149980568
117,109.86,67,109.87,10:01:03.175250107
117,109.86,66,109.87,10:01:03.175391577
117,109.86,67,109.87,10:01:03.211347507
117,109.86,66,109.87,10:01:03.213369019
117,109.86,65,109.87,10:01:03.235504892
117,109.86,47,109.87,10:01:03.362349526
117,109.86,24,109.87,10:01:03.362414020
117,109.86,22,109.87,10:01:03.362554705
117,109.86,9,109.87,10:01:03.362624139
117,109.86,7,109.87,10:01:03.362716397
117,109.86,9,109.87,10:01:03.436054473
117,109.86,10,109.87,10:01:03.436620936
117,109.86,13,109.87,10:01:03.436620936
117,109.86,22,109.87,10:01:03.436620936
117,109.86,30,109.87,10:01:03.436906895
117,109.86,43,109.87,10:01:03.436964853
117,109.86,44,109.87,10:01:03.436980104
111,109.86,44,109.87,10:01:03.437302959
101,109.86,44,109.87,10:01:03.437302959
84,109.86,44,109.87,10:01:03.437302959
60,109.86,44,109.87,10:01:03.437302959
60,109.86,53,109.87,10:01:03.437506431
59,109.86,53,109.87,10:01:03.437642830
57,109.86,53,109.87,10:01:03.437642830
47,109.86,53,109.87,10:01:03.438129197
35,109.86,53,109.87,10:01:03.438157208
36,109.86,53,109.87,10:01:03.438349258
37,109.86,53,109.87,10:01:03.438478590
38,109.86,53,109.87,10:01:03.438593988
38,109.86,45,109.87,10:01:03.442801061
37,109.86,45,109.87,10:01:03.449464554
36,109.86,45,109.87,10:01:03.449551226
35,109.86,45,109.87,10:01:03.455732933
34,109.86,45,109.87,10:01:03.455921189
35,109.86,45,109.87,10:01:03.457504759
36,109.86,45,109.87,10:01:03.459418240
35,109.86,45,109.87,10:01:03.459850464
34,109.86,45,109.87,10:01:03.460328306
33,109.86,45,109.87,10:01:03.460432332
34,109.86,45,109.87,10:01:03.460586766
35,109.86,45,109.87,10:01:03.462065675
35,109.86,70,109.87,10:01:03.462491850
35,109.86,86,109.87,10:01:03.462732260
34,109.86,86,109.87,10:01:03.463306528
35,109.86,86,109.87,10:01:03.463638941
34,109.86,86,109.87,10:01:03.464345091
33,109.86,86,109.87,10:01:03.492926278
25,109.86,86,109.87,10:01:03.498874804
23,109.86,86,109.87,10:01:03.503222103
24,109.86,86,109.87,10:01:03.973051753
32,109.86,86,109.87,10:01:03.977083159
34,109.86,86,109.87,10:01:03.977154295
32,109.86,86,109.87,10:01:04.017039512
24,109.86,86,109.87,10:01:04.076922669
23,109.86,86,109.87,10:01:04.322702658
22,109.86,86,109.87,10:01:04.322760354
22,109.86,96,109.87,10:01:04.396021798
22,109.86,101,109.87,10:01:04.396287850
9,109.86,101,109.87,10:01:04.396427204
22,109.86,101,109.87,10:01:04.397171913
23,109.86,101,109.87,10:01:04.397197077
22,109.86,101,109.87,10:01:04.397573657
22,109.86,96,109.87,10:01:04.397772110
22,109.86,86,109.87,10:01:04.397793775
32,109.86,86,109.87,10:01:04.397793775
22,109.86,86,109.87,10:01:04.397971630
30,109.86,86,109.87,10:01:04.405426951
31,109.86,86,109.87,10:01:04.405426951
43,109.86,86,109.87,10:01:04.405619837
42,109.86,86,109.87,10:01:04.405818106
43,109.86,86,109.87,10:01:04.405979706
42,109.86,86,109.87,10:01:04.406123129
43,109.86,86,109.87,10:01:04.407894841
44,109.86,86,109.87,10:01:04.407894841
45,109.86,86,109.87,10:01:04.408086959
46,109.86,86,109.87,10:01:04.408174626
47,109.86,86,109.87,10:01:04.410204746
48,109.86,86,109.87,10:01:04.417206357
58,109.86,86,109.87,10:01:04.417388575
57,109.86,86,109.87,10:01:04.421094089
47,109.86,86,109.87,10:01:04.421182946
48,109.86,86,109.87,10:01:04.431296527
49,109.86,86,109.87,10:01:04.431717564
48,109.86,86,109.87,10:01:04.439171421
36,109.86,86,109.87,10:01:04.440892908
37,109.86,86,109.87,10:01:04.442112500
49,109.86,86,109.87,10:01:04.463124938
49,109.86,77,109.87,10:01:04.721208936
59,109.86,77,109.87,10:01:04.752409834
65,109.86,77,109.87,10:01:04.752547370
75,109.86,77,109.87,10:01:04.752797599
74,109.86,77,109.87,10:01:05.418710857
68,109.86,77,109.87,10:01:05.418893503
58,109.86,77,109.87,10:01:05.418893503
48,109.86,77,109.87,10:01:05.419036406
36,109.86,77,109.87,10:01:05.419196819
36,109.86,83,109.87,10:01:05.419313612
36,109.86,86,109.87,10:01:05.419410415
35,109.86,86,109.87,10:01:05.419986012
34,109.86,86,109.87,10:01:05.420142741
35,109.86,86,109.87,10:01:05.420979598
36,109.86,86,109.87,10:01:05.421293405
37,109.86,86,109.87,10:01:05.421642237
36,109.86,86,109.87,10:01:05.422595876
35,109.86,86,109.87,10:01:05.423024438
34,109.86,86,109.87,10:01:05.423097123
43,109.86,86,109.87,10:01:05.423293731
44,109.86,86,109.87,10:01:05.423463971
43,109.86,86,109.87,10:01:05.423682416
44,109.86,86,109.87,10:01:05.423965516
43,109.86,86,109.87,10:01:05.424184441
34,109.86,86,109.87,10:01:05.425426776
35,109.86,86,109.87,10:01:05.425589304
34,109.86,86,109.87,10:01:05.429123487
33,109.86,86,109.87,10:01:05.429850588
32,109.86,86,109.87,10:01:05.431821921
33,109.86,86,109.87,10:01:05.432756278
25,109.86,86,109.87,10:01:05.432756278
24,109.86,86,109.87,10:01:05.433066351
23,109.86,86,109.87,10:01:05.433066351
23,109.86,96,109.87,10:01:05.433224649
23,109.86,101,109.87,10:01:05.433318275
22,109.86,101,109.87,10:01:05.433318275
23,109.86,101,109.87,10:01:05.434236168
22,109.86,101,109.87,10:01:05.439126079
22,109.86,91,109.87,10:01:05.644918502
22,109.86,86,109.87,10:01:05.645018504
32,109.86,86,109.87,10:01:05.645018504
32,109.86,96,109.87,10:01:05.814206165
22,109.86,96,109.87,10:01:05.814309973
22,109.86,101,109.87,10:01:05.814324539
23,109.86,101,109.87,10:01:07.029225837
25,109.86,101,109.87,10:01:07.029473200
26,109.86,101,109.87,10:01:07.029669859
24,109.86,101,109.87,10:01:07.029669859
23,109.86,101,109.87,10:01:07.029893312
22,109.86,101,109.87,10:01:07.030042755
23,109.86,101,109.87,10:01:07.273905250
24,109.86,101,109.87,10:01:07.278563211
25,109.86,101,109.87,10:01:07.278827866
24,109.86,101,109.87,10:01:07.322422049
25,109.86,101,109.87,10:01:07.545014862
25,109.86,96,109.87,10:01:07.545104993
25,109.86,86,109.87,10:01:07.545104993
26,109.86,86,109.87,10:01:07.545175800
27,109.86,86,109.87,10:01:07.545251076
35,109.86,86,109.87,10:01:07.545345140
46,109.86,86,109.87,10:01:07.546056842
51,109.86,86,109.87,10:01:07.546184986
61,109.86,86,109.87,10:01:07.546184986
73,109.86,86,109.87,10:01:07.546184986
74,109.86,86,109.87,10:01:07.560520193
75,109.86,86,109.87,10:01:07.561127191
75,109.86,80,109.87,10:01:08.111346694
75,109.86,77,109.87,10:01:08.111346694
75,109.86,64,109.87,10:01:08.111434828
75,109.86,55,109.87,10:01:08.111450214
75,109.86,39,109.87,10:01:08.112579013
75,109.86,14,109.87,10:01:08.112661566
75,109.86,11,109.87,10:01:08.113211992
75,109.86,12,109.87,10:01:08.113370533
75,109.86,14,109.87,10:01:08.113448420
75,109.86,12,109.87,10:01:08.114974579
76,109.86,12,109.87,10:01:08.123951879
77,109.86,12,109.87,10:01:08.124020759
77,109.86,42,109.87,10:01:08.214484839
77,109.86,53,109.87,10:01:08.214551181
65,109.86,53,109.87,10:01:08.214674988
65,109.86,54,109.87,10:01:09.213983390
60,109.86,54,109.87,10:01:09.215305216
49,109.86,54,109.87,10:01:09.215305216
39,109.86,54,109.87,10:01:09.215491693
39,109.86,61,109.87,10:01:09.215697817
39,109.86,63,109.87,10:01:09.215767683
39,109.86,62,109.87,10:01:09.843768584
51,109.86,62,109.87,10:01:09.942556196
51,109.86,55,109.87,10:01:09.942709505
51,109.86,53,109.87,10:01:09.942774919
61,109.86,53,109.87,10:01:10.282186956
74,109.86,53,109.87,10:01:11.998330774
74,109.86,42,109.87,10:01:12.894152122
74,109.86,12,109.87,10:01:12.894152122
106,109.86,12,109.87,10:01:12.902175998
115,109.86,12,109.87,10:01:12.902318279
115,109.86,11,109.87,10:01:12.902431579
115,109.86,9,109.87,10:01:12.902789015
115,109.86,3,109.87,10:01:12.903354493
115,109.86,2,109.87,10:01:12.903354493
115,109.86,1,109.87,10:01:12.903354493
123,109.86,1,109.87,10:01:12.903717593
123,109.86,2,109.87,10:01:12.903717593
123,109.86,1,109.87,10:01:12.904000156
123,109.86,139,109.88,10:01:12.904373186
121,109.86,139,109.88,10:01:12.904373186
121,109.86,133,109.88,10:01:12.904575270
130,109.86,133,109.88,10:01:12.905039874
128,109.86,133,109.88,10:01:12.905209070
128,109.86,131,109.88,10:01:12.905240603
134,109.86,131,109.88,10:01:12.907999865
130,109.86,131,109.88,10:01:12.908336617
134,109.86,131,109.88,10:01:12.912106208
130,109.86,131,109.88,10:01:12.919914769
126,109.86,131,109.88,10:01:12.920301412
128,109.86,131,109.88,10:01:12.920740183
130,109.86,131,109.88,10:01:12.921185990
132,109.86,131,109.88,10:01:12.921562201
128,109.86,131,109.88,10:01:12.931912290
124,109.86,131,109.88,10:01:12.941162044
124,109.86,135,109.88,10:01:13.023245748
124,109.86,131,109.88,10:01:13.044405567
120,109.86,131,109.88,10:01:13.194717451
118,109.86,131,109.88,10:01:13.194717451
117,109.86,131,109.88,10:01:13.194893294
116,109.86,131,109.88,10:01:13.194907284
115,109.86,131,109.88,10:01:13.194922997
102,109.86,131,109.88,10:01:13.194922997
101,109.86,131,109.88,10:01:13.194936072
100,109.86,131,109.88,10:01:13.194951435
99,109.86,131,109.88,10:01:13.194951435
98,109.86,131,109.88,10:01:13.194964878
97,109.86,131,109.88,10:01:13.194979032
89,109.86,131,109.88,10:01:13.194979032
88,109.86,131,109.88,10:01:13.194992648
87,109.86,131,109.88,10:01:13.195006785
86,109.86,131,109.88,10:01:13.195020433
85,109.86,131,109.88,10:01:13.195033768
74,109.86,131,109.88,10:01:13.195051703
74,109.86,35,109.87,10:01:13.195347502
74,109.86,37,109.87,10:01:13.195372199
74,109.86,38,109.87,10:01:13.195442507
65,109.86,38,109.87,10:01:13.195442507
65,109.86,40,109.87,10:01:13.195653473
65,109.86,44,109.87,10:01:13.195690989
56,109.86,44,109.87,10:01:13.195690989
24,109.86,44,109.87,10:01:13.195690989
37,109.86,44,109.87,10:01:13.195779255
37,109.86,57,109.87,10:01:13.195802407
24,109.86,57,109.87,10:01:13.195823178
25,109.86,57,109.87,10:01:13.195823178
26,109.86,57,109.87,10:01:13.195823178
30,109.86,57,109.87,10:01:13.195823178
43,109.86,57,109.87,10:01:13.195937415
43,109.86,58,109.87,10:01:13.195937415
45,109.86,58,109.87,10:01:13.195954800
45,109.86,59,109.87,10:01:13.195954800
45,109.86,62,109.87,10:01:13.195954800
77,109.86,62,109.87,10:01:13.195954800
88,109.86,62,109.87,10:01:13.196037540
89,109.86,62,109.87,10:01:13.196197364
89,109.86,49,109.87,10:01:13.196239806
88,109.86,49,109.87,10:01:13.196258494
78,109.86,49,109.87,10:01:13.196404829
67,109.86,49,109.87,10:01:13.196507294
68,109.86,49,109.87,10:01:13.206039946
69,109.86,49,109.87,10:01:13.206121773
70,109.86,49,109.87,10:01:13.216979840
71,109.86,49,109.87,10:01:13.218572472
71,109.86,57,109.87,10:01:13.250907477
70,109.86,57,109.87,10:01:13.250974783
70,109.86,70,109.87,10:01:13.262309139
38,109.86,70,109.87,10:01:13.262982851
40,109.86,70,109.87,10:01:13.263305094
38,109.86,70,109.87,10:01:13.267429600
39,109.86,70,109.87,10:01:13.272823519
38,109.86,70,109.87,10:01:13.341929440
39,109.86,70,109.87,10:01:13.448501024
40,109.86,70,109.87,10:01:13.842328201
39,109.86,70,109.87,10:01:14.454915716
38,109.86,70,109.87,10:01:14.476454079
39,109.86,70,109.87,10:01:15.140959298
40,109.86,70,109.87,10:01:15.141659166
39,109.86,70,109.87,10:01:15.144639465
38,109.86,70,109.87,10:01:15.144788994
39,109.86,70,109.87,10:01:15.145661205
38,109.86,70,109.87,10:01:15.148762557
39,109.86,70,109.87,10:01:15.208723191
40,109.86,70,109.87,10:01:15.531601933
39,109.86,70,109.87,10:01:16.988393427
40,109.86,70,109.87,10:01:17.013091737
39,109.86,70,109.87,10:01:17.066325305
38,109.86,70,109.87,10:01:17.066492002
39,109.86,70,109.87,10:01:17.111509393
40,109.86,70,109.87,10:01:17.120547614
39,109.86,70,109.87,10:01:17.229695650
38,109.86,70,109.87,10:01:17.233647510
37,109.86,70,109.87,10:01:17.253181554
38,109.86,70,109.87,10:01:17.478341127
37,109.86,70,109.87,10:01:17.568035757
38,109.86,70,109.87,10:01:17.594943922
39,109.86,70,109.87,10:01:17.613912322
40,109.86,70,109.87,10:01:18.564548182
39,109.86,70,109.87,10:01:18.598539368
40,109.86,70,109.87,10:01:18.961275305
39,109.86,70,109.87,10:01:18.967720328
38,109.86,70,109.87,10:01:18.968107128
37,109.86,70,109.87,10:01:18.968909735
24,109.86,70,109.87,10:01:18.973759921
25,109.86,70,109.87,10:01:18.974699504
26,109.86,70,109.87,10:01:18.976669586
25,109.86,70,109.87,10:01:18.977241195
24,109.86,70,109.87,10:01:18.977768916
25,109.86,70,109.87,10:01:18.979976461
24,109.86,70,109.87,10:01:18.984852697
23,109.86,70,109.87,10:01:18.991608789
24,109.86,70,109.87,10:01:18.994031389
25,109.86,70,109.87,10:01:18.994601328
26,109.86,70,109.87,10:01:18.995429714
25,109.86,70,109.87,10:01:18.997698999
24,109.86,70,109.87,10:01:18.997904705
26,109.86,70,109.87,10:01:19.000683276
34,109.86,70,109.87,10:01:19.002395790
26,109.86,70,109.87,10:01:19.003383197
34,109.86,70,109.87,10:01:19.004479996
35,109.86,70,109.87,10:01:19.014724831
35,109.86,75,109.87,10:01:19.015104559
36,109.86,75,109.87,10:01:19.024089465
35,109.86,75,109.87,10:01:19.024263708
36,109.86,75,109.87,10:01:19.027355168
35,109.86,75,109.87,10:01:19.027508701
36,109.86,75,109.87,10:01:19.109877744
35,109.86,75,109.87,10:01:19.120471199
36,109.86,75,109.87,10:01:19.598215344
35,109.86,75,109.87,10:01:20.066142575
33,109.86,75,109.87,10:01:20.709463315
34,109.86,75,109.87,10:01:22.012568048
35,109.86,75,109.87,10:01:22.013322102
36,109.86,75,109.87,10:01:22.013396475
52,109.86,75,109.87,10:01:22.017224333
63,109.86,75,109.87,10:01:22.017409411
65,109.86,75,109.87,10:01:22.038278101
106,109.86,75,109.87,10:01:22.038278101
116,109.86,75,109.87,10:01:22.038549979
116,109.86,62,109.87,10:01:22.038623829
116,109.86,54,109.87,10:01:22.039175767
117,109.86,54,109.87,10:01:22.049878285
118,109.86,54,109.87,10:01:22.049959226
118,109.86,51,109.87,10:01:22.074794915
118,109.86,53,109.87,10:01:22.076559546
118,109.86,54,109.87,10:01:22.076713826
118,109.86,53,109.87,10:01:22.106037758
118,109.86,51,109.87,10:01:22.106123726
118,109.86,50,109.87,10:01:22.106949478
118,109.86,52,109.87,10:01:22.107071411
118,109.86,50,109.87,10:01:22.107135264
118,109.86,46,109.87,10:01:22.107135264
118,109.86,44,109.87,10:01:22.107217967
118,109.86,42,109.87,10:01:22.107485532
120,109.86,42,109.87,10:01:22.107640102
130,109.86,42,109.87,10:01:22.108409708
130,109.86,7,109.87,10:01:22.108712479
130,109.86,8,109.87,10:01:22.108931401
130,109.86,7,109.87,10:01:22.109101500
130,109.86,9,109.87,10:01:22.109356293
130,109.86,7,109.87,10:01:22.109928347
130,109.86,8,109.87,10:01:22.110225125
130,109.86,9,109.87,10:01:22.110225125
130,109.86,10,109.87,10:01:22.110336896
130,109.86,12,109.87,10:01:22.111070045
122,109.86,12,109.87,10:01:22.111458669
118,109.86,12,109.87,10:01:22.112086854
118,109.86,13,109.87,10:01:22.112164546
118,109.86,15,109.87,10:01:22.125022606
120,109.86,15,109.87,10:01:22.136395154
126,109.86,15,109.87,10:01:22.160112321
128,109.86,15,109.87,10:01:22.160745368
130,109.86,15,109.87,10:01:22.161123118
130,109.86,14,109.87,10:01:22.227676940
130,109.86,13,109.87,10:01:22.238499028
130,109.86,14,109.87,10:01:22.312870303
130,109.86,15,109.87,10:01:22.313018345
130,109.86,14,109.87,10:01:22.361235263
130,109.86,13,109.87,10:01:22.361235263
130,109.86,12,109.87,10:01:22.361659691
130,109.86,10,109.87,10:01:22.379863289
130,109.86,9,109.87,10:01:22.380239925
145,109.86,9,109.87,10:01:22.405273760
145,109.86,7,109.87,10:01:22.494673320
155,109.86,7,109.87,10:01:22.514024514
155,109.86,6,109.87,10:01:22.587433438
155,109.86,5,109.87,10:01:22.587567576
155,109.86,135,109.88,10:01:22.589195014
7,109.87,135,109.88,10:01:22.589652660
7,109.87,131,109.88,10:01:22.589813362
10,109.87,131,109.88,10:01:22.590078985
3,109.87,131,109.88,10:01:22.600230331
185,109.86,131,109.88,10:01:22.600544120
167,109.86,131,109.88,10:01:22.601160215
167,109.86,1,109.87,10:01:22.610179265
167,109.86,3,109.87,10:01:22.610428373
167,109.86,4,109.87,10:01:22.610428373
167,109.86,2,109.87,10:01:22.659435865
167,109.86,3,109.87,10:01:22.716819492
167,109.86,4,109.87,10:01:22.721054959
167,109.86,3,109.87,10:01:22.734506255
167,109.86,6,109.87,10:01:23.105143757
167,109.86,19,109.87,10:01:23.105268454
167,109.86,20,109.87,10:01:23.105450180
167,109.86,22,109.87,10:01:23.105611055
167,109.86,23,109.87,10:01:23.105611055
149,109.86,23,109.87,10:01:23.105701123
149,109.86,44,109.87,10:01:23.105717702
149,109.86,64,109.87,10:01:23.105717702
149,109.86,63,109.87,10:01:23.105959836
149,109.86,64,109.87,10:01:23.106152479
149,109.86,65,109.87,10:01:23.106225027
137,109.86,65,109.87,10:01:23.107029397
137,109.86,64,109.87,10:01:23.127578027
137,109.86,43,109.87,10:01:23.127749047
137,109.86,23,109.87,10:01:23.127814433
137,109.86,24,109.87,10:01:23.127935585
152,109.86,24,109.87,10:01:23.130576117
137,109.86,24,109.87,10:01:23.156087667
137,109.86,22,109.87,10:01:23.259427140
137,109.86,21,109.87,10:01:23.260852617
137,109.86,20,109.87,10:01:23.269375910
137,109.86,17,109.87,10:01:23.273813053
137,109.86,16,109.87,10:01:23.273883706
137,109.86,15,109.87,10:01:23.273995555
137,109.86,14,109.87,10:01:23.274079245
137,109.86,1,109.87,10:01:23.274212355
137,109.86,157,109.88,10:01:23.274237161
137,109.86,153,109.88,10:01:23.274362731
137,109.86,151,109.88,10:01:23.274992098
149,109.86,151,109.88,10:01:23.275094098
149,109.86,137,109.88,10:01:23.275291189
167,109.86,137,109.88,10:01:23.275481992
176,109.86,137,109.88,10:01:23.275481992
158,109.86,137,109.88,10:01:23.281843805
178,109.86,137,109.88,10:01:23.516049147
32,109.87,137,109.88,10:01:24.505952871
33,109.87,137,109.88,10:01:24.506677318
32,109.87,137,109.88,10:01:24.507110931
33,109.87,137,109.88,10:01:24.512746165
34,109.87,137,109.88,10:01:24.512840031
35,109.87,137,109.88,10:01:24.512858454
35,109.87,122,109.88,10:01:24.513743621
39,109.87,122,109.88,10:01:24.513891269
47,109.87,122,109.88,10:01:24.513947182
57,109.87,122,109.88,10:01:24.513967618
64,109.87,122,109.88,10:01:24.514179611
72,109.87,122,109.88,10:01:24.514179611
64,109.87,122,109.88,10:01:24.514284756
64,109.87,110,109.88,10:01:24.514284756
77,109.87,110,109.88,10:01:24.514411594
64,109.87,110,109.88,10:01:24.514817927
32,109.87,110,109.88,10:01:24.516702576
25,109.87,110,109.88,10:01:24.517094822
17,109.87,110,109.88,10:01:24.517159842
7,109.87,110,109.88,10:01:24.517333017
7,109.87,122,109.88,10:01:24.517599116
9,109.87,122,109.88,10:01:24.518867371
9,109.87,110,109.88,10:01:24.519127425
22,109.87,110,109.88,10:01:24.519222168
30,109.87,110,109.88,10:01:24.520201655
39,109.87,110,109.88,10:01:24.525853555
49,109.87,110,109.88,10:01:24.526034659
50,109.87,110,109.88,10:01:24.538237668
62,109.87,110,109.88,10:01:24.540592124
63,109.87,110,109.88,10:01:24.540864265
62,109.87,110,109.88,10:01:24.541095180
63,109.87,110,109.88,10:01:24.543260785
78,109.87,110,109.88,10:01:24.550911227
63,109.87,110,109.88,10:01:24.576271225
62,109.87,110,109.88,10:01:24.576427466
63,109.87,110,109.88,10:01:24.605924223
63,109.87,109,109.88,10:01:24.605993193
64,109.87,109,109.88,10:01:24.632163148
64,109.87,96,109.88,10:01:24.632306199
72,109.87,96,109.88,10:01:24.640205109
79,109.87,96,109.88,10:01:24.640313694
79,109.87,97,109.88,10:01:24.640375905
79,109.87,91,109.88,10:01:24.640451157
79,109.87,76,109.88,10:01:24.640647899
79,109.87,74,109.88,10:01:24.640723380
79,109.87,73,109.88,10:01:24.643616055
79,109.87,72,109.88,10:01:24.643908667
78,109.87,72,109.88,10:01:24.850240667
78,109.87,73,109.88,10:01:24.850566679
78,109.87,74,109.88,10:01:24.850673825
78,109.87,76,109.88,10:01:24.850744561
78,109.87,89,109.88,10:01:24.850812932
66,109.87,89,109.88,10:01:24.851488269
65,109.87,89,109.88,10:01:24.855311326
87,109.87,89,109.88,10:01:25.123126646
106,109.87,89,109.88,10:01:25.123281247
106,109.87,76,109.88,10:01:25.127607878
105,109.87,76,109.88,10:01:25.527377784
104,109.87,76,109.88,10:01:25.527377784
103,109.87,76,109.88,10:01:25.527458261
99,109.87,76,109.88,10:01:25.527472933
97,109.87,76,109.88,10:01:25.527472933
97,109.87,78,109.88,10:01:25.527649092
96,109.87,78,109.88,10:01:25.527750356
96,109.87,80,109.88,10:01:25.527837822
96,109.87,89,109.88,10:01:25.527859412
96,109.87,102,109.88,10:01:25.527859412
77,109.87,102,109.88,10:01:25.527964238
55,109.87,102,109.88,10:01:25.527964238
47,109.87,102,109.88,10:01:25.527964238
40,109.87,102,109.88,10:01:25.528026114
41,109.87,102,109.88,10:01:25.528180645
31,109.87,102,109.88,10:01:25.528285599
33,109.87,102,109.88,10:01:25.528285599
34,109.87,102,109.88,10:01:25.528285599
25,109.87,102,109.88,10:01:25.528385559
28,109.87,102,109.88,10:01:25.528457707
29,109.87,102,109.88,10:01:25.763648225
30,109.87,102,109.88,10:01:25.794201056
31,109.87,102,109.88,10:01:25.794326214
40,109.87,102,109.88,10:01:25.794817379
49,109.87,102,109.88,10:01:25.795006358
55,109.87,102,109.88,10:01:25.795099900
55,109.87,93,109.88,10:01:25.795099900
78,109.87,93,109.88,10:01:25.830550544
88,109.87,93,109.88,10:01:25.830695006
106,109.87,93,109.88,10:01:25.831622013
106,109.87,94,109.88,10:01:25.841949824
106,109.87,81,109.88,10:01:26.026643112
106,109.87,94,109.88,10:01:26.041660244
118,109.87,94,109.88,10:01:26.492059433
118,109.87,81,109.88,10:01:26.492170249
106,109.87,81,109.88,10:01:26.555571182
106,109.87,94,109.88,10:01:26.595061776
105,109.87,94,109.88,10:01:27.256000338
104,109.87,94,109.88,10:01:27.311394655
105,109.87,94,109.88,10:01:27.743563470
105,109.87,81,109.88,10:01:28.253195542
106,109.87,81,109.88,10:01:28.346989492
118,109.87,81,109.88,10:01:28.410369254
117,109.87,81,109.88,10:01:29.000361943
117,109.87,94,109.88,10:01:29.000638449
105,109.87,94,109.88,10:01:29.000745002
106,109.87,94,109.88,10:01:29.474926496
106,109.87,81,109.88,10:01:29.475138257
106,109.87,79,109.88,10:01:29.475871254
106,109.87,78,109.88,10:01:29.476506837
106,109.87,76,109.88,10:01:29.476506837
107,109.87,76,109.88,10:01:29.476506837
107,109.87,67,109.88,10:01:29.476666066
107,109.87,66,109.88,10:01:29.476666066
107,109.87,58,109.88,10:01:29.476767145
119,109.87,58,109.88,10:01:29.476767145
129,109.87,58,109.88,10:01:29.477072923
119,109.87,58,109.88,10:01:29.477465938
119,109.87,15,109.88,10:01:29.478771144
119,109.87,17,109.88,10:01:29.478950942
119,109.87,30,109.88,10:01:29.479012420
119,109.87,31,109.88,10:01:29.480791933
119,109.87,30,109.88,10:01:29.490101725
119,109.87,17,109.88,10:01:29.491099536
119,109.87,16,109.88,10:01:29.493759707
119,109.87,15,109.88,10:01:29.493976881
129,109.87,15,109.88,10:01:29.497163566
129,109.87,14,109.88,10:01:29.498395908
129,109.87,12,109.88,10:01:29.498568833
135,109.87,12,109.88,10:01:29.498957587
138,109.87,12,109.88,10:01:29.498981540
138,109.87,10,109.88,10:01:29.500714915
138,109.87,11,109.88,10:01:29.501164815
138,109.87,14,109.88,10:01:29.501926076
138,109.87,15,109.88,10:01:29.501991423
138,109.87,12,109.88,10:01:29.502766331
138,109.87,13,109.88,10:01:29.504025441
138,109.87,14,109.88,10:01:29.504105200
138,109.87,15,109.88,10:01:29.504175510
138,109.87,16,109.88,10:01:29.505466361
138,109.87,19,109.88,10:01:29.506097094
138,109.87,18,109.88,10:01:29.507347595
138,109.87,19,109.88,10:01:29.511423490
138,109.87,18,109.88,10:01:29.511668575
138,109.87,19,109.88,10:01:29.512589886
138,109.87,32,109.88,10:01:29.516527815
138,109.87,31,109.88,10:01:29.520241113
138,109.87,32,109.88,10:01:29.521446924
138,109.87,41,109.88,10:01:29.526032444
126,109.87,41,109.88,10:01:29.526440373
120,109.87,41,109.88,10:01:29.526863438
117,109.87,41,109.88,10:01:29.526863438
117,109.87,32,109.88,10:01:29.527038018
117,109.87,41,109.88,10:01:29.527418362
129,109.87,41,109.88,10:01:29.527418362
129,109.87,32,109.88,10:01:29.527666459
117,109.87,32,109.88,10:01:29.527741249
127,109.87,32,109.88,10:01:29.527893107
127,109.87,41,109.88,10:01:29.528099177
127,109.87,32,109.88,10:01:29.528415431
117,109.87,32,109.88,10:01:29.528435328
117,109.87,33,109.88,10:01:29.535051974
117,109.87,41,109.88,10:01:29.535578684
107,109.87,41,109.88,10:01:29.540447741
106,109.87,41,109.88,10:01:29.541032997
105,109.87,41,109.88,10:01:29.543962802
125,109.87,41,109.88,10:01:29.551044624
125,109.87,33,109.88,10:01:29.569515314
125,109.87,40,109.88,10:01:29.569813537
125,109.87,63,109.88,10:01:29.580348333
125,109.87,81,109.88,10:01:29.581522465
125,109.87,82,109.88,10:01:29.592818905
125,109.87,83,109.88,10:01:29.592923539
105,109.87,83,109.88,10:01:29.646513205
99,109.87,83,109.88,10:01:29.803295556
90,109.87,83,109.88,10:01:29.803368669
90,109.87,82,109.88,10:01:30.997066691
90,109.87,81,109.88,10:01:30.997066691
90,109.87,80,109.88,10:01:30.997148208
90,109.87,78,109.88,10:01:30.997148208
106,109.87,78,109.88,10:01:30.997377213
108,109.87,78,109.88,10:01:30.997377213
108,109.87,65,109.88,10:01:30.997458320
108,109.87,66,109.88,10:01:30.997476547
108,109.87,65,109.88,10:01:30.997622653
108,109.87,67,109.88,10:01:31.008376777
108,109.87,80,109.88,10:01:31.008657234
108,109.87,81,109.88,10:01:31.008657234
106,109.87,81,109.88,10:01:31.035215120
121,109.87,81,109.88,10:01:31.836180489
105,109.87,81,109.88,10:01:31.938035930
104,109.87,81,109.88,10:01:31.938273391
81,109.87,81,109.88,10:01:31.938360317
63,109.87,81,109.88,10:01:31.938360317
54,109.87,81,109.88,10:01:31.938626668
46,109.87,81,109.88,10:01:31.938708630
45,109.87,81,109.88,10:01:31.943595785
45,109.87,90,109.88,10:01:31.944148022
46,109.87,90,109.88,10:01:31.948479603
45,109.87,90,109.88,10:01:31.949635711
46,109.87,90,109.88,10:01:31.950086834
47,109.87,90,109.88,10:01:31.952040467
48,109.87,90,109.88,10:01:31.952161030
47,109.87,90,109.88,10:01:31.952863712
46,109.87,90,109.88,10:01:31.952969094
31,109.87,90,109.88,10:01:31.954610599
21,109.87,90,109.88,10:01:31.954846299
22,109.87,90,109.88,10:01:31.955071812
21,109.87,90,109.88,10:01:31.955512455
22,109.87,90,109.88,10:01:31.958713384
21,109.87,90,109.88,10:01:31.958758568
20,109.87,90,109.88,10:01:31.958863663
21,109.87,90,109.88,10:01:31.958992702
22,109.87,90,109.88,10:01:31.959963159
23,109.87,90,109.88,10:01:31.960190161
22,109.87,90,109.88,10:01:31.960738567
23,109.87,90,109.88,10:01:31.961657254
23,109.87,89,109.88,10:01:31.966162444
24,109.87,89,109.88,10:01:31.976569874
23,109.87,89,109.88,10:01:31.988500621
22,109.87,89,109.88,10:01:31.996767617
21,109.87,89,109.88,10:01:32.011179883
20,109.87,89,109.88,10:01:32.011253363
21,109.87,89,109.88,10:01:32.064297209
22,109.87,89,109.88,10:01:32.064473330
23,109.87,89,109.88,10:01:32.064537055
22,109.87,89,109.88,10:01:32.088547564
21,109.87,89,109.88,10:01:32.088728216
20,109.87,89,109.88,10:01:32.088801630
38,109.87,89,109.88,10:01:32.697502597
78,109.87,89,109.88,10:01:32.697694764
79,109.87,89,109.88,10:01:32.697756975
89,109.87,89,109.88,10:01:32.697987705
88,109.87,89,109.88,10:01:32.698088094
103,109.87,89,109.88,10:01:32.723214868
88,109.87,89,109.88,10:01:32.800416383
89,109.87,89,109.88,10:01:32.928186988
88,109.87,89,109.88,10:01:32.953020967
89,109.87,89,109.88,10:01:33.003109884
90,109.87,89,109.88,10:01:33.116340978
89,109.87,89,109.88,10:01:33.117346846
104,109.87,89,109.88,10:01:33.323899479
103,109.87,89,109.88,10:01:34.145955133
88,109.87,89,109.88,10:01:34.171695003
78,109.87,89,109.88,10:01:34.171890457
38,109.87,89,109.88,10:01:34.172050053
20,109.87,89,109.88,10:01:34.172125746
21,109.87,89,109.88,10:01:34.172238386
22,109.87,89,109.88,10:01:34.172391576
23,109.87,89,109.88,10:01:34.172493032
20,109.87,89,109.88,10:01:34.228574534
19,109.87,89,109.88,10:01:34.228574534
18,109.87,89,109.88,10:01:34.228574534
16,109.87,89,109.88,10:01:34.228970146
15,109.87,89,109.88,10:01:34.229016731
15,109.87,102,109.88,10:01:34.229016731
15,109.87,108,109.88,10:01:34.229039864
14,109.87,108,109.88,10:01:34.229154795
13,109.87,108,109.88,10:01:34.229154795
13,109.87,120,109.88,10:01:34.229225224
1,109.87,120,109.88,10:01:34.229717873
192,109.86,120,109.88,10:01:34.230162552
192,109.86,15,109.87,10:01:34.230162552
204,109.86,15,109.87,10:01:34.230193881
204,109.86,14,109.87,10:01:34.230422222
204,109.86,120,109.88,10:01:34.230534100
206,109.86,120,109.88,10:01:34.230713053
202,109.86,120,109.88,10:01:34.230796659
202,109.86,129,109.88,10:01:34.231123530
1,109.87,129,109.88,10:01:34.231156838
1,109.87,143,109.88,10:01:34.231420045
202,109.86,143,109.88,10:01:34.231578554
202,109.86,129,109.88,10:01:34.232051164
202,109.86,130,109.88,10:01:34.241059036
192,109.86,130,109.88,10:01:34.241059036
177,109.86,130,109.88,10:01:34.241262620
177,109.86,131,109.88,10:01:34.242077523
157,109.86,131,109.88,10:01:34.265832709
147,109.86,131,109.88,10:01:34.266596793
157,109.86,131,109.88,10:01:34.309279581
148,109.86,131,109.88,10:01:34.355842006
139,109.86,131,109.88,10:01:34.355914191
139,109.86,1,109.87,10:01:34.446867231
139,109.86,6,109.87,10:01:34.447130036
139,109.86,7,109.87,10:01:34.447287342
139,109.86,10,109.87,10:01:34.447287342
137,109.86,10,109.87,10:01:34.447287342
137,109.86,11,109.87,10:01:34.447287342
137,109.86,14,109.87,10:01:34.447373489
137,109.86,54,109.87,10:01:34.447373489
137,109.86,14,109.87,10:01:34.448225046
157,109.86,14,109.87,10:01:34.455921495
157,109.86,13,109.87,10:01:34.456309669
157,109.86,10,109.87,10:01:34.456343639
137,109.86,10,109.87,10:01:34.522473270
137,109.86,12,109.87,10:01:34.532528787
137,109.86,13,109.87,10:01:34.532729405
137,109.86,26,109.87,10:01:34.533245628
137,109.86,27,109.87,10:01:34.533245628
137,109.86,26,109.87,10:01:34.533401624
137,109.86,66,109.87,10:01:34.560206537
137,109.86,67,109.87,10:01:34.570107750
137,109.86,66,109.87,10:01:34.570278985
137,109.86,26,109.87,10:01:34.577671495
137,109.86,27,109.87,10:01:34.579895381
137,109.86,14,109.87,10:01:34.580981439
137,109.86,13,109.87,10:01:34.580981439
127,109.86,13,109.87,10:01:34.621421845
127,109.86,12,109.87,10:01:34.626503263
127,109.86,13,109.87,10:01:34.679833111
127,109.86,14,109.87,10:01:34.680157744
127,109.86,13,109.87,10:01:34.680314534
127,109.86,14,109.87,10:01:34.696315896
127,109.86,13,109.87,10:01:34.738206686
127,109.86,12,109.87,10:01:34.738345710
127,109.86,13,109.87,10:01:34.738507416
127,109.86,12,109.87,10:01:34.740344816
127,109.86,10,109.87,10:01:34.821311028
139,109.86,10,109.87,10:01:35.167394579
127,109.86,10,109.87,10:01:35.234639107
127,109.86,11,109.87,10:01:35.312050619
127,109.86,12,109.87,10:01:35.318391985
135,109.86,12,109.87,10:01:35.343640584
135,109.86,11,109.87,10:01:35.343769357
131,109.86,11,109.87,10:01:35.347108899
131,109.86,12,109.87,10:01:35.347318768
127,109.86,12,109.87,10:01:35.347503805
127,109.86,53,109.87,10:01:35.466842574
127,109.86,12,109.87,10:01:36.585771099
127,109.86,11,109.87,10:01:36.586123116
127,109.86,10,109.87,10:01:36.586222439
137,109.86,10,109.87,10:01:36.586321920
127,109.86,10,109.87,10:01:36.587068444
127,109.86,11,109.87,10:01:36.603086873
127,109.86,12,109.87,10:01:36.603149348
142,109.86,12,109.87,10:01:36.620053507
142,109.86,11,109.87,10:01:36.620297308
142,109.86,10,109.87,10:01:36.620297308
127,109.86,10,109.87,10:01:36.645398053
137,109.86,10,109.87,10:01:36.768253031
147,109.86,10,109.87,10:01:36.768829549
147,109.86,7,109.87,10:01:37.167498789
147,109.86,6,109.87,10:01:37.167851934
162,109.86,6,109.87,10:01:37.192649072
182,109.86,6,109.87,10:01:37.268405806
182,109.86,7,109.87,10:01:37.612861232
182,109.86,8,109.87,10:01:37.613033152
182,109.86,9,109.87,10:01:37.622689435
167,109.86,9,109.87,10:01:37.653144750
167,109.86,8,109.87,10:01:37.737494694
167,109.86,7,109.87,10:01:37.737566284
167,109.86,6,109.87,10:01:37.737733724
147,109.86,6,109.87,10:01:37.775103529
147,109.86,9,109.87,10:01:37.890345782
147,109.86,6,109.87,10:01:37.909559024
167,109.86,6,109.87,10:01:38.027877597
182,109.86,6,109.87,10:01:38.194727914
182,109.86,5,109.87,10:01:38.941928060
182,109.86,137,109.88,10:01:38.941928060
144,109.87,137,109.88,10:01:38.941928060
154,109.87,137,109.88,10:01:38.942527045
154,109.87,131,109.88,10:01:38.942955972
155,109.87,131,109.88,10:01:38.967485755
155,109.87,118,109.88,10:01:39.243875324
155,109.87,112,109.88,10:01:39.243937532
155,109.87,110,109.88,10:01:41.036191888
155,109.87,109,109.88,10:01:41.036191888
155,109.87,106,109.88,10:01:41.036191888
155,109.87,105,109.88,10:01:41.036406172
155,109.87,104,109.88,10:01:41.036420592
155,109.87,103,109.88,10:01:41.036420592
155,109.87,102,109.88,10:01:41.036435539
155,109.87,99,109.88,10:01:41.036435539
155,109.87,98,109.88,10:01:41.036449475
155,109.87,97,109.88,10:01:41.036463817
155,109.87,90,109.88,10:01:41.036477948
155,109.87,67,109.88,10:01:41.036492272
155,109.87,49,109.88,10:01:41.036492272
155,109.87,48,109.88,10:01:41.036506054
155,109.87,47,109.88,10:01:41.036520044
155,109.87,46,109.88,10:01:41.036533673
155,109.87,33,109.88,10:01:41.036548720
155,109.87,32,109.88,10:01:41.036568796
155,109.87,23,109.88,10:01:41.036582598
155,109.87,11,109.88,10:01:41.036596489
155,109.87,2,109.88,10:01:41.036615225
155,109.87,1,109.88,10:01:41.036628192
155,109.87,187,109.89,10:01:41.036861564
32,109.88,187,109.89,10:01:41.036861564
47,109.87,187,109.89,10:01:41.037901791
48,109.87,187,109.89,10:01:41.037943688
48,109.87,27,109.88,10:01:41.037972226
73,109.87,27,109.88,10:01:41.037972226
80,109.87,27,109.88,10:01:41.038011157
80,109.87,28,109.88,10:01:41.038070517
80,109.87,31,109.88,10:01:41.038085733
91,109.87,31,109.88,10:01:41.038126114
91,109.87,34,109.88,10:01:41.038126114
103,109.87,34,109.88,10:01:41.038147246
103,109.87,47,109.88,10:01:41.038168181
119,109.87,47,109.88,10:01:41.038182274
123,109.87,47,109.88,10:01:41.038198818
153,109.87,47,109.88,10:01:41.038540779
153,109.87,48,109.88,10:01:41.039054046
153,109.87,41,109.88,10:01:41.039131390
143,109.87,41,109.88,10:01:41.039146440
143,109.87,43,109.88,10:01:41.039215262
143,109.87,44,109.88,10:01:41.039245226
143,109.87,43,109.88,10:01:41.039646718
143,109.87,51,109.88,10:01:41.039646718
143,109.87,50,109.88,10:01:41.039662913
143,109.87,37,109.88,10:01:41.039662913
131,109.87,37,109.88,10:01:41.039662913
111,109.87,37,109.88,10:01:41.039830500
111,109.87,50,109.88,10:01:41.039873015
111,109.87,51,109.88,10:01:41.039873015
111,109.87,52,109.88,10:01:41.039873015
101,109.87,52,109.88,10:01:41.039896292
101,109.87,51,109.88,10:01:41.039911722
101,109.87,54,109.88,10:01:41.047574444
101,109.87,57,109.88,10:01:41.047574444
102,109.87,57,109.88,10:01:41.049182334
103,109.87,57,109.88,10:01:41.049252484
103,109.87,58,109.88,10:01:41.050709309
96,109.87,58,109.88,10:01:41.051165638
85,109.87,58,109.88,10:01:41.051165638
85,109.87,65,109.88,10:01:41.051186073
85,109.87,77,109.88,10:01:41.051186073
85,109.87,79,109.88,10:01:41.051186073
85,109.87,78,109.88,10:01:41.058519857
85,109.87,77,109.88,10:01:41.058592116
85,109.87,76,109.88,10:01:41.060244954
84,109.87,76,109.88,10:01:41.060339516
84,109.87,64,109.88,10:01:41.062319538
99,109.87,64,109.88,10:01:41.063221969
99,109.87,65,109.88,10:01:41.071531401
99,109.87,66,109.88,10:01:41.071602210
99,109.87,78,109.88,10:01:41.074264903
84,109.87,78,109.88,10:01:41.088556607
84,109.87,66,109.88,10:01:41.089655264
95,109.87,66,109.88,10:01:41.152263388
102,109.87,66,109.88,10:01:41.152363293
86,109.87,66,109.88,10:01:41.367577168
75,109.87,66,109.88,10:01:41.367665049
68,109.87,66,109.88,10:01:41.367665049
68,109.87,99,109.88,10:01:41.367665049
43,109.87,99,109.88,10:01:41.367737210
36,109.87,99,109.88,10:01:41.368403727
44,109.87,99,109.88,10:01:41.368969554
36,109.87,99,109.88,10:01:41.369143644
44,109.87,99,109.88,10:01:41.378337961
45,109.87,99,109.88,10:01:41.379045564
45,109.87,98,109.88,10:01:41.379045564
46,109.87,98,109.88,10:01:41.379120651
46,109.87,97,109.88,10:01:41.379197224
47,109.87,97,109.88,10:01:41.497641328
48,109.87,97,109.88,10:01:41.744854174
60,109.87,97,109.88,10:01:45.001324364
66,109.87,97,109.88,10:01:45.001446844
66,109.87,96,109.88,10:01:45.001590476
94,109.87,96,109.88,10:01:45.001782293
107,109.87,96,109.88,10:01:45.001797253
107,109.87,97,109.88,10:01:45.291463020
107,109.87,98,109.88,10:01:45.547414441
94,109.87,98,109.88,10:01:46.851808691
66,109.87,98,109.88,10:01:46.851993340
60,109.87,98,109.88,10:01:46.851993340
48,109.87,98,109.88,10:01:46.852011577
47,109.87,98,109.88,10:01:46.852508398
39,109.87,98,109.88,10:01:46.852523237
37,109.87,98,109.88,10:01:46.852881473
37,109.87,110,109.88,10:01:46.852912975
36,109.87,110,109.88,10:01:46.858167925
27,109.87,110,109.88,10:01:46.862650728
28,109.87,110,109.88,10:01:46.863748299
27,109.87,110,109.88,10:01:46.863888976
26,109.87,110,109.88,10:01:46.869502970
13,109.87,110,109.88,10:01:46.870580562
13,109.87,128,109.88,10:01:46.870960129
12,109.87,128,109.88,10:01:46.871419806
10,109.87,128,109.88,10:01:46.877788164
6,109.87,128,109.88,10:01:46.877788164
5,109.87,128,109.88,10:01:46.879815513
4,109.87,128,109.88,10:01:46.879836985
3,109.87,128,109.88,10:01:46.879836985
2,109.87,128,109.88,10:01:46.879836985
1,109.87,128,109.88,10:01:46.879836985
127,109.86,128,109.88,10:01:46.880106386
127,109.86,39,109.87,10:01:46.880106386
127,109.86,42,109.87,10:01:46.880221334
125,109.86,42,109.87,10:01:46.880528727
126,109.86,42,109.87,10:01:46.880614069
127,109.86,42,109.87,10:01:46.880900985
127,109.86,39,109.87,10:01:46.880900985
127,109.86,148,109.88,10:01:46.881432190
119,109.86,148,109.88,10:01:46.881515882
119,109.86,1,109.87,10:01:46.881536826
119,109.86,6,109.87,10:01:46.882667274
118,109.86,6,109.87,10:01:46.892814356
117,109.86,6,109.87,10:01:46.892942672
117,109.86,7,109.87,10:01:46.893195681
117,109.86,8,109.87,10:01:46.898538749
117,109.86,9,109.87,10:01:46.903329034
117,109.86,10,109.87,10:01:46.913219507
117,109.86,9,109.87,10:01:46.920615207
117,109.86,8,109.87,10:01:46.920797790
117,109.86,7,109.87,10:01:46.920943415
117,109.86,8,109.87,10:01:46.931380979
117,109.86,9,109.87,10:01:46.932197900
117,109.86,10,109.87,10:01:46.932578515
117,109.86,11,109.87,10:01:46.933229301
117,109.86,12,109.87,10:01:46.953554695
117,109.86,13,109.87,10:01:46.990099746
117,109.86,14,109.87,10:01:46.990197531
117,109.86,15,109.87,10:01:46.990348975
117,109.86,28,109.87,10:01:46.990348975
117,109.86,37,109.87,10:01:46.990903288
117,109.86,36,109.87,10:01:47.039078439
117,109.86,66,109.87,10:01:47.256293626
117,109.86,77,109.87,10:01:47.256358496
117,109.86,78,109.87,10:01:47.394623448
101,109.86,78,109.87,10:01:47.424413120
102,109.86,78,109.87,10:01:47.435714089
103,109.86,78,109.87,10:01:47.435786278
103,109.86,77,109.87,10:01:47.703752565
103,109.86,78,109.87,10:01:47.975828136
103,109.86,77,109.87,10:01:48.220006164
103,109.86,78,109.87,10:01:48.221383318
103,109.86,79,109.87,10:01:48.500664426
103,109.86,78,109.87,10:01:48.570221461
102,109.86,78,109.87,10:01:48.817522603
102,109.86,79,109.87,10:01:48.817676942
102,109.86,78,109.87,10:01:49.084027417
103,109.86,78,109.87,10:01:49.095771179
103,109.86,79,109.87,10:01:49.095912679
103,109.86,78,109.87,10:01:49.147226720
102,109.86,78,109.87,10:01:49.733563343
102,109.86,79,109.87,10:01:49.733725697
102,109.86,68,109.87,10:01:50.368504472
102,109.86,38,109.87,10:01:50.368583807
103,109.86,38,109.87,10:01:50.368685778
103,109.86,46,109.87,10:01:50.368759820
102,109.86,46,109.87,10:01:50.381053133
61,109.86,46,109.87,10:01:50.396164250
60,109.86,46,109.87,10:01:50.396451716
51,109.86,46,109.87,10:01:50.396451716
43,109.86,46,109.87,10:01:50.396451716
43,109.86,60,109.87,10:01:50.396526675
43,109.86,64,109.87,10:01:50.396558301
32,109.86,64,109.87,10:01:50.396609578
31,109.86,64,109.87,10:01:50.397189232
32,109.86,64,109.87,10:01:50.397654485
33,109.86,64,109.87,10:01:50.397654485
33,109.86,50,109.87,10:01:50.406132759
33,109.86,46,109.87,10:01:50.406213805
32,109.86,46,109.87,10:01:50.408089592
31,109.86,46,109.87,10:01:50.408245135
31,109.86,38,109.87,10:01:50.414582200
43,109.86,38,109.87,10:01:50.414644868
43,109.86,70,109.87,10:01:50.468809867
43,109.86,79,109.87,10:01:50.468915698
65,109.86,79,109.87,10:01:50.499824897
84,109.86,79,109.87,10:01:50.499891980
84,109.86,78,109.87,10:01:51.309359929
84,109.86,73,109.87,10:01:51.309359929
84,109.86,72,109.87,10:01:51.309529631
84,109.86,71,109.87,10:01:51.309544553
84,109.86,70,109.87,10:01:51.309544553
84,109.86,69,109.87,10:01:51.309544553
84,109.86,68,109.87,10:01:51.309544553
84,109.86,67,109.87,10:01:51.309563951
84,109.86,66,109.87,10:01:51.309563951
84,109.86,65,109.87,10:01:51.309563951
84,109.86,52,109.87,10:01:51.309563951
84,109.86,43,109.87,10:01:51.309563951
84,109.86,42,109.87,10:01:51.309563951
84,109.86,41,109.87,10:01:51.309563951
84,109.86,9,109.87,10:01:51.309582933
84,109.86,191,109.88,10:01:51.309582933
21,109.87,191,109.88,10:01:51.309582933
21,109.87,188,109.88,10:01:51.309997832
21,109.87,162,109.88,10:01:51.310515182
21,109.87,158,109.88,10:01:51.311167454
21,109.87,159,109.88,10:01:51.321143576
21,109.87,160,109.88,10:01:51.321143576
13,109.87,160,109.88,10:01:53.339247607
133,109.86,160,109.88,10:01:53.339609946
133,109.86,1,109.87,10:01:53.339711226
133,109.86,41,109.87,10:01:53.339711226
133,109.86,44,109.87,10:01:53.339833140
133,109.86,57,109.87,10:01:53.339833140
140,109.86,57,109.87,10:01:53.339833140
132,109.86,57,109.87,10:01:53.339991504
132,109.86,44,109.87,10:01:53.340264778
132,109.86,41,109.87,10:01:53.340281859
132,109.86,49,109.87,10:01:53.340387021
132,109.86,48,109.87,10:01:53.340411136
120,109.86,48,109.87,10:01:53.340561479
120,109.86,50,109.87,10:01:53.340858198
120,109.86,10,109.87,10:01:53.340858198
120,109.86,11,109.87,10:01:53.340941845
120,109.86,12,109.87,10:01:53.341129235
120,109.86,13,109.87,10:01:53.341297548
120,109.86,12,109.87,10:01:53.342770869
120,109.86,13,109.87,10:01:53.343025106
120,109.86,12,109.87,10:01:53.343902305
120,109.86,11,109.87,10:01:53.357288917
120,109.86,9,109.87,10:01:53.357288917
120,109.86,8,109.87,10:01:53.357358075
120,109.86,172,109.88,10:01:53.357520437
120,109.86,168,109.88,10:01:53.357718750
120,109.86,160,109.88,10:01:53.358089725
120,109.86,32,109.87,10:01:57.509345627
120,109.86,35,109.87,10:01:57.509546942
120,109.86,36,109.87,10:01:57.509636356
120,109.86,37,109.87,10:01:57.509636356
120,109.86,77,109.87,10:01:57.509636356
120,109.86,88,109.87,10:01:57.509707534
120,109.86,48,109.87,10:01:57.515733693
120,109.86,47,109.87,10:01:57.515879542
120,109.86,49,109.87,10:01:57.516050288
119,109.86,49,109.87,10:01:57.520657126
108,109.86,49,109.87,10:01:57.623305494
100,109.86,49,109.87,10:01:57.623374035
100,109.86,50,109.87,10:01:57.720152697
100,109.86,49,109.87,10:01:57.750901325
100,109.86,50,109.87,10:01:58.227129155
100,109.86,63,109.87,10:01:58.230844588
100,109.86,64,109.87,10:01:58.236537408
100,109.86,72,109.87,10:01:58.236537408
100,109.86,81,109.87,10:01:58.236615746
100,109.86,121,109.87,10:01:58.236692323
81,109.86,121,109.87,10:01:58.236882863
59,109.86,121,109.87,10:01:58.237065621
52,109.86,121,109.87,10:01:58.237086613
40,109.86,121,109.87,10:01:58.237086613
48,109.86,121,109.87,10:01:58.246577148
48,109.86,81,109.87,10:01:58.247335784
48,109.86,72,109.87,10:01:58.247478238
48,109.86,71,109.87,10:01:58.247478238
48,109.86,63,109.87,10:01:58.247564414
49,109.86,63,109.87,10:01:58.248133550
50,109.86,63,109.87,10:01:58.248215438
50,109.86,64,109.87,10:01:58.250534806
50,109.86,63,109.87,10:01:58.250694339
50,109.86,50,109.87,10:01:58.284874015
50,109.86,49,109.87,10:01:58.285119016
50,109.86,17,109.87,10:01:58.291243144
65,109.86,17,109.87,10:01:58.291441335
69,109.86,17,109.87,10:01:58.291589341
69,109.86,18,109.87,10:01:58.291728570
68,109.86,18,109.87,10:01:58.302520454
67,109.86,18,109.87,10:01:58.302599222
67,109.86,31,109.87,10:01:58.302744838
97,109.86,31,109.87,10:01:58.341140953
108,109.86,31,109.87,10:01:58.341214777
108,109.86,30,109.87,10:01:58.341361500
108,109.86,17,109.87,10:01:58.341361500
108,109.86,15,109.87,10:01:58.927927093
108,109.86,4,109.87,10:01:58.928179323
108,109.86,1,109.87,10:01:58.928324939
120,109.86,1,109.87,10:01:58.928407547
120,109.86,3,109.87,10:01:59.201134017
120,109.86,4,109.87,10:01:59.201215277
120,109.86,3,109.87,10:01:59.203195161
120,109.86,1,109.87,10:01:59.203644239
120,109.86,2,109.87,10:01:59.215166330
120,109.86,3,109.87,10:01:59.215308734
120,109.86,2,109.87,10:01:59.216923519
120,109.86,1,109.87,10:01:59.228925326
120,109.86,3,109.87,10:01:59.236826322
120,109.86,6,109.87,10:01:59.236826322
120,109.86,14,109.87,10:01:59.237092299
120,109.86,54,109.87,10:01:59.237198700
108,109.86,54,109.87,10:01:59.237387047
108,109.86,46,109.87,10:01:59.237469807
108,109.86,57,109.87,10:01:59.239839562
108,109.86,17,109.87,10:01:59.241010742
108,109.86,30,109.87,10:01:59.242162780
108,109.86,17,109.87,10:01:59.245246854
108,109.86,14,109.87,10:01:59.246067964
108,109.86,3,109.87,10:01:59.250680809
120,109.86,3,109.87,10:01:59.250850118
120,109.86,4,109.87,10:01:59.251381926
120,109.86,5,109.87,10:01:59.251578012
120,109.86,6,109.87,10:01:59.252667752
120,109.86,5,109.87,10:01:59.254894253
120,109.86,4,109.87,10:01:59.258110990
120,109.86,3,109.87,10:01:59.258265742
120,109.86,4,109.87,10:01:59.262938797
120,109.86,5,109.87,10:01:59.263223265
120,109.86,6,109.87,10:01:59.266979250
120,109.86,19,109.87,10:01:59.555983312
120,109.86,20,109.87,10:01:59.556314451
108,109.86,20,109.87,10:01:59.556401891
108,109.86,31,109.87,10:01:59.556401891
108,109.86,39,109.87,10:01:59.556485207
108,109.86,80,109.87,10:01:59.557255779
93,109.86,80,109.87,10:01:59.763930177
89,109.86,80,109.87,10:01:59.763969850
78,109.86,80,109.87,10:01:59.971898662
48,109.86,80,109.87,10:01:59.971979225
40,109.86,80,109.87,10:01:59.972058918
52,109.86,80,109.87,10:01:59.975196298
66,109.86,80,109.87,10:01:59.975292750
66,109.86,39,109.87,10:01:59.975292750
71,109.86,39,109.87,10:01:59.975309770
71,109.86,31,109.87,10:01:59.975402369
66,109.86,31,109.87,10:01:59.994451946
52,109.86,31,109.87,10:01:59.994451946
40,109.86,31,109.87,10:01:59.994688503
71,109.86,31,109.87,10:02:00.072772100
81,109.86,31,109.87,10:02:00.072919607
81,109.86,72,109.87,10:02:00.223033945
81,109.86,31,109.87,10:02:00.240752583
95,109.86,31,109.87,10:02:00.264103495
100,109.86,31,109.87,10:02:00.264181591
95,109.86,31,109.87,10:02:00.283445985
81,109.86,31,109.87,10:02:00.283517345
81,109.86,38,109.87,10:02:00.298893261
81,109.86,31,109.87,10:02:00.303285907
81,109.86,72,109.87,10:02:00.353546535
81,109.86,31,109.87,10:02:01.297713133
96,109.86,31,109.87,10:02:01.299743041
100,109.86,31,109.87,10:02:01.299816719
100,109.86,30,109.87,10:02:01.299947666
100,109.86,17,109.87,10:02:02.204879721
100,109.86,6,109.87,10:02:02.205096009
112,109.86,6,109.87,10:02:02.205297440
112,109.86,5,109.87,10:02:02.205520089
112,109.86,4,109.87,10:02:02.206145864
112,109.86,3,109.87,10:02:02.206202539
112,109.86,2,109.87,10:02:02.206511548
112,109.86,4,109.87,10:02:02.245442442
112,109.86,5,109.87,10:02:02.245677451
112,109.86,4,109.87,10:02:02.276626476
112,109.86,2,109.87,10:02:02.276753865
112,109.86,3,109.87,10:02:02.305525317
112,109.86,5,109.87,10:02:02.305662597
112,109.86,3,109.87,10:02:02.370806738
112,109.86,1,109.87,10:02:02.371301109
112,109.86,162,109.88,10:02:02.371448261
119,109.86,162,109.88,10:02:02.371669108
119,109.86,160,109.88,10:02:02.371753041
119,109.86,32,109.87,10:02:05.144791224
119,109.86,56,109.87,10:02:05.145027147
119,109.86,59,109.87,10:02:05.145102142
119,109.86,60,109.87,10:02:05.145195255
107,109.86,60,109.87,10:02:05.145212151
107,109.86,61,109.87,10:02:05.145212151
107,109.86,68,109.87,10:02:05.148594117
107,109.86,72,109.87,10:02:05.148734668
107,109.86,89,109.87,10:02:05.149110971
103,109.86,89,109.87,10:02:05.173503975
96,109.86,89,109.87,10:02:05.173630120
81,109.86,89,109.87,10:02:05.173700087
81,109.86,91,109.87,10:02:05.173920683
81,109.86,90,109.87,10:02:05.174019496
81,109.86,91,109.87,10:02:05.174537901
81,109.86,90,109.87,10:02:05.174924620
81,109.86,91,109.87,10:02:05.229634623
81,109.86,90,109.87,10:02:05.229835618
81,109.86,73,109.87,10:02:05.255786858
81,109.86,49,109.87,10:02:05.255786858
81,109.86,50,109.87,10:02:05.257435689
81,109.86,49,109.87,10:02:05.260342541
81,109.86,50,109.87,10:02:05.284882000
81,109.86,74,109.87,10:02:05.357683527
81,109.86,91,109.87,10:02:05.357749740
81,109.86,90,109.87,10:02:05.933301371
81,109.86,73,109.87,10:02:06.881528062
81,109.86,49,109.87,10:02:06.881598394
81,109.86,47,109.87,10:02:06.881701105
98,109.86,47,109.87,10:02:06.881868087
98,109.86,48,109.87,10:02:06.883600928
81,109.86,48,109.87,10:02:06.883753731
81,109.86,16,109.87,10:02:06.884003671
81,109.86,29,109.87,10:02:06.890869988
98,109.86,29,109.87,10:02:06.985107854
98,109.86,28,109.87,10:02:07.351245709
98,109.86,15,109.87,10:02:07.352391631
98,109.86,11,109.87,10:02:07.352693788
98,109.86,4,109.87,10:02:07.352693788
110,109.86,4,109.87,10:02:07.352965058
110,109.86,5,109.87,10:02:08.758302159
110,109.86,6,109.87,10:02:08.759011124
110,109.86,7,109.87,10:02:08.759165903
110,109.86,20,109.87,10:02:08.759271573
110,109.86,19,109.87,10:02:08.759344962
98,109.86,19,109.87,10:02:08.759509781
98,109.86,27,109.87,10:02:08.759834647
98,109.86,30,109.87,10:02:08.759834647
98,109.86,58,109.87,10:02:09.254028494
98,109.86,71,109.87,10:02:09.255268317
98,109.86,72,109.87,10:02:10.564468402
81,109.86,72,109.87,10:02:10.564697915
81,109.86,71,109.87,10:02:10.564697915
81,109.86,72,109.87,10:02:10.564925412
81,109.86,71,109.87,10:02:10.565148280
81,109.86,58,109.87,10:02:10.575376285
81,109.86,30,109.87,10:02:10.575376285
100,109.86,30,109.87,10:02:10.684431701
100,109.86,29,109.87,10:02:11.225900022
100,109.86,16,109.87,10:02:11.303996593
100,109.86,13,109.87,10:02:11.304225335
100,109.86,5,109.87,10:02:11.304319549
100,109.86,2,109.87,10:02:11.304319549
112,109.86,2,109.87,10:02:11.304482129
112,109.86,1,109.87,10:02:11.304885305
112,109.86,160,109.88,10:02:11.413706596
120,109.86,160,109.88,10:02:11.413999415
120,109.86,32,109.87,10:02:13.079993637
120,109.86,35,109.87,10:02:13.080302754
120,109.86,66,109.87,10:02:13.080394670
120,109.86,67,109.87,10:02:13.080394670
108,109.86,67,109.87,10:02:13.080785995
108,109.86,77,109.87,10:02:13.188359876
108,109.86,45,109.87,10:02:13.580941597
108,109.86,35,109.87,10:02:13.581096407
108,109.86,4,109.87,10:02:13.581172678
120,109.86,4,109.87,10:02:13.581372701
120,109.86,1,109.87,10:02:13.647046737
120,109.86,3,109.87,10:02:13.669842410
120,109.86,4,109.87,10:02:13.670004430
120,109.86,3,109.87,10:02:13.856160783
120,109.86,1,109.87,10:02:13.862722078
120,109.86,2,109.87,10:02:13.898983269
120,109.86,4,109.87,10:02:13.899143960
120,109.86,2,109.87,10:02:13.900055813
120,109.86,1,109.87,10:02:13.900202091
120,109.86,2,109.87,10:02:13.943753652
120,109.86,3,109.87,10:02:13.943889137
120,109.86,2,109.87,10:02:14.018775138
120,109.86,1,109.87,10:02:14.059636605
120,109.86,2,109.87,10:02:14.079232893
120,109.86,1,109.87,10:02:14.081986126
120,109.86,160,109.88,10:02:14.263815711
120,109.86,32,109.87,10:02:18.665157528
120,109.86,67,109.87,10:02:18.665596180
120,109.86,70,109.87,10:02:18.665643975
108,109.86,70,109.87,10:02:18.665643975
108,109.86,71,109.87,10:02:18.666048154
108,109.86,68,109.87,10:02:18.684277956
108,109.86,33,109.87,10:02:18.684363565
108,109.86,35,109.87,10:02:18.684744334
108,109.86,33,109.87,10:02:18.684859850
108,109.86,46,109.87,10:02:18.684928228
108,109.86,33,109.87,10:02:18.685337732
108,109.86,34,109.87,10:02:18.686568224
108,109.86,35,109.87,10:02:18.687887039
108,109.86,48,109.87,10:02:18.688099538
108,109.86,47,109.87,10:02:18.688780782
108,109.86,46,109.87,10:02:18.688854347
108,109.86,33,109.87,10:02:18.688954536
108,109.86,35,109.87,10:02:18.692345638
108,109.86,33,109.87,10:02:18.693024015
108,109.86,34,109.87,10:02:18.695779900
108,109.86,35,109.87,10:02:18.695856501
108,109.86,36,109.87,10:02:18.695856501
108,109.86,49,109.87,10:02:18.696626011
108,109.86,48,109.87,10:02:18.698461486
108,109.86,47,109.87,10:02:18.698603169
108,109.86,48,109.87,10:02:18.703236935
108,109.86,49,109.87,10:02:18.703365144
108,109.86,48,109.87,10:02:18.709490944
108,109.86,47,109.87,10:02:18.709597485
108,109.86,46,109.87,10:02:18.710684869
108,109.86,33,109.87,10:02:18.710800780
108,109.86,35,109.87,10:02:18.713394222
108,109.86,36,109.87,10:02:18.713532644
108,109.86,35,109.87,10:02:18.718940518
108,109.86,33,109.87,10:02:18.719268173
108,109.86,34,109.87,10:02:18.720195584
108,109.86,35,109.87,10:02:18.721480066
108,109.86,36,109.87,10:02:18.721656751
108,109.86,35,109.87,10:02:18.739643299
108,109.86,34,109.87,10:02:18.739834335
108,109.86,33,109.87,10:02:18.739941190
108,109.86,34,109.87,10:02:18.740119980
108,109.86,35,109.87,10:02:18.743600469
108,109.86,36,109.87,10:02:18.744010733
108,109.86,35,109.87,10:02:18.756974609
108,109.86,36,109.87,10:02:18.765601268
108,109.86,35,109.87,10:02:18.779022177
108,109.86,34,109.87,10:02:18.779194671
108,109.86,33,109.87,10:02:18.793136281
108,109.86,34,109.87,10:02:18.824765821
108,109.86,35,109.87,10:02:18.824907805
108,109.86,36,109.87,10:02:18.830007516
108,109.86,49,109.87,10:02:19.111346509
89,109.86,49,109.87,10:02:19.111513923
89,109.86,48,109.87,10:02:19.153995213
89,109.86,49,109.87,10:02:19.158235597
89,109.86,17,109.87,10:02:19.165788328
101,109.86,17,109.87,10:02:19.274079862
108,109.86,17,109.87,10:02:19.274159408
108,109.86,16,109.87,10:02:19.842435095
108,109.86,17,109.87,10:02:20.135978983
108,109.86,16,109.87,10:02:20.150488807
108,109.86,17,109.87,10:02:20.155253642
108,109.86,16,109.87,10:02:20.155941642
108,109.86,17,109.87,10:02:20.164160618
108,109.86,16,109.87,10:02:20.190106044
108,109.86,17,109.87,10:02:20.212978131
108,109.86,16,109.87,10:02:20.249967984
108,109.86,17,109.87,10:02:20.279259285
108,109.86,16,109.87,10:02:21.285331091
108,109.86,17,109.87,10:02:22.023702852
108,109.86,16,109.87,10:02:22.106005856
108,109.86,15,109.87,10:02:22.138196345
108,109.86,14,109.87,10:02:22.138325446
108,109.86,1,109.87,10:02:22.283000697
120,109.86,1,109.87,10:02:22.283490120
120,109.86,160,109.88,10:02:22.283951279
1,109.87,160,109.88,10:02:22.400837301
6,109.87,160,109.88,10:02:22.401159960
5,109.87,160,109.88,10:02:22.401173868
14,109.87,160,109.88,10:02:22.401247429
9,109.87,160,109.88,10:02:22.536032766
144,109.86,160,109.88,10:02:22.541504950
136,109.86,160,109.88,10:02:22.541688623
130,109.86,160,109.88,10:02:22.542181308
120,109.86,160,109.88,10:02:22.557720353
120,109.86,1,109.87,10:02:29.025705845
120,109.86,14,109.87,10:02:29.033095501
120,109.86,16,109.87,10:02:29.033256009
120,109.86,17,109.87,10:02:29.033445187
120,109.86,16,109.87,10:02:29.038619499
120,109.86,14,109.87,10:02:29.038759295
120,109.86,1,109.87,10:02:29.038924562
120,109.86,160,109.88,10:02:34.735675012
1,109.87,160,109.88,10:02:35.030776126
3,109.87,160,109.88,10:02:35.031251611
6,109.87,160,109.88,10:02:35.031367902
15,109.87,160,109.88,10:02:35.031397898
14,109.87,160,109.88,10:02:35.031397898
15,109.87,160,109.88,10:02:35.031916284
13,109.87,160,109.88,10:02:35.032386915
12,109.87,160,109.88,10:02:35.044180735
9,109.87,160,109.88,10:02:35.057350447
120,109.86,160,109.88,10:02:35.616111428
128,109.86,160,109.88,10:02:35.616408170
120,109.86,160,109.88,10:02:35.616915996
107,109.86,160,109.88,10:02:39.491308692
103,109.86,160,109.88,10:02:39.491308692
101,109.86,160,109.88,10:02:39.491486292
100,109.86,160,109.88,10:02:39.491500721
99,109.86,160,109.88,10:02:39.491500721
98,109.86,160,109.88,10:02:39.491514791
97,109.86,160,109.88,10:02:39.491514791
96,109.86,160,109.88,10:02:39.491514791
95,109.86,160,109.88,10:02:39.491530196
94,109.86,160,109.88,10:02:39.491530196
92,109.86,160,109.88,10:02:39.491530196
91,109.86,160,109.88,10:02:39.491530196
90,109.86,160,109.88,10:02:39.491543761
89,109.86,160,109.88,10:02:39.491543761
80,109.86,160,109.88,10:02:39.491543761
49,109.86,160,109.88,10:02:39.491557649
39,109.86,160,109.88,10:02:39.491557649
31,109.86,160,109.88,10:02:39.491557649
20,109.86,160,109.88,10:02:39.491572343
20,109.86,2,109.87,10:02:39.491869290
13,109.86,2,109.87,10:02:39.491869290
12,109.86,2,109.87,10:02:39.491869290
12,109.86,6,109.87,10:02:39.491869290
13,109.86,6,109.87,10:02:39.491924279
13,109.86,36,109.87,10:02:39.492028244
18,109.86,36,109.87,10:02:39.492049159
18,109.86,38,109.87,10:02:39.492067975
19,109.86,38,109.87,10:02:39.492067975
19,109.86,39,109.87,10:02:39.492067975
19,109.86,61,109.87,10:02:39.492300026
19,109.86,74,109.87,10:02:39.492300026
20,109.86,74,109.87,10:02:39.492376925
22,109.86,74,109.87,10:02:39.492394659
23,109.86,74,109.87,10:02:39.492394659
36,109.86,74,109.87,10:02:39.492476423
36,109.86,77,109.87,10:02:39.492476423
36,109.86,86,109.87,10:02:39.492476423
36,109.86,94,109.87,10:02:39.492476423
36,109.86,105,109.87,10:02:39.492581844
36,109.86,106,109.87,10:02:39.492581844
37,109.86,106,109.87,10:02:39.492604769
37,109.86,107,109.87,10:02:39.492604769
37,109.86,116,109.87,10:02:39.492604769
25,109.86,116,109.87,10:02:39.492604769
25,109.86,121,109.87,10:02:39.492679068
25,109.86,112,109.87,10:02:39.493340537
25,109.86,123,109.87,10:02:39.493355187
24,109.86,123,109.87,10:02:39.493501274
25,109.86,123,109.87,10:02:39.502637181
26,109.86,123,109.87,10:02:39.502771575
27,109.86,123,109.87,10:02:39.504196901
28,109.86,123,109.87,10:02:39.513549580
29,109.86,123,109.87,10:02:39.513619609
36,109.86,123,109.87,10:02:39.520198184
37,109.86,123,109.87,10:02:40.389172409
45,109.86,123,109.87,10:02:40.390738987
57,109.86,123,109.87,10:02:40.390991870
66,109.86,123,109.87,10:02:40.391158785
57,109.86,123,109.87,10:02:40.417092707
57,109.86,122,109.87,10:02:40.546897105
57,109.86,123,109.87,10:02:40.639893756
45,109.86,123,109.87,10:02:40.640399381
37,109.86,123,109.87,10:02:40.759124828
36,109.86,123,109.87,10:02:40.761256521
29,109.86,123,109.87,10:02:40.762110402
30,109.86,123,109.87,10:02:40.770433244
29,109.86,123,109.87,10:02:40.776463265
37,109.86,123,109.87,10:02:40.777289486
38,109.86,123,109.87,10:02:40.777802086
47,109.86,123,109.87,10:02:40.777802086
59,109.86,123,109.87,10:02:40.778046557
58,109.86,123,109.87,10:02:40.788986143
46,109.86,123,109.87,10:02:40.788986143
37,109.86,123,109.87,10:02:40.789087964
29,109.86,123,109.87,10:02:40.796426503
36,109.86,123,109.87,10:02:40.867642614
35,109.86,123,109.87,10:02:41.667681182
30,109.86,123,109.87,10:02:41.667681182
29,109.86,123,109.87,10:02:41.667822539
28,109.86,123,109.87,10:02:41.667822539
26,109.86,123,109.87,10:02:41.667850612
25,109.86,123,109.87,10:02:41.667850612
12,109.86,123,109.87,10:02:41.667850612
11,109.86,123,109.87,10:02:41.667850612
10,109.86,123,109.87,10:02:41.667850612
9,109.86,123,109.87,10:02:41.667850612
8,109.86,123,109.87,10:02:41.667850612
7,109.86,123,109.87,10:02:41.667850612
172,109.85,123,109.87,10:02:41.667867093
172,109.85,14,109.86,10:02:41.667867093
172,109.85,123,109.87,10:02:41.668502497
172,109.85,137,109.87,10:02:41.668830276
168,109.85,137,109.87,10:02:41.668955268
168,109.85,149,109.87,10:02:41.669032247
168,109.85,135,109.87,10:02:41.669408256
144,109.85,135,109.87,10:02:41.669567229
1,109.86,135,109.87,10:02:41.679016343
2,109.86,135,109.87,10:02:41.679098291
11,109.86,135,109.87,10:02:41.679455245
11,109.86,123,109.87,10:02:41.679455245
17,109.86,123,109.87,10:02:41.679619673
16,109.86,123,109.87,10:02:41.689971732
15,109.86,123,109.87,10:02:41.690050279
9,109.86,123,109.87,10:02:41.692639894
10,109.86,123,109.87,10:02:41.772831252
11,109.86,123,109.87,10:02:42.440174962
24,109.86,123,109.87,10:02:42.440268853
26,109.86,123,109.87,10:02:42.440268853
27,109.86,123,109.87,10:02:44.539730438
28,109.86,123,109.87,10:02:44.543706362
27,109.86,123,109.87,10:02:44.565442161
26,109.86,123,109.87,10:02:44.638475958
24,109.86,123,109.87,10:02:44.642903859
25,109.86,123,109.87,10:02:44.927224947
26,109.86,123,109.87,10:02:44.927550187
28,109.86,123,109.87,10:02:44.999633708
27,109.86,123,109.87,10:02:45.063365348
28,109.86,123,109.87,10:02:45.536858869
29,109.86,123,109.87,10:02:45.537088363
30,109.86,123,109.87,10:02:45.540477190
31,109.86,123,109.87,10:02:45.541334450
38,109.86,123,109.87,10:02:45.541334450
39,109.86,123,109.87,10:02:45.541434475
38,109.86,123,109.87,10:02:45.542056419
31,109.86,123,109.87,10:02:45.879598546
30,109.86,123,109.87,10:02:45.879911229
29,109.86,123,109.87,10:02:45.879911229
28,109.86,123,109.87,10:02:45.880228235
27,109.86,123,109.87,10:02:47.241721797
25,109.86,123,109.87,10:02:48.560511112
12,109.86,123,109.87,10:02:48.560605973
11,109.86,123,109.87,10:02:48.562299494
10,109.86,123,109.87,10:02:48.562314454
9,109.86,123,109.87,10:02:48.562517296
10,109.86,123,109.87,10:02:48.604218620
12,109.86,123,109.87,10:02:48.604784013
25,109.86,123,109.87,10:02:48.604951651
28,109.86,123,109.87,10:02:48.625851202
29,109.86,123,109.87,10:02:48.625883032
32,109.86,123,109.87,10:02:48.626104433
31,109.86,123,109.87,10:02:48.626218427
58,109.86,123,109.87,10:02:48.626503463
59,109.86,123,109.87,10:02:48.626586939
71,109.86,123,109.87,10:02:48.626927339
70,109.86,123,109.87,10:02:48.626997822
67,109.86,123,109.87,10:02:48.627374740
81,109.86,123,109.87,10:02:48.627524487
82,109.86,123,109.87,10:02:48.630947563
81,109.86,123,109.87,10:02:48.631134833
82,109.86,123,109.87,10:02:48.697732522
83,109.86,123,109.87,10:02:48.697732522
82,109.86,123,109.87,10:02:48.698436487
70,109.86,123,109.87,10:02:48.702891831
61,109.86,123,109.87,10:02:48.998704637
60,109.86,123,109.87,10:02:48.998704637
58,109.86,123,109.87,10:02:48.998704637
45,109.86,123,109.87,10:02:48.998792432
43,109.86,123,109.87,10:02:48.998807312
29,109.86,123,109.87,10:02:48.999114895
2,109.86,123,109.87,10:02:48.999114895
1,109.86,123,109.87,10:02:48.999197296
6,109.86,123,109.87,10:02:48.999304057
7,109.86,123,109.87,10:02:48.999492221
20,109.86,123,109.87,10:02:48.999615952
21,109.86,123,109.87,10:02:49.006623230
22,109.86,123,109.87,10:02:49.007249994
29,109.86,123,109.87,10:02:49.009829004
41,109.86,123,109.87,10:02:49.009898294
42,109.86,123,109.87,10:02:49.009975212
51,109.86,123,109.87,10:02:49.017077809
51,109.86,112,109.87,10:02:49.017289578
42,109.86,112,109.87,10:02:49.021845426
30,109.86,112,109.87,10:02:49.041335549
23,109.86,112,109.87,10:02:49.048559365
22,109.86,112,109.87,10:02:49.048690770
23,109.86,112,109.87,10:02:49.050718573
35,109.86,112,109.87,10:02:49.057924050
34,109.86,112,109.87,10:02:49.060214547
33,109.86,112,109.87,10:02:49.060398128
32,109.86,112,109.87,10:02:49.060801862
33,109.86,112,109.87,10:02:49.080273887
34,109.86,112,109.87,10:02:49.083210193
22,109.86,112,109.87,10:02:49.108699206
22,109.86,122,109.87,10:02:49.123613986
21,109.86,122,109.87,10:02:49.164060176
22,109.86,122,109.87,10:02:49.172416743
23,109.86,122,109.87,10:02:49.173480847
22,109.86,122,109.87,10:02:49.498470245
21,109.86,122,109.87,10:02:49.498587554
20,109.86,122,109.87,10:02:49.498745229
19,109.86,122,109.87,10:02:49.736602039
6,109.86,122,109.87,10:02:49.738282668
1,109.86,122,109.87,10:02:49.740512126
2,109.86,122,109.87,10:02:49.741371399
5,109.86,122,109.87,10:02:49.742544694
2,109.86,122,109.87,10:02:49.766528597
3,109.86,122,109.87,10:02:49.767276312
4,109.86,122,109.87,10:02:49.767533408
3,109.86,122,109.87,10:02:49.774740191
2,109.86,122,109.87,10:02:49.774802774
3,109.86,122,109.87,10:02:49.777395658
5,109.86,122,109.87,10:02:49.777685473
6,109.86,122,109.87,10:02:49.928532834
19,109.86,122,109.87,10:02:49.933577560
6,109.86,122,109.87,10:02:49.951534460
5,109.86,122,109.87,10:02:49.951636690
3,109.86,122,109.87,10:02:49.965206140
5,109.86,122,109.87,10:02:50.073286175
6,109.86,122,109.87,10:02:50.073629944
5,109.86,122,109.87,10:02:50.218566145
3,109.86,122,109.87,10:02:50.589484192
2,109.86,122,109.87,10:02:50.593281069
1,109.86,122,109.87,10:02:50.593408575
3,109.86,122,109.87,10:02:50.914174155
4,109.86,122,109.87,10:02:50.919000101
5,109.86,122,109.87,10:02:50.927810216
4,109.86,122,109.87,10:02:51.178757650
3,109.86,122,109.87,10:02:51.178757650
1,109.86,122,109.87,10:02:51.178862249
200,109.85,122,109.87,10:02:51.183138454
200,109.85,134,109.87,10:02:51.183456002
215,109.85,134,109.87,10:02:51.208705725
205,109.85,134,109.87,10:02:51.233390847
175,109.85,134,109.87,10:02:51.233542298
160,109.85,134,109.87,10:02:51.234048933
140,109.85,134,109.87,10:02:51.234432908
140,109.85,2,109.86,10:02:56.895587021
140,109.85,5,109.86,10:02:56.895786314
140,109.85,7,109.86,10:02:56.895862899
140,109.85,12,109.86,10:02:56.895941280
140,109.85,13,109.86,10:02:56.896112095
140,109.85,14,109.86,10:02:56.896311177
140,109.85,13,109.86,10:02:56.896743740
140,109.85,14,109.86,10:02:56.897157954
140,109.85,13,109.86,10:02:56.897665352
140,109.85,12,109.86,10:02:56.898842020
140,109.85,13,109.86,10:02:56.899567671
140,109.85,16,109.86,10:02:56.901414329
140,109.85,17,109.86,10:02:56.901558703
140,109.85,30,109.86,10:02:56.901825806
140,109.85,29,109.86,10:02:56.902916334
140,109.85,27,109.86,10:02:56.902916334
140,109.85,26,109.86,10:02:56.903524746
140,109.85,29,109.86,10:02:56.904384858
140,109.85,26,109.86,10:02:56.905851967
140,109.85,27,109.86,10:02:56.906213039
140,109.85,26,109.86,10:02:56.906642622
140,109.85,28,109.86,10:02:56.908383482
140,109.85,29,109.86,10:02:56.908600711
140,109.85,30,109.86,10:02:56.908674404
155,109.85,30,109.86,10:02:56.908926825
155,109.85,29,109.86,10:02:56.910752642
