bidVolume,bidPrice,askVolume,askPrice,timestamp
24,5077.25,8,5077.5,08:00:00.006538113
24,5077.25,7,5077.5,08:00:00.006652998
24,5077.25,6,5077.5,08:00:00.006662521
24,5077.25,5,5077.5,08:00:00.007206027
24,5077.25,3,5077.5,08:00:00.007206027
28,5077.25,3,5077.5,08:00:00.007206027
28,5077.25,2,5077.5,08:00:00.007316307
28,5077.25,1,5077.5,08:00:00.007431238
28,5077.25,1,5077.5,08:00:00.007460250
28,5077.25,1,5077.5,08:00:00.007570076
28,5077.25,4,5077.5,08:00:00.007847607
28,5077.25,8,5077.5,08:00:00.007970631
28,5077.25,8,5077.5,08:00:00.008041522
28,5077.25,9,5077.5,08:00:00.008069615
28,5077.25,9,5077.5,08:00:00.008137898
28,5077.25,11,5077.5,08:00:00.017131996
41,5077.25,11,5077.5,08:00:00.020600623
41,5077.25,63,5077.75,08:00:00.020894379
41,5077.25,63,5077.75,08:00:00.020894379
1,5077.5,63,5077.75,08:00:00.020904850
3,5077.5,63,5077.75,08:00:00.020904850
6,5077.5,63,5077.75,08:00:00.020932022
7,5077.5,63,5077.75,08:00:00.020996036
9,5077.5,63,5077.75,08:00:00.021007985
10,5077.5,63,5077.75,08:00:00.021050002
11,5077.5,63,5077.75,08:00:00.021064648
15,5077.5,63,5077.75,08:00:00.021077093
16,5077.5,63,5077.75,08:00:00.021083515
17,5077.5,63,5077.75,08:00:00.021125096
19,5077.5,63,5077.75,08:00:00.021146390
20,5077.5,63,5077.75,08:00:00.021165811
20,5077.5,63,5077.75,08:00:00.021204977
19,5077.5,63,5077.75,08:00:00.021224280
21,5077.5,63,5077.75,08:00:00.021236981
21,5077.5,64,5077.75,08:00:00.021249391
22,5077.5,64,5077.75,08:00:00.021260543
22,5077.5,64,5077.75,08:00:00.021275689
23,5077.5,64,5077.75,08:00:00.021281964
22,5077.5,64,5077.75,08:00:00.021288394
22,5077.5,63,5077.75,08:00:00.021314474
22,5077.5,63,5077.75,08:00:00.021322935
22,5077.5,64,5077.75,08:00:00.021335950
23,5077.5,64,5077.75,08:00:00.021341489
23,5077.5,65,5077.75,08:00:00.021349816
19,5077.5,65,5077.75,08:00:00.021355096
17,5077.5,65,5077.75,08:00:00.021420012
17,5077.5,65,5077.75,08:00:00.021441801
16,5077.5,65,5077.75,08:00:00.021454134
16,5077.5,64,5077.75,08:00:00.021463475
14,5077.5,64,5077.75,08:00:00.021489185
14,5077.5,63,5077.75,08:00:00.021510273
13,5077.5,63,5077.75,08:00:00.021556447
12,5077.5,63,5077.75,08:00:00.021661787
12,5077.5,63,5077.75,08:00:00.021701099
12,5077.5,63,5077.75,08:00:00.021707916
12,5077.5,64,5077.75,08:00:00.022297780
14,5077.5,64,5077.75,08:00:00.022363474
15,5077.5,64,5077.75,08:00:00.022437549
15,5077.5,64,5077.75,08:00:00.022456235
15,5077.5,64,5077.75,08:00:00.022456235
15,5077.5,63,5077.75,08:00:00.022576579
16,5077.5,63,5077.75,08:00:00.022643813
17,5077.5,63,5077.75,08:00:00.022666565
17,5077.5,62,5077.75,08:00:00.022705395
17,5077.5,62,5077.75,08:00:00.022705395
16,5077.5,62,5077.75,08:00:00.022763527
16,5077.5,62,5077.75,08:00:00.022778686
16,5077.5,61,5077.75,08:00:00.023460735
16,5077.5,60,5077.75,08:00:00.023567105
14,5077.5,60,5077.75,08:00:00.023757870
13,5077.5,60,5077.75,08:00:00.023766885
13,5077.5,59,5077.75,08:00:00.024014080
13,5077.5,58,5077.75,08:00:00.024022061
14,5077.5,58,5077.75,08:00:00.024033412
16,5077.5,58,5077.75,08:00:00.024107689
17,5077.5,58,5077.75,08:00:00.024115996
18,5077.5,58,5077.75,08:00:00.024126419
19,5077.5,58,5077.75,08:00:00.024134105
19,5077.5,57,5077.75,08:00:00.024256885
21,5077.5,57,5077.75,08:00:00.024344145
21,5077.5,56,5077.75,08:00:00.024389400
21,5077.5,55,5077.75,08:00:00.024397562
21,5077.5,54,5077.75,08:00:00.024513457
21,5077.5,53,5077.75,08:00:00.024783721
21,5077.5,53,5077.75,08:00:00.025299940
21,5077.5,49,5077.75,08:00:00.025336837
21,5077.5,49,5077.75,08:00:00.025469463
22,5077.5,49,5077.75,08:00:00.025479815
23,5077.5,49,5077.75,08:00:00.025595759
23,5077.5,48,5077.75,08:00:00.025682268
24,5077.5,48,5077.75,08:00:00.025698085
24,5077.5,45,5077.75,08:00:00.025705711
25,5077.5,45,5077.75,08:00:00.025785905
25,5077.5,43,5077.75,08:00:00.025967250
25,5077.5,41,5077.75,08:00:00.025967250
25,5077.5,39,5077.75,08:00:00.026248625
25,5077.5,35,5077.75,08:00:00.026248625
25,5077.5,33,5077.75,08:00:00.026330233
25,5077.5,28,5077.75,08:00:00.026330233
25,5077.5,27,5077.75,08:00:00.026380125
25,5077.5,25,5077.75,08:00:00.026380125
25,5077.5,39,5078.0,08:00:00.026603294
25,5077.5,39,5078.0,08:00:00.026603294
1,5077.75,39,5078.0,08:00:00.026603294
2,5077.75,39,5078.0,08:00:00.026613092
3,5077.75,39,5078.0,08:00:00.026613092
4,5077.75,39,5078.0,08:00:00.026619473
4,5077.75,39,5078.0,08:00:00.026646647
7,5077.75,39,5078.0,08:00:00.026656168
7,5077.75,39,5078.0,08:00:00.026666235
8,5077.75,39,5078.0,08:00:00.026679256
9,5077.75,39,5078.0,08:00:00.026687077
9,5077.75,39,5078.0,08:00:00.026698050
9,5077.75,35,5078.0,08:00:00.026705020
9,5077.75,35,5078.0,08:00:00.026726285
9,5077.75,35,5078.0,08:00:00.026753185
12,5077.75,35,5078.0,08:00:00.026774200
12,5077.75,35,5078.0,08:00:00.026781374
12,5077.75,35,5078.0,08:00:00.026787263
12,5077.75,35,5078.0,08:00:00.026798552
14,5077.75,35,5078.0,08:00:00.026825267
15,5077.75,35,5078.0,08:00:00.026832268
16,5077.75,35,5078.0,08:00:00.026838531
16,5077.75,35,5078.0,08:00:00.026844870
16,5077.75,35,5078.0,08:00:00.026858298
16,5077.75,36,5078.0,08:00:00.026868067
17,5077.75,36,5078.0,08:00:00.026880743
17,5077.75,37,5078.0,08:00:00.026894343
17,5077.75,38,5078.0,08:00:00.026899930
17,5077.75,37,5078.0,08:00:00.026908996
17,5077.75,36,5078.0,08:00:00.026921598
17,5077.75,36,5078.0,08:00:00.026936485
17,5077.75,36,5078.0,08:00:00.026941522
17,5077.75,36,5078.0,08:00:00.026964329
17,5077.75,37,5078.0,08:00:00.026969442
17,5077.75,38,5078.0,08:00:00.026981970
17,5077.75,39,5078.0,08:00:00.026989363
17,5077.75,39,5078.0,08:00:00.026994374
17,5077.75,38,5078.0,08:00:00.027001574
17,5077.75,38,5078.0,08:00:00.027006518
18,5077.75,38,5078.0,08:00:00.027018925
17,5077.75,38,5078.0,08:00:00.027024339
17,5077.75,38,5078.0,08:00:00.027069201
17,5077.75,39,5078.0,08:00:00.027077716
14,5077.75,39,5078.0,08:00:00.027108818
12,5077.75,39,5078.0,08:00:00.027119061
11,5077.75,39,5078.0,08:00:00.027194036
10,5077.75,39,5078.0,08:00:00.027255800
9,5077.75,39,5078.0,08:00:00.027336938
9,5077.75,39,5078.0,08:00:00.027412178
8,5077.75,39,5078.0,08:00:00.027463443
8,5077.75,38,5078.0,08:00:00.027787647
11,5077.75,38,5078.0,08:00:00.027794965
12,5077.75,38,5078.0,08:00:00.027905304
12,5077.75,37,5078.0,08:00:00.027913580
12,5077.75,37,5078.0,08:00:00.028032347
12,5077.75,37,5078.0,08:00:00.029136939
12,5077.75,37,5078.0,08:00:00.029136939
12,5077.75,37,5078.0,08:00:00.029411156
12,5077.75,37,5078.0,08:00:00.029411156
12,5077.75,38,5078.0,08:00:00.030069009
12,5077.75,37,5078.0,08:00:00.030186835
12,5077.75,38,5078.0,08:00:00.032301169
11,5077.75,38,5078.0,08:00:00.032417091
11,5077.75,38,5078.0,08:00:00.032423242
10,5077.75,38,5078.0,08:00:00.032589005
10,5077.75,37,5078.0,08:00:00.039546883
10,5077.75,36,5078.0,08:00:00.042489620
10,5077.75,36,5078.0,08:00:00.044750683
10,5077.75,36,5078.0,08:00:00.044855665
10,5077.75,37,5078.0,08:00:00.058979779
10,5077.75,36,5078.0,08:00:00.067269789
9,5077.75,36,5078.0,08:00:00.072762313
9,5077.75,37,5078.0,08:00:00.073073704
9,5077.75,36,5078.0,08:00:00.073428592
10,5077.75,36,5078.0,08:00:00.090931440
11,5077.75,36,5078.0,08:00:00.091044374
13,5077.75,36,5078.0,08:00:00.091155998
14,5077.75,36,5078.0,08:00:00.091279428
15,5077.75,36,5078.0,08:00:00.091369408
15,5077.75,36,5078.0,08:00:00.091477506
15,5077.75,36,5078.0,08:00:00.091477506
15,5077.75,35,5078.0,08:00:00.091794609
15,5077.75,35,5078.0,08:00:00.091794609
15,5077.75,35,5078.0,08:00:00.091875222
15,5077.75,35,5078.0,08:00:00.091915578
16,5077.75,35,5078.0,08:00:00.091924737
17,5077.75,35,5078.0,08:00:00.093051864
18,5077.75,35,5078.0,08:00:00.093158384
18,5077.75,34,5078.0,08:00:00.093278240
17,5077.75,34,5078.0,08:00:00.093769862
17,5077.75,32,5078.0,08:00:00.104252877
15,5077.75,32,5078.0,08:00:00.104252877
13,5077.75,32,5078.0,08:00:00.104333361
12,5077.75,32,5078.0,08:00:00.104344059
12,5077.75,33,5078.0,08:00:00.104610289
12,5077.75,33,5078.0,08:00:00.104610289
12,5077.75,33,5078.0,08:00:00.104615700
12,5077.75,33,5078.0,08:00:00.104615700
12,5077.75,32,5078.0,08:00:00.104860716
12,5077.75,32,5078.0,08:00:00.104860716
12,5077.75,32,5078.0,08:00:00.104866784
12,5077.75,32,5078.0,08:00:00.104866784
12,5077.75,33,5078.0,08:00:00.140416370
12,5077.75,33,5078.0,08:00:00.140416370
12,5077.75,32,5078.0,08:00:00.147503085
14,5077.75,32,5078.0,08:00:00.147605263
14,5077.75,31,5078.0,08:00:00.147677216
14,5077.75,30,5078.0,08:00:00.147701284
14,5077.75,29,5078.0,08:00:00.149103879
15,5077.75,29,5078.0,08:00:00.149198274
16,5077.75,29,5078.0,08:00:00.149335211
20,5077.75,29,5078.0,08:00:00.149434596
21,5077.75,29,5078.0,08:00:00.149443015
21,5077.75,24,5078.0,08:00:00.149548873
21,5077.75,22,5078.0,08:00:00.149554710
21,5077.75,21,5078.0,08:00:00.149649854
22,5077.75,21,5078.0,08:00:00.149658530
22,5077.75,20,5078.0,08:00:00.149666450
22,5077.75,20,5078.0,08:00:00.149759559
22,5077.75,20,5078.0,08:00:00.149765470
22,5077.75,20,5078.0,08:00:00.149778321
22,5077.75,20,5078.0,08:00:00.149819084
22,5077.75,20,5078.0,08:00:00.149819084
22,5077.75,20,5078.0,08:00:00.149826988
22,5077.75,20,5078.0,08:00:00.149826988
22,5077.75,20,5078.0,08:00:00.149836047
22,5077.75,20,5078.0,08:00:00.149836047
22,5077.75,17,5078.0,08:00:00.149884576
22,5077.75,16,5078.0,08:00:00.149988463
22,5077.75,16,5078.0,08:00:00.150055533
22,5077.75,15,5078.0,08:00:00.150101038
22,5077.75,13,5078.0,08:00:00.150107934
22,5077.75,12,5078.0,08:00:00.150750053
22,5077.75,12,5078.0,08:00:00.150750053
24,5077.75,12,5078.0,08:00:00.150832701
24,5077.75,11,5078.0,08:00:00.150929653
24,5077.75,10,5078.0,08:00:00.150937644
24,5077.75,9,5078.0,08:00:00.151031754
24,5077.75,10,5078.0,08:00:00.151046199
25,5077.75,10,5078.0,08:00:00.151054932
25,5077.75,1,5078.0,08:00:00.151368017
25,5077.75,43,5078.25,08:00:00.151368017
25,5077.75,43,5078.25,08:00:00.151368017
25,5077.75,43,5078.25,08:00:00.151380897
25,5077.75,43,5078.25,08:00:00.151391944
1,5078.0,43,5078.25,08:00:00.151403880
2,5078.0,43,5078.25,08:00:00.151434313
3,5078.0,43,5078.25,08:00:00.151446303
7,5078.0,43,5078.25,08:00:00.151458598
7,5078.0,43,5078.25,08:00:00.151468374
8,5078.0,43,5078.25,08:00:00.151481856
8,5078.0,43,5078.25,08:00:00.151500077
11,5078.0,43,5078.25,08:00:00.151553998
11,5078.0,42,5078.25,08:00:00.151565467
11,5078.0,40,5078.25,08:00:00.151571535
11,5078.0,40,5078.25,08:00:00.151577039
11,5078.0,41,5078.25,08:00:00.151586994
11,5078.0,41,5078.25,08:00:00.151594239
12,5078.0,41,5078.25,08:00:00.151616150
13,5078.0,41,5078.25,08:00:00.151621325
14,5078.0,41,5078.25,08:00:00.151632787
14,5078.0,41,5078.25,08:00:00.151655921
14,5078.0,41,5078.25,08:00:00.151664798
14,5078.0,42,5078.25,08:00:00.151692840
15,5078.0,42,5078.25,08:00:00.151698417
15,5078.0,42,5078.25,08:00:00.151706581
15,5078.0,42,5078.25,08:00:00.151723218
15,5078.0,43,5078.25,08:00:00.151735519
15,5078.0,44,5078.25,08:00:00.151742565
14,5078.0,44,5078.25,08:00:00.151754447
14,5078.0,45,5078.25,08:00:00.151760185
14,5078.0,44,5078.25,08:00:00.151768019
14,5078.0,43,5078.25,08:00:00.151778710
14,5078.0,44,5078.25,08:00:00.151787360
13,5078.0,44,5078.25,08:00:00.151794986
9,5078.0,44,5078.25,08:00:00.151802941
9,5078.0,44,5078.25,08:00:00.151818586
9,5078.0,44,5078.25,08:00:00.151824346
9,5078.0,44,5078.25,08:00:00.151870428
9,5078.0,44,5078.25,08:00:00.151870428
9,5078.0,43,5078.25,08:00:00.151884357
6,5078.0,43,5078.25,08:00:00.151907193
5,5078.0,43,5078.25,08:00:00.151922412
5,5078.0,43,5078.25,08:00:00.151969095
5,5078.0,43,5078.25,08:00:00.151969095
5,5078.0,43,5078.25,08:00:00.152056473
5,5078.0,43,5078.25,08:00:00.152097766
4,5078.0,43,5078.25,08:00:00.152134967
3,5078.0,43,5078.25,08:00:00.152244319
3,5078.0,43,5078.25,08:00:00.152371180
6,5078.0,43,5078.25,08:00:00.152414905
7,5078.0,43,5078.25,08:00:00.152518548
8,5078.0,43,5078.25,08:00:00.152531288
8,5078.0,43,5078.25,08:00:00.153370185
8,5078.0,43,5078.25,08:00:00.153427690
8,5078.0,43,5078.25,08:00:00.153432606
8,5078.0,43,5078.25,08:00:00.153441006
8,5078.0,44,5078.25,08:00:00.153786203
8,5078.0,45,5078.25,08:00:00.153884548
8,5078.0,46,5078.25,08:00:00.154170026
7,5078.0,46,5078.25,08:00:00.154277314
4,5078.0,46,5078.25,08:00:00.154385639
3,5078.0,46,5078.25,08:00:00.154490816
2,5078.0,46,5078.25,08:00:00.154598719
1,5078.0,46,5078.25,08:00:00.154708158
1,5078.0,47,5078.25,08:00:00.154904549
1,5078.0,48,5078.25,08:00:00.155003994
1,5078.0,48,5078.25,08:00:00.155121261
1,5078.0,49,5078.25,08:00:00.155127050
1,5078.0,50,5078.25,08:00:00.155328311
1,5078.0,51,5078.25,08:00:00.156970347
23,5077.75,51,5078.25,08:00:00.157079582
23,5077.75,51,5078.25,08:00:00.157079582
24,5077.75,51,5078.25,08:00:00.157182419
25,5077.75,51,5078.25,08:00:00.157206215
26,5077.75,51,5078.25,08:00:00.157211511
26,5077.75,52,5078.25,08:00:00.157222116
25,5077.75,52,5078.25,08:00:00.157284101
26,5077.75,52,5078.25,08:00:00.157317164
26,5077.75,51,5078.25,08:00:00.157392964
26,5077.75,50,5078.25,08:00:00.157398446
26,5077.75,50,5078.25,08:00:00.157817203
26,5077.75,51,5078.25,08:00:00.157951382
26,5077.75,52,5078.25,08:00:00.175121359
26,5077.75,53,5078.25,08:00:00.180076221
26,5077.75,53,5078.25,08:00:00.186095327
26,5077.75,53,5078.25,08:00:00.186427734
26,5077.75,53,5078.25,08:00:00.186438781
26,5077.75,53,5078.25,08:00:00.186461965
26,5077.75,54,5078.25,08:00:00.233173933
26,5077.75,54,5078.25,08:00:00.233183040
26,5077.75,54,5078.25,08:00:00.233194935
26,5077.75,54,5078.25,08:00:00.233274604
26,5077.75,54,5078.25,08:00:00.233282905
26,5077.75,54,5078.25,08:00:00.233297414
26,5077.75,54,5078.25,08:00:00.233304339
26,5077.75,53,5078.25,08:00:00.233334477
26,5077.75,54,5078.25,08:00:00.233431052
26,5077.75,54,5078.25,08:00:00.233575112
26,5077.75,53,5078.25,08:00:00.238260803
3,5078.0,53,5078.25,08:00:00.238475975
4,5078.0,53,5078.25,08:00:00.238570029
7,5078.0,53,5078.25,08:00:00.238592384
8,5078.0,53,5078.25,08:00:00.238605104
8,5078.0,53,5078.25,08:00:00.238614522
8,5078.0,52,5078.25,08:00:00.238620004
8,5078.0,52,5078.25,08:00:00.238620004
9,5078.0,52,5078.25,08:00:00.238634142
9,5078.0,52,5078.25,08:00:00.238684933
10,5078.0,52,5078.25,08:00:00.238695289
10,5078.0,52,5078.25,08:00:00.238860396
10,5078.0,52,5078.25,08:00:00.239095172
10,5078.0,52,5078.25,08:00:00.239147605
10,5078.0,52,5078.25,08:00:00.239147605
10,5078.0,51,5078.25,08:00:00.239422718
10,5078.0,50,5078.25,08:00:00.244117084
9,5078.0,50,5078.25,08:00:00.244141482
9,5078.0,49,5078.25,08:00:00.244229935
9,5078.0,50,5078.25,08:00:00.257173651
9,5078.0,50,5078.25,08:00:00.257274972
9,5078.0,50,5078.25,08:00:00.257379191
9,5078.0,50,5078.25,08:00:00.268040718
9,5078.0,50,5078.25,08:00:00.268134969
12,5078.0,50,5078.25,08:00:00.268594719
12,5078.0,51,5078.25,08:00:00.327432576
12,5078.0,51,5078.25,08:00:00.327539033
12,5078.0,52,5078.25,08:00:00.327544930
14,5078.0,52,5078.25,08:00:00.419403655
15,5078.0,52,5078.25,08:00:00.419430073
16,5078.0,52,5078.25,08:00:00.419502781
16,5078.0,51,5078.25,08:00:00.419591378
16,5078.0,52,5078.25,08:00:00.419635207
16,5078.0,51,5078.25,08:00:00.419641757
16,5078.0,52,5078.25,08:00:00.419651901
14,5078.0,52,5078.25,08:00:00.419754281
13,5078.0,52,5078.25,08:00:00.419791254
14,5078.0,52,5078.25,08:00:00.420370325
16,5078.0,52,5078.25,08:00:00.420378965
17,5078.0,52,5078.25,08:00:00.420427212
16,5078.0,52,5078.25,08:00:00.420603117
15,5078.0,52,5078.25,08:00:00.420613022
13,5078.0,52,5078.25,08:00:00.420621210
13,5078.0,54,5078.25,08:00:00.420834079
13,5078.0,54,5078.25,08:00:00.435197770
13,5078.0,54,5078.25,08:00:00.435512451
13,5078.0,54,5078.25,08:00:00.435520061
13,5078.0,54,5078.25,08:00:00.481431110
13,5078.0,53,5078.25,08:00:00.481706706
13,5078.0,52,5078.25,08:00:00.481741167
13,5078.0,51,5078.25,08:00:00.481749897
14,5078.0,51,5078.25,08:00:00.481951565
13,5078.0,51,5078.25,08:00:00.490988621
14,5078.0,51,5078.25,08:00:00.491176992
14,5078.0,50,5078.25,08:00:00.501733362
15,5078.0,50,5078.25,08:00:00.501829757
15,5078.0,49,5078.25,08:00:00.502763850
17,5078.0,49,5078.25,08:00:00.502854216
18,5078.0,49,5078.25,08:00:00.503512022
18,5078.0,48,5078.25,08:00:00.503630581
18,5078.0,43,5078.25,08:00:00.503806786
18,5078.0,41,5078.25,08:00:00.503816943
18,5078.0,40,5078.25,08:00:00.503822678
19,5078.0,40,5078.25,08:00:00.503906388
19,5078.0,39,5078.25,08:00:00.503915911
19,5078.0,36,5078.25,08:00:00.503925188
19,5078.0,35,5078.25,08:00:00.503931851
19,5078.0,34,5078.25,08:00:00.503942593
19,5078.0,34,5078.25,08:00:00.503955579
20,5078.0,34,5078.25,08:00:00.503969781
25,5078.0,34,5078.25,08:00:00.504012809
27,5078.0,34,5078.25,08:00:00.504031747
27,5078.0,33,5078.25,08:00:00.504038531
27,5078.0,32,5078.25,08:00:00.504045431
27,5078.0,32,5078.25,08:00:00.504060020
27,5078.0,28,5078.25,08:00:00.504375323
27,5078.0,27,5078.25,08:00:00.504375323
28,5078.0,27,5078.25,08:00:00.504375323
28,5078.0,26,5078.25,08:00:00.504381156
28,5078.0,25,5078.25,08:00:00.504381156
28,5078.0,24,5078.25,08:00:00.504386145
28,5078.0,24,5078.25,08:00:00.504392117
28,5078.0,24,5078.25,08:00:00.504392117
28,5078.0,23,5078.25,08:00:00.504535994
28,5078.0,1,5078.25,08:00:00.504772151
28,5078.0,42,5078.5,08:00:00.504882248
28,5078.0,42,5078.5,08:00:00.504882248
1,5078.25,42,5078.5,08:00:00.504882248
2,5078.25,42,5078.5,08:00:00.504882248
6,5078.25,42,5078.5,08:00:00.504882248
6,5078.25,42,5078.5,08:00:00.504882248
7,5078.25,42,5078.5,08:00:00.504882248
8,5078.25,42,5078.5,08:00:00.504882248
10,5078.25,42,5078.5,08:00:00.504882248
10,5078.25,42,5078.5,08:00:00.504882248
10,5078.25,42,5078.5,08:00:00.504886840
11,5078.25,42,5078.5,08:00:00.504886840
12,5078.25,42,5078.5,08:00:00.504933298
12,5078.25,42,5078.5,08:00:00.504948719
12,5078.25,42,5078.5,08:00:00.504976809
12,5078.25,41,5078.5,08:00:00.504990676
12,5078.25,41,5078.5,08:00:00.504990676
12,5078.25,41,5078.5,08:00:00.504995466
13,5078.25,41,5078.5,08:00:00.505023745
13,5078.25,41,5078.5,08:00:00.505030529
13,5078.25,41,5078.5,08:00:00.505069615
13,5078.25,36,5078.5,08:00:00.505080876
13,5078.25,35,5078.5,08:00:00.505107935
13,5078.25,35,5078.5,08:00:00.505132297
13,5078.25,35,5078.5,08:00:00.505145315
13,5078.25,35,5078.5,08:00:00.505159341
13,5078.25,34,5078.5,08:00:00.505178513
17,5078.25,34,5078.5,08:00:00.505184894
17,5078.25,33,5078.5,08:00:00.505194676
18,5078.25,33,5078.5,08:00:00.505224066
18,5078.25,31,5078.5,08:00:00.505236536
18,5078.25,32,5078.5,08:00:00.505255682
19,5078.25,32,5078.5,08:00:00.505271910
22,5078.25,32,5078.5,08:00:00.505277760
22,5078.25,31,5078.5,08:00:00.505283978
22,5078.25,31,5078.5,08:00:00.505283978
23,5078.25,31,5078.5,08:00:00.505308381
23,5078.25,31,5078.5,08:00:00.505308381
23,5078.25,31,5078.5,08:00:00.505314855
23,5078.25,31,5078.5,08:00:00.505323623
23,5078.25,30,5078.5,08:00:00.505330199
23,5078.25,30,5078.5,08:00:00.505336010
23,5078.25,30,5078.5,08:00:00.505347774
23,5078.25,31,5078.5,08:00:00.505367349
23,5078.25,30,5078.5,08:00:00.505373518
23,5078.25,31,5078.5,08:00:00.505379842
23,5078.25,32,5078.5,08:00:00.505391522
23,5078.25,33,5078.5,08:00:00.505401385
23,5078.25,32,5078.5,08:00:00.505407881
24,5078.25,32,5078.5,08:00:00.505427087
24,5078.25,32,5078.5,08:00:00.505433868
25,5078.25,32,5078.5,08:00:00.505438304
25,5078.25,27,5078.5,08:00:00.505452957
24,5078.25,27,5078.5,08:00:00.505459398
24,5078.25,26,5078.5,08:00:00.505466445
24,5078.25,25,5078.5,08:00:00.505494206
23,5078.25,25,5078.5,08:00:00.505503047
22,5078.25,25,5078.5,08:00:00.505510478
22,5078.25,25,5078.5,08:00:00.505518251
22,5078.25,25,5078.5,08:00:00.505554786
22,5078.25,24,5078.5,08:00:00.505591721
22,5078.25,24,5078.5,08:00:00.505602301
22,5078.25,24,5078.5,08:00:00.505602301
22,5078.25,24,5078.5,08:00:00.505606752
22,5078.25,24,5078.5,08:00:00.505720067
22,5078.25,24,5078.5,08:00:00.505720067
22,5078.25,24,5078.5,08:00:00.505727459
22,5078.25,24,5078.5,08:00:00.505727459
22,5078.25,24,5078.5,08:00:00.505852480
22,5078.25,24,5078.5,08:00:00.506020152
22,5078.25,24,5078.5,08:00:00.506146244
22,5078.25,24,5078.5,08:00:00.506156395
22,5078.25,24,5078.5,08:00:00.506167269
22,5078.25,24,5078.5,08:00:00.506180690
22,5078.25,24,5078.5,08:00:00.506185627
23,5078.25,24,5078.5,08:00:00.506256227
24,5078.25,24,5078.5,08:00:00.506344386
24,5078.25,22,5078.5,08:00:00.506791809
24,5078.25,22,5078.5,08:00:00.507101163
24,5078.25,21,5078.5,08:00:00.507217888
24,5078.25,21,5078.5,08:00:00.508011628
24,5078.25,21,5078.5,08:00:00.508011628
24,5078.25,21,5078.5,08:00:00.508863592
24,5078.25,20,5078.5,08:00:00.508996538
24,5078.25,20,5078.5,08:00:00.509120797
27,5078.25,20,5078.5,08:00:00.509366472
27,5078.25,21,5078.5,08:00:00.509811256
27,5078.25,22,5078.5,08:00:00.509906080
27,5078.25,23,5078.5,08:00:00.510692473
27,5078.25,23,5078.5,08:00:00.517120193
27,5078.25,23,5078.5,08:00:00.517242954
27,5078.25,23,5078.5,08:00:00.517343823
27,5078.25,23,5078.5,08:00:00.526154915
27,5078.25,24,5078.5,08:00:00.526163712
27,5078.25,24,5078.5,08:00:00.528363799
26,5078.25,24,5078.5,08:00:00.530467822
26,5078.25,24,5078.5,08:00:00.530478427
25,5078.25,24,5078.5,08:00:00.530582154
25,5078.25,24,5078.5,08:00:00.530687996
25,5078.25,24,5078.5,08:00:00.533059138
25,5078.25,24,5078.5,08:00:00.533486404
25,5078.25,24,5078.5,08:00:00.535197485
25,5078.25,24,5078.5,08:00:00.535299881
24,5078.25,24,5078.5,08:00:00.535367079
24,5078.25,23,5078.5,08:00:00.535374007
23,5078.25,23,5078.5,08:00:00.535475929
23,5078.25,24,5078.5,08:00:00.535577096
22,5078.25,24,5078.5,08:00:00.535584603
22,5078.25,26,5078.5,08:00:00.535666976
22,5078.25,25,5078.5,08:00:00.535684145
21,5078.25,25,5078.5,08:00:00.564655387
21,5078.25,26,5078.5,08:00:00.564663586
19,5078.25,26,5078.5,08:00:00.564765108
18,5078.25,26,5078.5,08:00:00.564771197
18,5078.25,31,5078.5,08:00:00.564866454
18,5078.25,32,5078.5,08:00:00.564876208
14,5078.25,32,5078.5,08:00:00.564886956
14,5078.25,33,5078.5,08:00:00.564976373
14,5078.25,34,5078.5,08:00:00.565073588
14,5078.25,35,5078.5,08:00:00.565145211
14,5078.25,35,5078.5,08:00:00.565779570
14,5078.25,36,5078.5,08:00:00.567723265
14,5078.25,38,5078.5,08:00:00.567819883
14,5078.25,39,5078.5,08:00:00.567829556
14,5078.25,40,5078.5,08:00:00.567933904
14,5078.25,39,5078.5,08:00:00.582231693
14,5078.25,40,5078.5,08:00:00.612865113
13,5078.25,40,5078.5,08:00:00.613308043
29,5078.0,40,5078.5,08:00:00.613612778
29,5078.0,40,5078.5,08:00:00.613612778
29,5078.0,1,5078.25,08:00:00.613612778
29,5078.0,1,5078.25,08:00:00.613612778
29,5078.0,1,5078.25,08:00:00.613612778
29,5078.0,2,5078.25,08:00:00.613638769
29,5078.0,3,5078.25,08:00:00.613711100
29,5078.0,4,5078.25,08:00:00.613721561
29,5078.0,4,5078.25,08:00:00.613731386
28,5078.0,4,5078.25,08:00:00.613741575
31,5078.0,4,5078.25,08:00:00.613788399
32,5078.0,4,5078.25,08:00:00.613795602
32,5078.0,5,5078.25,08:00:00.613824467
32,5078.0,4,5078.25,08:00:00.613909342
32,5078.0,5,5078.25,08:00:00.613938399
32,5078.0,5,5078.25,08:00:00.613938399
32,5078.0,4,5078.25,08:00:00.613971250
32,5078.0,1,5078.25,08:00:00.614204577
32,5078.0,40,5078.5,08:00:00.614389272
32,5078.0,40,5078.5,08:00:00.614389272
1,5078.25,40,5078.5,08:00:00.614389272
1,5078.25,40,5078.5,08:00:00.614389272
3,5078.25,40,5078.5,08:00:00.614400571
3,5078.25,41,5078.5,08:00:00.614417096
3,5078.25,41,5078.5,08:00:00.614436357
3,5078.25,41,5078.5,08:00:00.614442060
3,5078.25,41,5078.5,08:00:00.614448271
3,5078.25,41,5078.5,08:00:00.614454335
3,5078.25,41,5078.5,08:00:00.614460508
3,5078.25,40,5078.5,08:00:00.614468857
6,5078.25,40,5078.5,08:00:00.614473491
6,5078.25,39,5078.5,08:00:00.614493011
6,5078.25,39,5078.5,08:00:00.614614428
7,5078.25,39,5078.5,08:00:00.614638493
7,5078.25,39,5078.5,08:00:00.614735962
7,5078.25,38,5078.5,08:00:00.615223103
7,5078.25,39,5078.5,08:00:00.615290224
7,5078.25,40,5078.5,08:00:00.615298666
7,5078.25,39,5078.5,08:00:00.615366770
7,5078.25,39,5078.5,08:00:00.616145928
7,5078.25,39,5078.5,08:00:00.626787060
7,5078.25,41,5078.5,08:00:00.637440731
10,5078.25,41,5078.5,08:00:00.637543930
10,5078.25,41,5078.5,08:00:00.637549482
10,5078.25,39,5078.5,08:00:00.637555965
10,5078.25,39,5078.5,08:00:00.644465720
12,5078.25,39,5078.5,08:00:00.644903086
12,5078.25,38,5078.5,08:00:00.645019504
13,5078.25,38,5078.5,08:00:00.645126965
13,5078.25,38,5078.5,08:00:00.684204526
13,5078.25,38,5078.5,08:00:00.684430899
13,5078.25,38,5078.5,08:00:00.684522712
13,5078.25,38,5078.5,08:00:00.684543128
12,5078.25,38,5078.5,08:00:00.757953290
12,5078.25,39,5078.5,08:00:00.758047861
12,5078.25,39,5078.5,08:00:00.758057237
12,5078.25,38,5078.5,08:00:00.771546792
11,5078.25,38,5078.5,08:00:00.771650067
10,5078.25,38,5078.5,08:00:00.790884909
10,5078.25,39,5078.5,08:00:00.790884909
10,5078.25,39,5078.5,08:00:00.831789463
10,5078.25,39,5078.5,08:00:00.831898217
10,5078.25,39,5078.5,08:00:00.865845764
10,5078.25,39,5078.5,08:00:00.865957869
11,5078.25,39,5078.5,08:00:00.866293088
11,5078.25,41,5078.5,08:00:00.907068907
11,5078.25,39,5078.5,08:00:00.907184684
10,5078.25,39,5078.5,08:00:00.912643102
10,5078.25,38,5078.5,08:00:00.912643102
10,5078.25,37,5078.5,08:00:00.912643102
9,5078.25,37,5078.5,08:00:00.912643102
9,5078.25,32,5078.5,08:00:00.912646561
11,5078.25,32,5078.5,08:00:00.912744736
11,5078.25,31,5078.5,08:00:00.912750359
12,5078.25,31,5078.5,08:00:00.912837548
12,5078.25,30,5078.5,08:00:00.912852134
13,5078.25,30,5078.5,08:00:00.912861379
13,5078.25,30,5078.5,08:00:00.912984282
14,5078.25,30,5078.5,08:00:00.912997022
13,5078.25,30,5078.5,08:00:00.913241492
12,5078.25,30,5078.5,08:00:00.913337634
10,5078.25,30,5078.5,08:00:00.913419934
10,5078.25,31,5078.5,08:00:00.913517321
9,5078.25,31,5078.5,08:00:00.913605982
12,5078.25,31,5078.5,08:00:00.913646850
12,5078.25,30,5078.5,08:00:00.913751662
11,5078.25,30,5078.5,08:00:00.913849069
11,5078.25,31,5078.5,08:00:00.914186253
12,5078.25,31,5078.5,08:00:00.985852652
12,5078.25,31,5078.5,08:00:00.985964215
13,5078.25,31,5078.5,08:00:00.985972811
13,5078.25,31,5078.5,08:00:00.986019817
13,5078.25,31,5078.5,08:00:00.986026489
13,5078.25,31,5078.5,08:00:00.986036556
13,5078.25,31,5078.5,08:00:00.986046204
13,5078.25,31,5078.5,08:00:00.986054694
13,5078.25,31,5078.5,08:00:00.986062387
15,5078.25,31,5078.5,08:00:00.986305582
16,5078.25,31,5078.5,08:00:00.986312334
16,5078.25,31,5078.5,08:00:00.986317438
17,5078.25,31,5078.5,08:00:00.986322399
17,5078.25,31,5078.5,08:00:00.986484072
17,5078.25,30,5078.5,08:00:00.986489849
22,5078.25,30,5078.5,08:00:00.986593162
22,5078.25,30,5078.5,08:00:00.986633685
23,5078.25,30,5078.5,08:00:00.986646914
23,5078.25,27,5078.5,08:00:00.986802818
23,5078.25,26,5078.5,08:00:00.986809740
23,5078.25,25,5078.5,08:00:00.986908100
23,5078.25,24,5078.5,08:00:00.986916558
24,5078.25,24,5078.5,08:00:00.987014704
24,5078.25,23,5078.5,08:00:00.987020502
23,5078.25,23,5078.5,08:00:00.987057361
23,5078.25,23,5078.5,08:00:00.987165136
23,5078.25,23,5078.5,08:00:00.987175811
23,5078.25,23,5078.5,08:00:00.987189869
23,5078.25,23,5078.5,08:00:00.987194314
23,5078.25,23,5078.5,08:00:00.987200308
23,5078.25,23,5078.5,08:00:00.987208068
22,5078.25,23,5078.5,08:00:00.987454274
23,5078.25,23,5078.5,08:00:00.987459935
23,5078.25,22,5078.5,08:00:00.987465663
23,5078.25,22,5078.5,08:00:00.987472963
23,5078.25,21,5078.5,08:00:00.987700765
23,5078.25,19,5078.5,08:00:00.987730365
23,5078.25,19,5078.5,08:00:00.995044433
23,5078.25,19,5078.5,08:00:01.005228059
23,5078.25,19,5078.5,08:00:01.005273157
23,5078.25,19,5078.5,08:00:01.005378414
23,5078.25,18,5078.5,08:00:01.006966504
23,5078.25,18,5078.5,08:00:01.045798984
23,5078.25,18,5078.5,08:00:01.112432823
23,5078.25,18,5078.5,08:00:01.119246317
23,5078.25,18,5078.5,08:00:01.174140884
23,5078.25,18,5078.5,08:00:01.194193265
23,5078.25,18,5078.5,08:00:01.194303718
24,5078.25,18,5078.5,08:00:01.215544613
24,5078.25,18,5078.5,08:00:01.215658714
24,5078.25,17,5078.5,08:00:01.215667662
24,5078.25,16,5078.5,08:00:01.215678139
24,5078.25,15,5078.5,08:00:01.215779513
24,5078.25,13,5078.5,08:00:01.215786128
24,5078.25,11,5078.5,08:00:01.215794896
24,5078.25,10,5078.5,08:00:01.215889832
23,5078.25,10,5078.5,08:00:01.216006645
23,5078.25,11,5078.5,08:00:01.216119098
23,5078.25,10,5078.5,08:00:01.417469238
23,5078.25,12,5078.5,08:00:01.525554038
23,5078.25,13,5078.5,08:00:01.549129374
23,5078.25,12,5078.5,08:00:01.550247828
23,5078.25,11,5078.5,08:00:01.550254142
23,5078.25,12,5078.5,08:00:01.727022943
24,5078.25,12,5078.5,08:00:01.758176344
24,5078.25,12,5078.5,08:00:01.758643154
24,5078.25,12,5078.5,08:00:01.758838604
24,5078.25,12,5078.5,08:00:01.766602246
24,5078.25,12,5078.5,08:00:01.766602246
24,5078.25,12,5078.5,08:00:01.766617744
24,5078.25,12,5078.5,08:00:01.766617744
24,5078.25,12,5078.5,08:00:01.768279508
24,5078.25,12,5078.5,08:00:01.768611339
24,5078.25,11,5078.5,08:00:01.773971069
24,5078.25,8,5078.5,08:00:01.773981242
24,5078.25,8,5078.5,08:00:01.773981242
24,5078.25,8,5078.5,08:00:01.774017249
24,5078.25,8,5078.5,08:00:01.774025342
24,5078.25,5,5078.5,08:00:01.774195461
25,5078.25,5,5078.5,08:00:01.774195461
25,5078.25,4,5078.5,08:00:01.774195461
25,5078.25,34,5078.75,08:00:01.774276144
25,5078.25,34,5078.75,08:00:01.774276144
25,5078.25,29,5078.75,08:00:01.774276144
25,5078.25,28,5078.75,08:00:01.774285450
25,5078.25,28,5078.75,08:00:01.774285450
26,5078.25,28,5078.75,08:00:01.774291812
28,5078.25,28,5078.75,08:00:01.774306890
29,5078.25,28,5078.75,08:00:01.774311831
29,5078.25,28,5078.75,08:00:01.774318225
3,5078.5,28,5078.75,08:00:01.774335380
3,5078.5,28,5078.75,08:00:01.774340984
6,5078.5,28,5078.75,08:00:01.774381749
7,5078.5,28,5078.75,08:00:01.774388229
7,5078.5,28,5078.75,08:00:01.774422502
8,5078.5,28,5078.75,08:00:01.774428192
8,5078.5,29,5078.75,08:00:01.774440874
8,5078.5,29,5078.75,08:00:01.774447357
8,5078.5,30,5078.75,08:00:01.774466685
8,5078.5,29,5078.75,08:00:01.774472315
8,5078.5,29,5078.75,08:00:01.774472315
8,5078.5,29,5078.75,08:00:01.774478535
8,5078.5,29,5078.75,08:00:01.774491783
8,5078.5,29,5078.75,08:00:01.774507976
8,5078.5,30,5078.75,08:00:01.774520802
8,5078.5,30,5078.75,08:00:01.774535797
8,5078.5,31,5078.75,08:00:01.774546156
8,5078.5,31,5078.75,08:00:01.774552825
11,5078.5,31,5078.75,08:00:01.774573667
11,5078.5,31,5078.75,08:00:01.774582131
12,5078.5,31,5078.75,08:00:01.774595155
12,5078.5,30,5078.75,08:00:01.774635623
12,5078.5,30,5078.75,08:00:01.774640657
12,5078.5,30,5078.75,08:00:01.774683320
12,5078.5,30,5078.75,08:00:01.774695279
12,5078.5,30,5078.75,08:00:01.774709231
12,5078.5,30,5078.75,08:00:01.774728927
12,5078.5,30,5078.75,08:00:01.774728927
13,5078.5,30,5078.75,08:00:01.774728927
13,5078.5,31,5078.75,08:00:01.774750969
13,5078.5,32,5078.75,08:00:01.774766538
12,5078.5,32,5078.75,08:00:01.774779764
12,5078.5,33,5078.75,08:00:01.774796039
12,5078.5,33,5078.75,08:00:01.774808078
12,5078.5,34,5078.75,08:00:01.774823272
12,5078.5,34,5078.75,08:00:01.774835922
12,5078.5,35,5078.75,08:00:01.774848939
12,5078.5,35,5078.75,08:00:01.774856341
12,5078.5,34,5078.75,08:00:01.774863327
12,5078.5,33,5078.75,08:00:01.774868841
12,5078.5,33,5078.75,08:00:01.774876943
13,5078.5,33,5078.75,08:00:01.774883350
13,5078.5,34,5078.75,08:00:01.774954116
13,5078.5,34,5078.75,08:00:01.775215338
13,5078.5,34,5078.75,08:00:01.775215338
13,5078.5,34,5078.75,08:00:01.775275226
13,5078.5,33,5078.75,08:00:01.775475435
13,5078.5,32,5078.75,08:00:01.775580580
13,5078.5,33,5078.75,08:00:01.775934161
13,5078.5,32,5078.75,08:00:01.776325494
13,5078.5,32,5078.75,08:00:01.776471955
13,5078.5,32,5078.75,08:00:01.781516373
13,5078.5,31,5078.75,08:00:01.784848978
13,5078.5,28,5078.75,08:00:01.785064214
13,5078.5,28,5078.75,08:00:01.787328826
15,5078.5,28,5078.75,08:00:01.787795200
15,5078.5,29,5078.75,08:00:01.792548502
15,5078.5,30,5078.75,08:00:01.792885111
15,5078.5,30,5078.75,08:00:01.798343006
15,5078.5,29,5078.75,08:00:01.802778040
15,5078.5,30,5078.75,08:00:01.803372816
16,5078.5,30,5078.75,08:00:01.831362906
17,5078.5,30,5078.75,08:00:01.831369521
17,5078.5,30,5078.75,08:00:01.831376773
17,5078.5,30,5078.75,08:00:01.831376773
17,5078.5,25,5078.75,08:00:01.831484768
17,5078.5,24,5078.75,08:00:01.831493165
17,5078.5,23,5078.75,08:00:01.831525620
17,5078.5,23,5078.75,08:00:01.831736680
17,5078.5,23,5078.75,08:00:01.831736680
17,5078.5,23,5078.75,08:00:01.831832253
22,5078.5,23,5078.75,08:00:01.831857716
22,5078.5,23,5078.75,08:00:01.831940409
23,5078.5,23,5078.75,08:00:01.831950633
23,5078.5,22,5078.75,08:00:01.831962550
23,5078.5,21,5078.75,08:00:01.831978842
24,5078.5,21,5078.75,08:00:01.831986746
24,5078.5,20,5078.75,08:00:01.831996740
24,5078.5,19,5078.75,08:00:01.832009930
24,5078.5,19,5078.75,08:00:01.832035835
24,5078.5,19,5078.75,08:00:01.832035835
24,5078.5,17,5078.75,08:00:01.832108483
24,5078.5,16,5078.75,08:00:01.832217573
24,5078.5,15,5078.75,08:00:01.832332657
24,5078.5,15,5078.75,08:00:01.832728201
24,5078.5,14,5078.75,08:00:01.835495895
24,5078.5,15,5078.75,08:00:01.837544746
24,5078.5,12,5078.75,08:00:01.926716161
24,5078.5,12,5078.75,08:00:01.926787656
24,5078.5,12,5078.75,08:00:01.926801126
25,5078.5,12,5078.75,08:00:01.926837766
25,5078.5,11,5078.75,08:00:01.927435711
25,5078.5,12,5078.75,08:00:01.928551657
25,5078.5,13,5078.75,08:00:01.928650171
25,5078.5,13,5078.75,08:00:01.928661647
25,5078.5,13,5078.75,08:00:01.928661647
25,5078.5,15,5078.75,08:00:01.928746477
25,5078.5,16,5078.75,08:00:01.928807022
25,5078.5,17,5078.75,08:00:01.928907754
25,5078.5,17,5078.75,08:00:01.929097924
25,5078.5,17,5078.75,08:00:01.929103342
26,5078.5,17,5078.75,08:00:01.929171231
26,5078.5,17,5078.75,08:00:01.929414097
26,5078.5,17,5078.75,08:00:01.929436919
26,5078.5,17,5078.75,08:00:01.929458567
25,5078.5,17,5078.75,08:00:01.945397094
25,5078.5,18,5078.75,08:00:01.945632254
24,5078.5,18,5078.75,08:00:01.945726201
24,5078.5,19,5078.75,08:00:01.945832722
24,5078.5,18,5078.75,08:00:01.959868988
25,5078.5,18,5078.75,08:00:01.959957377
25,5078.5,16,5078.75,08:00:01.959991048
25,5078.5,15,5078.75,08:00:01.960053530
25,5078.5,14,5078.75,08:00:01.960139816
25,5078.5,15,5078.75,08:00:01.960247492
25,5078.5,15,5078.75,08:00:01.991293903
25,5078.5,15,5078.75,08:00:01.991293903
25,5078.5,14,5078.75,08:00:02.011256401
24,5078.5,14,5078.75,08:00:02.011360870
24,5078.5,14,5078.75,08:00:02.011414762
24,5078.5,16,5078.75,08:00:02.037208293
23,5078.5,16,5078.75,08:00:02.037214648
23,5078.5,17,5078.75,08:00:02.037221269
23,5078.5,18,5078.75,08:00:02.037305997
22,5078.5,18,5078.75,08:00:02.037311821
17,5078.5,18,5078.75,08:00:02.037639044
17,5078.5,17,5078.75,08:00:02.037677102
17,5078.5,20,5078.75,08:00:02.037746272
17,5078.5,20,5078.75,08:00:02.037817672
17,5078.5,20,5078.75,08:00:02.037817672
17,5078.5,22,5078.75,08:00:02.038243597
16,5078.5,22,5078.75,08:00:02.038556899
15,5078.5,22,5078.75,08:00:02.038656625
14,5078.5,22,5078.75,08:00:02.038664564
14,5078.5,23,5078.75,08:00:02.038859568
14,5078.5,22,5078.75,08:00:02.039006707
14,5078.5,22,5078.75,08:00:02.039657328
14,5078.5,22,5078.75,08:00:02.039657328
15,5078.5,22,5078.75,08:00:02.039741677
14,5078.5,22,5078.75,08:00:02.039957129
14,5078.5,20,5078.75,08:00:02.040078344
15,5078.5,20,5078.75,08:00:02.040183268
14,5078.5,20,5078.75,08:00:02.040604025
14,5078.5,22,5078.75,08:00:02.058586966
14,5078.5,22,5078.75,08:00:02.133913242
14,5078.5,22,5078.75,08:00:02.133913242
14,5078.5,23,5078.75,08:00:02.134820665
14,5078.5,22,5078.75,08:00:02.144693983
14,5078.5,20,5078.75,08:00:02.281075728
14,5078.5,21,5078.75,08:00:02.300736761
14,5078.5,22,5078.75,08:00:02.311832344
14,5078.5,21,5078.75,08:00:02.356664882
14,5078.5,22,5078.75,08:00:02.425759583
14,5078.5,23,5078.75,08:00:02.425987488
12,5078.5,23,5078.75,08:00:02.426143165
10,5078.5,23,5078.75,08:00:02.426483707
8,5078.5,23,5078.75,08:00:02.426483707
7,5078.5,23,5078.75,08:00:02.426483707
24,5078.25,23,5078.75,08:00:02.426582622
24,5078.25,23,5078.75,08:00:02.426582622
24,5078.25,23,5078.75,08:00:02.426582622
24,5078.25,28,5078.75,08:00:02.426615174
24,5078.25,2,5078.5,08:00:02.426615174
24,5078.25,3,5078.5,08:00:02.426615174
24,5078.25,4,5078.5,08:00:02.426635463
24,5078.25,5,5078.5,08:00:02.426640861
24,5078.25,6,5078.5,08:00:02.426647418
24,5078.25,6,5078.5,08:00:02.426677761
24,5078.25,7,5078.5,08:00:02.426684331
24,5078.25,7,5078.5,08:00:02.426689086
24,5078.25,7,5078.5,08:00:02.426709038
26,5078.25,7,5078.5,08:00:02.426718693
26,5078.25,7,5078.5,08:00:02.426734982
26,5078.25,8,5078.5,08:00:02.426740364
26,5078.25,7,5078.5,08:00:02.426746393
26,5078.25,9,5078.5,08:00:02.426752726
26,5078.25,9,5078.5,08:00:02.426759337
27,5078.25,9,5078.5,08:00:02.426764822
27,5078.25,10,5078.5,08:00:02.426786390
26,5078.25,10,5078.5,08:00:02.426793037
27,5078.25,10,5078.5,08:00:02.426833502
27,5078.25,10,5078.5,08:00:02.426887372
27,5078.25,8,5078.5,08:00:02.426985435
27,5078.25,8,5078.5,08:00:02.426992999
27,5078.25,8,5078.5,08:00:02.427125546
27,5078.25,8,5078.5,08:00:02.427409264
27,5078.25,8,5078.5,08:00:02.427434410
27,5078.25,8,5078.5,08:00:02.427469969
27,5078.25,6,5078.5,08:00:02.427531503
27,5078.25,6,5078.5,08:00:02.427607355
27,5078.25,6,5078.5,08:00:02.427607355
27,5078.25,5,5078.5,08:00:02.427649470
27,5078.25,6,5078.5,08:00:02.427674748
27,5078.25,7,5078.5,08:00:02.427773731
27,5078.25,8,5078.5,08:00:02.427879065
27,5078.25,10,5078.5,08:00:02.428045008
27,5078.25,9,5078.5,08:00:02.428103134
27,5078.25,9,5078.5,08:00:02.429364874
27,5078.25,9,5078.5,08:00:02.429588322
27,5078.25,12,5078.5,08:00:02.537562668
27,5078.25,13,5078.5,08:00:02.537684760
26,5078.25,13,5078.5,08:00:02.537784068
26,5078.25,12,5078.5,08:00:02.542380093
26,5078.25,11,5078.5,08:00:02.543095793
26,5078.25,13,5078.5,08:00:02.583235805
26,5078.25,14,5078.5,08:00:02.583243793
26,5078.25,15,5078.5,08:00:02.583341548
26,5078.25,16,5078.5,08:00:02.583657654
26,5078.25,14,5078.5,08:00:02.703412845
26,5078.25,13,5078.5,08:00:02.703426420
26,5078.25,12,5078.5,08:00:02.704200560
26,5078.25,12,5078.5,08:00:02.831800949
26,5078.25,12,5078.5,08:00:03.006459676
26,5078.25,14,5078.5,08:00:03.120538031
26,5078.25,15,5078.5,08:00:03.120774586
26,5078.25,16,5078.5,08:00:03.120877315
26,5078.25,17,5078.5,08:00:03.120930048
26,5078.25,16,5078.5,08:00:03.121056592
26,5078.25,16,5078.5,08:00:03.121261982
26,5078.25,16,5078.5,08:00:03.121261982
26,5078.25,16,5078.5,08:00:03.155436506
25,5078.25,16,5078.5,08:00:03.155539622
25,5078.25,17,5078.5,08:00:03.215486883
25,5078.25,18,5078.5,08:00:03.215492880
20,5078.25,18,5078.5,08:00:03.215603564
18,5078.25,18,5078.5,08:00:03.215611189
17,5078.25,18,5078.5,08:00:03.215697559
17,5078.25,19,5078.5,08:00:03.215705572
17,5078.25,22,5078.5,08:00:03.215716337
17,5078.25,22,5078.5,08:00:03.215732654
16,5078.25,22,5078.5,08:00:03.215744066
16,5078.25,22,5078.5,08:00:03.215759243
15,5078.25,22,5078.5,08:00:03.215769576
15,5078.25,23,5078.5,08:00:03.215821411
15,5078.25,28,5078.5,08:00:03.215877358
13,5078.25,28,5078.5,08:00:03.215942828
13,5078.25,28,5078.5,08:00:03.215952556
10,5078.25,28,5078.5,08:00:03.216174087
10,5078.25,29,5078.5,08:00:03.216280566
10,5078.25,30,5078.5,08:00:03.216286560
9,5078.25,30,5078.5,08:00:03.216390507
9,5078.25,31,5078.5,08:00:03.216414783
9,5078.25,31,5078.5,08:00:03.216679221
9,5078.25,31,5078.5,08:00:03.216679221
9,5078.25,31,5078.5,08:00:03.216688472
9,5078.25,31,5078.5,08:00:03.216693448
9,5078.25,34,5078.5,08:00:03.216765856
9,5078.25,35,5078.5,08:00:03.216886818
9,5078.25,35,5078.5,08:00:03.217027682
9,5078.25,35,5078.5,08:00:03.217027682
9,5078.25,35,5078.5,08:00:03.217415193
9,5078.25,36,5078.5,08:00:03.219109170
9,5078.25,36,5078.5,08:00:03.222900363
9,5078.25,37,5078.5,08:00:03.277220272
7,5078.25,37,5078.5,08:00:03.277500157
6,5078.25,37,5078.5,08:00:03.277500157
5,5078.25,37,5078.5,08:00:03.277500157
3,5078.25,37,5078.5,08:00:03.277760168
32,5078.0,37,5078.5,08:00:03.277760168
32,5078.0,37,5078.5,08:00:03.277760168
31,5078.0,37,5078.5,08:00:03.277771231
31,5078.0,37,5078.5,08:00:03.277771231
31,5078.0,38,5078.5,08:00:03.277771231
32,5078.0,38,5078.5,08:00:03.277771231
32,5078.0,1,5078.25,08:00:03.277816099
32,5078.0,1,5078.25,08:00:03.277839510
32,5078.0,1,5078.25,08:00:03.277895137
32,5078.0,2,5078.25,08:00:03.277901681
32,5078.0,2,5078.25,08:00:03.277914130
32,5078.0,2,5078.25,08:00:03.277914130
32,5078.0,3,5078.25,08:00:03.277923045
32,5078.0,3,5078.25,08:00:03.278023293
32,5078.0,3,5078.25,08:00:03.278029018
32,5078.0,6,5078.25,08:00:03.278042225
32,5078.0,6,5078.25,08:00:03.278097272
32,5078.0,34,5078.5,08:00:03.278323652
32,5078.0,34,5078.5,08:00:03.278323652
32,5078.0,1,5078.25,08:00:03.278323652
32,5078.0,2,5078.25,08:00:03.278323652
32,5078.0,2,5078.25,08:00:03.278323652
32,5078.0,2,5078.25,08:00:03.278342459
32,5078.0,2,5078.25,08:00:03.278342459
32,5078.0,2,5078.25,08:00:03.278369521
32,5078.0,2,5078.25,08:00:03.278369521
32,5078.0,33,5078.5,08:00:03.278554472
32,5078.0,33,5078.5,08:00:03.278554472
32,5078.0,1,5078.25,08:00:03.278554472
32,5078.0,33,5078.5,08:00:03.278554472
32,5078.0,33,5078.5,08:00:03.278554472
1,5078.25,33,5078.5,08:00:03.278651888
2,5078.25,33,5078.5,08:00:03.278665117
2,5078.25,36,5078.5,08:00:03.278670084
2,5078.25,36,5078.5,08:00:03.278682830
2,5078.25,37,5078.5,08:00:03.278766873
2,5078.25,34,5078.5,08:00:03.278776928
2,5078.25,35,5078.5,08:00:03.278871816
33,5078.0,35,5078.5,08:00:03.279016111
33,5078.0,35,5078.5,08:00:03.279016111
33,5078.0,35,5078.5,08:00:03.279016111
33,5078.0,34,5078.5,08:00:03.279016111
33,5078.0,35,5078.5,08:00:03.279050840
33,5078.0,36,5078.5,08:00:03.279079619
33,5078.0,37,5078.5,08:00:03.279203128
33,5078.0,37,5078.5,08:00:03.279433085
33,5078.0,37,5078.5,08:00:03.279445396
33,5078.0,36,5078.5,08:00:03.279454935
33,5078.0,36,5078.5,08:00:03.280674035
33,5078.0,36,5078.5,08:00:03.280674035
33,5078.0,36,5078.5,08:00:03.286056751
33,5078.0,36,5078.5,08:00:03.286361643
33,5078.0,36,5078.5,08:00:03.288460937
33,5078.0,36,5078.5,08:00:03.288460937
33,5078.0,3,5078.25,08:00:03.344029501
33,5078.0,3,5078.25,08:00:03.344036375
33,5078.0,3,5078.25,08:00:03.344036375
33,5078.0,2,5078.25,08:00:03.344252505
33,5078.0,3,5078.25,08:00:03.344252505
33,5078.0,1,5078.25,08:00:03.344357483
33,5078.0,1,5078.25,08:00:03.344531921
33,5078.0,4,5078.25,08:00:03.355035304
33,5078.0,4,5078.25,08:00:03.355237881
32,5078.0,4,5078.25,08:00:03.355376744
31,5078.0,4,5078.25,08:00:03.355478087
31,5078.0,4,5078.25,08:00:03.423095925
31,5078.0,4,5078.25,08:00:03.423410127
31,5078.0,4,5078.25,08:00:03.423424610
31,5078.0,4,5078.25,08:00:03.423438594
31,5078.0,3,5078.25,08:00:03.512395210
31,5078.0,3,5078.25,08:00:03.696994969
31,5078.0,3,5078.25,08:00:03.831821542
31,5078.0,3,5078.25,08:00:03.860228716
31,5078.0,3,5078.25,08:00:03.860228716
32,5078.0,3,5078.25,08:00:04.023728924
32,5078.0,4,5078.25,08:00:04.036687045
32,5078.0,5,5078.25,08:00:04.036810776
32,5078.0,4,5078.25,08:00:04.036875200
32,5078.0,5,5078.25,08:00:04.036914836
32,5078.0,4,5078.25,08:00:04.037262510
32,5078.0,3,5078.25,08:00:04.037359075
32,5078.0,5,5078.25,08:00:04.053562448
32,5078.0,6,5078.25,08:00:04.053664248
32,5078.0,7,5078.25,08:00:04.053673899
32,5078.0,7,5078.25,08:00:04.053938750
32,5078.0,5,5078.25,08:00:04.377599828
32,5078.0,5,5078.25,08:00:04.546229755
31,5078.0,5,5078.25,08:00:04.546339174
31,5078.0,2,5078.25,08:00:04.720437841
31,5078.0,37,5078.5,08:00:04.720719748
31,5078.0,37,5078.5,08:00:04.720719748
1,5078.25,37,5078.5,08:00:04.720787400
2,5078.25,37,5078.5,08:00:04.720816348
3,5078.25,37,5078.5,08:00:04.720821279
3,5078.25,36,5078.5,08:00:04.720850202
4,5078.25,36,5078.5,08:00:04.720887236
5,5078.25,36,5078.5,08:00:04.720949468
5,5078.25,36,5078.5,08:00:04.721010781
5,5078.25,37,5078.5,08:00:04.721055905
5,5078.25,37,5078.5,08:00:04.721062275
4,5078.25,37,5078.5,08:00:04.721182240
4,5078.25,37,5078.5,08:00:04.721512919
4,5078.25,37,5078.5,08:00:04.721512919
4,5078.25,37,5078.5,08:00:04.721529396
7,5078.25,37,5078.5,08:00:04.722043947
8,5078.25,37,5078.5,08:00:04.722141629
9,5078.25,37,5078.5,08:00:04.722148465
9,5078.25,36,5078.5,08:00:04.722246588
10,5078.25,36,5078.5,08:00:04.722335953
10,5078.25,35,5078.5,08:00:04.722604227
11,5078.25,35,5078.5,08:00:04.722693871
11,5078.25,34,5078.5,08:00:04.722757411
11,5078.25,33,5078.5,08:00:04.736661422
11,5078.25,28,5078.5,08:00:04.783676078
11,5078.25,27,5078.5,08:00:04.783913603
11,5078.25,26,5078.5,08:00:04.784029925
11,5078.25,26,5078.5,08:00:04.785203430
11,5078.25,26,5078.5,08:00:04.785885640
11,5078.25,26,5078.5,08:00:04.785885640
11,5078.25,26,5078.5,08:00:04.786129116
11,5078.25,26,5078.5,08:00:04.786129116
11,5078.25,26,5078.5,08:00:04.907496328
11,5078.25,26,5078.5,08:00:04.907496328
11,5078.25,26,5078.5,08:00:04.917089369
11,5078.25,26,5078.5,08:00:04.917420195
11,5078.25,26,5078.5,08:00:04.917458170
11,5078.25,26,5078.5,08:00:04.953324979
11,5078.25,26,5078.5,08:00:04.953324979
24,5078.25,26,5078.5,08:00:05.026025962
24,5078.25,26,5078.5,08:00:05.026025962
25,5078.25,26,5078.5,08:00:05.026124716
25,5078.25,25,5078.5,08:00:05.026148608
26,5078.25,25,5078.5,08:00:05.026154025
26,5078.25,22,5078.5,08:00:05.026160416
26,5078.25,22,5078.5,08:00:05.026167501
27,5078.25,22,5078.5,08:00:05.026188164
28,5078.25,22,5078.5,08:00:05.026213217
28,5078.25,21,5078.5,08:00:05.026258347
28,5078.25,20,5078.5,08:00:05.026269740
28,5078.25,20,5078.5,08:00:05.026276898
28,5078.25,20,5078.5,08:00:05.026317123
28,5078.25,19,5078.5,08:00:05.026356154
28,5078.25,17,5078.5,08:00:05.026396370
28,5078.25,17,5078.5,08:00:05.026604550
28,5078.25,17,5078.5,08:00:05.026604550
28,5078.25,16,5078.5,08:00:05.026817792
28,5078.25,15,5078.5,08:00:05.026922582
28,5078.25,14,5078.5,08:00:05.027140855
28,5078.25,13,5078.5,08:00:05.027179585
28,5078.25,12,5078.5,08:00:05.027384012
33,5078.25,12,5078.5,08:00:05.027746157
33,5078.25,11,5078.5,08:00:05.027793226
33,5078.25,8,5078.5,08:00:05.027855998
33,5078.25,7,5078.5,08:00:05.027862923
33,5078.25,6,5078.5,08:00:05.027880328
33,5078.25,6,5078.5,08:00:05.028324421
33,5078.25,9,5078.5,08:00:05.035814722
33,5078.25,11,5078.5,08:00:05.035886870
33,5078.25,11,5078.5,08:00:05.036378619
33,5078.25,11,5078.5,08:00:05.036378619
33,5078.25,11,5078.5,08:00:05.166465615
33,5078.25,11,5078.5,08:00:05.166465615
33,5078.25,11,5078.5,08:00:05.166778403
33,5078.25,11,5078.5,08:00:05.166778403
28,5078.25,11,5078.5,08:00:05.192801694
28,5078.25,12,5078.5,08:00:05.192808906
28,5078.25,13,5078.5,08:00:05.192822305
28,5078.25,15,5078.5,08:00:05.192840719
28,5078.25,16,5078.5,08:00:05.192917770
28,5078.25,14,5078.5,08:00:05.193028940
28,5078.25,13,5078.5,08:00:05.193202054
28,5078.25,12,5078.5,08:00:05.193302587
28,5078.25,10,5078.5,08:00:05.193431447
28,5078.25,10,5078.5,08:00:05.194148506
28,5078.25,10,5078.5,08:00:05.194148506
28,5078.25,10,5078.5,08:00:05.194358321
27,5078.25,10,5078.5,08:00:05.221010816
28,5078.25,10,5078.5,08:00:05.613328130
28,5078.25,9,5078.5,08:00:05.613334358
33,5078.25,9,5078.5,08:00:05.613664678
33,5078.25,6,5078.5,08:00:05.614284594
33,5078.25,5,5078.5,08:00:05.614402027
33,5078.25,2,5078.5,08:00:05.614684283
33,5078.25,31,5078.75,08:00:05.614864603
33,5078.25,31,5078.75,08:00:05.614864603
1,5078.5,31,5078.75,08:00:05.614864603
2,5078.5,31,5078.75,08:00:05.614864603
2,5078.5,31,5078.75,08:00:05.614864603
4,5078.5,31,5078.75,08:00:05.614872798
4,5078.5,31,5078.75,08:00:05.614980564
4,5078.5,31,5078.75,08:00:05.614993780
4,5078.5,31,5078.75,08:00:05.615017857
4,5078.5,32,5078.75,08:00:05.615158471
4,5078.5,33,5078.75,08:00:05.615188203
4,5078.5,34,5078.75,08:00:05.615205941
4,5078.5,35,5078.75,08:00:05.615231064
4,5078.5,36,5078.75,08:00:05.615261151
3,5078.5,36,5078.75,08:00:05.615288450
2,5078.5,36,5078.75,08:00:05.615296569
35,5078.25,36,5078.75,08:00:05.615305178
35,5078.25,36,5078.75,08:00:05.615305178
35,5078.25,37,5078.75,08:00:05.615339536
35,5078.25,38,5078.75,08:00:05.615348788
35,5078.25,39,5078.75,08:00:05.615360456
35,5078.25,39,5078.75,08:00:05.615389961
35,5078.25,39,5078.75,08:00:05.615389961
35,5078.25,39,5078.75,08:00:05.615396521
35,5078.25,39,5078.75,08:00:05.615396521
35,5078.25,40,5078.75,08:00:05.615432100
35,5078.25,40,5078.75,08:00:05.615432100
36,5078.25,40,5078.75,08:00:05.615442314
40,5078.25,40,5078.75,08:00:05.615474305
40,5078.25,40,5078.75,08:00:05.615484382
40,5078.25,41,5078.75,08:00:05.615539874
36,5078.25,41,5078.75,08:00:05.615611028
36,5078.25,41,5078.75,08:00:05.622938653
36,5078.25,41,5078.75,08:00:05.622945399
36,5078.25,3,5078.5,08:00:05.644026579
35,5078.25,3,5078.5,08:00:05.644156056
35,5078.25,3,5078.5,08:00:05.644231021
35,5078.25,4,5078.5,08:00:05.644259668
35,5078.25,4,5078.5,08:00:05.644354115
35,5078.25,4,5078.5,08:00:05.726324750
35,5078.25,5,5078.5,08:00:05.726330494
35,5078.25,6,5078.5,08:00:05.726443533
34,5078.25,6,5078.5,08:00:05.726449613
34,5078.25,6,5078.5,08:00:05.726770055
34,5078.25,6,5078.5,08:00:05.730676479
34,5078.25,6,5078.5,08:00:05.734380295
34,5078.25,6,5078.5,08:00:05.736667246
34,5078.25,6,5078.5,08:00:05.736777191
34,5078.25,6,5078.5,08:00:05.739155277
34,5078.25,7,5078.5,08:00:05.748171126
29,5078.25,7,5078.5,08:00:05.748275317
28,5078.25,7,5078.5,08:00:05.748284133
28,5078.25,9,5078.5,08:00:05.748372951
28,5078.25,10,5078.5,08:00:05.821854048
28,5078.25,12,5078.5,08:00:05.821954006
28,5078.25,13,5078.5,08:00:05.821962720
28,5078.25,14,5078.5,08:00:05.822179188
27,5078.25,14,5078.5,08:00:05.822287430
27,5078.25,14,5078.5,08:00:05.822402639
27,5078.25,15,5078.5,08:00:05.884920793
27,5078.25,16,5078.5,08:00:05.884940627
27,5078.25,21,5078.5,08:00:05.884946422
27,5078.25,21,5078.5,08:00:05.885049716
27,5078.25,22,5078.5,08:00:05.885267565
27,5078.25,22,5078.5,08:00:05.885267565
27,5078.25,21,5078.5,08:00:05.885272419
27,5078.25,20,5078.5,08:00:05.888842558
27,5078.25,15,5078.5,08:00:06.077917128
27,5078.25,14,5078.5,08:00:06.078021613
27,5078.25,12,5078.5,08:00:06.078027668
27,5078.25,10,5078.5,08:00:06.082413849
27,5078.25,9,5078.5,08:00:06.173725859
27,5078.25,9,5078.5,08:00:06.173810479
27,5078.25,11,5078.5,08:00:06.379230340
27,5078.25,13,5078.5,08:00:06.379326265
28,5078.25,13,5078.5,08:00:06.640708963
28,5078.25,13,5078.5,08:00:06.640708963
28,5078.25,11,5078.5,08:00:06.728306817
30,5078.25,11,5078.5,08:00:06.728418362
30,5078.25,9,5078.5,08:00:06.728429655
30,5078.25,10,5078.5,08:00:06.750930021
30,5078.25,12,5078.5,08:00:06.751024151
30,5078.25,13,5078.5,08:00:06.751131590
30,5078.25,12,5078.5,08:00:06.752005066
30,5078.25,10,5078.5,08:00:06.752122416
30,5078.25,9,5078.5,08:00:06.752209813
30,5078.25,10,5078.5,08:00:06.752578607
30,5078.25,12,5078.5,08:00:06.752666808
30,5078.25,13,5078.5,08:00:06.752682443
30,5078.25,11,5078.5,08:00:07.202509059
30,5078.25,10,5078.5,08:00:07.202525357
30,5078.25,11,5078.5,08:00:07.208651445
30,5078.25,13,5078.5,08:00:07.208740989
30,5078.25,14,5078.5,08:00:07.212743268
30,5078.25,15,5078.5,08:00:07.239982526
30,5078.25,20,5078.5,08:00:07.772431329
30,5078.25,21,5078.5,08:00:07.772826889
30,5078.25,22,5078.5,08:00:07.772935883
30,5078.25,22,5078.5,08:00:07.873386552
30,5078.25,22,5078.5,08:00:07.873386552
29,5078.25,22,5078.5,08:00:08.225036159
29,5078.25,23,5078.5,08:00:08.225215283
29,5078.25,22,5078.5,08:00:08.677606048
29,5078.25,23,5078.5,08:00:08.678041375
29,5078.25,23,5078.5,08:00:08.683637123
29,5078.25,23,5078.5,08:00:08.883896779
29,5078.25,23,5078.5,08:00:08.893440562
29,5078.25,23,5078.5,08:00:08.893440562
29,5078.25,23,5078.5,08:00:09.296745268
29,5078.25,23,5078.5,08:00:09.296745268
29,5078.25,23,5078.5,08:00:09.297135122
29,5078.25,23,5078.5,08:00:09.325914931
29,5078.25,23,5078.5,08:00:09.325914931
29,5078.25,24,5078.5,08:00:09.326021643
28,5078.25,24,5078.5,08:00:09.326161358
27,5078.25,24,5078.5,08:00:09.326168689
27,5078.25,24,5078.5,08:00:09.326282371
26,5078.25,24,5078.5,08:00:09.326290781
23,5078.25,24,5078.5,08:00:09.326369678
23,5078.25,25,5078.5,08:00:09.326477709
21,5078.25,25,5078.5,08:00:09.326654904
21,5078.25,28,5078.5,08:00:09.326654904
20,5078.25,28,5078.5,08:00:09.326829355
20,5078.25,29,5078.5,08:00:09.326841090
19,5078.25,29,5078.5,08:00:09.326968309
9,5078.25,29,5078.5,08:00:09.326968309
7,5078.25,29,5078.5,08:00:09.326968309
3,5078.25,29,5078.5,08:00:09.327036234
3,5078.25,29,5078.5,08:00:09.327091220
30,5078.0,29,5078.5,08:00:09.327091220
30,5078.0,29,5078.5,08:00:09.327091220
30,5078.0,30,5078.5,08:00:09.327091220
30,5078.0,33,5078.5,08:00:09.327091220
30,5078.0,34,5078.5,08:00:09.327099787
30,5078.0,34,5078.5,08:00:09.327099787
30,5078.0,1,5078.25,08:00:09.327099787
30,5078.0,2,5078.25,08:00:09.327099787
29,5078.0,2,5078.25,08:00:09.327111885
29,5078.0,2,5078.25,08:00:09.327157301
29,5078.0,2,5078.25,08:00:09.327169487
31,5078.0,2,5078.25,08:00:09.327204239
31,5078.0,2,5078.25,08:00:09.327229565
31,5078.0,2,5078.25,08:00:09.327262509
31,5078.0,2,5078.25,08:00:09.327268125
32,5078.0,2,5078.25,08:00:09.327278663
32,5078.0,3,5078.25,08:00:09.327304161
32,5078.0,3,5078.25,08:00:09.327310046
32,5078.0,2,5078.25,08:00:09.327360534
32,5078.0,3,5078.25,08:00:09.327373136
32,5078.0,3,5078.25,08:00:09.327442087
32,5078.0,3,5078.25,08:00:09.327442087
32,5078.0,2,5078.25,08:00:09.327450071
32,5078.0,2,5078.25,08:00:09.327465191
32,5078.0,2,5078.25,08:00:09.327465191
32,5078.0,2,5078.25,08:00:09.327471758
32,5078.0,2,5078.25,08:00:09.328060350
32,5078.0,2,5078.25,08:00:09.328060350
32,5078.0,2,5078.25,08:00:09.328070353
32,5078.0,2,5078.25,08:00:09.328168298
32,5078.0,2,5078.25,08:00:09.328168298
33,5078.0,2,5078.25,08:00:09.328177392
33,5078.0,3,5078.25,08:00:09.328197517
33,5078.0,4,5078.25,08:00:09.328205472
33,5078.0,7,5078.25,08:00:09.328219511
33,5078.0,9,5078.25,08:00:09.328228618
33,5078.0,9,5078.25,08:00:09.328251573
33,5078.0,8,5078.25,08:00:09.328304268
33,5078.0,10,5078.25,08:00:09.328317702
33,5078.0,11,5078.25,08:00:09.328325865
33,5078.0,11,5078.25,08:00:09.328338432
33,5078.0,11,5078.25,08:00:09.328338432
33,5078.0,9,5078.25,08:00:09.328385905
33,5078.0,9,5078.25,08:00:09.328431298
33,5078.0,9,5078.25,08:00:09.328431298
33,5078.0,9,5078.25,08:00:09.328686929
33,5078.0,9,5078.25,08:00:09.328686929
33,5078.0,9,5078.25,08:00:09.328978880
33,5078.0,9,5078.25,08:00:09.328985303
33,5078.0,9,5078.25,08:00:09.329451363
33,5078.0,9,5078.25,08:00:09.399084340
32,5078.0,9,5078.25,08:00:09.399204288
32,5078.0,9,5078.25,08:00:09.399403748
32,5078.0,9,5078.25,08:00:09.399424155
32,5078.0,9,5078.25,08:00:09.399436315
32,5078.0,9,5078.25,08:00:09.509627492
32,5078.0,9,5078.25,08:00:09.600815579
32,5078.0,9,5078.25,08:00:09.834893873
32,5078.0,10,5078.25,08:00:09.890535737
31,5078.0,10,5078.25,08:00:09.890541497
31,5078.0,12,5078.25,08:00:09.890630459
31,5078.0,13,5078.25,08:00:09.890640808
31,5078.0,14,5078.25,08:00:09.890690678
31,5078.0,15,5078.25,08:00:09.890967189
26,5078.0,15,5078.25,08:00:09.971247069
24,5078.0,15,5078.25,08:00:09.971258589
24,5078.0,17,5078.25,08:00:09.971266000
23,5078.0,17,5078.25,08:00:09.971367023
23,5078.0,18,5078.25,08:00:09.971469886
23,5078.0,18,5078.25,08:00:09.971469886
23,5078.0,21,5078.25,08:00:09.971580499
23,5078.0,21,5078.25,08:00:09.971626945
23,5078.0,24,5078.25,08:00:09.971665009
23,5078.0,26,5078.25,08:00:09.972279195
23,5078.0,26,5078.25,08:00:09.972544900
23,5078.0,26,5078.25,08:00:09.972544900
23,5078.0,26,5078.25,08:00:09.972551488
23,5078.0,24,5078.25,08:00:09.974945780
23,5078.0,24,5078.25,08:00:10.161793625
23,5078.0,24,5078.25,08:00:10.250081445
23,5078.0,24,5078.25,08:00:10.408910483
22,5078.0,24,5078.25,08:00:10.452595037
21,5078.0,24,5078.25,08:00:10.452695871
20,5078.0,24,5078.25,08:00:10.452799067
18,5078.0,24,5078.25,08:00:10.452812600
17,5078.0,24,5078.25,08:00:10.452919847
17,5078.0,24,5078.25,08:00:10.882626288
17,5078.0,24,5078.25,08:00:10.882752412
17,5078.0,24,5078.25,08:00:11.340647620
17,5078.0,24,5078.25,08:00:11.340647620
16,5078.0,24,5078.25,08:00:11.367823303
15,5078.0,24,5078.25,08:00:11.482202133
12,5078.0,24,5078.25,08:00:11.482436618
11,5078.0,24,5078.25,08:00:11.482545321
10,5078.0,24,5078.25,08:00:11.482551106
10,5078.0,29,5078.25,08:00:11.482651598
10,5078.0,29,5078.25,08:00:11.482971393
10,5078.0,29,5078.25,08:00:11.483549123
11,5078.0,29,5078.25,08:00:11.483911518
11,5078.0,29,5078.25,08:00:11.483918027
11,5078.0,29,5078.25,08:00:11.483918027
11,5078.0,32,5078.25,08:00:11.484181075
11,5078.0,32,5078.25,08:00:11.484263915
11,5078.0,32,5078.25,08:00:11.484263915
10,5078.0,32,5078.25,08:00:11.484279111
10,5078.0,33,5078.25,08:00:11.484291910
10,5078.0,30,5078.25,08:00:11.484304790
11,5078.0,30,5078.25,08:00:11.484418610
11,5078.0,30,5078.25,08:00:11.484457366
11,5078.0,30,5078.25,08:00:11.484457366
11,5078.0,30,5078.25,08:00:11.484665409
11,5078.0,30,5078.25,08:00:11.484665409
11,5078.0,30,5078.25,08:00:11.484804896
11,5078.0,30,5078.25,08:00:11.484804896
11,5078.0,30,5078.25,08:00:11.490739713
10,5078.0,30,5078.25,08:00:11.523902278
10,5078.0,30,5078.25,08:00:11.524241306
10,5078.0,30,5078.25,08:00:11.524268948
11,5078.0,30,5078.25,08:00:11.614414046
14,5078.0,30,5078.25,08:00:11.614534074
11,5078.0,30,5078.25,08:00:11.627691369
10,5078.0,30,5078.25,08:00:11.627791915
10,5078.0,30,5078.25,08:00:11.627905140
10,5078.0,30,5078.25,08:00:11.627905140
10,5078.0,30,5078.25,08:00:11.628071735
10,5078.0,30,5078.25,08:00:11.628071735
10,5078.0,30,5078.25,08:00:11.746786717
13,5078.0,30,5078.25,08:00:11.780089576
14,5078.0,30,5078.25,08:00:11.780189885
15,5078.0,30,5078.25,08:00:11.866478284
15,5078.0,28,5078.25,08:00:11.866593746
17,5078.0,28,5078.25,08:00:11.866693626
17,5078.0,23,5078.25,08:00:11.866710407
18,5078.0,23,5078.25,08:00:11.866819037
18,5078.0,22,5078.25,08:00:11.866826330
19,5078.0,22,5078.25,08:00:11.866941672
19,5078.0,22,5078.25,08:00:11.867334772
19,5078.0,24,5078.25,08:00:11.874493614
18,5078.0,24,5078.25,08:00:11.874581644
16,5078.0,24,5078.25,08:00:11.874614534
17,5078.0,24,5078.25,08:00:11.884562395
17,5078.0,22,5078.25,08:00:11.884582389
17,5078.0,22,5078.25,08:00:11.885090819
17,5078.0,21,5078.25,08:00:12.047089667
17,5078.0,22,5078.25,08:00:12.412964830
18,5078.0,22,5078.25,08:00:12.542757913
19,5078.0,22,5078.25,08:00:12.542858019
19,5078.0,21,5078.25,08:00:12.542877146
20,5078.0,21,5078.25,08:00:12.542963205
21,5078.0,21,5078.25,08:00:12.542976018
21,5078.0,19,5078.25,08:00:12.543089278
26,5078.0,19,5078.25,08:00:13.017939869
26,5078.0,16,5078.25,08:00:13.018052287
26,5078.0,15,5078.25,08:00:13.084717999
26,5078.0,12,5078.25,08:00:13.084726530
26,5078.0,11,5078.25,08:00:13.084830587
26,5078.0,9,5078.25,08:00:13.084933943
28,5078.0,9,5078.25,08:00:13.084946896
28,5078.0,12,5078.25,08:00:13.247834717
28,5078.0,14,5078.25,08:00:13.247944584
28,5078.0,15,5078.25,08:00:13.247951275
23,5078.0,15,5078.25,08:00:13.248052468
21,5078.0,15,5078.25,08:00:13.248334896
20,5078.0,15,5078.25,08:00:13.248809287
20,5078.0,15,5078.25,08:00:13.249012529
20,5078.0,12,5078.25,08:00:13.602725821
20,5078.0,10,5078.25,08:00:13.602836790
20,5078.0,11,5078.25,08:00:13.690057792
20,5078.0,14,5078.25,08:00:13.690064451
20,5078.0,16,5078.25,08:00:13.690162847
20,5078.0,17,5078.25,08:00:13.690295905
20,5078.0,18,5078.25,08:00:13.690436916
20,5078.0,17,5078.25,08:00:13.690486373
20,5078.0,19,5078.25,08:00:13.690498204
19,5078.0,19,5078.25,08:00:13.690569536
19,5078.0,22,5078.25,08:00:13.690596052
19,5078.0,20,5078.25,08:00:13.690606718
19,5078.0,21,5078.25,08:00:13.690696013
19,5078.0,19,5078.25,08:00:13.691257794
18,5078.0,19,5078.25,08:00:13.691925388
17,5078.0,19,5078.25,08:00:13.692027774
17,5078.0,24,5078.25,08:00:13.692035780
17,5078.0,25,5078.25,08:00:13.692121555
16,5078.0,25,5078.25,08:00:13.692129561
16,5078.0,27,5078.25,08:00:13.692141242
16,5078.0,26,5078.25,08:00:13.692247785
15,5078.0,26,5078.25,08:00:13.720508715
14,5078.0,26,5078.25,08:00:13.720515137
11,5078.0,26,5078.25,08:00:13.720520936
11,5078.0,26,5078.25,08:00:13.720630471
11,5078.0,26,5078.25,08:00:13.720636449
11,5078.0,26,5078.25,08:00:13.720636449
10,5078.0,26,5078.25,08:00:13.720642224
10,5078.0,26,5078.25,08:00:13.720882540
10,5078.0,26,5078.25,08:00:13.720920704
10,5078.0,26,5078.25,08:00:13.720920704
10,5078.0,29,5078.25,08:00:13.721018254
11,5078.0,29,5078.25,08:00:13.721042466
11,5078.0,29,5078.25,08:00:13.721126180
11,5078.0,29,5078.25,08:00:13.721126180
11,5078.0,29,5078.25,08:00:13.721273089
11,5078.0,29,5078.25,08:00:13.721273089
11,5078.0,26,5078.25,08:00:13.721716422
14,5078.0,26,5078.25,08:00:13.722048598
14,5078.0,26,5078.25,08:00:13.981180084
14,5078.0,27,5078.25,08:00:14.032310261
15,5078.0,27,5078.25,08:00:14.069156163
15,5078.0,27,5078.25,08:00:14.400914293
15,5078.0,27,5078.25,08:00:14.401018061
14,5078.0,27,5078.25,08:00:14.917381516
14,5078.0,27,5078.25,08:00:14.917388304
14,5078.0,27,5078.25,08:00:14.917388304
11,5078.0,27,5078.25,08:00:14.917625741
11,5078.0,27,5078.25,08:00:14.930365579
11,5078.0,28,5078.25,08:00:14.930809610
11,5078.0,28,5078.25,08:00:15.309664169
11,5078.0,28,5078.25,08:00:15.358358721
11,5078.0,28,5078.25,08:00:15.358358721
10,5078.0,28,5078.25,08:00:15.782485200
9,5078.0,28,5078.25,08:00:15.782678839
9,5078.0,28,5078.25,08:00:15.782678839
9,5078.0,28,5078.25,08:00:15.782678839
8,5078.0,28,5078.25,08:00:15.782746630
8,5078.0,29,5078.25,08:00:15.782746630
7,5078.0,29,5078.25,08:00:15.782850514
7,5078.0,30,5078.25,08:00:15.782850514
36,5077.75,30,5078.25,08:00:15.782956433
36,5077.75,30,5078.25,08:00:15.782956433
36,5077.75,30,5078.25,08:00:15.782969412
32,5077.75,30,5078.25,08:00:15.782969412
30,5077.75,30,5078.25,08:00:15.782969412
30,5077.75,30,5078.25,08:00:15.782969412
30,5077.75,31,5078.25,08:00:15.782983738
30,5077.75,32,5078.25,08:00:15.782994055
30,5077.75,1,5078.0,08:00:15.783076540
30,5077.75,1,5078.0,08:00:15.783082659
30,5077.75,1,5078.0,08:00:15.783090076
30,5077.75,1,5078.0,08:00:15.783106778
30,5077.75,1,5078.0,08:00:15.783116650
31,5077.75,1,5078.0,08:00:15.783129802
31,5077.75,1,5078.0,08:00:15.783147265
31,5077.75,1,5078.0,08:00:15.783158151
31,5077.75,2,5078.0,08:00:15.783218665
31,5077.75,2,5078.0,08:00:15.783240847
31,5077.75,2,5078.0,08:00:15.783279281
31,5077.75,2,5078.0,08:00:15.783279281
31,5077.75,5,5078.0,08:00:15.783289968
31,5077.75,6,5078.0,08:00:15.783295095
31,5077.75,5,5078.0,08:00:15.783323604
31,5077.75,5,5078.0,08:00:15.783328830
31,5077.75,5,5078.0,08:00:15.783341496
31,5077.75,5,5078.0,08:00:15.783341496
31,5077.75,5,5078.0,08:00:15.783350533
31,5077.75,6,5078.0,08:00:15.783402790
31,5077.75,6,5078.0,08:00:15.783457889
30,5077.75,6,5078.0,08:00:15.783463850
30,5077.75,6,5078.0,08:00:15.783483700
30,5077.75,6,5078.0,08:00:15.783513330
30,5077.75,6,5078.0,08:00:15.783561014
29,5077.75,6,5078.0,08:00:15.783582488
29,5077.75,7,5078.0,08:00:15.783599670
29,5077.75,7,5078.0,08:00:15.783646219
29,5077.75,7,5078.0,08:00:15.783653889
29,5077.75,7,5078.0,08:00:15.783667135
29,5077.75,7,5078.0,08:00:15.783672626
29,5077.75,7,5078.0,08:00:15.783678047
29,5077.75,9,5078.0,08:00:15.783700652
29,5077.75,9,5078.0,08:00:15.783708876
29,5077.75,9,5078.0,08:00:15.783716275
29,5077.75,10,5078.0,08:00:15.783794903
27,5077.75,10,5078.0,08:00:15.783817246
27,5077.75,10,5078.0,08:00:15.783826024
27,5077.75,10,5078.0,08:00:15.783838879
27,5077.75,10,5078.0,08:00:15.783867788
26,5077.75,10,5078.0,08:00:15.783915178
26,5077.75,10,5078.0,08:00:15.784224586
23,5077.75,10,5078.0,08:00:15.784251229
23,5077.75,11,5078.0,08:00:15.784322357
22,5077.75,11,5078.0,08:00:15.784349881
22,5077.75,11,5078.0,08:00:15.784553965
22,5077.75,11,5078.0,08:00:15.784557246
22,5077.75,11,5078.0,08:00:15.784557246
22,5077.75,11,5078.0,08:00:15.784566087
22,5077.75,11,5078.0,08:00:15.784566087
22,5077.75,10,5078.0,08:00:15.784667932
22,5077.75,10,5078.0,08:00:15.784677820
20,5077.75,10,5078.0,08:00:15.784751328
20,5077.75,10,5078.0,08:00:15.784776689
20,5077.75,10,5078.0,08:00:15.784791578
20,5077.75,11,5078.0,08:00:15.784854563
19,5077.75,11,5078.0,08:00:15.784962770
19,5077.75,11,5078.0,08:00:15.785020637
19,5077.75,14,5078.0,08:00:15.785562053
19,5077.75,15,5078.0,08:00:15.785569089
18,5077.75,15,5078.0,08:00:15.785575720
18,5077.75,15,5078.0,08:00:15.785575720
18,5077.75,16,5078.0,08:00:15.785661488
14,5077.75,16,5078.0,08:00:15.785667005
12,5077.75,16,5078.0,08:00:15.785685441
12,5077.75,19,5078.0,08:00:15.785690510
12,5077.75,19,5078.0,08:00:15.785699876
11,5077.75,19,5078.0,08:00:15.785780988
11,5077.75,21,5078.0,08:00:15.785801123
10,5077.75,21,5078.0,08:00:15.785908408
10,5077.75,21,5078.0,08:00:15.785915134
8,5077.75,21,5078.0,08:00:15.785929288
8,5077.75,21,5078.0,08:00:15.785934853
8,5077.75,21,5078.0,08:00:15.785945295
8,5077.75,21,5078.0,08:00:15.785945295
7,5077.75,21,5078.0,08:00:15.786056024
7,5077.75,22,5078.0,08:00:15.786516030
7,5077.75,22,5078.0,08:00:15.786559573
7,5077.75,23,5078.0,08:00:15.786663128
7,5077.75,24,5078.0,08:00:15.786770288
7,5077.75,24,5078.0,08:00:15.787185852
7,5077.75,24,5078.0,08:00:15.787215385
7,5077.75,24,5078.0,08:00:15.792856321
7,5077.75,25,5078.0,08:00:15.833819417
7,5077.75,25,5078.0,08:00:15.833929036
7,5077.75,25,5078.0,08:00:15.833939436
6,5077.75,25,5078.0,08:00:15.834134797
6,5077.75,30,5078.0,08:00:15.834188852
4,5077.75,30,5078.0,08:00:15.834197656
4,5077.75,30,5078.0,08:00:15.834267740
36,5077.5,30,5078.0,08:00:15.834506507
36,5077.5,30,5078.0,08:00:15.834506507
36,5077.5,30,5078.0,08:00:15.834506507
36,5077.5,30,5078.0,08:00:15.834506507
35,5077.5,30,5078.0,08:00:15.834506507
35,5077.5,31,5078.0,08:00:15.834532203
35,5077.5,1,5077.75,08:00:15.834553752
35,5077.5,1,5077.75,08:00:15.834598998
35,5077.5,1,5077.75,08:00:15.834607824
35,5077.5,2,5077.75,08:00:15.834611305
35,5077.5,2,5077.75,08:00:15.834631056
35,5077.5,2,5077.75,08:00:15.834651085
35,5077.5,2,5077.75,08:00:15.834661271
35,5077.5,2,5077.75,08:00:15.834676798
35,5077.5,3,5077.75,08:00:15.834698094
35,5077.5,3,5077.75,08:00:15.834706146
35,5077.5,4,5077.75,08:00:15.834714248
35,5077.5,4,5077.75,08:00:15.834731404
35,5077.5,7,5077.75,08:00:15.834765619
35,5077.5,7,5077.75,08:00:15.834842533
35,5077.5,7,5077.75,08:00:15.834857317
35,5077.5,8,5077.75,08:00:15.834869576
35,5077.5,9,5077.75,08:00:15.834878489
34,5077.5,9,5077.75,08:00:15.834884948
34,5077.5,9,5077.75,08:00:15.835069545
34,5077.5,9,5077.75,08:00:15.835127140
34,5077.5,9,5077.75,08:00:15.835127140
34,5077.5,9,5077.75,08:00:15.835138484
34,5077.5,9,5077.75,08:00:15.835138484
34,5077.5,9,5077.75,08:00:15.835790210
34,5077.5,9,5077.75,08:00:15.835790210
34,5077.5,9,5077.75,08:00:15.835821499
34,5077.5,9,5077.75,08:00:15.836381162
29,5077.5,9,5077.75,08:00:15.863219661
29,5077.5,9,5077.75,08:00:15.863328399
29,5077.5,9,5077.75,08:00:15.863548692
29,5077.5,9,5077.75,08:00:15.863548692
29,5077.5,9,5077.75,08:00:15.873087258
28,5077.5,9,5077.75,08:00:15.873205369
28,5077.5,9,5077.75,08:00:15.873418860
28,5077.5,9,5077.75,08:00:15.873427028
28,5077.5,9,5077.75,08:00:15.873477736
28,5077.5,9,5077.75,08:00:15.884051184
27,5077.5,9,5077.75,08:00:15.908995001
27,5077.5,9,5077.75,08:00:15.909101390
27,5077.5,9,5077.75,08:00:15.909107439
27,5077.5,9,5077.75,08:00:15.909113215
27,5077.5,9,5077.75,08:00:15.909124143
27,5077.5,9,5077.75,08:00:15.909368545
27,5077.5,9,5077.75,08:00:15.946184095
27,5077.5,9,5077.75,08:00:15.946431832
27,5077.5,10,5077.75,08:00:16.109500902
27,5077.5,10,5077.75,08:00:16.109608367
27,5077.5,10,5077.75,08:00:16.109868628
27,5077.5,10,5077.75,08:00:16.110005946
27,5077.5,11,5077.75,08:00:16.311191410
27,5077.5,13,5077.75,08:00:16.311299191
27,5077.5,13,5077.75,08:00:16.311306769
27,5077.5,13,5077.75,08:00:16.374575521
27,5077.5,13,5077.75,08:00:16.374674806
27,5077.5,13,5077.75,08:00:16.512733457
27,5077.5,13,5077.75,08:00:16.560046079
27,5077.5,13,5077.75,08:00:16.971534940
27,5077.5,16,5077.75,08:00:16.971541056
27,5077.5,16,5077.75,08:00:16.971660656
27,5077.5,16,5077.75,08:00:17.062193226
27,5077.5,16,5077.75,08:00:17.062297231
26,5077.5,16,5077.75,08:00:17.371692532
26,5077.5,16,5077.75,08:00:17.375362523
25,5077.5,16,5077.75,08:00:17.378431896
25,5077.5,17,5077.75,08:00:17.378534900
25,5077.5,20,5077.75,08:00:17.378639635
23,5077.5,20,5077.75,08:00:17.378735970
23,5077.5,20,5077.75,08:00:17.378746280
22,5077.5,20,5077.75,08:00:17.378755599
22,5077.5,22,5077.75,08:00:17.378878197
21,5077.5,22,5077.75,08:00:17.378971670
21,5077.5,22,5077.75,08:00:17.379025867
21,5077.5,22,5077.75,08:00:17.383334293
21,5077.5,22,5077.75,08:00:17.385967837
21,5077.5,20,5077.75,08:00:17.386076693
22,5077.5,20,5077.75,08:00:17.386173083
22,5077.5,20,5077.75,08:00:17.425610763
22,5077.5,19,5077.75,08:00:17.501195219
22,5077.5,17,5077.75,08:00:17.501324402
22,5077.5,17,5077.75,08:00:17.770127233
24,5077.5,17,5077.75,08:00:18.592410587
24,5077.5,17,5077.75,08:00:18.593643247
24,5077.5,14,5077.75,08:00:18.695379180
24,5077.5,11,5077.75,08:00:18.695482689
24,5077.5,11,5077.75,08:00:18.695887738
24,5077.5,11,5077.75,08:00:18.695887738
24,5077.5,14,5077.75,08:00:18.696075613
25,5077.5,14,5077.75,08:00:18.728459788
26,5077.5,14,5077.75,08:00:18.728583390
26,5077.5,14,5077.75,08:00:19.168327047
26,5077.5,14,5077.75,08:00:19.168327047
26,5077.5,11,5077.75,08:00:19.223664479
27,5077.5,11,5077.75,08:00:19.224189495
27,5077.5,7,5077.75,08:00:19.224591848
27,5077.5,3,5077.75,08:00:19.224591848
27,5077.5,1,5077.75,08:00:19.224591848
27,5077.5,29,5078.0,08:00:19.224610326
27,5077.5,29,5078.0,08:00:19.224610326
2,5077.75,29,5078.0,08:00:19.224619680
3,5077.75,29,5078.0,08:00:19.224634540
4,5077.75,29,5078.0,08:00:19.224688980
5,5077.75,29,5078.0,08:00:19.224695258
5,5077.75,29,5078.0,08:00:19.224702887
6,5077.75,29,5078.0,08:00:19.224709118
6,5077.75,29,5078.0,08:00:19.224715323
7,5077.75,29,5078.0,08:00:19.224724187
8,5077.75,29,5078.0,08:00:19.224736894
8,5077.75,29,5078.0,08:00:19.224743615
11,5077.75,29,5078.0,08:00:19.224768233
11,5077.75,29,5078.0,08:00:19.224805168
11,5077.75,29,5078.0,08:00:19.224818147
11,5077.75,29,5078.0,08:00:19.224829795
11,5077.75,29,5078.0,08:00:19.224846266
11,5077.75,29,5078.0,08:00:19.224851953
11,5077.75,28,5078.0,08:00:19.224860964
12,5077.75,28,5078.0,08:00:19.224899890
13,5077.75,28,5078.0,08:00:19.224926562
30,5077.5,28,5078.0,08:00:19.225201836
30,5077.5,28,5078.0,08:00:19.225201836
36,5077.5,28,5078.0,08:00:19.225201836
2,5077.75,28,5078.0,08:00:19.225201836
2,5077.75,29,5078.0,08:00:19.225201836
2,5077.75,29,5078.0,08:00:19.225201836
3,5077.75,29,5078.0,08:00:19.225201836
3,5077.75,28,5078.0,08:00:19.225201836
3,5077.75,28,5078.0,08:00:19.225216412
3,5077.75,28,5078.0,08:00:19.225216412
3,5077.75,29,5078.0,08:00:19.225222405
3,5077.75,29,5078.0,08:00:19.225231893
1,5077.75,29,5078.0,08:00:19.225377618
1,5077.75,30,5078.0,08:00:19.225395705
2,5077.75,30,5078.0,08:00:19.225395705
4,5077.75,30,5078.0,08:00:19.225395705
5,5077.75,30,5078.0,08:00:19.225395705
2,5077.75,30,5078.0,08:00:19.225549122
36,5077.5,30,5078.0,08:00:19.225549122
36,5077.5,30,5078.0,08:00:19.225549122
36,5077.5,29,5078.0,08:00:19.225558501
36,5077.5,28,5078.0,08:00:19.225567628
39,5077.5,28,5078.0,08:00:19.225567628
39,5077.5,28,5078.0,08:00:19.225567628
39,5077.5,29,5078.0,08:00:19.225587018
40,5077.5,29,5078.0,08:00:19.225694344
40,5077.5,30,5078.0,08:00:19.225700232
40,5077.5,3,5077.75,08:00:19.225719225
40,5077.5,3,5077.75,08:00:19.225816702
40,5077.5,3,5077.75,08:00:19.226011310
40,5077.5,3,5077.75,08:00:19.226561373
40,5077.5,3,5077.75,08:00:19.226567318
39,5077.5,3,5077.75,08:00:19.226613479
39,5077.5,3,5077.75,08:00:19.226676364
36,5077.5,3,5077.75,08:00:19.226813803
36,5077.5,4,5077.75,08:00:19.227586699
36,5077.5,5,5077.75,08:00:19.227595496
36,5077.5,5,5077.75,08:00:19.227650591
36,5077.5,6,5077.75,08:00:19.227710084
36,5077.5,6,5077.75,08:00:19.228136058
36,5077.5,6,5077.75,08:00:19.228136058
30,5077.5,6,5077.75,08:00:19.228252111
30,5077.5,7,5077.75,08:00:19.228260968
30,5077.5,7,5077.75,08:00:19.238374445
30,5077.5,8,5077.75,08:00:19.238490646
30,5077.5,8,5077.75,08:00:19.749783086
30,5077.5,8,5077.75,08:00:19.749783086
30,5077.5,7,5077.75,08:00:19.750095504
30,5077.5,6,5077.75,08:00:19.750189532
30,5077.5,6,5077.75,08:00:19.750521292
30,5077.5,4,5077.75,08:00:19.751159244
30,5077.5,2,5077.75,08:00:19.751402894
30,5077.5,30,5078.0,08:00:19.751402894
30,5077.5,30,5078.0,08:00:19.751402894
1,5077.75,30,5078.0,08:00:19.751481004
2,5077.75,30,5078.0,08:00:19.751489612
3,5077.75,30,5078.0,08:00:19.751520819
3,5077.75,30,5078.0,08:00:19.751537399
3,5077.75,31,5078.0,08:00:19.751543639
3,5077.75,31,5078.0,08:00:19.751596366
3,5077.75,30,5078.0,08:00:19.751606786
3,5077.75,31,5078.0,08:00:19.751639891
3,5077.75,31,5078.0,08:00:19.751639891
3,5077.75,32,5078.0,08:00:19.751666665
3,5077.75,31,5078.0,08:00:19.751714372
3,5077.75,31,5078.0,08:00:19.751714372
2,5077.75,31,5078.0,08:00:19.751774460
2,5077.75,31,5078.0,08:00:19.751949173
2,5077.75,31,5078.0,08:00:19.751962755
2,5077.75,31,5078.0,08:00:19.752193764
2,5077.75,31,5078.0,08:00:19.752824449
2,5077.75,31,5078.0,08:00:19.753409497
2,5077.75,31,5078.0,08:00:19.759301801
2,5077.75,32,5078.0,08:00:19.763461184
2,5077.75,32,5078.0,08:00:19.831758644
2,5077.75,32,5078.0,08:00:19.857107673
2,5077.75,32,5078.0,08:00:19.857421311
2,5077.75,32,5078.0,08:00:19.857444396
2,5077.75,32,5078.0,08:00:19.857469834
2,5077.75,32,5078.0,08:00:19.857556280
40,5077.5,32,5078.0,08:00:19.896046005
40,5077.5,32,5078.0,08:00:19.896046005
40,5077.5,2,5077.75,08:00:19.896046005
40,5077.5,5,5077.75,08:00:19.896057787
40,5077.5,7,5077.75,08:00:19.896114278
40,5077.5,8,5077.75,08:00:19.896120720
40,5077.5,10,5077.75,08:00:19.896130419
40,5077.5,11,5077.75,08:00:19.896159994
40,5077.5,11,5077.75,08:00:19.896176138
40,5077.5,12,5077.75,08:00:19.896205966
40,5077.5,13,5077.75,08:00:19.896210894
40,5077.5,13,5077.75,08:00:19.896220914
37,5077.5,13,5077.75,08:00:19.896236313
37,5077.5,13,5077.75,08:00:19.896242191
37,5077.5,13,5077.75,08:00:19.896242191
36,5077.5,13,5077.75,08:00:19.896248028
36,5077.5,14,5077.75,08:00:19.896368117
36,5077.5,14,5077.75,08:00:19.896368117
36,5077.5,14,5077.75,08:00:19.896716636
36,5077.5,14,5077.75,08:00:19.896785335
36,5077.5,15,5077.75,08:00:19.944977229
35,5077.5,15,5077.75,08:00:19.945091494
29,5077.5,15,5077.75,08:00:19.945191572
28,5077.5,15,5077.75,08:00:19.945199768
28,5077.5,15,5077.75,08:00:20.106083753
28,5077.5,15,5077.75,08:00:20.106138816
28,5077.5,15,5077.75,08:00:20.106202814
28,5077.5,15,5077.75,08:00:20.106401324
28,5077.5,15,5077.75,08:00:20.106424575
28,5077.5,15,5077.75,08:00:20.106441251
27,5077.5,15,5077.75,08:00:20.112880846
27,5077.5,16,5077.75,08:00:20.113290694
27,5077.5,16,5077.75,08:00:20.113297050
26,5077.5,16,5077.75,08:00:20.113404581
26,5077.5,19,5077.75,08:00:20.113515120
26,5077.5,19,5077.75,08:00:20.288199320
25,5077.5,19,5077.75,08:00:20.384930469
25,5077.5,19,5077.75,08:00:20.384930469
25,5077.5,18,5077.75,08:00:20.623698015
25,5077.5,18,5077.75,08:00:20.831787930
25,5077.5,19,5077.75,08:00:20.955845030
25,5077.5,20,5077.75,08:00:20.955942862
24,5077.5,20,5077.75,08:00:20.956033101
24,5077.5,19,5077.75,08:00:20.970345107
24,5077.5,19,5077.75,08:00:21.511171416
24,5077.5,19,5077.75,08:00:21.511171416
25,5077.5,19,5077.75,08:00:21.745656274
25,5077.5,18,5077.75,08:00:21.745751467
25,5077.5,18,5077.75,08:00:21.746806374
25,5077.5,18,5077.75,08:00:22.386322582
25,5077.5,18,5077.75,08:00:22.392628181
25,5077.5,18,5077.75,08:00:22.402983766
25,5077.5,18,5077.75,08:00:22.402983766
25,5077.5,18,5077.75,08:00:22.403124717
25,5077.5,18,5077.75,08:00:22.875569757
25,5077.5,18,5077.75,08:00:22.875569757
25,5077.5,18,5077.75,08:00:23.147851880
25,5077.5,18,5077.75,08:00:23.147851880
25,5077.5,18,5077.75,08:00:23.375047851
25,5077.5,18,5077.75,08:00:23.375047851
25,5077.5,16,5077.75,08:00:23.992996148
25,5077.5,14,5077.75,08:00:23.993002452
25,5077.5,13,5077.75,08:00:23.993101852
25,5077.5,10,5077.75,08:00:23.993123283
30,5077.5,10,5077.75,08:00:24.107313728
30,5077.5,7,5077.75,08:00:24.107319504
30,5077.5,6,5077.75,08:00:24.107596540
30,5077.5,34,5078.0,08:00:24.107697211
30,5077.5,34,5078.0,08:00:24.107697211
31,5077.5,34,5078.0,08:00:24.107705998
1,5077.75,34,5078.0,08:00:24.107809850
5,5077.75,34,5078.0,08:00:24.107814752
5,5077.75,34,5078.0,08:00:24.107821936
6,5077.75,34,5078.0,08:00:24.107827969
7,5077.75,34,5078.0,08:00:24.107843857
8,5077.75,34,5078.0,08:00:24.107850487
8,5077.75,33,5078.0,08:00:24.107867518
8,5077.75,33,5078.0,08:00:24.107873598
8,5077.75,32,5078.0,08:00:24.107936937
9,5077.75,32,5078.0,08:00:24.107950819
9,5077.75,31,5078.0,08:00:24.107963312
9,5077.75,31,5078.0,08:00:24.108046911
10,5077.75,31,5078.0,08:00:24.108069567
9,5077.75,31,5078.0,08:00:24.108162068
8,5077.75,31,5078.0,08:00:24.108170020
8,5077.75,31,5078.0,08:00:24.108536232
11,5077.75,31,5078.0,08:00:24.108645383
12,5077.75,31,5078.0,08:00:24.108748218
12,5077.75,31,5078.0,08:00:24.108982693
12,5077.75,31,5078.0,08:00:24.108982693
12,5077.75,31,5078.0,08:00:24.115472983
13,5077.75,31,5078.0,08:00:24.115607354
13,5077.75,31,5078.0,08:00:24.117103598
13,5077.75,31,5078.0,08:00:24.210018601
13,5077.75,31,5078.0,08:00:24.214125727
13,5077.75,30,5078.0,08:00:24.255409108
13,5077.75,31,5078.0,08:00:24.255525322
13,5077.75,31,5078.0,08:00:24.255536503
13,5077.75,26,5078.0,08:00:24.255623068
13,5077.75,26,5078.0,08:00:24.255664966
13,5077.75,26,5078.0,08:00:24.339118313
13,5077.75,26,5078.0,08:00:24.339418895
13,5077.75,26,5078.0,08:00:24.339437726
13,5077.75,26,5078.0,08:00:24.339459721
14,5077.75,26,5078.0,08:00:24.429962231
16,5077.75,26,5078.0,08:00:24.430065411
17,5077.75,26,5078.0,08:00:24.430074537
17,5077.75,24,5078.0,08:00:24.430085069
18,5077.75,24,5078.0,08:00:24.430166177
18,5077.75,24,5078.0,08:00:24.430207807
18,5077.75,23,5078.0,08:00:24.430213013
18,5077.75,23,5078.0,08:00:24.430223270
22,5077.75,23,5078.0,08:00:24.430498383
22,5077.75,23,5078.0,08:00:24.430543807
22,5077.75,22,5078.0,08:00:24.430608625
22,5077.75,22,5078.0,08:00:24.430624526
22,5077.75,21,5078.0,08:00:24.430776986
22,5077.75,20,5078.0,08:00:24.430783678
22,5077.75,17,5078.0,08:00:24.430889427
22,5077.75,16,5078.0,08:00:24.431091230
22,5077.75,15,5078.0,08:00:24.431205197
22,5077.75,14,5078.0,08:00:24.431212714
22,5077.75,12,5078.0,08:00:24.431332451
23,5077.75,12,5078.0,08:00:24.431557319
23,5077.75,11,5078.0,08:00:24.431671392
24,5077.75,11,5078.0,08:00:24.431680758
24,5077.75,10,5078.0,08:00:24.431788313
25,5077.75,10,5078.0,08:00:24.431795711
25,5077.75,9,5078.0,08:00:24.431902923
25,5077.75,9,5078.0,08:00:24.432011754
26,5077.75,9,5078.0,08:00:24.505878788
26,5077.75,10,5078.0,08:00:24.506239587
26,5077.75,10,5078.0,08:00:24.506247990
26,5077.75,10,5078.0,08:00:24.506253878
26,5077.75,11,5078.0,08:00:24.506355919
26,5077.75,13,5078.0,08:00:24.506449163
26,5077.75,14,5078.0,08:00:24.506547478
25,5077.75,14,5078.0,08:00:24.506794542
24,5077.75,14,5078.0,08:00:24.506801752
23,5077.75,14,5078.0,08:00:24.506808360
19,5077.75,14,5078.0,08:00:24.583038064
18,5077.75,14,5078.0,08:00:24.583045504
18,5077.75,16,5078.0,08:00:24.583081230
18,5077.75,17,5078.0,08:00:24.583146220
17,5077.75,17,5078.0,08:00:24.583152767
15,5077.75,17,5078.0,08:00:24.583207489
13,5077.75,17,5078.0,08:00:24.583428328
13,5077.75,16,5078.0,08:00:24.583428328
13,5077.75,16,5078.0,08:00:24.583428328
13,5077.75,17,5078.0,08:00:24.583480710
13,5077.75,19,5078.0,08:00:24.583523517
12,5077.75,19,5078.0,08:00:24.583533223
11,5077.75,19,5078.0,08:00:24.583542234
11,5077.75,20,5078.0,08:00:24.583546906
11,5077.75,23,5078.0,08:00:24.583561262
10,5077.75,23,5078.0,08:00:24.583568567
10,5077.75,24,5078.0,08:00:24.583584097
10,5077.75,24,5078.0,08:00:24.583592593
10,5077.75,23,5078.0,08:00:24.583602039
10,5077.75,23,5078.0,08:00:24.583619009
10,5077.75,24,5078.0,08:00:24.583657381
9,5077.75,24,5078.0,08:00:24.583662725
9,5077.75,24,5078.0,08:00:24.583900882
9,5077.75,24,5078.0,08:00:24.588075116
9,5077.75,24,5078.0,08:00:24.588404395
9,5077.75,24,5078.0,08:00:24.590516365
11,5077.75,24,5078.0,08:00:24.625606204
11,5077.75,22,5078.0,08:00:24.625711118
12,5077.75,22,5078.0,08:00:24.625719375
12,5077.75,21,5078.0,08:00:24.625807632
12,5077.75,19,5078.0,08:00:24.625851224
12,5077.75,19,5078.0,08:00:24.645742498
12,5077.75,17,5078.0,08:00:24.701190142
12,5077.75,17,5078.0,08:00:24.831788889
12,5077.75,19,5078.0,08:00:24.875403485
12,5077.75,20,5078.0,08:00:24.975421684
10,5077.75,20,5078.0,08:00:24.975552356
9,5077.75,20,5078.0,08:00:24.975666886
9,5077.75,20,5078.0,08:00:25.178635858
9,5077.75,21,5078.0,08:00:25.211238380
9,5077.75,22,5078.0,08:00:25.307900156
6,5077.75,22,5078.0,08:00:25.308082179
6,5077.75,27,5078.0,08:00:25.308289482
6,5077.75,29,5078.0,08:00:25.308436794
9,5077.75,29,5078.0,08:00:25.308629320
9,5077.75,29,5078.0,08:00:25.308656463
9,5077.75,29,5078.0,08:00:25.309855133
9,5077.75,29,5078.0,08:00:25.315064537
9,5077.75,28,5078.0,08:00:25.369402789
9,5077.75,26,5078.0,08:00:25.369723257
9,5077.75,26,5078.0,08:00:25.369729929
9,5077.75,25,5078.0,08:00:25.369817630
11,5077.75,25,5078.0,08:00:25.369918765
11,5077.75,20,5078.0,08:00:25.369924944
11,5077.75,20,5078.0,08:00:25.609344685
12,5077.75,20,5078.0,08:00:25.609350887
12,5077.75,19,5078.0,08:00:26.903808381
33,5077.5,19,5078.0,08:00:26.968555199
20,5077.5,19,5078.0,08:00:26.968555199
20,5077.5,19,5078.0,08:00:26.968555199
20,5077.5,20,5078.0,08:00:26.968560638
20,5077.5,1,5077.75,08:00:26.970262521
20,5077.5,2,5077.75,08:00:26.970322734
20,5077.5,3,5077.75,08:00:26.970332680
20,5077.5,4,5077.75,08:00:26.970338162
20,5077.5,5,5077.75,08:00:26.970346021
20,5077.5,5,5077.75,08:00:26.970382876
20,5077.5,5,5077.75,08:00:26.970400182
20,5077.5,5,5077.75,08:00:26.970421197
20,5077.5,5,5077.75,08:00:26.970449556
20,5077.5,8,5077.75,08:00:26.970465531
19,5077.5,8,5077.75,08:00:26.971060379
19,5077.5,8,5077.75,08:00:26.971060379
19,5077.5,8,5077.75,08:00:26.971073565
19,5077.5,9,5077.75,08:00:26.971096744
19,5077.5,10,5077.75,08:00:26.971096744
19,5077.5,11,5077.75,08:00:26.971096744
21,5077.5,11,5077.75,08:00:26.971096744
21,5077.5,11,5077.75,08:00:26.971096744
21,5077.5,11,5077.75,08:00:26.971096744
20,5077.5,11,5077.75,08:00:26.971096744
20,5077.5,11,5077.75,08:00:26.971096744
20,5077.5,11,5077.75,08:00:26.971101252
20,5077.5,11,5077.75,08:00:26.971268702
21,5077.5,11,5077.75,08:00:26.971277234
22,5077.5,11,5077.75,08:00:26.971283522
25,5077.5,11,5077.75,08:00:26.971311257
25,5077.5,11,5077.75,08:00:26.971342056
25,5077.5,11,5077.75,08:00:26.971347525
25,5077.5,12,5077.75,08:00:26.971365436
25,5077.5,12,5077.75,08:00:26.971901912
25,5077.5,12,5077.75,08:00:26.971901912
25,5077.5,13,5077.75,08:00:26.971916920
25,5077.5,14,5077.75,08:00:26.971921749
25,5077.5,14,5077.75,08:00:26.971964223
25,5077.5,14,5077.75,08:00:26.971969254
25,5077.5,14,5077.75,08:00:26.971969254
25,5077.5,16,5077.75,08:00:26.972011143
25,5077.5,15,5077.75,08:00:26.972023735
25,5077.5,15,5077.75,08:00:26.972046164
24,5077.5,15,5077.75,08:00:26.972062942
24,5077.5,16,5077.75,08:00:26.972068520
24,5077.5,17,5077.75,08:00:26.972075413
24,5077.5,18,5077.75,08:00:26.972089256
24,5077.5,19,5077.75,08:00:26.972100178
24,5077.5,18,5077.75,08:00:26.972109567
25,5077.5,18,5077.75,08:00:26.972120246
26,5077.5,18,5077.75,08:00:26.972132275
25,5077.5,18,5077.75,08:00:26.972138572
23,5077.5,18,5077.75,08:00:26.972147341
23,5077.5,18,5077.75,08:00:26.972154099
23,5077.5,17,5077.75,08:00:26.972162938
23,5077.5,16,5077.75,08:00:26.972177492
22,5077.5,16,5077.75,08:00:26.972192298
22,5077.5,16,5077.75,08:00:26.972197198
22,5077.5,17,5077.75,08:00:26.972202311
22,5077.5,17,5077.75,08:00:26.972215604
19,5077.5,17,5077.75,08:00:26.972225765
19,5077.5,20,5077.75,08:00:26.972230981
19,5077.5,22,5077.75,08:00:26.972236978
19,5077.5,22,5077.75,08:00:26.972256002
14,5077.5,22,5077.75,08:00:26.972329754
13,5077.5,22,5077.75,08:00:26.972334861
12,5077.5,22,5077.75,08:00:26.972457352
12,5077.5,23,5077.75,08:00:26.972824765
12,5077.5,21,5077.75,08:00:26.972856155
11,5077.5,21,5077.75,08:00:26.972922022
12,5077.5,21,5077.75,08:00:26.972955158
12,5077.5,23,5077.75,08:00:26.973008673
15,5077.5,23,5077.75,08:00:26.973053436
15,5077.5,22,5077.75,08:00:26.973140919
15,5077.5,22,5077.75,08:00:26.973201698
15,5077.5,22,5077.75,08:00:26.973201698
15,5077.5,20,5077.75,08:00:26.973448128
15,5077.5,19,5077.75,08:00:26.973500456
15,5077.5,18,5077.75,08:00:26.973600498
15,5077.5,19,5077.75,08:00:26.974654940
14,5077.5,19,5077.75,08:00:26.974752390
14,5077.5,21,5077.75,08:00:26.974841523
14,5077.5,21,5077.75,08:00:26.977065856
14,5077.5,22,5077.75,08:00:26.977075565
14,5077.5,22,5077.75,08:00:26.978985718
14,5077.5,22,5077.75,08:00:26.981082592
14,5077.5,22,5077.75,08:00:26.981513676
14,5077.5,22,5077.75,08:00:26.983206667
14,5077.5,22,5077.75,08:00:26.983318308
14,5077.5,22,5077.75,08:00:26.985458277
13,5077.5,22,5077.75,08:00:26.994441079
10,5077.5,22,5077.75,08:00:26.994450311
10,5077.5,25,5077.75,08:00:26.994909564
10,5077.5,25,5077.75,08:00:27.078089908
10,5077.5,25,5077.75,08:00:27.078406209
10,5077.5,25,5077.75,08:00:27.078428814
10,5077.5,25,5077.75,08:00:27.078447538
10,5077.5,22,5077.75,08:00:27.115744449
13,5077.5,22,5077.75,08:00:27.115864816
13,5077.5,22,5077.75,08:00:27.116040675
13,5077.5,22,5077.75,08:00:27.116517415
13,5077.5,22,5077.75,08:00:27.116517415
13,5077.5,20,5077.75,08:00:27.116627337
13,5077.5,20,5077.75,08:00:27.116674739
14,5077.5,20,5077.75,08:00:27.116739637
13,5077.5,20,5077.75,08:00:27.188135272
13,5077.5,22,5077.75,08:00:27.188256430
13,5077.5,22,5077.75,08:00:27.197944689
13,5077.5,22,5077.75,08:00:27.197944689
13,5077.5,22,5077.75,08:00:27.289543790
13,5077.5,22,5077.75,08:00:27.289727792
13,5077.5,23,5077.75,08:00:27.389677907
13,5077.5,24,5077.75,08:00:27.516472789
10,5077.5,24,5077.75,08:00:27.516478859
9,5077.5,24,5077.75,08:00:27.516590599
8,5077.5,24,5077.75,08:00:27.516598948
7,5077.5,24,5077.75,08:00:27.516714010
7,5077.5,24,5077.75,08:00:27.516720976
7,5077.5,24,5077.75,08:00:27.516729194
4,5077.5,24,5077.75,08:00:27.517156515
2,5077.5,24,5077.75,08:00:27.517156515
1,5077.5,24,5077.75,08:00:27.517185875
31,5077.25,24,5077.75,08:00:27.517185875
31,5077.25,24,5077.75,08:00:27.517185875
27,5077.25,24,5077.75,08:00:27.517185875
27,5077.25,1,5077.5,08:00:27.517223705
27,5077.25,2,5077.5,08:00:27.517252893
27,5077.25,3,5077.5,08:00:27.517265933
27,5077.25,4,5077.5,08:00:27.517280410
27,5077.25,4,5077.5,08:00:27.517306981
27,5077.25,4,5077.5,08:00:27.517336445
27,5077.25,4,5077.5,08:00:27.517343891
26,5077.25,4,5077.5,08:00:27.517359792
26,5077.25,4,5077.5,08:00:27.517366759
26,5077.25,4,5077.5,08:00:27.517390148
26,5077.25,6,5077.5,08:00:27.517420821
26,5077.25,6,5077.5,08:00:27.517485331
26,5077.25,6,5077.5,08:00:27.517532362
27,5077.25,6,5077.5,08:00:27.517539604
27,5077.25,6,5077.5,08:00:27.517545918
27,5077.25,6,5077.5,08:00:27.517552820
27,5077.25,7,5077.5,08:00:27.517558657
27,5077.25,7,5077.5,08:00:27.517584110
28,5077.25,7,5077.5,08:00:27.517607637
28,5077.25,8,5077.5,08:00:27.517620133
28,5077.25,11,5077.5,08:00:27.517631599
27,5077.25,11,5077.5,08:00:27.517650518
27,5077.25,11,5077.5,08:00:27.517675642
27,5077.25,11,5077.5,08:00:27.517695245
26,5077.25,11,5077.5,08:00:27.517704743
26,5077.25,12,5077.5,08:00:27.517715505
26,5077.25,13,5077.5,08:00:27.517720603
26,5077.25,13,5077.5,08:00:27.517726891
26,5077.25,13,5077.5,08:00:27.517734088
26,5077.25,13,5077.5,08:00:27.517741000
25,5077.25,13,5077.5,08:00:27.517767100
25,5077.25,13,5077.5,08:00:27.517786002
25,5077.25,14,5077.5,08:00:27.517822150
25,5077.25,14,5077.5,08:00:27.517903144
25,5077.25,14,5077.5,08:00:27.518354987
25,5077.25,14,5077.5,08:00:27.519430522
25,5077.25,15,5077.5,08:00:27.519541525
25,5077.25,16,5077.5,08:00:27.520150498
25,5077.25,17,5077.5,08:00:27.520451086
24,5077.25,17,5077.5,08:00:27.520460351
24,5077.25,20,5077.5,08:00:27.520557012
24,5077.25,20,5077.5,08:00:27.520572599
20,5077.25,20,5077.5,08:00:27.520580679
19,5077.25,20,5077.5,08:00:27.520658309
14,5077.25,20,5077.5,08:00:27.520679083
14,5077.25,22,5077.5,08:00:27.520689599
13,5077.25,22,5077.5,08:00:27.520755284
12,5077.25,22,5077.5,08:00:27.520768091
11,5077.25,22,5077.5,08:00:27.520782207
11,5077.25,23,5077.5,08:00:27.520790652
10,5077.25,23,5077.5,08:00:27.520801938
8,5077.25,23,5077.5,08:00:27.520826684
8,5077.25,23,5077.5,08:00:27.520836601
8,5077.25,24,5077.5,08:00:27.520854134
7,5077.25,24,5077.5,08:00:27.520863549
7,5077.25,24,5077.5,08:00:27.520984675
6,5077.25,24,5077.5,08:00:27.521407246
6,5077.25,24,5077.5,08:00:27.521483802
6,5077.25,24,5077.5,08:00:27.521483802
6,5077.25,25,5077.5,08:00:27.521526500
6,5077.25,25,5077.5,08:00:27.521631558
6,5077.25,25,5077.5,08:00:27.521639446
6,5077.25,25,5077.5,08:00:27.522599594
6,5077.25,25,5077.5,08:00:27.527636498
6,5077.25,25,5077.5,08:00:27.529024312
6,5077.25,25,5077.5,08:00:27.529082886
7,5077.25,25,5077.5,08:00:27.530828409
7,5077.25,24,5077.5,08:00:27.530836377
8,5077.25,24,5077.5,08:00:27.531109090
8,5077.25,23,5077.5,08:00:27.531135132
10,5077.25,23,5077.5,08:00:27.531202407
11,5077.25,23,5077.5,08:00:27.531317475
10,5077.25,23,5077.5,08:00:27.581397343
9,5077.25,23,5077.5,08:00:27.581490644
7,5077.25,23,5077.5,08:00:27.581502484
6,5077.25,23,5077.5,08:00:27.581617562
3,5077.25,23,5077.5,08:00:27.624490527
3,5077.25,23,5077.5,08:00:27.624605886
3,5077.25,23,5077.5,08:00:27.624682127
3,5077.25,23,5077.5,08:00:27.624682127
3,5077.25,28,5077.5,08:00:27.624800177
3,5077.25,28,5077.5,08:00:27.624805054
3,5077.25,28,5077.5,08:00:27.624816166
3,5077.25,28,5077.5,08:00:27.624875031
2,5077.25,28,5077.5,08:00:27.624929928
3,5077.25,28,5077.5,08:00:27.645995257
3,5077.25,28,5077.5,08:00:27.822686368
3,5077.25,28,5077.5,08:00:27.822787777
3,5077.25,29,5077.5,08:00:27.826314432
3,5077.25,30,5077.5,08:00:27.826414370
3,5077.25,30,5077.5,08:00:28.006098472
4,5077.25,30,5077.5,08:00:28.245280555
7,5077.25,30,5077.5,08:00:28.245288971
9,5077.25,30,5077.5,08:00:28.245371932
9,5077.25,29,5077.5,08:00:28.245397178
9,5077.25,24,5077.5,08:00:28.245461131
10,5077.25,24,5077.5,08:00:28.245482600
11,5077.25,24,5077.5,08:00:28.245500335
11,5077.25,24,5077.5,08:00:28.245507014
11,5077.25,24,5077.5,08:00:28.245507014
11,5077.25,24,5077.5,08:00:28.245513324
12,5077.25,24,5077.5,08:00:28.245555184
13,5077.25,24,5077.5,08:00:28.245594241
18,5077.25,24,5077.5,08:00:28.245609016
17,5077.25,24,5077.5,08:00:28.245791202
16,5077.25,24,5077.5,08:00:28.245791202
16,5077.25,23,5077.5,08:00:28.245791202
16,5077.25,23,5077.5,08:00:28.246835962
11,5077.25,23,5077.5,08:00:28.256444021
13,5077.25,23,5077.5,08:00:28.515506487
14,5077.25,23,5077.5,08:00:28.515610268
14,5077.25,23,5077.5,08:00:28.515652400
14,5077.25,23,5077.5,08:00:28.516001098
19,5077.25,23,5077.5,08:00:28.516100655
20,5077.25,23,5077.5,08:00:28.536794518
21,5077.25,23,5077.5,08:00:28.536902577
21,5077.25,21,5077.5,08:00:28.536908459
22,5077.25,21,5077.5,08:00:28.536996051
22,5077.25,20,5077.5,08:00:28.537085628
22,5077.25,19,5077.5,08:00:28.537170337
22,5077.25,18,5077.5,08:00:28.537176494
21,5077.25,18,5077.5,08:00:28.547112556
21,5077.25,18,5077.5,08:00:28.609835500
21,5077.25,18,5077.5,08:00:28.609947256
20,5077.25,18,5077.5,08:00:29.112576296
20,5077.25,18,5077.5,08:00:29.112654561
20,5077.25,18,5077.5,08:00:29.112668171
20,5077.25,18,5077.5,08:00:29.112682869
20,5077.25,20,5077.5,08:00:29.724689264
20,5077.25,21,5077.5,08:00:29.724898388
15,5077.25,21,5077.5,08:00:29.724968898
13,5077.25,21,5077.5,08:00:29.725054046
13,5077.25,21,5077.5,08:00:29.903639364
13,5077.25,21,5077.5,08:00:29.903646340
12,5077.25,21,5077.5,08:00:30.010118548
13,5077.25,21,5077.5,08:00:30.315250283
12,5077.25,21,5077.5,08:00:30.315509798
12,5077.25,21,5077.5,08:00:31.086894801
12,5077.25,21,5077.5,08:00:31.087016588
12,5077.25,21,5077.5,08:00:31.108815940
12,5077.25,21,5077.5,08:00:31.108832222
12,5077.25,21,5077.5,08:00:31.108852622
12,5077.25,21,5077.5,08:00:31.108859352
12,5077.25,21,5077.5,08:00:31.108919830
12,5077.25,33,5077.75,08:00:31.166303626
29,5077.5,33,5077.75,08:00:31.166303626
29,5077.5,33,5077.75,08:00:31.166303626
29,5077.5,33,5077.75,08:00:31.166303626
29,5077.5,33,5077.75,08:00:31.166303626
29,5077.5,33,5077.75,08:00:31.166303626
29,5077.5,33,5077.75,08:00:31.166303626
29,5077.5,33,5077.75,08:00:31.166303626
30,5077.5,33,5077.75,08:00:31.166344621
31,5077.5,33,5077.75,08:00:31.166353149
33,5077.5,33,5077.75,08:00:31.166376724
34,5077.5,33,5077.75,08:00:31.166389438
35,5077.5,33,5077.75,08:00:31.166451254
35,5077.5,33,5077.75,08:00:31.166467094
37,5077.5,33,5077.75,08:00:31.166488999
37,5077.5,33,5077.75,08:00:31.166495651
37,5077.5,33,5077.75,08:00:31.166506055
38,5077.5,33,5077.75,08:00:31.166516916
38,5077.5,33,5077.75,08:00:31.166540062
38,5077.5,33,5077.75,08:00:31.166546584
38,5077.5,33,5077.75,08:00:31.166556510
38,5077.5,33,5077.75,08:00:31.166571346
38,5077.5,33,5077.75,08:00:31.166600860
38,5077.5,32,5077.75,08:00:31.166612380
38,5077.5,32,5077.75,08:00:31.166621833
39,5077.5,32,5077.75,08:00:31.166641667
39,5077.5,30,5077.75,08:00:31.166649501
39,5077.5,30,5077.75,08:00:31.166670909
39,5077.5,30,5077.75,08:00:31.166680986
40,5077.5,30,5077.75,08:00:31.166698286
40,5077.5,31,5077.75,08:00:31.166706856
40,5077.5,31,5077.75,08:00:31.166734370
40,5077.5,30,5077.75,08:00:31.166745957
40,5077.5,30,5077.75,08:00:31.166766927
41,5077.5,30,5077.75,08:00:31.166774991
41,5077.5,27,5077.75,08:00:31.166784118
41,5077.5,28,5077.75,08:00:31.166800960
41,5077.5,28,5077.75,08:00:31.166800960
41,5077.5,28,5077.75,08:00:31.166807879
41,5077.5,27,5077.75,08:00:31.166844110
41,5077.5,27,5077.75,08:00:31.166844110
41,5077.5,26,5077.75,08:00:31.166874206
39,5077.5,26,5077.75,08:00:31.166881013
39,5077.5,22,5077.75,08:00:31.166888719
39,5077.5,20,5077.75,08:00:31.166900290
39,5077.5,18,5077.75,08:00:31.166908085
39,5077.5,18,5077.75,08:00:31.166943869
39,5077.5,18,5077.75,08:00:31.166953721
39,5077.5,15,5077.75,08:00:31.166963955
39,5077.5,15,5077.75,08:00:31.166972871
39,5077.5,15,5077.75,08:00:31.166985924
38,5077.5,15,5077.75,08:00:31.167003742
38,5077.5,15,5077.75,08:00:31.167012139
38,5077.5,14,5077.75,08:00:31.167018929
38,5077.5,13,5077.75,08:00:31.167028238
41,5077.5,13,5077.75,08:00:31.167046658
41,5077.5,11,5077.75,08:00:31.167066309
39,5077.5,11,5077.75,08:00:31.167126103
38,5077.5,11,5077.75,08:00:31.167178033
37,5077.5,11,5077.75,08:00:31.167186824
38,5077.5,11,5077.75,08:00:31.167749229
38,5077.5,11,5077.75,08:00:31.171672597
38,5077.5,10,5077.75,08:00:31.171776900
38,5077.5,9,5077.75,08:00:31.171881955
39,5077.5,9,5077.75,08:00:31.171991432
39,5077.5,9,5077.75,08:00:31.174728144
39,5077.5,9,5077.75,08:00:31.174728144
39,5077.5,9,5077.75,08:00:31.182877834
38,5077.5,9,5077.75,08:00:31.186069946
38,5077.5,9,5077.75,08:00:31.235506478
38,5077.5,9,5077.75,08:00:31.235513268
38,5077.5,9,5077.75,08:00:31.235625619
37,5077.5,9,5077.75,08:00:31.235630342
37,5077.5,11,5077.75,08:00:31.235729681
37,5077.5,11,5077.75,08:00:31.235888706
37,5077.5,11,5077.75,08:00:31.311085855
37,5077.5,11,5077.75,08:00:31.311427014
37,5077.5,11,5077.75,08:00:31.311433436
37,5077.5,11,5077.75,08:00:31.311440819
37,5077.5,11,5077.75,08:00:31.501763031
37,5077.5,11,5077.75,08:00:31.501865967
37,5077.5,11,5077.75,08:00:31.609403540
37,5077.5,2,5077.75,08:00:31.709513364
37,5077.5,2,5077.75,08:00:31.709513364
37,5077.5,2,5077.75,08:00:31.709513364
37,5077.5,1,5077.75,08:00:31.709623689
37,5077.5,35,5078.0,08:00:31.710815934
37,5077.5,35,5078.0,08:00:31.710815934
1,5077.75,35,5078.0,08:00:31.710920050
2,5077.75,35,5078.0,08:00:31.710925058
4,5077.75,35,5078.0,08:00:31.711481352
4,5077.75,35,5078.0,08:00:31.712001731
5,5077.75,35,5078.0,08:00:31.712520851
5,5077.75,35,5078.0,08:00:31.713062741
5,5077.75,35,5078.0,08:00:31.713087356
5,5077.75,35,5078.0,08:00:31.713100018
5,5077.75,32,5078.0,08:00:31.713109628
5,5077.75,33,5078.0,08:00:31.713133081
5,5077.75,33,5078.0,08:00:31.713146533
5,5077.75,33,5078.0,08:00:31.713168129
5,5077.75,32,5078.0,08:00:31.713176862
5,5077.75,32,5078.0,08:00:31.713206635
5,5077.75,29,5078.0,08:00:31.713225762
5,5077.75,28,5078.0,08:00:31.713252780
5,5077.75,28,5078.0,08:00:31.713264934
3,5077.75,28,5078.0,08:00:31.713389189
3,5077.75,28,5078.0,08:00:31.713389189
3,5077.75,28,5078.0,08:00:31.713389189
3,5077.75,28,5078.0,08:00:31.713389189
3,5077.75,28,5078.0,08:00:31.713389189
4,5077.75,28,5078.0,08:00:31.713389189
5,5077.75,28,5078.0,08:00:31.713392863
6,5077.75,28,5078.0,08:00:31.713408492
6,5077.75,28,5078.0,08:00:31.713417001
6,5077.75,29,5078.0,08:00:31.713458790
7,5077.75,29,5078.0,08:00:31.713485348
6,5077.75,29,5078.0,08:00:31.713501099
6,5077.75,29,5078.0,08:00:31.713507207
5,5077.75,29,5078.0,08:00:31.713557295
6,5077.75,29,5078.0,08:00:31.713627853
5,5077.75,29,5078.0,08:00:31.713633847
5,5077.75,29,5078.0,08:00:31.713678715
5,5077.75,29,5078.0,08:00:31.713686824
6,5077.75,29,5078.0,08:00:31.713729356
5,5077.75,29,5078.0,08:00:31.713789968
5,5077.75,29,5078.0,08:00:31.725166552
6,5077.75,29,5078.0,08:00:31.734427049
6,5077.75,29,5078.0,08:00:31.734552489
6,5077.75,29,5078.0,08:00:31.809096469
6,5077.75,29,5078.0,08:00:31.809416140
6,5077.75,29,5078.0,08:00:31.809436457
6,5077.75,29,5078.0,08:00:31.809466806
6,5077.75,28,5078.0,08:00:31.809507114
6,5077.75,28,5078.0,08:00:31.831803438
6,5077.75,23,5078.0,08:00:31.831907194
6,5077.75,21,5078.0,08:00:31.831915562
7,5077.75,21,5078.0,08:00:31.832001945
8,5077.75,21,5078.0,08:00:31.832009468
9,5077.75,21,5078.0,08:00:31.832102545
9,5077.75,20,5078.0,08:00:31.832112008
10,5077.75,20,5078.0,08:00:31.832191641
11,5077.75,20,5078.0,08:00:31.832202000
11,5077.75,20,5078.0,08:00:31.832214970
12,5077.75,20,5078.0,08:00:31.832275057
13,5077.75,20,5078.0,08:00:31.832300229
13,5077.75,20,5078.0,08:00:31.832322655
13,5077.75,19,5078.0,08:00:31.832396777
13,5077.75,18,5078.0,08:00:31.832483593
13,5077.75,18,5078.0,08:00:31.832607586
13,5077.75,17,5078.0,08:00:31.832613295
17,5077.75,17,5078.0,08:00:31.832707725
17,5077.75,17,5078.0,08:00:32.058094534
17,5077.75,17,5078.0,08:00:32.058400361
16,5077.75,17,5078.0,08:00:32.097989229
12,5077.75,17,5078.0,08:00:32.098086450
11,5077.75,17,5078.0,08:00:32.189538274
10,5077.75,17,5078.0,08:00:32.189639531
9,5077.75,17,5078.0,08:00:32.189648056
8,5077.75,17,5078.0,08:00:32.189751828
7,5077.75,17,5078.0,08:00:32.189760138
6,5077.75,17,5078.0,08:00:32.189854310
6,5077.75,18,5078.0,08:00:32.189948168
6,5077.75,18,5078.0,08:00:32.190272888
