price,volume,timestamp
5077.5,1,08:00:00.007195736
5077.5,9,08:00:00.020883566
5077.75,2,08:00:00.025957506
5077.75,2,08:00:00.026155775
5077.75,4,08:00:00.026248625
5077.75,2,08:00:00.026330233
5077.75,5,08:00:00.026330233
5077.75,2,08:00:00.026380125
5077.75,1,08:00:00.026380125
5077.75,25,08:00:00.026592263
5077.75,1,08:00:00.072755398
5077.75,2,08:00:00.104244371
5078.0,9,08:00:00.151357271
5078.25,2,08:00:00.504358375
5078.25,1,08:00:00.504375323
5078.25,1,08:00:00.504525495
5078.25,21,08:00:00.504754026
5078.25,1,08:00:00.504859992
5078.25,1,08:00:00.613301228
5078.25,13,08:00:00.613598661
5078.25,3,08:00:00.614195799
5078.25,1,08:00:00.614376312
5078.25,1,08:00:00.757946365
5078.25,1,08:00:00.790876356
5078.25,1,08:00:00.912609896
5078.25,1,08:00:00.912643102
5078.25,1,08:00:00.913233665
5078.25,1,08:00:00.913330768
5078.25,1,08:00:00.913838845
5078.5,1,08:00:01.773924249
5078.5,3,08:00:01.773971069
5078.5,3,08:00:01.774162298
5078.5,1,08:00:01.774195461
5078.5,4,08:00:01.774263843
5078.75,1,08:00:01.926702919
5078.75,1,08:00:01.926716161
5078.5,1,08:00:01.945390265
5078.5,2,08:00:02.426393097
5078.5,1,08:00:02.426483707
5078.5,2,08:00:02.426483707
5078.5,7,08:00:02.426582622
5078.25,2,08:00:03.277489299
5078.25,2,08:00:03.277715909
5078.25,3,08:00:03.277760168
5078.25,6,08:00:03.278308387
5078.25,2,08:00:03.278542588
5078.25,2,08:00:03.279004258
5078.25,1,08:00:03.344242323
5078.25,1,08:00:03.512388570
5078.25,2,08:00:04.720711048
5078.25,1,08:00:05.221004208
5078.5,3,08:00:05.614675297
5078.5,2,08:00:05.614851314
5078.25,2,08:00:09.326644606
5078.25,1,08:00:09.326821263
5078.25,1,08:00:09.326915783
5078.25,10,08:00:09.326968309
5078.25,2,08:00:09.326968309
5078.25,4,08:00:09.327036234
5078.25,3,08:00:09.327091220
5078.0,1,08:00:15.782478410
5078.0,1,08:00:15.782661752
5078.0,1,08:00:15.782746630
5078.0,1,08:00:15.782840082
5078.0,7,08:00:15.782946554
5077.75,4,08:00:15.834489873
5077.75,4,08:00:19.224484630
5077.75,4,08:00:19.224591848
5077.75,2,08:00:19.224591848
5077.75,1,08:00:19.224610326
5077.75,13,08:00:19.225176264
5077.75,2,08:00:19.225369929
5077.75,3,08:00:19.225489748
5077.75,2,08:00:19.225549122
5077.75,2,08:00:19.751152172
5077.75,2,08:00:19.751338333
5077.75,2,08:00:19.751402894
5077.75,2,08:00:19.896034856
5077.5,1,08:00:20.112873304
5077.75,1,08:00:24.107587641
5077.75,6,08:00:24.107687134
5078.0,1,08:00:24.255402347
5077.75,2,08:00:24.583417289
5078.0,1,08:00:26.903800974
5077.5,13,08:00:26.968543441
5077.75,12,08:00:26.968543441
5077.5,1,08:00:26.971050561
5077.5,3,08:00:27.517082574
5077.5,2,08:00:27.517156515
5077.5,1,08:00:27.517156515
5077.5,1,08:00:27.517185875
5077.25,1,08:00:28.245779900
5077.25,1,08:00:29.112569471
5077.5,21,08:00:31.166281872
5077.75,9,08:00:31.709497703
5077.75,1,08:00:31.709611072
5077.75,2,08:00:31.713372777
5077.75,1,08:00:32.097982509
5078.0,1,08:00:32.671692488
5078.0,1,08:00:32.671881349
5078.0,1,08:00:32.671926320
5078.0,5,08:00:32.672013179
5078.0,1,08:00:32.672347819
5078.0,1,08:00:32.672609520
5078.0,1,08:00:32.672645050
5078.0,2,08:00:32.673216441
5078.0,1,08:00:33.009207495
5077.75,20,08:00:33.357721168
5077.75,1,08:00:34.348158628
5077.75,2,08:00:35.042049799
5077.75,1,08:00:35.042594447
5077.75,9,08:00:38.410784763
5077.75,1,08:00:38.410863187
5077.75,2,08:00:38.410921748
5077.75,3,08:00:40.045086094
5077.75,2,08:00:40.723963155
5077.75,1,08:00:41.650105253
5077.75,6,08:00:42.649229511
5077.75,1,08:00:43.705489261
5077.75,2,08:00:43.708584990
5077.75,1,08:00:43.708782687
5077.75,1,08:00:44.292904231
5077.75,3,08:00:44.316478939
5077.75,1,08:00:46.705329635
5078.0,1,08:00:48.916041993
5078.0,1,08:00:48.916232880
5078.0,6,08:00:48.916392460
5077.75,8,08:00:49.765864779
5077.75,1,08:00:50.407746419
5077.75,1,08:00:51.280934976
5078.0,26,08:00:51.520358434
5078.0,1,08:00:51.953210568
5078.0,1,08:00:52.158465674
5078.0,1,08:00:52.160915423
5078.0,1,08:00:52.408051965
5078.25,1,08:00:53.153524336
5078.25,8,08:00:54.471465544
5078.5,1,08:00:56.558394122
5078.25,1,08:00:56.748889058
5078.5,3,08:00:58.565496831
5078.75,1,08:00:59.540115842
5078.75,1,08:00:59.540330505
5078.75,2,08:00:59.540436283
5078.75,3,08:00:59.540798764
5078.75,1,08:00:59.541019018
5078.75,2,08:00:59.541073864
5078.75,1,08:00:59.541201390
5078.75,1,08:00:59.541515291
5078.75,2,08:00:59.541715564
5079.0,1,08:01:00.252949999
5079.0,1,08:01:00.252963378
5079.0,6,08:01:00.257468570
5079.0,1,08:01:00.779686107
5079.0,3,08:01:00.779795629
5079.0,2,08:01:00.779976565
5079.0,3,08:01:00.780067539
5079.0,2,08:01:00.780382720
5079.0,4,08:01:00.781779570
5079.0,1,08:01:01.080502979
5079.0,4,08:01:01.081086255
5079.0,1,08:01:01.081475441
5079.25,1,08:01:01.188415825
5079.25,1,08:01:01.188427834
5079.0,6,08:01:01.188724784
5079.0,1,08:01:02.889592299
5079.0,7,08:01:04.417283081
5079.0,1,08:01:04.417451232
5079.0,1,08:01:04.417494112
5079.0,2,08:01:04.417704284
5079.0,1,08:01:04.417938390
5079.0,2,08:01:04.419103489
5079.0,1,08:01:04.419288194
5079.0,1,08:01:04.419346479
5079.0,1,08:01:04.419470722
5079.0,1,08:01:04.419748161
5079.0,2,08:01:05.121265799
5079.25,1,08:01:05.163476889
5079.25,1,08:01:05.769145912
5079.0,2,08:01:05.865521533
5079.0,1,08:01:05.881211708
5079.0,2,08:01:05.893862349
5079.0,1,08:01:06.626473245
5079.25,1,08:01:06.755149150
5079.25,1,08:01:07.294606296
5079.0,1,08:01:07.950211851
5079.0,3,08:01:07.950282434
5079.0,1,08:01:07.950322806
5078.75,2,08:01:08.542751390
5078.75,4,08:01:08.542840300
5078.75,1,08:01:08.542840300
5078.5,23,08:01:08.620768379
5078.5,1,08:01:08.621211098
5078.5,1,08:01:08.621325884
5078.5,1,08:01:08.734385477
5078.5,1,08:01:08.734566102
5078.5,1,08:01:08.734612538
5078.5,1,08:01:08.734760393
5078.5,1,08:01:08.734800231
5078.5,1,08:01:08.935199238
5078.5,2,08:01:08.935273719
5078.5,1,08:01:08.935273719
5078.5,1,08:01:08.935313154
5078.5,1,08:01:08.935366601
5078.5,1,08:01:08.935537555
5078.5,1,08:01:09.575383064
5078.5,2,08:01:10.947754986
5078.5,2,08:01:11.465722965
5078.75,1,08:01:11.874177224
5078.75,1,08:01:11.888748250
5078.75,2,08:01:11.888790403
5078.75,1,08:01:11.889068805
5078.75,2,08:01:11.889117018
5079.0,4,08:01:13.200304053
5079.0,2,08:01:13.200450613
5079.0,2,08:01:13.200500514
5079.0,1,08:01:13.221241207
5079.0,1,08:01:14.675612520
5079.0,4,08:01:14.675870163
5079.0,1,08:01:14.676084334
5079.0,1,08:01:14.676856279
5079.0,1,08:01:15.424068879
5079.0,1,08:01:17.110253036
5079.0,1,08:01:17.110282976
5079.0,3,08:01:17.110364574
5078.75,1,08:01:17.991481281
5078.75,1,08:01:19.681524521
5079.0,1,08:01:21.472523839
5078.75,1,08:01:21.511198691
5079.0,1,08:01:22.497233093
5079.0,3,08:01:22.498141261
5079.0,4,08:01:22.498684694
5078.75,1,08:01:22.973155446
5079.25,2,08:01:23.120748250
5079.0,2,08:01:24.086836890
5079.0,1,08:01:24.088024840
5079.0,1,08:01:24.098408406
5078.75,1,08:01:24.564142697
5079.0,1,08:01:26.379076745
5079.0,3,08:01:26.379456746
5079.0,1,08:01:26.379509409
5079.0,1,08:01:26.379791454
5079.0,1,08:01:26.379984612
5079.0,1,08:01:26.380028831
5079.0,2,08:01:26.381776445
5078.75,1,08:01:27.418290685
5079.0,3,08:01:28.134475098
5079.0,1,08:01:28.134636148
5079.0,1,08:01:28.134681476
5078.75,1,08:01:28.714192360
5079.0,1,08:01:28.757600136
5079.25,1,08:01:28.972213312
5079.0,1,08:01:30.309893544
5079.0,4,08:01:30.310142774
5079.0,1,08:01:30.310177121
5079.0,1,08:01:30.606347861
5079.0,1,08:01:31.796915834
5078.75,1,08:01:31.914332253
5078.75,1,08:01:33.011605759
5078.75,9,08:01:33.549245165
5078.75,1,08:01:33.559133943
5078.75,1,08:01:34.222397015
5078.75,1,08:01:34.237943065
5078.5,11,08:01:35.655402102
5078.5,1,08:01:37.655487323
5078.5,1,08:01:37.770886857
5078.5,2,08:01:37.989934946
5078.5,4,08:01:37.989983958
5078.5,2,08:01:37.990225515
5078.5,3,08:01:37.990287644
5078.5,1,08:01:38.013920372
5078.25,1,08:01:38.430426959
5078.5,5,08:01:38.535786150
5078.5,1,08:01:38.536051500
5078.75,1,08:01:39.283253940
5078.75,4,08:01:39.283629701
5078.75,2,08:01:40.526293067
5078.75,3,08:01:40.526994693
5078.75,6,08:01:40.527547236
5078.75,1,08:01:40.527713185
5078.75,1,08:01:40.527943282
5078.75,6,08:01:40.865129144
5078.75,1,08:01:40.915410376
5078.75,1,08:01:40.924129336
5078.75,1,08:01:40.924331407
5078.75,1,08:01:44.165366835
5078.75,1,08:01:44.254462892
5078.75,2,08:01:44.254687553
5078.5,4,08:01:44.421485999
5078.5,9,08:01:44.421601304
5078.5,1,08:01:44.421667772
5078.5,1,08:01:44.421740669
5078.5,2,08:01:44.421740669
5078.5,2,08:01:44.421768174
5078.5,1,08:01:44.421950025
5078.5,1,08:01:44.422131132
5078.5,8,08:01:45.433585940
5078.5,1,08:01:45.434151110
5078.5,1,08:01:45.434513744
5078.75,1,08:01:46.547288603
5078.75,1,08:01:47.235684084
5078.75,1,08:01:49.268372926
5078.75,1,08:01:49.268542324
5078.75,2,08:01:49.268590856
5078.75,3,08:01:49.269156900
5078.75,1,08:01:49.292864388
5078.75,3,08:01:49.494871603
5078.75,1,08:01:49.494896758
5079.0,10,08:01:49.668586314
5079.0,1,08:01:50.066690183
5079.0,14,08:01:50.240029520
5079.0,2,08:01:50.240171463
5079.0,1,08:01:50.240171463
5079.0,1,08:01:52.061666476
5079.0,1,08:01:52.284802805
5079.25,25,08:01:52.313297330
5079.25,9,08:01:52.315452379
5079.25,1,08:01:52.315645877
5079.25,1,08:01:52.315687139
5079.25,1,08:01:52.315764545
5079.25,1,08:01:52.315862768
5079.25,17,08:01:52.315959525
5079.25,1,08:01:52.316158662
5079.25,1,08:01:52.316405201
5079.25,3,08:01:52.331285468
5079.0,2,08:01:54.780613598
5079.0,1,08:01:54.780842620
5079.0,9,08:01:54.780980380
5079.0,1,08:01:55.781955807
5079.0,1,08:01:55.908181355
5078.75,10,08:01:55.910211574
5079.0,1,08:01:56.314601767
5078.75,1,08:01:57.429346954
5079.0,1,08:01:58.506996138
5079.0,7,08:01:58.647977911
5079.25,18,08:01:58.647977911
5079.25,3,08:01:59.980454416
5079.25,1,08:01:59.980600263
5079.25,1,08:01:59.980640997
5079.25,1,08:01:59.980690933
5079.25,3,08:01:59.980834430
5079.25,1,08:01:59.981570296
5079.25,5,08:02:02.360779176
5079.25,1,08:02:02.360809948
5079.25,6,08:02:02.446561272
5079.25,3,08:02:02.624061126
5079.5,2,08:02:04.350371206
5079.5,3,08:02:04.350384979
5079.5,2,08:02:04.350384979
5079.25,2,08:02:04.350781550
5079.25,5,08:02:04.350854742
5079.25,2,08:02:04.350990514
5079.25,1,08:02:04.351313314
5079.25,1,08:02:04.351349743
5079.25,2,08:02:04.351574574
5079.25,1,08:02:04.351652233
5079.25,1,08:02:04.352206154
5079.25,3,08:02:04.856509417
5079.25,1,08:02:04.856572657
5079.25,3,08:02:04.856778395
5079.25,2,08:02:04.856841206
5079.25,1,08:02:04.870260334
5079.25,4,08:02:04.941894629
5079.5,2,08:02:04.941894629
5079.25,2,08:02:04.942863916
5079.25,3,08:02:04.943016812
5079.25,1,08:02:05.112760892
5079.5,1,08:02:07.473582307
5079.5,4,08:02:08.981443573
5079.5,1,08:02:08.981589352
5079.5,6,08:02:08.982641370
5079.25,1,08:02:13.349219352
5079.5,1,08:02:13.409010898
5079.5,1,08:02:14.446955140
5079.25,1,08:02:14.526032463
5079.25,1,08:02:16.333823521
5079.25,1,08:02:16.589585638
5079.25,1,08:02:17.093524566
5079.25,1,08:02:17.342433773
5079.25,1,08:02:18.619174071
5079.25,5,08:02:18.750510284
5079.25,20,08:02:18.750775302
5079.25,2,08:02:24.978562388
5079.0,3,08:02:27.146869268
5079.0,3,08:02:27.147219740
5079.0,2,08:02:28.924468360
5079.0,2,08:02:28.924664869
5079.0,1,08:02:28.924909114
5079.0,7,08:02:28.925060400
5079.0,1,08:02:28.925060400
5079.0,2,08:02:28.925521309
5079.0,3,08:02:28.925579379
5079.0,2,08:02:28.925819177
5079.0,1,08:02:28.926059758
5079.0,3,08:02:28.926368669
5079.0,1,08:02:28.926559121
5079.0,1,08:02:28.926597074
5079.0,1,08:02:28.926749452
5079.0,1,08:02:29.535255639
5079.0,1,08:02:29.820380885
5079.0,2,08:02:30.990100556
5079.0,1,08:02:37.473970849
5078.75,2,08:02:43.303775747
5078.75,1,08:02:43.303793091
5078.75,2,08:02:43.303947773
5078.75,2,08:02:43.304025662
5078.75,1,08:02:43.304156478
5078.75,1,08:02:43.897435804
5078.75,5,08:02:43.897750492
5078.75,15,08:02:43.909592366
5078.75,1,08:02:43.909989125
5078.75,1,08:02:43.910047292
5078.75,4,08:02:43.910420626
5078.75,3,08:02:43.911395899
5078.75,1,08:02:43.911798042
5078.75,1,08:02:43.912020702
5078.75,1,08:02:43.914748543
5078.75,13,08:02:46.021012366
5078.75,1,08:02:46.278317908
5078.75,1,08:02:46.818992857
5078.5,2,08:02:46.880583361
5078.75,11,08:02:47.179611871
5078.75,5,08:02:47.180092819
5078.75,1,08:02:47.180376073
5078.75,1,08:02:47.182426159
5079.0,2,08:02:47.626856327
5078.5,4,08:02:49.291189610
5078.75,11,08:02:49.291189610
5078.75,2,08:02:52.674639029
5078.5,6,08:02:53.898054148
5078.5,1,08:02:53.898183143
5078.5,1,08:02:53.898236942
5078.5,2,08:02:53.898816211
5078.25,8,08:02:57.624551504
5078.0,2,08:02:57.624561562
5078.0,1,08:02:57.624561562
5078.25,2,08:02:57.625210679
5078.25,1,08:02:57.863234941
5078.0,8,08:02:59.878886696
5078.0,25,08:03:01.218405138
5078.0,1,08:03:01.219178527
5078.0,2,08:03:01.357694457
5078.0,2,08:03:01.379505534
5078.0,1,08:03:01.379838429
5077.75,3,08:03:02.033873992
5077.75,1,08:03:02.301457992
5077.75,4,08:03:02.302003398
5078.0,10,08:03:02.811030836
5078.0,1,08:03:03.440419580
5077.75,3,08:03:03.953423277
5077.75,2,08:03:03.953506057
5077.75,1,08:03:03.953584394
5077.75,2,08:03:03.953584394
5077.5,1,08:03:05.064665765
5077.5,2,08:03:05.064675013
5077.5,2,08:03:05.768425769
5077.5,5,08:03:07.030141391
5077.5,2,08:03:07.213866013
5077.5,3,08:03:07.338964691
5077.5,17,08:03:07.339242322
5077.5,1,08:03:07.339312212
5077.5,2,08:03:07.339312212
5077.5,2,08:03:07.339413081
5077.5,1,08:03:07.339483134
5077.5,2,08:03:07.339539442
5077.5,1,08:03:07.389849688
5077.5,1,08:03:08.180338438
5077.5,4,08:03:08.180405102
5077.5,4,08:03:08.180476645
5077.5,2,08:03:08.180553712
5077.5,2,08:03:08.180635458
5077.5,1,08:03:08.180635458
5077.5,2,08:03:08.180694736
5077.5,1,08:03:08.181034109
5077.5,1,08:03:08.181135174
5077.5,4,08:03:08.181196064
5077.5,1,08:03:08.181296879
5077.5,1,08:03:08.181521239
5077.5,1,08:03:08.181586725
5077.5,1,08:03:08.181760735
5077.5,1,08:03:08.181967555
5077.5,3,08:03:08.184632515
5077.5,1,08:03:08.184917634
5077.5,3,08:03:09.018580138
5077.5,3,08:03:09.018805115
5077.5,1,08:03:09.019027241
5077.5,2,08:03:09.019253342
5077.5,1,08:03:09.019327407
5077.5,1,08:03:09.019514781
5077.5,1,08:03:09.019549182
5077.5,1,08:03:09.020574616
5077.5,1,08:03:09.020611628
5077.75,2,08:03:09.487280539
5077.5,1,08:03:09.518732980
5077.5,1,08:03:09.620103109
5077.5,1,08:03:12.897826905
5077.5,5,08:03:13.447034303
5077.5,3,08:03:13.447324779
5077.5,1,08:03:13.448158118
5077.5,3,08:03:13.448383050
5077.25,2,08:03:15.716496485
5077.25,1,08:03:15.716510948
5077.25,2,08:03:15.716575318
5077.25,8,08:03:15.716659986
5077.25,3,08:03:15.716703198
5077.25,3,08:03:15.716758230
5077.25,2,08:03:15.716795120
5077.25,1,08:03:15.717495468
5077.25,1,08:03:16.006011192
5077.25,6,08:03:16.880090762
5077.25,2,08:03:16.880139803
5077.5,3,08:03:17.043674961
5077.5,3,08:03:17.043752144
5077.5,5,08:03:17.043844481
5077.5,3,08:03:17.043844481
5077.5,3,08:03:17.044106291
5077.5,1,08:03:17.044295201
5077.5,3,08:03:17.044526303
5077.5,1,08:03:17.044766381
5077.5,1,08:03:17.044810324
5077.5,1,08:03:17.044845906
5077.5,1,08:03:21.545847741
5077.5,5,08:03:22.208443967
5077.5,1,08:03:22.323167640
5077.5,6,08:03:27.375540680
5077.5,1,08:03:27.375609746
5077.5,2,08:03:27.375609746
5077.5,2,08:03:27.375658885
5077.5,6,08:03:27.375966782
5077.5,1,08:03:27.376119204
5077.5,6,08:03:27.376428547
5077.5,1,08:03:27.376597943
5077.5,1,08:03:27.376636165
5077.5,1,08:03:27.376786702
5077.75,2,08:03:29.330263299
5077.75,4,08:03:29.330398891
5077.75,2,08:03:29.330465472
5077.75,7,08:03:29.330554402
5077.75,5,08:03:32.221106764
5078.0,2,08:03:32.222761486
5078.0,3,08:03:32.223496368
5078.0,1,08:03:32.223727330
5078.0,1,08:03:32.223758792
5078.0,1,08:03:32.423415679
5078.25,15,08:03:33.787583798
5078.25,1,08:03:33.787742317
5078.25,1,08:03:33.787774410
5078.25,2,08:03:33.788010780
5078.25,1,08:03:33.788245812
5078.25,1,08:03:35.703539293
5078.25,5,08:03:36.147326726
5078.25,3,08:03:37.662498459
5078.25,1,08:03:37.662686450
5078.25,4,08:03:37.662784768
5078.25,2,08:03:37.662835700
5078.25,1,08:03:37.662965229
5078.25,1,08:03:37.663007790
5078.25,2,08:03:37.663989411
5078.25,8,08:03:38.496060038
5078.25,2,08:03:39.091585848
5078.25,2,08:03:39.091670995
5078.25,1,08:03:46.384288948
5078.25,2,08:03:46.384444948
5078.0,6,08:03:46.407379552
5078.0,2,08:03:46.407520455
5077.75,1,08:03:46.409779595
5078.0,5,08:03:46.449004505
5078.25,6,08:03:46.810257173
5078.25,2,08:03:47.258215885
5078.25,1,08:03:47.258420619
5078.25,1,08:03:47.258468155
5078.25,2,08:03:47.415439609
5078.0,1,08:03:48.129884250
5078.25,1,08:03:52.253414227
5078.25,1,08:03:52.253520149
5078.25,2,08:03:52.253548642
5078.25,1,08:03:52.253930781
5078.25,3,08:03:52.254039398
5078.25,1,08:03:52.254148783
5078.25,1,08:03:52.254258289
5078.25,1,08:03:52.254360194
5078.25,1,08:03:52.901201817
5078.0,10,08:03:56.355708115
5078.25,4,08:03:57.468373217
5078.25,4,08:03:59.372704016
5078.25,3,08:03:59.372761489
5078.5,10,08:03:59.443639910
5078.5,1,08:03:59.443799245
5078.5,1,08:03:59.443838435
5078.5,1,08:03:59.444178971
5078.5,2,08:03:59.446833546
5078.5,2,08:03:59.446876881
5078.5,1,08:03:59.447028193
5078.5,5,08:04:01.231935480
5078.25,1,08:04:02.027196160
5078.25,1,08:04:02.027224032
5078.25,2,08:04:02.027272046
5078.25,2,08:04:02.027357824
5078.25,1,08:04:02.027402496
5078.25,8,08:04:02.832301787
5078.25,1,08:04:02.832330030
5078.5,1,08:04:02.833970432
5078.5,1,08:04:03.093270543
5078.5,2,08:04:03.093408056
5078.5,1,08:04:03.682974435
5078.5,9,08:04:03.683237999
5078.5,1,08:04:06.578145567
5078.25,2,08:04:07.582533551
5078.25,1,08:04:07.582689755
5078.25,1,08:04:07.582798087
5078.25,1,08:04:07.582875279
5078.25,1,08:04:07.582945821
5078.25,12,08:04:10.264015598
5078.25,3,08:04:10.264078701
5078.5,1,08:04:11.585081131
5078.25,1,08:04:14.396972294
5078.5,1,08:04:14.530129897
5078.25,1,08:04:15.342560789
5078.25,6,08:04:17.934573636
5078.25,2,08:04:17.934596299
5078.25,10,08:04:17.934711732
5078.25,1,08:04:17.934740542
5078.25,1,08:04:17.934779019
5078.25,2,08:04:17.935783718
5078.25,4,08:04:18.288953942
5078.25,2,08:04:19.207389040
5078.25,1,08:04:19.235393282
5078.5,1,08:04:20.208630518
5078.25,2,08:04:20.452574864
5078.25,2,08:04:20.691801505
5078.25,1,08:04:20.691996783
5078.25,2,08:04:20.692326297
5078.25,1,08:04:23.274749687
5078.25,4,08:04:24.760198545
5078.25,1,08:04:24.760263183
5078.25,11,08:04:25.227280755
5078.25,4,08:04:25.230838938
5078.25,2,08:04:25.230893708
5078.0,2,08:04:28.085642435
5078.0,1,08:04:28.085832049
5078.0,1,08:04:28.085857195
5078.0,1,08:04:28.085911512
5078.0,1,08:04:28.085943187
5078.0,1,08:04:28.086029598
5078.0,1,08:04:28.086367007
5078.25,9,08:04:29.568431358
5078.25,4,08:04:33.968197718
5078.25,2,08:04:33.968353437
5078.25,1,08:04:33.968390541
5078.25,1,08:04:33.968425085
5078.25,1,08:04:33.968498444
5078.25,1,08:04:33.969072955
5078.25,5,08:04:35.750263974
5078.25,4,08:04:38.603029365
5078.25,1,08:04:39.622267281
5078.25,5,08:04:39.622479543
5078.25,1,08:04:39.622515658
5078.25,2,08:04:39.622558477
5078.25,25,08:04:41.639804878
5078.5,17,08:04:41.639804878
5078.25,2,08:04:41.640690619
5078.25,1,08:04:41.640778057
5078.25,15,08:04:47.151492007
5078.25,7,08:04:47.519480396
5078.25,1,08:04:47.532638874
5078.25,2,08:04:47.532819069
5078.25,1,08:04:47.532857067
5078.25,1,08:04:47.532981719
5078.25,1,08:04:47.772338380
5078.25,1,08:04:47.772633931
5078.25,1,08:04:47.772676403
5078.25,1,08:04:47.772703753
5078.25,1,08:04:47.772748727
5078.25,2,08:04:47.772942773
5078.25,1,08:04:47.772990626
5078.25,1,08:04:49.121958727
5078.0,11,08:04:50.591610298
5077.75,11,08:04:50.654359484
5077.75,2,08:04:50.655112706
5077.75,5,08:04:53.809999475
5077.5,6,08:04:54.626505904
5077.5,7,08:04:54.713995292
5077.5,1,08:04:56.746222728
5077.5,2,08:05:00.019375756
5077.5,2,08:05:00.019596815
5077.5,3,08:05:00.019666980
5077.5,1,08:05:00.019758826
5077.5,1,08:05:00.019847595
5077.5,1,08:05:00.019887311
5077.25,3,08:05:00.022285255
5077.25,2,08:05:00.022295811
5077.5,1,08:05:00.036480475
5077.5,6,08:05:00.036707334
5077.5,2,08:05:00.081362400
5077.5,2,08:05:00.210522196
5077.5,1,08:05:00.210678148
5077.75,1,08:05:00.531250749
5077.75,1,08:05:00.531260806
5077.5,3,08:05:00.768993365
5077.5,2,08:05:00.922109277
5077.5,1,08:05:02.418407717
5077.5,6,08:05:03.325701186
5077.5,4,08:05:03.325865417
5077.5,1,08:05:03.325896867
5077.5,2,08:05:03.325934711
5077.5,1,08:05:03.325967447
5077.5,4,08:05:03.325996148
5077.5,1,08:05:03.707964769
5077.5,1,08:05:03.961616426
5077.75,5,08:05:03.963789355
5077.75,1,08:05:03.963986365
5077.75,8,08:05:03.964149602
5077.75,1,08:05:03.965013195
5077.75,7,08:05:03.965289130
5077.75,4,08:05:03.966085149
5077.75,3,08:05:03.967171652
5077.75,6,08:05:08.242139546
5077.75,1,08:05:08.466586415
5077.75,1,08:05:09.163517364
5077.75,1,08:05:10.376581943
5078.0,11,08:05:11.221796038
5078.0,3,08:05:12.327683501
5078.0,3,08:05:12.327727992
5078.0,3,08:05:12.327794399
5078.0,2,08:05:12.327889592
5078.0,1,08:05:12.327961922
5078.0,2,08:05:12.328005693
5078.25,3,08:05:13.847794832
5078.0,2,08:05:13.847794832
5078.0,5,08:05:13.848320252
5078.0,2,08:05:13.848482077
5078.0,3,08:05:13.976441337
5078.0,1,08:05:14.112666251
5078.0,2,08:05:14.112875747
5078.0,3,08:05:14.113001616
5078.0,1,08:05:14.113035237
5077.75,1,08:05:14.563194504
5078.0,15,08:05:16.999233656
5078.25,1,08:05:16.999246268
5078.25,1,08:05:17.013682232
5078.25,2,08:05:17.013892859
5078.25,2,08:05:17.013940452
5078.25,1,08:05:17.013978895
5078.25,1,08:05:17.014444207
5078.25,1,08:05:17.856517652
5078.25,2,08:05:17.856602905
5078.25,1,08:05:17.904361159
5078.25,6,08:05:19.463972726
5078.0,2,08:05:20.151755556
5078.0,1,08:05:20.151928529
5078.0,4,08:05:20.152007115
5078.0,1,08:05:22.261743928
5078.0,4,08:05:22.261814899
5078.0,2,08:05:22.261871076
5078.0,5,08:05:22.261942850
5078.0,2,08:05:22.261985578
5078.0,1,08:05:22.798727792
5078.0,1,08:05:26.133955794
5078.25,2,08:05:27.000784362
5078.25,2,08:05:27.000831213
5078.25,1,08:05:27.001179615
5078.25,3,08:05:27.001212085
5078.0,20,08:05:29.640552108
5078.0,1,08:05:29.640810180
5078.0,1,08:05:29.640847025
5078.0,1,08:05:29.640944317
5078.0,2,08:05:29.640975857
5078.0,2,08:05:31.474142733
5078.0,2,08:05:31.474444979
5078.0,1,08:05:31.474623360
5078.0,5,08:05:31.808776325
5077.75,2,08:05:33.006506671
5077.75,3,08:05:33.203360273
5077.75,3,08:05:33.203601042
5077.75,3,08:05:33.203733288
5077.75,3,08:05:33.203828267
5077.75,2,08:05:33.203941146
5077.75,1,08:05:33.204140945
5077.75,3,08:05:33.204468200
5077.75,2,08:05:33.205098504
5077.75,2,08:05:33.205273922
5077.75,1,08:05:33.205476121
5077.75,1,08:05:33.205502751
5077.75,1,08:05:33.212590584
5077.75,1,08:05:33.212888603
5077.75,1,08:05:33.213646497
5077.75,1,08:05:33.229538315
5077.75,2,08:05:34.138181221
5078.0,3,08:05:34.963844158
5078.0,2,08:05:34.964237319
5078.0,1,08:05:34.964570522
5078.25,3,08:05:37.504279767
5078.25,4,08:05:37.504336193
5078.25,1,08:05:37.504424637
5078.25,2,08:05:37.504424637
5078.25,1,08:05:37.504545912
5078.25,2,08:05:37.504545912
5078.5,2,08:05:38.902630311
5078.5,2,08:05:38.902674416
5078.5,2,08:05:38.905814839
5078.5,1,08:05:38.906003226
5078.5,1,08:05:38.906045467
5078.5,1,08:05:38.934281935
5078.75,2,08:05:39.809781670
5078.5,2,08:05:40.423344510
5078.5,3,08:05:40.557521699
5078.5,2,08:05:40.557558899
5078.5,1,08:05:40.844154386
5078.25,4,08:05:42.589045881
5078.25,2,08:05:42.589089120
5078.25,2,08:05:42.589124516
5078.25,3,08:05:42.589773140
5078.25,3,08:05:44.457610062
5078.25,1,08:05:44.457819929
5078.25,3,08:05:44.457867324
5078.25,1,08:05:44.457942904
5078.25,4,08:05:44.457942904
5078.25,1,08:05:44.458312806
5078.25,1,08:05:44.458499376
5078.25,1,08:05:44.458536936
5078.25,2,08:05:44.458571105
5078.25,1,08:05:44.458608249
5078.0,25,08:05:44.579859445
5078.25,2,08:05:47.183515181
5078.0,2,08:05:47.422346747
5078.0,4,08:05:49.360392200
5077.75,21,08:05:49.360392200
5078.0,1,08:05:49.361046818
5077.75,1,08:05:51.076785106
5078.0,1,08:05:53.930055441
5078.0,3,08:05:55.702217598
5078.0,4,08:05:56.216252026
5078.0,4,08:05:56.902863935
5078.0,2,08:05:56.903043823
5078.0,5,08:05:56.903109293
5078.0,3,08:05:56.903556659
5077.75,2,08:06:00.336741370
5077.75,1,08:06:00.336896154
5077.75,5,08:06:00.336995500
5077.75,1,08:06:00.338018268
5077.75,1,08:06:00.338237007
5077.75,1,08:06:00.346204070
5077.75,1,08:06:00.357677559
5077.75,1,08:06:00.360741800
5077.75,1,08:06:00.368363809
5077.75,1,08:06:00.369522559
5077.75,1,08:06:00.369637855
5077.75,2,08:06:00.369637855
5077.75,3,08:06:00.373025743
5077.75,1,08:06:00.375994878
5077.75,1,08:06:00.873005659
5077.75,2,08:06:01.282757883
5077.75,2,08:06:01.283927046
5077.75,1,08:06:01.284574083
5077.75,2,08:06:01.284628545
5077.75,2,08:06:01.284684136
5077.5,1,08:06:02.186163644
5077.5,1,08:06:05.207746798
5077.75,2,08:06:06.442554211
5077.75,1,08:06:06.442567759
5077.75,6,08:06:07.047029438
5078.0,3,08:06:08.161903931
5078.25,1,08:06:12.696454931
5078.25,2,08:06:12.696476973
5078.25,3,08:06:12.696794125
5078.25,5,08:06:12.697879299
5078.25,1,08:06:12.698061907
5078.25,1,08:06:12.698104852
5078.5,31,08:06:13.613984996
5078.75,1,08:06:13.731191928
5078.75,1,08:06:13.731351861
5078.75,1,08:06:13.731408451
5078.75,1,08:06:13.731586592
5078.75,2,08:06:13.731905293
5078.75,1,08:06:13.732116299
5078.75,1,08:06:13.732176818
5078.75,1,08:06:13.732302485
5078.75,1,08:06:13.732584983
5078.75,4,08:06:13.732685695
5078.75,1,08:06:13.732904132
5078.75,3,08:06:13.733270047
5078.75,1,08:06:13.763573096
5078.75,1,08:06:13.763648806
5079.0,1,08:06:16.509051983
5079.0,2,08:06:16.758607573
5079.0,2,08:06:19.460685472
5079.0,2,08:06:19.461660475
5079.0,1,08:06:19.461660475
5079.0,5,08:06:19.461734101
5079.0,3,08:06:19.461925315
5079.0,1,08:06:19.461925315
5079.0,2,08:06:19.461925315
5079.0,9,08:06:19.462845286
5079.0,1,08:06:19.462845286
5079.25,3,08:06:19.725247712
5079.25,1,08:06:19.725264528
5079.25,22,08:06:19.725591095
5079.5,2,08:06:19.808089858
5079.5,2,08:06:19.808234482
5079.5,7,08:06:19.808361553
5079.5,9,08:06:19.809263004
5079.5,4,08:06:20.120932771
5079.5,1,08:06:20.121105188
5079.5,1,08:06:20.121160603
5079.5,1,08:06:20.121440596
5079.5,1,08:06:20.121625784
5079.25,1,08:06:20.644722696
5079.25,1,08:06:21.687797534
5079.25,1,08:06:21.687824562
5079.25,10,08:06:21.908031283
5079.25,1,08:06:21.908592133
5079.25,2,08:06:21.908784021
5079.25,2,08:06:21.908829705
5079.25,1,08:06:21.909556242
5079.25,1,08:06:23.322337689
5079.25,1,08:06:23.802524537
5079.25,1,08:06:23.802552119
5079.25,16,08:06:23.802734573
5079.25,1,08:06:23.803175309
5079.25,7,08:06:23.803438830
5079.25,1,08:06:23.803537675
5079.25,1,08:06:23.803728254
5079.25,1,08:06:23.803761890
5079.25,1,08:06:23.803878190
5079.25,1,08:06:23.803906334
5079.25,1,08:06:23.804236792
5079.25,4,08:06:23.938582460
5079.25,1,08:06:24.150405419
5079.25,4,08:06:24.711636842
5079.0,1,08:06:25.778283952
5079.0,33,08:06:26.797986676
5078.75,7,08:06:26.797986676
5079.0,2,08:06:26.798524691
5079.0,5,08:06:26.798787518
5079.0,1,08:06:26.799934505
5079.0,1,08:06:26.800377522
5079.0,1,08:06:26.800551704
5078.75,2,08:06:27.025461126
5078.75,2,08:06:27.025546103
5078.75,1,08:06:27.025618498
5078.75,1,08:06:27.025678508
5078.75,4,08:06:27.025678508
5078.75,2,08:06:27.025709920
5078.75,5,08:06:27.025768139
5078.75,1,08:06:27.025852122
5078.75,1,08:06:27.026042670
5078.75,1,08:06:27.026087378
5078.75,3,08:06:27.026422383
5078.75,11,08:06:27.050447162
5078.5,2,08:06:27.067563578
5078.5,1,08:06:27.067629848
5078.5,1,08:06:27.067730643
5078.5,1,08:06:27.067775152
5078.5,2,08:06:27.067828408
5078.5,4,08:06:27.067877037
5078.5,2,08:06:27.067971237
5078.5,1,08:06:27.067971237
5078.5,11,08:06:27.068006394
5078.5,1,08:06:30.002547215
5078.25,2,08:06:30.532363947
5078.25,2,08:06:30.532520075
5078.25,2,08:06:30.532611283
5078.25,8,08:06:30.532611283
5078.25,1,08:06:30.532726600
5078.25,14,08:06:30.532726600
5078.25,2,08:06:30.532726600
5078.25,17,08:06:30.532765897
5078.25,3,08:06:30.928588912
5078.25,2,08:06:30.928811813
5078.25,2,08:06:30.928870485
5078.25,4,08:06:30.928955972
5078.5,3,08:06:32.820111292
5078.5,2,08:06:32.831285141
5078.5,2,08:06:32.831705802
5078.5,1,08:06:33.508549797
5078.75,2,08:06:34.461589586
5078.75,2,08:06:34.461717297
5078.75,1,08:06:34.461752910
5078.75,1,08:06:34.461943340
5078.75,1,08:06:34.462231900
5078.5,1,08:06:34.584391748
5079.0,1,08:06:34.796579216
5079.0,1,08:06:35.865138166
5078.75,4,08:06:35.875039768
5078.75,1,08:06:35.875243448
5078.75,1,08:06:36.777326482
5078.5,1,08:06:40.145948665
5078.5,1,08:06:40.146238946
5078.5,3,08:06:40.146269939
5078.5,4,08:06:43.056480615
5078.5,3,08:06:43.056642572
5078.75,2,08:06:43.932460432
5078.75,3,08:06:43.932508234
5079.0,19,08:06:47.578261392
5079.25,31,08:06:47.578261392
5079.0,4,08:06:48.614470555
5079.0,1,08:06:49.104418465
5079.0,1,08:06:49.104469484
5079.0,2,08:06:49.104577556
5079.0,3,08:06:49.104577556
5079.0,2,08:06:49.104731159
5079.0,1,08:06:50.105027040
5079.0,1,08:06:53.060597070
5078.75,9,08:06:53.714863564
5078.5,1,08:06:55.516276752
5078.5,1,08:06:55.516472948
5078.5,1,08:06:55.516532649
5078.5,1,08:06:55.516589248
5078.75,1,08:06:55.532640048
5078.75,2,08:06:55.729043762
5078.5,4,08:06:59.165716104
5078.5,1,08:06:59.166030866
5078.5,2,08:06:59.166257306
5078.5,1,08:06:59.166288485
5078.5,4,08:06:59.166371152
5078.5,1,08:06:59.166712589
5078.5,3,08:06:59.166772347
5078.5,1,08:06:59.167012550
5078.75,1,08:06:59.167012550
5078.5,1,08:06:59.167189805
5078.5,1,08:06:59.167246974
5078.5,1,08:07:00.100765137
5078.75,1,08:07:00.101517607
5078.75,1,08:07:00.104234001
5078.75,4,08:07:00.104319644
5078.75,3,08:07:00.104319644
5078.75,2,08:07:00.104377446
5078.75,8,08:07:00.104477122
5078.75,2,08:07:00.104592949
5078.75,4,08:07:00.104592949
5078.75,3,08:07:00.308872379
5078.75,7,08:07:00.309173499
5078.75,1,08:07:00.309567353
5078.75,6,08:07:00.309802448
5078.75,4,08:07:00.310164020
5078.75,4,08:07:00.310302571
5078.75,1,08:07:00.310335221
5078.75,1,08:07:00.310449620
5078.75,1,08:07:00.310552285
5078.75,2,08:07:02.387755174
5078.75,1,08:07:02.387838782
5078.75,2,08:07:02.387838782
5078.75,1,08:07:02.387943311
5078.75,2,08:07:02.387943311
5078.75,1,08:07:02.388171889
5078.75,3,08:07:02.388350120
5078.75,1,08:07:02.388416755
5079.0,3,08:07:02.388703695
5079.0,14,08:07:02.492489604
5079.0,3,08:07:02.492548220
5079.0,1,08:07:02.639201988
5079.25,1,08:07:02.639870583
5079.25,1,08:07:03.284821950
5079.25,1,08:07:03.285663820
5079.0,1,08:07:04.095785112
5079.25,2,08:07:04.096519842
5079.25,1,08:07:04.682281171
5079.25,10,08:07:04.682452570
5079.25,1,08:07:04.682486410
5079.25,3,08:07:04.682605391
5079.25,1,08:07:04.682661050
5079.5,1,08:07:04.683052681
5079.25,2,08:07:04.683104183
5079.25,3,08:07:04.683382367
5079.5,15,08:07:04.786673255
5079.75,2,08:07:04.787500101
5079.75,1,08:07:04.787516139
5079.75,2,08:07:04.787516139
5079.75,4,08:07:04.787516139
5079.75,1,08:07:04.816295855
5079.5,1,08:07:05.821216935
5079.75,2,08:07:05.821992442
5079.75,14,08:07:06.801028869
5080.0,2,08:07:06.802333140
5080.0,1,08:07:06.802352206
5079.75,2,08:07:07.386549541
5079.75,4,08:07:07.386579222
5079.75,4,08:07:07.386609209
5079.75,3,08:07:07.386648923
5079.75,2,08:07:07.386686724
5079.75,14,08:07:07.386769315
5079.75,1,08:07:07.386811470
5079.75,1,08:07:07.387320267
5079.75,11,08:07:08.218036983
5080.0,1,08:07:08.218967651
5080.0,1,08:07:08.265344192
5080.0,5,08:07:08.481865714
5080.0,1,08:07:08.482558167
5079.75,1,08:07:08.506188765
5080.0,2,08:07:08.506800038
5080.0,2,08:07:08.708903998
5080.0,1,08:07:08.709563224
5080.0,1,08:07:09.471712953
5080.0,1,08:07:09.537306451
5080.0,1,08:07:10.034004768
5080.0,3,08:07:10.236531629
5080.0,21,08:07:10.236905593
5080.25,1,08:07:11.207310982
5080.25,1,08:07:11.207321129
5080.25,3,08:07:11.290282184
5080.25,1,08:07:12.553474506
5080.25,2,08:07:13.037741951
5080.0,1,08:07:13.463598622
5080.0,1,08:07:14.783572624
5080.25,2,08:07:16.520322684
5080.25,2,08:07:16.520369881
5080.25,4,08:07:16.520504000
5080.25,2,08:07:16.520504000
5080.25,2,08:07:16.520573908
5080.25,3,08:07:16.520573908
5080.25,2,08:07:16.521283422
5080.25,4,08:07:16.521611836
5080.25,1,08:07:16.521662544
5080.25,1,08:07:16.521734089
5080.25,3,08:07:16.523119259
5080.25,1,08:07:16.525046187
5080.25,8,08:07:16.732283378
5081.0,44,08:07:16.732283378
5080.5,53,08:07:16.732283378
5080.75,45,08:07:16.732283378
5081.0,1,08:07:16.732707770
5081.0,1,08:07:16.732715636
5081.0,1,08:07:16.732726215
5081.25,2,08:07:16.732726215
5081.25,2,08:07:16.732732788
5080.5,2,08:07:16.733911711
5080.75,2,08:07:16.735190313
5080.75,4,08:07:16.735632901
5080.5,7,08:07:16.736948118
5080.5,3,08:07:16.736998621
5080.5,2,08:07:16.737046071
5080.5,3,08:07:16.737103788
5080.5,4,08:07:16.737212142
5080.5,6,08:07:16.737738508
5080.75,4,08:07:16.737738508
5080.5,1,08:07:16.737893462
5080.75,2,08:07:16.755890839
5080.75,1,08:07:16.856373238
5080.75,2,08:07:16.857040340
5080.75,2,08:07:16.870958130
5080.75,2,08:07:16.871586101
5080.5,12,08:07:17.069194528
5080.5,2,08:07:17.070009214
5080.5,15,08:07:17.114166553
5080.75,2,08:07:17.263462989
5080.75,1,08:07:17.264256022
5080.5,20,08:07:17.475919378
5080.5,1,08:07:17.476126872
5080.5,1,08:07:17.476571592
5080.5,1,08:07:17.478637020
5080.5,2,08:07:17.478937586
5080.5,2,08:07:17.479152883
5080.5,1,08:07:17.479383009
5080.5,1,08:07:17.479675588
5080.5,3,08:07:18.119636655
5080.5,3,08:07:18.119691344
5080.5,3,08:07:18.119750303
5080.5,1,08:07:18.119820471
5080.5,1,08:07:18.120375192
5080.5,7,08:07:18.453258356
5080.5,7,08:07:18.453342434
5080.5,3,08:07:18.453542028
5080.5,1,08:07:18.453956133
5080.25,6,08:07:19.243250203
5080.25,1,08:07:19.243927260
5080.5,1,08:07:19.278507236
5080.25,7,08:07:19.278782105
5080.25,1,08:07:19.279026889
5080.25,1,08:07:19.279229373
5080.25,1,08:07:22.206311748
5080.25,2,08:07:22.206351102
5080.5,3,08:07:22.207152239
5080.5,1,08:07:22.207725380
5080.5,2,08:07:22.550756172
5080.5,4,08:07:22.551514596
5080.5,5,08:07:23.541170753
5080.5,1,08:07:23.541838860
5080.5,1,08:07:23.682040862
5080.5,1,08:07:23.682689710
5080.25,17,08:07:23.869710649
5080.25,1,08:07:23.870026294
5080.5,1,08:07:23.870419083
5080.25,2,08:07:24.297224596
5080.25,4,08:07:24.297472850
5080.25,1,08:07:24.297936594
5080.25,1,08:07:24.512603642
5080.25,1,08:07:24.513284139
5080.25,3,08:07:24.930028689
5080.25,2,08:07:24.930235455
5080.25,2,08:07:24.930525752
5080.25,1,08:07:24.930545557
5080.25,2,08:07:24.930808120
5080.25,3,08:07:24.931013747
5080.25,1,08:07:24.931196182
5080.25,3,08:07:24.931508267
5080.25,8,08:07:26.095802177
5080.5,1,08:07:26.096557289
5080.25,1,08:07:26.289137059
5080.5,1,08:07:26.289847057
5080.25,1,08:07:26.316508320
5080.25,1,08:07:28.189518829
5080.5,2,08:07:28.190312429
5080.5,1,08:07:28.191031964
5080.5,1,08:07:28.191214227
5080.5,3,08:07:28.191283595
5080.5,14,08:07:28.191613968
5080.5,1,08:07:28.191797211
5080.5,6,08:07:28.192117723
5080.5,1,08:07:28.192291986
5080.5,1,08:07:28.192326028
5080.5,2,08:07:28.192408698
5080.5,1,08:07:28.192597288
5080.75,2,08:07:28.922596811
5080.75,1,08:07:28.923299349
5080.75,1,08:07:29.728262070
5080.75,2,08:07:29.729539671
5080.75,1,08:07:29.729820521
5080.75,1,08:07:30.957256563
5080.75,1,08:07:30.958025652
5080.5,1,08:07:32.142834521
5080.5,4,08:07:32.143097556
5080.5,1,08:07:32.143265016
5080.5,1,08:07:32.143294914
5080.5,1,08:07:32.143335257
5080.5,1,08:07:32.143375965
5080.75,2,08:07:32.143539578
5080.75,1,08:07:32.281325032
5080.5,5,08:07:32.281572054
5080.5,1,08:07:32.281760657
5080.75,1,08:07:32.282048365
5080.5,1,08:07:32.282048365
5080.5,3,08:07:33.074311598
5080.5,2,08:07:33.074346256
5080.5,2,08:07:33.074381186
5080.5,1,08:07:33.075030983
5080.5,2,08:07:33.571607909
5080.5,1,08:07:33.572277910
5080.5,5,08:07:34.280294556
5080.5,1,08:07:34.280992673
5080.75,1,08:07:34.288524399
5080.5,4,08:07:34.288524399
5080.75,3,08:07:34.639982088
5080.75,1,08:07:34.640682445
5080.5,5,08:07:35.519401048
5080.5,2,08:07:35.520159295
5080.5,2,08:07:36.155798977
5080.5,2,08:07:36.156030482
5080.5,3,08:07:36.203450054
5080.5,1,08:07:37.063851723
5080.5,6,08:07:37.359918026
5080.5,6,08:07:38.211905296
5080.75,19,08:07:38.211905296
5080.75,2,08:07:38.212725105
5080.75,1,08:07:38.409434900
5080.75,5,08:07:38.788283944
5080.75,1,08:07:39.862705689
5080.75,1,08:07:40.037471413
5080.75,1,08:07:40.038487894
5080.75,1,08:07:40.038833172
5080.75,1,08:07:40.038996500
5080.75,1,08:07:40.662007255
5080.75,1,08:07:43.729732439
5080.5,4,08:07:44.598424121
5080.5,5,08:07:45.165361850
5080.75,3,08:07:45.166138118
5080.75,1,08:07:45.166178439
5080.75,1,08:07:45.166240607
5080.5,2,08:07:46.639635863
5080.5,9,08:07:46.639785680
5080.5,2,08:07:46.639856482
5080.5,4,08:07:46.639856482
5080.5,2,08:07:46.639914678
5080.5,2,08:07:46.639954628
5080.5,49,08:07:46.640067270
5080.5,2,08:07:46.640503980
5080.5,2,08:07:46.640770763
5080.5,2,08:07:46.643039260
5080.5,1,08:07:46.643125815
5080.5,2,08:07:46.643125815
5080.5,5,08:07:46.643405273
5080.5,2,08:07:47.122431207
5080.5,1,08:07:47.123155215
5080.25,1,08:07:47.135760406
5080.25,1,08:07:47.135769200
5080.25,7,08:07:48.770718622
5080.25,1,08:07:48.771490292
5080.25,5,08:07:48.771745091
5080.25,1,08:07:48.771830859
5080.5,1,08:07:49.436541446
5080.5,2,08:07:49.437301410
5080.25,1,08:07:53.541919037
5080.5,2,08:07:53.542773345
5080.5,4,08:07:53.830072543
5080.5,2,08:07:53.831456079
5080.5,1,08:07:53.831650972
5080.5,1,08:07:53.832102786
5080.5,2,08:07:53.832325338
5080.25,1,08:07:54.401412780
5080.5,1,08:07:54.402238256
5080.5,1,08:07:56.365807164
5080.25,3,08:07:58.270499817
5080.25,2,08:07:58.270681875
5080.25,1,08:07:58.270722810
5080.25,4,08:07:58.512334783
5080.25,1,08:07:58.512359964
5080.25,1,08:07:58.512554332
5080.25,6,08:07:59.228242137
5080.0,43,08:07:59.228242137
5079.75,1,08:07:59.228257248
5079.75,1,08:07:59.402049478
5080.0,1,08:07:59.402749300
5080.0,1,08:08:00.007715152
5080.0,1,08:08:00.008402449
5079.75,3,08:08:02.199433990
5079.75,8,08:08:02.199720793
5079.75,2,08:08:02.199787886
5079.75,1,08:08:02.199787886
5079.75,3,08:08:02.199962219
5079.75,1,08:08:02.200292671
5079.75,1,08:08:02.200500153
5079.5,2,08:08:02.749570038
5079.5,1,08:08:02.749756138
5079.5,2,08:08:02.749813080
5079.25,15,08:08:04.967676673
5079.5,10,08:08:04.967676673
5079.25,2,08:08:04.967699308
5079.25,1,08:08:04.967699308
5079.5,7,08:08:04.969376330
5079.5,1,08:08:04.969590329
5079.5,5,08:08:04.969710363
5079.5,1,08:08:04.969819073
5079.5,1,08:08:04.970063231
5079.5,13,08:08:04.999669178
5079.5,3,08:08:05.424436845
5079.5,2,08:08:05.485099530
5079.75,2,08:08:07.442941234
5079.75,2,08:08:07.460017319
5079.5,10,08:08:07.563371829
5079.5,1,08:08:07.563760426
5079.5,1,08:08:07.563804555
5079.5,1,08:08:07.585008470
5079.5,7,08:08:08.345733430
5079.25,15,08:08:08.983720220
5079.5,1,08:08:09.275789941
5079.5,2,08:08:09.275825100
5079.5,4,08:08:09.275991497
5079.5,1,08:08:09.579860190
5079.5,8,08:08:11.145605433
5079.5,1,08:08:12.217163703
5079.5,3,08:08:13.753491435
5079.5,3,08:08:13.753565341
5079.5,8,08:08:13.753565341
5079.5,3,08:08:13.753657492
5079.5,2,08:08:13.753657492
5079.5,1,08:08:13.753693996
5079.5,7,08:08:14.385999932
5079.5,3,08:08:14.386327942
5079.5,1,08:08:21.712750340
5079.75,14,08:08:21.715033470
5079.75,6,08:08:21.721432422
5079.75,2,08:08:21.721687599
5079.75,2,08:08:21.721820407
5079.75,1,08:08:21.721860094
5079.75,2,08:08:21.721939811
5079.75,1,08:08:21.721980894
5079.75,2,08:08:33.631168392
5080.0,10,08:08:33.632039596
5080.0,1,08:08:33.632096286
5080.0,3,08:08:33.632096286
5080.0,1,08:08:33.632127319
5080.0,1,08:08:33.632199327
5080.0,1,08:08:33.632239008
5080.0,6,08:08:33.754995409
5080.0,3,08:08:33.755030716
5080.0,4,08:08:33.755202009
5080.0,1,08:08:33.755244489
5080.0,2,08:08:33.755317134
5080.0,2,08:08:33.755348847
5080.0,3,08:08:33.755414426
5080.0,16,08:08:33.755414426
5080.0,7,08:08:33.755461479
5080.0,1,08:08:33.755532020
5080.0,40,08:08:33.755624107
5080.0,1,08:08:34.067438366
5080.25,2,08:08:34.068203537
5080.25,3,08:08:34.099742325
5080.25,5,08:08:34.106673898
5080.25,3,08:08:34.106880901
5080.25,2,08:08:34.107124138
5080.25,1,08:08:34.107229443
5080.25,1,08:08:34.107475433
5080.25,1,08:08:34.708435215
5080.25,2,08:08:34.709166685
5080.0,3,08:08:36.488043281
5080.0,1,08:08:36.488241711
5080.0,3,08:08:36.488322090
5080.0,2,08:08:36.488376709
5080.0,16,08:08:36.488449765
5080.0,2,08:08:36.488900499
5080.0,1,08:08:36.488981828
5079.75,8,08:08:39.763026141
5079.75,1,08:08:39.763829258
5079.75,2,08:08:40.144738376
5079.75,2,08:08:40.144908677
5079.75,1,08:08:40.144941023
5079.75,1,08:08:41.332029561
5079.75,2,08:08:41.989307473
5080.0,23,08:08:42.353458508
5080.0,4,08:08:42.354440125
5080.0,7,08:08:42.354673470
5080.0,2,08:08:42.354924883
5080.0,3,08:08:42.356849157
5080.0,3,08:08:42.359618959
5080.0,1,08:08:43.738449464
5080.25,1,08:08:43.739281878
5080.0,4,08:08:44.012680306
5080.0,1,08:08:44.084054807
5080.25,4,08:08:44.220745750
5080.25,1,08:08:44.463138462
5080.25,3,08:08:44.977181110
5080.0,17,08:08:45.228663677
5079.75,16,08:08:45.291197297
5079.75,1,08:08:45.375982491
5079.5,1,08:08:48.533444614
5079.5,10,08:08:48.533748716
5079.5,1,08:08:48.599145235
5079.5,2,08:08:48.635089568
5079.5,7,08:08:49.360418294
5079.75,1,08:08:49.363266013
5079.5,1,08:08:51.237298699
5079.75,12,08:08:52.496283283
5080.0,2,08:08:54.356974141
5080.0,4,08:08:54.357210417
5080.0,1,08:08:54.357261202
5080.0,1,08:08:54.357409212
5080.0,1,08:08:54.357459104
5080.0,3,08:08:54.357703240
5080.0,3,08:08:54.357938240
5080.0,1,08:08:54.357976189
5079.75,1,08:08:54.754552987
5079.75,2,08:08:54.754730568
5079.75,1,08:08:54.754831981
5079.75,3,08:08:54.754944902
5079.75,1,08:08:54.754944902
5079.75,7,08:08:54.755043210
5079.75,3,08:08:54.755043210
5079.75,1,08:08:54.789543745
5079.5,1,08:08:55.441137308
5079.75,1,08:08:56.341885870
5079.75,5,08:08:56.343004984
5079.75,1,08:08:56.343183791
5079.75,1,08:08:56.343218162
5079.75,1,08:08:56.343481121
5079.75,1,08:08:56.557040614
5080.0,11,08:08:59.842926397
5080.0,1,08:08:59.843033797
5080.25,1,08:09:01.923606729
5080.25,1,08:09:01.923652832
5080.25,2,08:09:01.923652832
5080.25,3,08:09:01.923710831
5080.25,2,08:09:01.923765059
5080.25,4,08:09:01.927365330
5080.25,1,08:09:01.927402258
5080.25,1,08:09:01.927707292
5080.25,5,08:09:01.927789131
5080.25,4,08:09:01.927851368
5080.25,2,08:09:01.931974725
5080.25,2,08:09:03.126434469
5080.25,7,08:09:03.493692479
5080.25,3,08:09:09.738833902
5080.25,4,08:09:09.739058695
5080.25,2,08:09:09.739155131
5080.25,1,08:09:09.739176499
5080.25,1,08:09:13.177884593
5080.25,1,08:09:13.252617001
5080.25,1,08:09:13.252786569
5080.25,1,08:09:13.252932652
5080.25,1,08:09:13.252978078
5080.25,1,08:09:13.253007191
5080.25,1,08:09:13.253100902
5080.25,1,08:09:13.538640837
5080.5,36,08:09:13.673395932
5080.5,7,08:09:13.674459505
5080.5,7,08:09:13.677878041
5080.5,4,08:09:13.678877539
5080.5,1,08:09:13.679554244
5080.5,2,08:09:14.916995749
5080.5,2,08:09:14.917051545
5080.5,7,08:09:14.921182991
5080.5,2,08:09:16.099215842
5080.5,1,08:09:16.099547802
5080.5,1,08:09:16.099793915
5080.75,3,08:09:16.973396352
5080.75,25,08:09:16.973950428
5081.0,1,08:09:17.713013034
5081.0,2,08:09:17.713030446
5080.75,3,08:09:18.660373661
5080.75,3,08:09:18.660446820
5080.75,3,08:09:18.660713124
5080.75,16,08:09:18.661504734
5080.75,1,08:09:18.661783706
5080.75,4,08:09:18.683638590
5080.75,1,08:09:18.737013160
5080.75,3,08:09:18.757975818
5080.75,1,08:09:18.801292573
5080.75,1,08:09:20.206991103
5080.75,1,08:09:23.284224547
5080.75,8,08:09:23.553062425
5080.75,15,08:09:23.553266585
5080.75,2,08:09:23.553301626
5080.75,1,08:09:23.553419005
5080.5,2,08:09:24.814486232
5080.5,1,08:09:24.814497345
5080.75,1,08:09:25.754947665
5080.75,1,08:09:27.734268849
5080.75,9,08:09:28.538172045
5080.75,1,08:09:28.538626428
5080.75,1,08:09:28.538798778
5080.75,1,08:09:28.538836180
5080.75,1,08:09:28.542117050
5080.75,2,08:09:29.819189251
5081.0,1,08:09:33.382885127
5080.75,16,08:09:33.954669515
5080.75,1,08:09:33.954852991
5080.75,10,08:09:33.976886615
5080.75,1,08:09:34.045245893
5080.75,1,08:09:34.063176689
5080.75,4,08:09:34.645201417
5080.75,7,08:09:35.429798132
5080.75,4,08:09:35.430131851
5080.75,1,08:09:35.430400497
5080.75,4,08:09:35.433956123
5081.0,14,08:09:40.318286050
5081.0,12,08:09:40.322960570
5081.0,3,08:09:40.325242037
5081.0,3,08:09:40.325608293
5081.0,1,08:09:40.325664497
5081.0,1,08:09:40.390811065
5081.0,3,08:09:40.666173007
5081.0,1,08:09:40.666374406
5081.0,1,08:09:40.666403043
5081.0,1,08:09:46.916733188
5081.0,1,08:09:50.161223830
5081.0,2,08:09:50.785640325
5081.0,1,08:09:52.721590510
5081.0,1,08:09:52.805998753
5080.75,1,08:09:54.735653484
5080.75,2,08:09:54.757720460
5080.75,1,08:09:54.770224561
5080.75,1,08:09:54.891233994
5080.75,1,08:09:54.914426628
5081.0,19,08:09:55.655589928
5081.0,7,08:09:55.656559061
5081.0,2,08:09:55.656738089
5081.0,1,08:09:55.656781703
5081.0,3,08:09:55.657023762
5081.0,1,08:09:55.657171407
5081.0,1,08:09:55.657282272
5081.0,1,08:09:56.705397130
5081.0,1,08:09:56.705564007
5081.0,2,08:09:56.707402287
5081.0,1,08:09:57.142870781
5081.0,1,08:09:57.860489512
5081.0,3,08:09:58.128815709
5081.0,1,08:09:59.837280847
5081.25,2,08:10:00.014975421
5081.25,1,08:10:00.014997437
5081.25,1,08:10:00.015123900
5081.25,2,08:10:00.015184548
5081.25,1,08:10:00.015184548
5081.25,2,08:10:00.015235982
5081.25,2,08:10:00.023264784
5081.25,1,08:10:00.023439818
5081.25,2,08:10:00.154183253
5081.25,2,08:10:00.164546576
5081.25,1,08:10:00.164699126
5081.25,2,08:10:00.209111254
5081.5,1,08:10:00.283256964
5081.5,2,08:10:00.283270878
5081.5,1,08:10:00.283270878
5081.5,1,08:10:00.428926719
5081.5,1,08:10:00.435867649
5081.5,1,08:10:00.489657003
5081.5,3,08:10:00.492601228
5081.5,1,08:10:00.492811988
5081.5,3,08:10:00.492892716
5081.5,2,08:10:00.492892716
5081.5,6,08:10:00.492938758
5081.5,3,08:10:00.701481834
5081.25,2,08:10:03.544586634
5081.25,4,08:10:03.544811159
5081.25,2,08:10:03.544935066
5081.25,4,08:10:03.544935066
5081.25,1,08:10:03.545101623
5081.25,3,08:10:03.545101623
5081.25,2,08:10:03.545101623
5081.25,2,08:10:03.545122433
5081.25,1,08:10:03.545196841
5081.25,3,08:10:03.545196841
5081.25,2,08:10:03.545256311
5081.25,1,08:10:03.545302875
5081.25,15,08:10:03.545392263
5081.25,3,08:10:03.545777153
5081.25,1,08:10:03.888171988
5081.25,1,08:10:05.544713954
5081.25,1,08:10:06.815917269
5081.25,2,08:10:07.027714423
5081.25,2,08:10:07.027819990
5081.25,4,08:10:07.027819990
5081.25,3,08:10:07.027875194
5081.25,3,08:10:13.192687013
5081.5,1,08:10:13.396766062
5081.25,7,08:10:16.597996314
5081.25,1,08:10:17.190567860
5081.25,1,08:10:18.251598850
5081.0,2,08:10:19.088694396
5081.0,28,08:10:24.429592618
5081.0,1,08:10:24.430163692
5081.0,3,08:10:25.344102689
5081.0,3,08:10:25.344247265
5081.0,1,08:10:25.344317811
5081.0,1,08:10:25.344513994
5081.0,1,08:10:25.497833738
5081.0,3,08:10:25.498265446
5081.0,1,08:10:26.279343544
5081.0,2,08:10:26.443778263
5080.75,1,08:10:26.797408743
5080.75,1,08:10:26.797419913
5080.75,1,08:10:29.757033049
5081.0,1,08:10:30.191318202
5080.75,3,08:10:33.952191471
5080.75,1,08:10:33.952403028
5080.75,2,08:10:33.952403028
5080.75,6,08:10:33.952403028
5080.75,2,08:10:33.952578784
5080.75,1,08:10:33.952578784
5080.75,3,08:10:33.952578784
5080.75,8,08:10:33.962424450
5080.75,1,08:10:33.962452504
5080.75,1,08:10:33.963158759
5080.75,1,08:10:33.963249685
5080.75,3,08:10:33.963507462
5080.75,1,08:10:34.526589066
5080.75,1,08:10:35.238456550
5080.75,1,08:10:35.853688410
5081.0,3,08:10:37.533097471
5081.0,5,08:10:37.533315155
5081.0,4,08:10:37.533370037
5081.0,3,08:10:38.238713315
5081.0,2,08:10:38.238897998
5081.0,1,08:10:38.239082443
5081.0,4,08:10:38.241466565
5081.0,2,08:10:38.963733746
5081.0,1,08:10:39.480146581
5081.0,3,08:10:42.504061596
5081.0,1,08:10:45.261738422
5081.25,1,08:10:45.407454654
5081.25,1,08:10:45.407525081
5081.25,2,08:10:45.407525081
5081.25,3,08:10:45.407571803
5081.25,1,08:10:45.410454232
5081.5,2,08:10:46.721543188
5081.25,1,08:10:47.757795544
5081.5,3,08:10:48.799866846
5081.5,1,08:10:48.800070354
5081.5,2,08:10:48.800120467
5081.5,2,08:10:48.800193208
5081.5,3,08:10:48.800299136
5081.5,20,08:10:48.800299136
5081.5,7,08:10:48.800346846
5081.5,2,08:10:48.802077857
5081.5,2,08:10:48.802236964
5081.5,4,08:10:48.802350867
5081.5,3,08:10:49.022023960
5081.5,2,08:10:49.022095632
5081.5,1,08:10:49.022095632
5081.5,1,08:10:49.212976467
5081.5,2,08:10:49.904391989
5081.75,1,08:10:50.317574199
5081.75,1,08:10:50.504377913
5081.75,1,08:10:50.703677808
5081.5,1,08:10:51.431227517
5081.75,1,08:10:52.306212979
5081.75,2,08:10:52.308242461
5081.75,9,08:10:52.308571964
5081.75,2,08:10:52.308697244
5081.75,1,08:10:52.308784247
5081.75,1,08:10:52.466169723
5081.75,3,08:10:52.870778142
5081.75,2,08:10:52.870856724
5081.75,1,08:10:52.871308272
5081.75,3,08:10:52.908389881
5081.75,6,08:10:52.908659461
5081.75,2,08:10:52.909287778
5081.75,2,08:10:52.909484819
5081.75,1,08:10:52.939087024
5081.75,1,08:10:53.001080170
5081.75,1,08:10:53.001831302
5081.75,1,08:10:53.002007908
5081.75,1,08:10:53.002169695
5081.75,1,08:10:53.002352855
5081.75,1,08:10:54.069049012
5082.0,1,08:10:54.221772481
5081.75,8,08:10:54.488500288
5081.75,7,08:10:54.490877539
5081.75,1,08:10:54.791662015
5081.75,2,08:10:54.791858604
5081.75,1,08:10:54.791890288
5081.75,1,08:10:54.792033539
5081.75,1,08:10:55.128222214
5081.75,1,08:10:55.128280317
5082.0,1,08:10:55.326740918
5081.75,1,08:10:55.773586926
5081.75,3,08:10:55.774095592
5082.0,3,08:10:55.780365881
5082.0,6,08:10:55.780601685
5082.0,23,08:10:55.780815011
5082.0,1,08:10:55.780919266
5082.0,1,08:10:55.780970602
5082.0,2,08:10:55.780970602
5082.0,3,08:10:55.781130864
5082.0,1,08:10:55.781130864
5082.0,1,08:10:55.785500469
5082.0,2,08:10:55.785674316
5082.0,4,08:10:55.785742333
5082.0,3,08:10:55.984403216
5082.0,2,08:10:56.210172264
5082.0,1,08:10:56.661179923
5081.75,35,08:10:56.761238129
5082.0,1,08:11:01.508478224
5081.75,1,08:11:02.698705732
5081.75,3,08:11:02.698775807
5081.75,2,08:11:02.698775807
5081.75,44,08:11:02.699131142
5081.75,1,08:11:02.699908771
5081.5,8,08:11:02.701055584
5081.5,1,08:11:02.701268334
5081.5,1,08:11:02.701304459
5081.5,1,08:11:02.701440674
5081.5,3,08:11:02.701682311
5081.5,1,08:11:02.701889089
5081.5,2,08:11:02.701938933
5081.5,1,08:11:02.711651869
5081.5,2,08:11:02.712485498
5081.5,1,08:11:02.712681915
5081.5,1,08:11:02.712719502
5081.5,1,08:11:02.969560957
5081.75,1,08:11:03.397174508
5081.75,18,08:11:04.001285082
5082.0,1,08:11:05.397943981
5081.75,1,08:11:06.473606672
5081.75,3,08:11:06.473705045
5081.75,8,08:11:06.473844058
5081.75,1,08:11:06.473844058
5081.75,2,08:11:06.473882715
5081.75,2,08:11:06.474404595
5081.75,1,08:11:06.792908354
5081.75,1,08:11:11.385480127
5081.75,2,08:11:19.067756422
5081.75,3,08:11:19.067864448
5081.75,1,08:11:19.067864448
5081.75,2,08:11:19.067864448
5081.75,8,08:11:19.068045207
5081.75,2,08:11:19.068045207
5081.75,2,08:11:19.068055687
5081.75,5,08:11:19.068416740
5081.75,2,08:11:19.068613334
5081.75,1,08:11:19.068849251
5081.75,2,08:11:19.070808428
5081.75,1,08:11:19.071000654
5081.75,1,08:11:19.071040975
5081.75,1,08:11:19.361513917
5081.5,1,08:11:28.400837206
5081.5,8,08:11:28.400951973
5081.5,2,08:11:28.401098946
5081.5,3,08:11:28.401098946
5081.5,4,08:11:28.401179182
5081.5,8,08:11:28.401179182
5081.5,2,08:11:28.401294242
5081.5,16,08:11:28.401294242
5081.5,1,08:11:28.401525569
5081.5,8,08:11:28.401805843
5081.5,2,08:11:28.401949335
5081.5,2,08:11:28.402330904
5081.5,3,08:11:28.417359540
5081.5,1,08:11:28.417984727
5081.25,1,08:11:31.641386402
5081.25,1,08:11:31.641396421
5081.5,2,08:11:33.071030123
5081.5,8,08:11:33.106850065
5081.5,1,08:11:33.106884603
5081.75,1,08:11:33.108630661
5081.75,3,08:11:33.108688265
5081.75,7,08:11:33.108810153
5081.75,3,08:11:33.108854390
5081.75,2,08:11:33.108930353
5081.75,3,08:11:33.108966229
5081.75,3,08:11:33.109148822
5081.75,2,08:11:33.109148822
5082.0,9,08:11:33.142604617
5082.0,1,08:11:33.142760995
5082.0,10,08:11:33.143787799
5082.0,1,08:11:33.231278627
5082.0,2,08:11:33.339585347
5082.0,1,08:11:33.339721606
5082.0,2,08:11:33.339758115
5082.0,4,08:11:34.778598473
5082.0,1,08:11:34.778810212
5082.0,1,08:11:35.307494071
5082.0,6,08:11:37.049509914
5081.75,1,08:11:38.577324808
5082.0,4,08:11:38.579902646
5082.0,1,08:11:38.619928843
5082.0,1,08:11:39.116612557
5082.75,26,08:11:40.283094834
5082.5,45,08:11:40.283094834
5082.25,41,08:11:40.283094834
5082.75,1,08:11:40.283318912
5082.25,1,08:11:40.284783818
5082.25,4,08:11:40.284952166
5082.25,1,08:11:40.284952166
5082.25,2,08:11:40.285446437
5082.25,1,08:11:40.285724678
5082.25,6,08:11:40.285724678
5082.25,7,08:11:40.285769624
5082.25,1,08:11:40.286205015
5082.25,1,08:11:40.292408500
5082.0,1,08:11:40.293586614
5082.25,8,08:11:40.315065536
5082.5,7,08:11:40.315065536
5082.5,1,08:11:40.323920925
5082.5,1,08:11:40.398679913
5082.5,1,08:11:43.032657784
5082.5,2,08:11:43.343303087
5082.5,2,08:11:43.343348531
5082.5,2,08:11:43.343459689
5082.5,2,08:11:43.343492496
5082.5,1,08:11:43.343589420
5082.5,1,08:11:43.882589026
5082.5,14,08:11:45.120683579
5082.5,13,08:11:45.120967341
5082.5,3,08:11:45.121024030
5082.5,2,08:11:45.121317819
5082.5,3,08:11:45.121814879
5082.5,1,08:11:45.121965672
5082.5,3,08:11:45.121965672
5082.5,1,08:11:45.121986917
5082.5,2,08:11:45.121986917
5082.5,2,08:11:45.122056109
5082.5,1,08:11:46.382575131
5082.5,2,08:11:47.306312476
5082.5,1,08:11:48.637870705
5082.5,1,08:11:50.545609247
5082.5,7,08:11:50.546527320
5082.5,4,08:11:50.547801870
5082.5,1,08:11:50.745287966
5082.5,5,08:11:52.843676255
5082.5,4,08:11:52.844355594
5082.75,2,08:11:53.457453634
5082.75,3,08:11:53.457546628
5082.75,1,08:11:53.457546628
5082.75,2,08:11:53.457646290
5082.75,2,08:11:53.457761377
5082.75,3,08:11:53.457761377
5082.75,2,08:11:53.540300381
5082.75,4,08:11:53.540387231
5082.75,1,08:11:53.540672232
5082.75,1,08:11:53.540781005
5082.75,1,08:11:53.540888860
5082.75,1,08:11:53.543547896
5082.75,1,08:11:53.543709935
5082.75,1,08:11:54.486948936
5082.75,2,08:11:54.487447898
5082.75,2,08:11:54.487493040
5082.75,1,08:11:54.487624602
5082.75,1,08:11:54.488310494
5083.0,35,08:11:55.020853356
5083.0,2,08:11:55.021005346
5083.0,1,08:11:55.021009535
5083.0,1,08:11:55.021045372
5083.25,2,08:11:55.046164152
5083.25,1,08:11:55.046178207
5083.25,2,08:11:55.046178207
5083.0,8,08:11:55.120267433
5083.0,7,08:11:57.011329598
5083.25,46,08:11:57.011752081
5083.25,1,08:11:57.012852848
5083.25,2,08:11:57.012962978
5083.25,1,08:11:57.012962978
5083.25,1,08:11:57.013187054
5083.25,2,08:11:57.013456808
5083.25,6,08:11:57.014149748
5083.25,1,08:11:57.014430135
5083.25,1,08:11:57.014784967
5083.25,1,08:11:57.014944670
5083.5,1,08:11:57.140533055
5083.5,2,08:11:57.140544194
5083.5,26,08:11:57.141061420
5083.5,1,08:11:57.141117197
5083.5,10,08:11:57.339173635
5083.5,1,08:11:57.339508240
5083.5,8,08:11:57.340792994
5083.5,2,08:11:57.340930246
5083.5,1,08:11:57.340930246
5083.5,4,08:11:57.341077058
5083.5,2,08:11:57.341077058
5083.5,1,08:11:57.341077058
5083.5,1,08:11:57.341240073
5083.5,1,08:11:57.342402673
5083.5,2,08:11:57.342572890
5083.75,2,08:11:57.365380951
5083.75,3,08:11:57.365395508
5083.75,1,08:11:57.365395508
5083.75,4,08:11:57.365395508
5083.5,11,08:11:57.401345427
5083.5,2,08:11:57.401931474
5083.5,2,08:11:57.847187371
5083.5,1,08:11:59.174021147
5083.25,1,08:11:59.825617538
5083.5,1,08:11:59.945515848
5083.5,1,08:12:00.230617122
5083.5,1,08:12:00.230796972
5083.5,3,08:12:00.231058436
5083.5,2,08:12:00.231374920
5083.5,3,08:12:00.405121554
5083.5,1,08:12:00.760881920
5083.5,5,08:12:02.974246402
5083.5,1,08:12:02.974456812
5083.5,3,08:12:02.975411280
5083.5,1,08:12:03.246619533
5083.5,1,08:12:03.469913807
5083.5,1,08:12:03.469969789
5083.5,4,08:12:03.470119350
5083.5,2,08:12:03.470352476
5083.5,1,08:12:03.470352476
5083.5,1,08:12:03.470471729
5083.5,2,08:12:03.470471729
5083.5,1,08:12:03.470853055
5083.5,3,08:12:03.471070384
5083.5,1,08:12:03.471677443
5083.5,1,08:12:03.472872456
5083.75,6,08:12:03.699096861
5083.75,1,08:12:04.348326587
5083.75,2,08:12:04.924601908
5083.5,1,08:12:05.080525357
5083.75,1,08:12:05.204631197
5083.5,2,08:12:07.484229612
5083.5,1,08:12:09.389564126
5083.5,1,08:12:10.246589050
5083.5,1,08:12:10.246793041
5083.5,8,08:12:10.246881302
5083.5,2,08:12:10.247442798
5083.5,1,08:12:10.247653116
5083.5,1,08:12:10.247732256
5083.5,6,08:12:10.809627949
5083.25,1,08:12:11.295590301
5083.25,1,08:12:12.087715023
5083.25,2,08:12:12.356831584
5083.25,1,08:12:13.612498323
5083.5,9,08:12:13.971342097
5083.5,1,08:12:14.021509157
5083.5,3,08:12:14.623662846
5083.5,1,08:12:14.623698846
5083.5,2,08:12:14.623856789
5083.5,15,08:12:14.623972452
5083.5,2,08:12:14.624776561
5083.5,5,08:12:14.625123757
5083.5,1,08:12:14.625162628
5083.5,4,08:12:14.625435998
5083.5,2,08:12:14.625670432
5083.5,1,08:12:14.625721876
5083.5,2,08:12:14.726278992
5083.5,1,08:12:14.726659582
5083.75,1,08:12:14.787115045
5083.5,1,08:12:15.749018565
5083.5,1,08:12:16.057040984
5083.5,5,08:12:16.339105759
5083.5,2,08:12:16.424038063
5083.5,2,08:12:16.424203513
5083.5,1,08:12:16.424316999
5083.5,2,08:12:16.424316999
5083.5,2,08:12:16.424361742
5083.5,3,08:12:16.424595043
5083.5,1,08:12:16.458020928
5083.25,5,08:12:16.563077136
5083.25,1,08:12:16.801959746
5083.25,1,08:12:18.015088454
5083.25,1,08:12:18.762463850
5083.25,2,08:12:19.103577425
5083.25,4,08:12:19.103771985
5083.25,10,08:12:19.103895232
5083.25,2,08:12:19.103958401
5083.25,1,08:12:19.103958401
5083.25,2,08:12:19.104065153
5083.25,25,08:12:19.104226171
5083.25,1,08:12:20.905629245
5083.0,1,08:12:22.135390417
5083.25,3,08:12:24.893423330
5083.25,1,08:12:24.895048245
5083.25,2,08:12:24.895293978
5083.25,7,08:12:24.895404486
5083.25,1,08:12:24.895915565
5083.25,5,08:12:25.197823426
5083.25,1,08:12:25.198128880
5083.25,2,08:12:25.989867892
5083.25,5,08:12:25.990046285
5083.25,2,08:12:25.990375214
5083.25,1,08:12:25.990564008
5083.25,1,08:12:26.232616442
5083.0,20,08:12:26.760810457
5083.25,1,08:12:26.973784712
5083.0,19,08:12:29.563278798
5083.0,12,08:12:33.143927424
5083.25,41,08:12:33.143927424
5083.25,1,08:12:33.145106645
5083.25,3,08:12:33.146071032
5083.25,2,08:12:33.146545926
5083.25,3,08:12:33.147025526
5083.25,7,08:12:33.147193510
5083.25,1,08:12:33.163945694
5083.5,1,08:12:33.270321156
5083.5,1,08:12:36.206298683
5083.5,1,08:12:38.379448086
5083.5,2,08:12:41.405743121
5083.5,4,08:12:41.405991101
5083.5,1,08:12:48.311115841
5083.5,2,08:12:48.378637101
5083.5,15,08:12:49.642487935
5083.5,2,08:12:51.534647275
5083.5,1,08:12:51.534758385
5083.5,3,08:12:51.534768724
5083.5,4,08:12:51.535070311
5083.5,5,08:12:51.535342307
5083.5,2,08:12:51.535447874
5083.5,1,08:12:51.535548007
5083.5,4,08:12:51.535647442
5083.5,1,08:12:52.673398974
5083.5,2,08:12:52.674187879
5083.75,3,08:12:52.674187879
5083.75,1,08:12:52.674234805
5083.75,4,08:12:52.674340612
5083.5,1,08:12:52.674601962
5083.5,4,08:12:52.674895177
5083.5,1,08:12:52.674945133
5083.5,1,08:12:54.644154012
5083.25,8,08:12:55.430300487
5083.25,2,08:12:55.430408585
5083.25,1,08:12:55.430561280
5083.25,1,08:12:56.473347567
5083.0,3,08:12:56.479534415
5083.25,6,08:12:59.036320249
5083.25,3,08:12:59.036563886
5083.25,1,08:12:59.037005462
5083.25,1,08:12:59.037175553
5083.25,4,08:12:59.736705292
5083.25,1,08:12:59.737050633
5083.25,4,08:12:59.737478421
5083.25,3,08:12:59.739238284
5083.5,2,08:13:00.196061033
5083.5,9,08:13:00.196314384
5083.5,1,08:13:00.196355352
5083.5,1,08:13:00.378142917
5083.5,3,08:13:00.378373554
5083.5,7,08:13:00.378653887
5083.5,1,08:13:00.379088152
5083.5,1,08:13:00.408440984
5083.5,6,08:13:00.876078253
5083.5,2,08:13:01.205335662
5083.5,2,08:13:01.206262330
5083.75,10,08:13:03.047030563
5083.75,2,08:13:04.596255751
5083.75,2,08:13:05.642726955
5083.75,15,08:13:05.643124306
5083.75,1,08:13:07.770181564
5083.75,1,08:13:08.060147862
5083.75,5,08:13:08.060208350
5083.75,3,08:13:08.140606538
5083.75,2,08:13:08.140813803
5083.75,1,08:13:10.116594941
5083.75,1,08:13:10.312632243
5083.75,2,08:13:10.312898021
5083.75,1,08:13:10.313129261
5083.75,1,08:13:10.313169485
5083.5,1,08:13:11.845266908
5083.75,5,08:13:12.148556301
5083.75,1,08:13:15.324827542
5083.75,6,08:13:15.325076699
5084.0,4,08:13:15.434647580
5084.0,5,08:13:15.434658498
5084.0,2,08:13:15.434658498
5083.75,1,08:13:15.434966754
5083.75,2,08:13:15.435029184
5083.75,1,08:13:15.435162111
5083.75,2,08:13:15.435461858
5083.75,1,08:13:15.435551988
5083.5,4,08:13:15.447479053
5083.75,1,08:13:15.459152867
5083.5,1,08:13:15.947999976
5083.75,1,08:13:15.948631569
5083.75,1,08:13:16.044441756
5083.5,1,08:13:16.622785963
5083.5,1,08:13:16.632157192
5083.75,1,08:13:17.418060976
5083.5,1,08:13:18.438784198
5083.75,1,08:13:20.527445259
5083.5,8,08:13:22.265117839
5083.5,2,08:13:22.265179978
5083.5,4,08:13:22.265274475
5083.25,12,08:13:24.576147307
5083.25,13,08:13:24.577159167
5083.25,4,08:13:24.577549188
5083.25,7,08:13:24.579423290
5083.25,1,08:13:24.579876278
5083.25,2,08:13:24.580572190
5083.25,3,08:13:24.642906231
5083.25,11,08:13:24.786069799
5083.25,6,08:13:24.786784559
5083.25,5,08:13:25.820147858
5083.25,13,08:13:25.820801148
5083.5,5,08:13:26.703561519
5083.5,1,08:13:27.895793214
5083.5,3,08:13:27.895846762
5083.5,3,08:13:27.896007754
5083.5,2,08:13:27.896083989
5083.5,1,08:13:27.896083989
5083.5,1,08:13:30.742722673
5083.5,13,08:13:31.313334077
5083.5,1,08:13:31.313842097
5083.25,2,08:13:31.493000777
5083.25,8,08:13:31.493814989
5083.25,3,08:13:33.415912123
5083.25,1,08:13:33.416237230
5083.25,1,08:13:33.416452319
5083.5,1,08:13:33.816467599
5083.25,2,08:13:36.685632503
5083.25,3,08:13:36.685925701
5083.25,1,08:13:36.686173166
5083.25,2,08:13:36.686229631
5083.25,2,08:13:36.686332167
5083.25,2,08:13:36.686414111
5083.25,2,08:13:36.686521105
5083.25,1,08:13:36.686712179
5083.25,3,08:13:36.686799848
5083.25,7,08:13:36.688791103
5083.25,2,08:13:36.688966624
5083.25,1,08:13:36.689024225
5083.25,1,08:13:36.689073711
5083.25,8,08:13:36.749376759
5083.25,2,08:13:36.749654656
5083.25,1,08:13:36.750148138
5083.25,1,08:13:36.750791133
5083.25,1,08:13:36.750963434
5083.25,2,08:13:36.751122801
5083.25,2,08:13:36.761317332
5083.25,4,08:13:37.665731768
5083.25,1,08:13:37.666479861
5083.25,2,08:13:37.670503497
5083.25,2,08:13:37.687138079
5083.5,40,08:13:38.222860726
5083.5,1,08:13:38.223185507
5083.5,2,08:13:38.223323536
5083.5,1,08:13:38.223494150
5083.5,2,08:13:38.223888980
5083.5,6,08:13:38.224471824
5083.5,2,08:13:38.226277307
5083.5,1,08:13:38.227810980
5083.25,1,08:13:39.546341115
5083.5,9,08:13:39.547632952
5083.5,1,08:13:39.547823138
5083.5,1,08:13:39.547886573
5083.5,2,08:13:40.461718484
5083.5,5,08:13:40.461948369
5083.75,1,08:13:44.087417588
5083.75,2,08:13:44.088161696
5083.75,1,08:13:44.121542150
5083.5,3,08:13:44.173894379
5083.5,1,08:13:44.174066213
5083.5,2,08:13:44.174143434
5083.5,4,08:13:44.175222905
5083.5,1,08:13:44.175572887
5083.5,1,08:13:44.176400058
5083.5,2,08:13:45.165485728
5083.75,1,08:13:45.461257499
5083.75,2,08:13:46.013358027
5083.5,1,08:13:46.366386911
5083.75,1,08:13:48.079114881
5083.5,1,08:13:50.002178075
5083.5,3,08:13:50.324739937
5083.5,2,08:13:50.324778136
5083.25,1,08:13:50.460171030
5083.25,1,08:13:50.460916363
5083.25,8,08:13:50.577696325
5083.25,6,08:13:51.101083244
5083.5,1,08:13:51.686938946
5083.5,8,08:13:51.687065534
5083.5,2,08:13:51.689801599
5083.5,11,08:13:52.754378677
5083.25,2,08:13:52.761060466
5083.5,1,08:13:52.770020657
5083.5,3,08:13:52.770101026
5083.5,1,08:13:54.442229444
5083.5,2,08:13:55.466583880
5083.5,12,08:13:55.466683290
5083.5,1,08:13:57.119111865
5083.5,1,08:13:57.566116931
5083.5,5,08:13:57.566306195
5083.5,2,08:13:57.566482333
5083.5,1,08:13:57.566691636
5083.25,1,08:14:00.832066481
5083.25,14,08:14:00.833279395
5083.25,1,08:14:00.842005888
5083.25,1,08:14:00.842039194
5083.25,1,08:14:00.842188787
5083.25,2,08:14:00.842378826
5083.25,5,08:14:00.842461474
5083.5,2,08:14:00.842595919
5083.25,2,08:14:00.842756866
5083.0,2,08:14:00.846339508
5083.25,1,08:14:00.846339508
5083.0,1,08:14:00.846353341
5083.0,3,08:14:00.846715950
5083.0,4,08:14:00.847264447
5083.25,1,08:14:00.847379916
5083.0,1,08:14:00.850104806
5083.0,26,08:14:00.850899026
5083.0,3,08:14:00.851228288
5083.0,1,08:14:00.852294331
5083.0,3,08:14:00.905610463
5083.0,3,08:14:00.906120597
5083.0,1,08:14:00.906303446
5083.0,2,08:14:00.906361053
5083.0,1,08:14:00.906463445
5083.0,2,08:14:00.906990733
5083.0,1,08:14:00.907203099
5083.25,1,08:14:02.866748537
5083.25,1,08:14:04.774312131
5083.25,3,08:14:05.027279554
5083.25,2,08:14:05.332808497
5083.25,3,08:14:05.332884169
5083.25,2,08:14:05.332884169
5083.25,2,08:14:05.333321743
5083.25,5,08:14:05.333538534
5083.25,1,08:14:05.333567636
5083.25,3,08:14:05.333674438
5083.25,1,08:14:05.333761816
5083.25,3,08:14:05.334113208
5083.25,2,08:14:06.380130821
5083.25,3,08:14:06.380169874
5083.25,1,08:14:06.678275776
5083.0,1,08:14:07.152030712
5083.25,4,08:14:08.772501556
5083.25,10,08:14:10.267918006
5083.25,1,08:14:10.268072608
5083.25,2,08:14:10.268154138
5083.25,1,08:14:10.268238492
5083.25,2,08:14:10.268238492
5083.25,1,08:14:10.268279367
5083.25,1,08:14:10.658594144
5083.25,1,08:14:11.188417354
5083.25,11,08:14:11.620000703
5083.25,1,08:14:11.620119574
5083.25,1,08:14:11.620202324
5083.25,1,08:14:11.620235681
5083.25,6,08:14:12.384481293
5083.25,2,08:14:12.384826267
5083.25,1,08:14:12.548924497
5083.5,3,08:14:12.643912951
5083.25,2,08:14:12.643912951
5083.5,1,08:14:12.643926685
5083.25,2,08:14:15.038940056
5083.25,3,08:14:15.039005238
5083.25,5,08:14:15.039182653
5083.0,25,08:14:17.107987042
5083.0,1,08:14:17.110814926
5083.0,14,08:14:17.111918397
5083.0,2,08:14:17.112149484
5083.0,1,08:14:17.112195894
5083.0,1,08:14:17.112374056
5083.0,1,08:14:17.113190446
5083.0,2,08:14:18.060144628
5083.0,1,08:14:18.061525795
5083.0,1,08:14:18.062456380
5083.0,1,08:14:18.062630495
5083.0,1,08:14:18.062824227
5083.0,5,08:14:21.407888561
5083.0,2,08:14:21.408235803
5083.0,2,08:14:21.408441878
5083.0,1,08:14:21.408646721
5083.0,11,08:14:21.980932182
5083.0,3,08:14:21.980997921
5083.0,4,08:14:21.981377382
5083.0,1,08:14:21.981712760
5082.75,1,08:14:22.560485829
5082.75,2,08:14:22.560498213
5082.75,1,08:14:22.560498213
5083.0,10,08:14:23.096319360
5083.0,2,08:14:23.096551282
5083.0,6,08:14:23.334227241
5083.0,10,08:14:23.334570960
5083.0,2,08:14:23.334775800
5083.0,1,08:14:23.385793517
5083.0,1,08:14:24.224850781
5083.0,8,08:14:24.224967481
5083.0,2,08:14:24.225027235
5083.0,3,08:14:24.225074704
5083.0,2,08:14:24.225117701
5083.0,1,08:14:24.423729406
5083.0,6,08:14:25.194645947
5083.0,3,08:14:30.184519372
5083.0,3,08:14:30.184574711
5083.0,15,08:14:30.184757182
5083.0,1,08:14:31.541711831
5082.75,1,08:14:32.705396934
5083.0,1,08:14:33.195791183
5082.75,1,08:14:33.500877089
5082.75,16,08:14:34.353882571
5082.75,1,08:14:35.116438376
5082.5,1,08:14:35.593826556
5082.5,1,08:14:35.593840729
5082.5,2,08:14:37.130171053
5082.5,7,08:14:37.130367166
5082.5,2,08:14:37.133850561
5082.75,6,08:14:39.309475821
5082.75,7,08:14:39.309856452
5082.75,2,08:14:39.310075827
5082.75,1,08:14:39.310287184
5082.75,1,08:14:39.310326430
5082.75,1,08:14:39.310558886
5082.5,1,08:14:39.832515891
5082.5,1,08:14:41.005980459
5082.5,1,08:14:41.745056276
5082.5,1,08:14:42.892167063
5082.5,15,08:14:43.274929735
5082.5,2,08:14:43.279045406
5082.5,2,08:14:43.279253909
5082.5,4,08:14:43.279511845
5082.5,1,08:14:43.279713659
5082.5,3,08:14:43.279856312
5082.25,1,08:14:43.312229100
5082.25,1,08:14:43.312239625
5082.25,1,08:14:45.452187385
5082.5,2,08:14:46.215223592
5082.5,8,08:14:46.215818320
5082.5,6,08:14:46.215881268
5082.5,2,08:14:46.215881268
5082.5,1,08:14:46.861720454
5082.5,1,08:14:47.282626231
5082.75,1,08:14:48.778286491
5082.5,1,08:14:48.870614221
5082.5,1,08:14:48.979897829
5082.5,3,08:14:48.981066985
5082.5,1,08:14:48.981281392
5082.5,1,08:14:48.981356667
5082.5,2,08:14:48.981630955
5082.5,1,08:14:50.439923409
5082.5,1,08:14:50.607884325
5082.5,6,08:14:50.904104863
5082.5,1,08:14:50.904288944
5082.5,1,08:14:50.904371522
5082.5,2,08:14:50.904426899
5082.5,1,08:14:50.904570976
5082.5,1,08:14:50.911190229
5082.5,1,08:14:50.911318500
5082.25,2,08:14:52.713345919
5082.5,1,08:14:58.766793344
5082.5,6,08:14:58.986593335
5082.5,1,08:14:59.238168515
5082.5,1,08:14:59.271065521
5082.5,1,08:14:59.950179978
5082.75,1,08:15:00.061106159
5082.75,1,08:15:00.199133019
5082.75,16,08:15:00.325600793
5083.0,4,08:15:00.325600793
5082.75,1,08:15:00.716670488
5082.75,8,08:15:00.824006188
5082.75,7,08:15:00.824054970
5082.5,1,08:15:05.367147428
5082.75,10,08:15:05.423233176
5082.75,2,08:15:05.671236303
5082.75,1,08:15:05.671541211
5082.75,1,08:15:05.688737055
5082.75,1,08:15:05.688962263
5082.75,4,08:15:05.689477204
5082.5,8,08:15:08.837878191
5082.5,2,08:15:08.837924631
5082.5,5,08:15:09.366295687
5082.5,3,08:15:09.366715394
5082.25,19,08:15:09.750785744
5082.25,4,08:15:09.751542440
5082.25,3,08:15:09.751738957
5082.25,1,08:15:09.751785950
5082.25,2,08:15:10.293391319
5082.25,4,08:15:10.294794337
5082.25,1,08:15:10.295141841
5082.25,5,08:15:10.295204392
5082.25,1,08:15:10.295408586
5082.25,2,08:15:10.295520830
5082.25,1,08:15:10.296847408
5082.0,1,08:15:10.646055771
5082.0,1,08:15:10.646066651
5082.25,4,08:15:10.885550104
5082.25,1,08:15:11.440166934
5082.25,1,08:15:11.440244833
5082.25,5,08:15:11.440309398
5082.5,2,08:15:14.668693168
5082.25,6,08:15:17.234058128
5082.25,4,08:15:21.304384250
5082.25,3,08:15:22.169149314
5082.25,2,08:15:22.169199538
5082.25,1,08:15:22.169199538
5082.25,3,08:15:22.169280257
5082.25,2,08:15:22.169321486
5082.25,1,08:15:22.169466530
5082.25,2,08:15:22.169541725
5082.25,1,08:15:22.169646482
5082.25,2,08:15:22.169849885
5082.25,1,08:15:22.169887354
5082.25,2,08:15:22.170351524
5082.25,2,08:15:22.170679982
5082.25,1,08:15:22.184471529
5082.25,4,08:15:22.184719981
5082.25,1,08:15:22.854404848
5082.25,1,08:15:22.855161558
5082.25,1,08:15:22.956492136
5082.25,3,08:15:22.957210320
5082.5,5,08:15:24.114890920
5082.5,1,08:15:24.115124071
5082.5,4,08:15:24.115232933
5082.5,1,08:15:24.397563592
5082.75,20,08:15:25.107085442
5082.5,3,08:15:27.017651231
5082.5,1,08:15:31.588449659
5082.5,1,08:15:36.164145689
5082.5,2,08:15:39.625479276
5082.5,22,08:15:39.625796424
5082.5,1,08:15:42.617022445
5082.5,3,08:15:42.617184068
5082.5,3,08:15:42.617411549
5082.5,2,08:15:42.617411549
5082.5,1,08:15:42.617705118
5082.5,1,08:15:42.617746449
5082.5,3,08:15:42.617963373
5082.5,4,08:15:42.619654344
5082.25,1,08:15:44.915199792
5082.25,3,08:15:45.961666405
5082.25,1,08:15:45.961824152
5082.25,1,08:15:45.961862732
5082.25,1,08:15:45.961900650
5082.25,3,08:15:45.961984798
5082.25,1,08:15:45.962017433
5082.25,2,08:15:45.962110916
5082.25,1,08:15:45.962110916
5082.25,11,08:15:48.092460728
5082.25,1,08:15:48.092960798
5082.25,3,08:15:48.093100865
5082.25,2,08:15:48.093100865
5082.25,1,08:15:48.093593294
5082.25,1,08:15:48.093629737
5082.25,1,08:15:48.093766101
5082.25,1,08:15:48.093822605
5082.0,1,08:15:48.413497206
5082.0,20,08:15:48.544206564
5082.0,1,08:15:50.234618613
5082.0,6,08:15:50.234832636
5082.0,2,08:15:50.235143632
5082.0,2,08:15:50.235364347
5082.0,1,08:15:50.398632709
5081.75,9,08:15:51.592989901
5081.5,2,08:15:51.853522698
5081.5,1,08:15:51.853542449
5081.5,2,08:15:51.853542449
5081.5,1,08:15:51.875369278
5081.5,1,08:15:51.991494581
5081.5,1,08:15:52.739372240
5081.5,1,08:15:53.397113219
5081.5,10,08:15:53.581044803
5081.5,6,08:15:53.581813245
5081.5,1,08:15:53.581901044
5081.5,2,08:15:53.582285120
5081.5,3,08:15:53.582503857
5081.5,1,08:15:53.582623827
5081.5,1,08:15:53.582753177
5081.5,1,08:15:55.362841119
5081.75,1,08:16:00.027696785
5081.75,23,08:16:00.082387196
5081.75,6,08:16:00.083501012
5081.75,1,08:16:00.083792451
5081.75,1,08:16:00.083983047
5081.75,4,08:16:00.085289415
5081.75,1,08:16:00.157014615
5081.75,1,08:16:01.208735041
5081.5,18,08:16:02.436890373
5081.5,4,08:16:02.443532973
5081.5,14,08:16:02.443783554
5081.5,3,08:16:02.443992214
5081.5,1,08:16:02.444180730
5081.5,3,08:16:02.444300236
5081.5,2,08:16:02.444543211
5081.5,1,08:16:02.444580367
5081.5,1,08:16:02.536381125
5081.25,1,08:16:03.352300599
5081.5,1,08:16:03.463478156
5081.25,1,08:16:04.420792415
5081.5,5,08:16:04.446747395
5081.5,1,08:16:04.446791281
5081.5,1,08:16:04.446886639
5081.5,2,08:16:04.446987815
5081.5,1,08:16:04.446987815
5081.5,4,08:16:04.447368146
5081.5,1,08:16:04.539856615
5081.5,1,08:16:05.160148567
5081.5,1,08:16:08.216210110
5081.75,12,08:16:08.296333588
5082.0,1,08:16:11.039689586
5082.0,4,08:16:11.041443156
5082.0,1,08:16:11.041616505
5082.0,1,08:16:11.041785068
5082.0,1,08:16:11.041908965
5082.0,1,08:16:11.043206482
5082.0,3,08:16:11.043941560
5082.0,1,08:16:11.688590465
5082.0,1,08:16:11.688751457
5082.0,2,08:16:11.688963964
5081.75,1,08:16:12.886809374
5082.0,1,08:16:14.535487769
5082.0,2,08:16:14.535844150
5081.75,3,08:16:18.310169462
5081.75,7,08:16:18.310274539
5081.75,3,08:16:18.310376451
5081.75,1,08:16:18.310512797
5081.75,1,08:16:18.310592110
5081.75,4,08:16:18.310636655
5081.75,5,08:16:18.552297656
5081.75,5,08:16:18.552653283
5081.75,1,08:16:18.552794895
5081.5,6,08:16:19.662232179
5081.5,21,08:16:19.662722259
5081.5,1,08:16:19.662848822
5081.5,1,08:16:19.662869354
5081.5,1,08:16:19.663075342
5081.5,3,08:16:19.663177983
5081.5,1,08:16:19.663261233
5081.5,3,08:16:19.663261233
5081.5,3,08:16:19.663521396
5081.5,3,08:16:20.089118239
5081.25,1,08:16:23.562514810
5081.25,9,08:16:24.353445734
5081.25,1,08:16:24.353595119
5081.25,1,08:16:24.353644853
5081.25,8,08:16:25.990748957
5081.25,1,08:16:26.005219299
5081.25,2,08:16:26.005626204
5081.25,1,08:16:26.006869800
5081.5,1,08:16:28.438078536
5081.25,1,08:16:29.026882653
5081.5,6,08:16:32.683876832
5081.5,10,08:16:32.684329705
5081.5,1,08:16:32.684522826
5081.5,1,08:16:32.684608316
5081.5,1,08:16:32.684668384
5081.25,2,08:16:33.765342704
5081.25,1,08:16:34.537770796
5081.5,1,08:16:35.445925634
5081.5,2,08:16:35.446036909
5081.5,1,08:16:36.041373399
5081.5,1,08:16:36.041532862
5081.5,2,08:16:36.041596949
5081.25,20,08:16:36.047579409
5081.5,3,08:16:36.080429721
5081.5,2,08:16:36.080619107
5081.5,1,08:16:36.182850580
5081.5,1,08:16:36.469000956
5081.25,14,08:16:36.642733043
5081.25,2,08:16:36.643655866
5081.25,1,08:16:40.133191677
5081.25,1,08:16:40.241681960
5081.25,1,08:16:40.404916139
5081.0,1,08:16:40.599939006
5081.0,1,08:16:40.599951563
5081.0,1,08:16:41.168131377
5081.25,1,08:16:42.648674640
5081.25,3,08:16:44.793367891
5081.25,1,08:16:44.793522567
5081.25,4,08:16:44.793653004
5081.25,1,08:16:44.794054548
5081.25,1,08:16:44.794100072
5081.25,4,08:16:44.794328529
5081.25,2,08:16:44.794425861
5081.25,1,08:16:44.794538606
5081.25,2,08:16:46.212202024
5081.5,1,08:16:46.894063573
5081.5,1,08:16:46.897182881
5081.5,12,08:16:46.923861581
5081.75,7,08:16:47.925446356
5082.0,1,08:16:47.925461396
5081.75,1,08:16:47.941904521
5081.5,1,08:16:48.407650723
5081.5,8,08:16:50.071609544
5081.5,7,08:16:50.071700275
5081.5,4,08:16:50.071734260
5081.5,3,08:16:50.072134117
5081.5,2,08:16:50.166859959
5081.5,4,08:16:50.971289509
5081.5,1,08:16:50.971369002
5081.5,5,08:16:56.957501111
5081.5,2,08:16:56.957660683
5081.5,2,08:17:00.058092944
5081.5,5,08:17:00.058155108
5081.75,2,08:17:01.405251430
5081.75,1,08:17:01.405319709
5081.75,2,08:17:01.405319709
5081.75,1,08:17:01.405351214
5082.0,11,08:17:05.095186616
5082.0,1,08:17:05.095373394
5082.0,1,08:17:05.095508293
5082.0,1,08:17:05.095617358
5082.0,4,08:17:05.095718002
5082.0,8,08:17:06.324918729
5082.0,1,08:17:06.325235603
5082.0,1,08:17:06.496528914
5082.0,5,08:17:06.496627833
5082.0,5,08:17:06.497101037
5082.0,1,08:17:06.497209497
5082.0,2,08:17:06.498639862
5082.0,1,08:17:08.149647186
5082.25,10,08:17:08.391428862
5082.25,1,08:17:08.574914962
5082.5,10,08:17:10.835213010
5082.5,2,08:17:10.835391667
5082.5,5,08:17:10.836954356
5082.5,1,08:17:10.837105417
5082.5,2,08:17:10.837199412
5082.5,3,08:17:10.837553531
5082.5,1,08:17:10.838552063
5082.5,3,08:17:10.851764019
5082.25,25,08:17:10.868953114
5082.25,5,08:17:10.869442045
5082.0,9,08:17:10.946123944
5082.0,5,08:17:10.946807228
5082.0,8,08:17:10.947082436
5082.0,1,08:17:10.947287036
5082.0,2,08:17:10.947333855
5082.0,3,08:17:10.969327502
5082.0,2,08:17:10.969523436
5082.0,1,08:17:10.969669336
5082.0,2,08:17:11.093584084
5082.0,3,08:17:11.093893095
5082.0,3,08:17:11.094062522
5081.75,4,08:17:11.359335190
5081.75,25,08:17:11.360460793
5081.75,1,08:17:11.360586383
5081.75,2,08:17:11.361050325
5081.75,1,08:17:11.362023827
5081.75,2,08:17:11.362249216
5081.75,2,08:17:11.425992289
5081.75,1,08:17:11.426231298
5081.75,2,08:17:11.426271491
5081.75,1,08:17:11.426644190
5081.75,1,08:17:11.608991783
5082.0,1,08:17:14.033138734
5081.75,3,08:17:15.352632939
5081.75,1,08:17:15.352799186
5081.75,7,08:17:15.462499312
5081.75,6,08:17:15.462877586
5081.75,1,08:17:15.463005934
5081.75,4,08:17:15.463456579
5082.0,1,08:17:16.872289749
5081.75,4,08:17:19.769187592
5081.75,2,08:17:20.916462572
5081.75,3,08:17:20.916750850
5081.5,1,08:17:21.262657797
5081.75,1,08:17:22.437657415
5081.5,1,08:17:23.746853850
5081.5,2,08:17:23.747027370
5081.5,6,08:17:23.747091588
5081.5,3,08:17:23.747137676
5081.5,1,08:17:23.748980384
5081.5,1,08:17:23.749347874
5081.5,2,08:17:23.749512825
5081.5,3,08:17:23.749568173
5081.5,2,08:17:25.065542148
5081.5,7,08:17:25.065660135
5081.5,5,08:17:25.764078555
5081.5,1,08:17:30.492177530
5081.5,2,08:17:33.707660055
5081.5,4,08:17:33.707878543
5081.5,1,08:17:34.312678370
5081.25,1,08:17:41.767924557
5081.5,9,08:17:41.767924557
5081.25,1,08:17:41.767942328
5081.5,10,08:17:41.768441607
5081.5,1,08:17:41.768621527
5081.5,1,08:17:41.768645736
5081.5,3,08:17:41.768695430
5081.5,1,08:17:41.768901491
5081.75,2,08:17:42.582619010
5081.75,1,08:17:42.582652335
5081.75,1,08:17:42.582701018
5081.75,3,08:17:42.582869198
5081.75,1,08:17:42.582899960
5081.75,3,08:17:42.949741874
5081.5,3,08:17:45.123217153
5081.5,8,08:17:45.969536367
5081.5,6,08:17:45.969583314
5081.5,2,08:17:45.969583314
5081.25,1,08:17:46.187088810
5081.5,1,08:17:46.886724798
5081.25,8,08:17:47.410477872
5081.25,5,08:17:47.637121348
5081.25,6,08:17:48.201030897
5081.25,1,08:17:48.960714355
5081.25,2,08:17:50.239370565
5081.25,6,08:17:50.239577097
5081.0,2,08:17:54.062893646
5081.0,12,08:17:54.063070924
5081.0,2,08:17:54.063104125
5081.0,1,08:17:54.063174570
5081.0,1,08:17:54.063242357
5081.0,2,08:17:54.063311697
5081.0,1,08:17:54.063356196
5081.0,1,08:17:54.063631626
5081.0,2,08:17:54.063792961
5081.0,1,08:17:54.063862434
5081.0,3,08:17:54.064105514
5081.0,1,08:17:54.066859627
5081.25,1,08:17:54.438814029
5081.25,2,08:17:55.321142867
5081.25,7,08:17:55.321415717
5081.25,2,08:17:55.322193624
5081.25,2,08:17:55.322700152
5081.25,2,08:17:57.845724519
5081.25,2,08:17:57.846112585
5081.0,4,08:17:59.459918313
5081.0,2,08:17:59.460111959
5081.0,3,08:17:59.786250594
5081.0,1,08:17:59.786269529
5081.0,1,08:17:59.786412126
5081.0,2,08:17:59.786482278
5081.0,2,08:17:59.786733151
5081.0,1,08:17:59.786905049
5081.0,1,08:17:59.787468873
5081.0,1,08:17:59.787885926
5081.0,1,08:18:00.374199424
5081.0,2,08:18:01.029314612
5081.0,2,08:18:01.029608157
5081.0,1,08:18:01.029644442
5081.0,7,08:18:01.029898277
5081.0,1,08:18:01.030062659
5081.0,1,08:18:01.030441639
5081.0,1,08:18:01.900338661
5081.0,1,08:18:03.672175892
5081.0,1,08:18:04.696814451
5081.0,7,08:18:04.696936345
5080.75,31,08:18:05.368169258
5081.0,9,08:18:05.368169258
5080.75,2,08:18:05.368180993
5080.75,1,08:18:05.368180993
5081.0,1,08:18:06.615099539
5081.0,4,08:18:06.615310794
5080.75,1,08:18:06.733768468
5080.75,1,08:18:07.324619760
5080.75,2,08:18:08.418689462
5081.0,1,08:18:08.898480923
5081.0,4,08:18:08.898734166
5081.0,3,08:18:08.970149734
5081.0,3,08:18:08.970206631
5081.0,1,08:18:08.971300420
5081.0,1,08:18:08.971500562
5081.25,1,08:18:09.023571618
5081.25,1,08:18:09.554015557
5081.25,2,08:18:09.579694104
5081.25,3,08:18:09.591028154
5081.25,3,08:18:09.650639397
5081.0,1,08:18:11.596783006
5081.0,4,08:18:11.596830617
5081.0,1,08:18:11.596866980
5081.0,2,08:18:11.596931285
5081.0,3,08:18:13.707880054
5081.0,1,08:18:13.708079582
5081.0,1,08:18:13.708291881
5081.0,1,08:18:15.917739578
5081.0,1,08:18:18.432648773
5080.75,1,08:18:18.949860236
5081.0,1,08:18:19.458747035
5081.0,1,08:18:19.623961882
5081.0,4,08:18:21.384435593
5081.0,1,08:18:21.384647362
5081.0,2,08:18:21.384875568
5081.0,6,08:18:21.385314489
5081.0,1,08:18:21.385516029
5081.0,2,08:18:21.385560436
5081.0,1,08:18:23.872633757
5081.0,1,08:18:24.810825590
5081.0,1,08:18:25.006926237
5081.0,1,08:18:25.741051668
5081.0,1,08:18:27.049583648
5081.0,1,08:18:27.675144140
5080.75,3,08:18:27.813278783
5080.75,3,08:18:27.813363713
5080.75,1,08:18:27.813363713
5080.75,1,08:18:27.814501810
5080.75,1,08:18:27.815497414
5080.5,17,08:18:28.152908805
5080.5,1,08:18:28.152934140
5080.5,1,08:18:28.186808043
5080.5,2,08:18:29.533875410
5080.75,1,08:18:29.591815364
5080.75,1,08:18:29.974563430
5080.75,3,08:18:31.597287437
5080.75,1,08:18:31.597458136
5080.75,5,08:18:31.597745374
5080.75,1,08:18:31.598109397
5080.75,5,08:18:31.751406761
5080.75,2,08:18:31.799538525
5080.75,4,08:18:31.799791673
5080.75,2,08:18:33.565821120
5081.0,3,08:18:34.517168545
5081.0,2,08:18:34.517397607
5081.0,1,08:18:34.517750471
5081.0,1,08:18:34.994722940
5081.0,4,08:18:35.468190890
5080.75,1,08:18:36.881500967
5080.75,4,08:18:36.881583554
5080.75,2,08:18:36.881583554
5080.75,1,08:18:36.881618295
5080.75,1,08:18:36.882088224
5080.75,2,08:18:36.882444558
5080.75,2,08:18:36.882980501
5080.75,1,08:18:37.208697148
5080.75,2,08:18:38.750939718
5080.75,3,08:18:39.502015836
5080.75,1,08:18:39.502318313
5080.5,2,08:18:42.471798677
5080.75,1,08:18:44.117279420
5080.5,1,08:18:44.649747621
5080.75,1,08:18:45.083732905
5080.75,3,08:18:48.093769106
5080.75,4,08:18:48.094071253
5080.75,7,08:18:50.798743773
5080.75,2,08:18:50.799310198
5080.5,1,08:18:51.881598030
5080.5,2,08:18:51.881677631
5080.5,32,08:18:51.881965282
5080.5,1,08:18:51.883265433
5080.25,13,08:18:52.144484296
5080.0,1,08:18:52.790190837
5080.0,1,08:18:52.790202152
5080.0,1,08:18:53.566941935
5080.25,1,08:18:53.607092811
5080.25,1,08:18:54.158605992
5080.25,2,08:18:54.158654725
5080.25,2,08:18:54.158763261
5080.25,3,08:18:54.158845606
5080.25,1,08:18:54.158845606
5080.25,2,08:18:54.159048228
5080.25,2,08:18:54.159089732
5080.25,1,08:18:54.159218372
5080.25,3,08:18:57.204041169
5080.25,1,08:18:57.204187054
5080.25,1,08:18:57.204234271
5080.25,1,08:18:57.204296487
5080.25,1,08:18:57.204569504
5080.25,2,08:18:57.204915786
5080.25,1,08:18:57.205218320
5080.25,2,08:18:57.474569392
5080.25,1,08:18:57.474742302
5080.0,30,08:18:58.700492407
5080.0,1,08:18:58.701100585
5080.0,1,08:18:58.701156119
5080.0,2,08:18:58.701347592
5080.0,4,08:18:58.701372639
5080.0,2,08:18:58.701758733
5080.0,3,08:18:58.705160264
5080.0,5,08:18:58.705454221
5080.0,1,08:18:58.705630504
5080.0,1,08:18:58.705918900
5080.0,4,08:18:58.828632659
5080.25,1,08:18:58.850917988
5080.0,1,08:18:59.859395351
5080.0,1,08:18:59.961366484
5079.75,1,08:19:01.607177352
5079.75,1,08:19:01.711571575
5079.75,1,08:19:02.331340016
5080.0,1,08:19:02.681481482
5080.0,3,08:19:03.798807016
5080.0,3,08:19:03.798890704
5080.0,3,08:19:03.800260140
5080.0,4,08:19:03.800523892
5080.0,1,08:19:03.876277778
5080.0,3,08:19:03.877026405
5080.0,1,08:19:03.877134558
5080.0,1,08:19:03.877448007
5080.0,1,08:19:03.879420956
5080.0,1,08:19:04.157055861
5080.25,17,08:19:04.818350476
5080.25,6,08:19:05.411007410
5080.25,10,08:19:05.411325067
5080.25,2,08:19:05.411482601
5080.0,2,08:19:05.520054081
5080.5,6,08:19:05.702809786
5080.0,3,08:19:06.287638475
5080.0,2,08:19:06.287676239
5080.0,1,08:19:06.287780609
5080.0,1,08:19:07.307252076
5080.0,1,08:19:07.464342645
5080.0,1,08:19:07.618706035
5080.0,1,08:19:07.809214126
5080.0,3,08:19:07.883135398
5080.0,1,08:19:08.161995082
5080.0,1,08:19:08.952521592
5080.0,3,08:19:08.952574287
5080.0,1,08:19:08.952618476
5080.0,1,08:19:08.952704968
5079.75,1,08:19:13.024415687
5080.0,10,08:19:15.099542344
5080.25,2,08:19:17.974332161
5080.25,3,08:19:17.974394351
5080.25,1,08:19:17.983728661
5080.25,3,08:19:17.983839805
5080.25,2,08:19:17.983839805
5080.25,1,08:19:17.983908248
5080.25,1,08:19:17.984165476
5080.25,1,08:19:17.984222033
5080.25,2,08:19:17.984369787
5080.25,1,08:19:17.984369787
5080.25,1,08:19:17.984467773
5080.25,2,08:19:17.984657067
5080.0,2,08:19:18.149839033
5080.0,1,08:19:20.934178413
5080.25,1,08:19:21.342184303
5080.0,11,08:19:21.814866056
5080.0,3,08:19:21.815246312
5080.0,1,08:19:21.815441527
5080.0,4,08:19:21.815493288
5080.0,3,08:19:22.508037151
5079.75,1,08:19:25.747340245
5079.75,1,08:19:25.747524118
5079.75,2,08:19:25.747595668
5079.75,3,08:19:25.747660582
5079.75,6,08:19:26.062093457
5079.75,6,08:19:26.062462294
5079.75,1,08:19:26.062637831
5079.75,2,08:19:26.062693636
5079.75,2,08:19:26.062764717
5079.75,5,08:19:28.764865652
5079.75,1,08:19:28.766852044
5079.5,1,08:19:30.270644881
5079.5,1,08:19:30.270658629
5079.5,1,08:19:30.697080439
5079.75,1,08:19:32.295668831
5079.75,1,08:19:32.295826530
5079.75,1,08:19:32.295969201
5079.75,1,08:19:32.443024750
5080.0,1,08:19:32.736978916
5079.75,6,08:19:33.393513091
5079.75,1,08:19:33.917664027
5079.75,2,08:19:34.544385974
5080.0,10,08:19:36.183881933
5080.0,1,08:19:40.180581842
5080.0,4,08:19:40.620011300
5079.75,1,08:19:41.131394503
5080.0,1,08:19:41.495253676
5079.75,10,08:19:44.233873348
5079.75,1,08:19:45.180755835
5079.75,1,08:19:45.959969523
5079.75,1,08:19:45.989596351
5079.75,2,08:19:54.046729658
5079.75,1,08:19:54.046875052
5079.75,15,08:19:54.047061725
5079.75,2,08:19:54.049419337
5079.75,7,08:19:54.049701365
5079.75,1,08:19:54.049813498
5079.75,3,08:19:54.050088586
5079.5,2,08:19:54.127411750
5079.5,2,08:19:54.127499629
5079.5,1,08:19:54.127532423
5079.5,9,08:19:54.127791140
5079.5,2,08:19:54.128482815
5079.5,1,08:19:55.209235397
5079.5,1,08:19:56.215046805
5079.5,7,08:19:56.215177838
5079.5,2,08:19:56.215177838
5079.5,5,08:19:56.215452896
5079.5,1,08:19:56.215691848
5079.5,1,08:19:57.444722577
5079.25,1,08:19:58.249151173
5079.25,1,08:19:58.249161941
5079.25,2,08:19:59.724726294
5079.5,1,08:19:59.786604587
5079.25,3,08:20:00.794927820
5079.5,5,08:20:01.719088271
5079.5,1,08:20:01.719807297
5079.5,1,08:20:01.719960510
5079.5,3,08:20:01.774179200
5079.5,4,08:20:01.775512034
5079.75,2,08:20:01.905564671
5079.5,1,08:20:02.333118060
5079.75,2,08:20:02.492439811
5079.75,2,08:20:03.004715392
5079.75,2,08:20:03.004806820
5079.75,1,08:20:03.004806820
5080.0,2,08:20:03.022536679
5080.0,1,08:20:03.138955557
5080.0,1,08:20:03.911882135
5080.0,1,08:20:07.598398009
5080.0,1,08:20:07.676914275
5080.0,1,08:20:09.599233398
5079.75,1,08:20:10.455988837
5079.75,6,08:20:13.961664567
5079.75,2,08:20:13.961819155
5079.75,8,08:20:13.961819155
5079.75,2,08:20:13.961884492
5079.75,3,08:20:13.961972784
5079.75,1,08:20:13.962106947
5079.75,3,08:20:13.962106947
5079.75,8,08:20:13.962176324
5079.75,1,08:20:13.962601635
5079.75,8,08:20:15.799646416
5079.75,2,08:20:15.799745890
5079.75,1,08:20:16.074382510
5079.75,1,08:20:16.098274915
5080.0,1,08:20:18.621804062
5080.0,3,08:20:18.621865240
5080.0,2,08:20:18.621895974
5080.25,1,08:20:18.645369417
5080.0,1,08:20:18.686628661
5080.25,1,08:20:22.157620433
5080.25,3,08:20:22.159109135
5080.25,3,08:20:22.452373312
5080.25,1,08:20:23.672336881
5080.25,5,08:20:29.011681598
5080.25,6,08:20:29.012174645
5080.25,6,08:20:29.012261750
5080.25,1,08:20:29.012425201
5080.25,3,08:20:29.012583015
5080.25,1,08:20:29.012823749
5080.25,6,08:20:30.165742604
5080.25,1,08:20:30.165959713
5080.25,3,08:20:34.286576684
5080.25,5,08:20:34.286679706
5080.25,1,08:20:34.286679706
5080.25,1,08:20:34.288384650
5080.25,1,08:20:34.288473375
5080.25,1,08:20:35.007771774
5080.5,1,08:20:39.013988807
5080.5,1,08:20:39.014004893
5080.5,2,08:20:39.014125914
5080.5,13,08:20:39.014430739
5080.5,2,08:20:39.014568290
5080.5,1,08:20:39.014568290
5080.5,1,08:20:39.014771366
5080.5,2,08:20:39.028041055
5080.5,1,08:20:39.142063910
5080.5,2,08:20:39.266118324
5080.75,3,08:20:42.073510834
5080.75,2,08:20:42.620483823
5080.75,4,08:20:46.314763010
5080.75,1,08:20:46.316103694
5080.75,1,08:20:46.404928177
5080.75,1,08:20:46.405246158
5080.5,1,08:20:47.683994549
5080.75,1,08:20:49.212694949
5080.75,7,08:20:49.916210693
5080.75,1,08:20:49.917336837
5080.75,1,08:20:51.132464116
5080.75,1,08:20:56.384041027
5080.75,1,08:20:56.553322911
5081.0,6,08:20:57.089343631
5081.25,1,08:20:58.681918015
5081.25,2,08:20:59.529784865
5081.25,2,08:20:59.776532386
5081.25,3,08:21:00.093070346
5081.0,2,08:21:00.507855037
5081.0,1,08:21:00.508554213
5081.0,4,08:21:00.508746815
5081.0,14,08:21:00.508746815
5081.0,1,08:21:00.508746815
5081.0,1,08:21:00.508773049
5081.0,8,08:21:00.508773049
5081.0,1,08:21:01.248941031
5080.75,1,08:21:04.643601314
5081.0,2,08:21:05.418638669
5081.0,2,08:21:05.418807828
5081.0,1,08:21:05.418840174
5081.0,2,08:21:05.419125559
5080.75,3,08:21:05.578148033
5080.75,6,08:21:06.286520349
5080.5,9,08:21:06.440868268
5080.5,1,08:21:06.440953742
5080.5,2,08:21:06.440953742
5080.5,1,08:21:06.441063382
5080.5,2,08:21:06.753672061
5080.5,3,08:21:06.753982112
5080.5,1,08:21:10.038897909
5080.5,1,08:21:10.039095330
5080.5,3,08:21:10.207943917
5080.5,2,08:21:10.208148576
5080.5,1,08:21:10.208184363
5080.5,1,08:21:10.222266861
5080.5,1,08:21:10.225104240
5080.5,2,08:21:10.230311854
5080.5,7,08:21:13.294771114
5080.5,3,08:21:14.813286474
5080.5,4,08:21:14.813338063
5080.5,2,08:21:14.813446472
5080.5,1,08:21:14.813529903
5080.5,3,08:21:14.813772004
5080.25,5,08:21:14.954557616
5080.25,8,08:21:16.193821060
5080.25,2,08:21:16.193923723
5080.25,2,08:21:16.194450229
5080.25,1,08:21:17.978158720
5080.25,1,08:21:17.978232849
5080.25,3,08:21:17.978232849
5080.5,20,08:21:17.984246487
5080.5,1,08:21:17.984446181
5080.75,1,08:21:18.651622663
5080.75,1,08:21:19.267438893
5080.5,2,08:21:20.455587646
5080.5,4,08:21:22.919841316
5080.5,5,08:21:23.235210231
5080.5,2,08:21:23.235787738
5080.5,1,08:21:23.236281952
5081.0,6,08:21:23.647898441
5080.5,14,08:21:23.647898441
5080.75,30,08:21:23.647898441
5080.5,8,08:21:23.649753518
5080.5,1,08:21:23.650011190
5080.5,1,08:21:23.650143925
5080.5,1,08:21:23.650186801
5080.5,3,08:21:23.650299180
5080.5,1,08:21:23.650299180
5080.5,1,08:21:23.650468889
5080.5,1,08:21:23.650597740
5080.5,2,08:21:23.650597740
5080.5,1,08:21:23.650651414
5080.5,1,08:21:23.650749566
5080.5,1,08:21:23.650968656
5080.5,1,08:21:23.651032299
5080.75,1,08:21:23.764703344
5080.5,1,08:21:26.161945694
5080.5,2,08:21:26.162024386
5080.5,1,08:21:26.162024386
5080.5,1,08:21:26.162141016
5080.5,2,08:21:26.162141016
5080.5,6,08:21:26.162186683
5080.5,2,08:21:26.162268097
5080.5,1,08:21:26.162268097
5080.5,1,08:21:26.162320597
5080.5,2,08:21:26.162320597
5080.5,2,08:21:26.168542793
5080.5,2,08:21:26.168600105
5080.5,2,08:21:26.168718693
5080.5,2,08:21:26.168761740
5080.25,2,08:21:27.784490543
5080.25,1,08:21:27.784588183
5080.25,1,08:21:28.507433003
5080.25,4,08:21:28.507497526
5080.25,2,08:21:28.507771628
5080.0,1,08:21:30.969995824
5080.0,5,08:21:31.179702753
5080.0,1,08:21:31.180426631
5080.0,1,08:21:31.180510725
5079.75,9,08:21:33.992178854
5079.75,3,08:21:33.992303019
5079.5,1,08:21:35.173380372
5079.75,6,08:21:35.192016157
5079.75,2,08:21:35.192604794
5079.75,1,08:21:35.384740164
5079.75,7,08:21:35.585479910
5079.5,1,08:21:39.213521250
5079.5,3,08:21:39.213565368
5079.5,7,08:21:39.213767331
5079.5,5,08:21:39.213866312
5079.5,3,08:21:40.013700131
5079.25,1,08:21:41.011978634
5079.5,2,08:21:41.049859840
5079.5,4,08:21:41.050108302
5079.5,1,08:21:41.050175335
5079.5,1,08:21:41.050316525
5079.5,1,08:21:41.050583244
5079.5,2,08:21:41.291597068
5079.75,1,08:21:41.304711876
5079.75,1,08:21:41.561268954
5079.75,9,08:21:41.561581203
5079.75,1,08:21:41.963364491
5079.75,4,08:21:43.386786565
5079.75,1,08:21:44.119148923
5080.0,2,08:21:44.288386220
5080.0,1,08:21:45.632103173
5079.75,25,08:21:49.756405690
5079.75,18,08:21:49.757261886
5079.75,3,08:21:49.758083138
5079.75,1,08:21:49.758156526
5079.75,1,08:21:49.758321214
5079.75,1,08:21:49.758489204
5079.75,10,08:21:49.763698660
5079.75,2,08:21:49.765082425
5080.0,4,08:21:51.261177083
5080.0,1,08:21:51.261342596
5080.0,3,08:21:51.261422239
5080.0,1,08:21:51.261573081
5080.0,1,08:21:52.680740282
5079.75,1,08:21:56.293610108
5079.75,6,08:21:57.245869075
5080.0,1,08:22:02.501704379
5080.0,1,08:22:02.683854220
5080.0,4,08:22:02.684126457
5080.0,4,08:22:04.142489696
5080.0,5,08:22:04.142824759
5080.0,5,08:22:04.143011688
5080.0,1,08:22:04.143152798
5080.0,1,08:22:04.143203624
5080.0,3,08:22:04.143440025
5080.0,2,08:22:04.650779023
5080.0,3,08:22:04.650833455
5080.0,1,08:22:04.650833455
5080.0,1,08:22:04.683467468
5080.0,1,08:22:04.683496695
5079.75,10,08:22:04.747497179
5079.75,20,08:22:07.241186485
5079.75,1,08:22:07.306925686
5079.75,1,08:22:07.398869261
5079.5,2,08:22:07.858013215
5079.5,3,08:22:07.858207582
5079.5,1,08:22:07.891795031
5079.5,3,08:22:11.019147171
5079.25,2,08:22:15.433735388
5079.25,14,08:22:15.434540398
5079.25,1,08:22:15.435028476
5079.25,1,08:22:15.435061602
5079.25,1,08:22:15.435154474
5079.25,3,08:22:15.435154474
5079.25,1,08:22:15.435278462
5079.0,1,08:22:16.671331238
5079.0,1,08:22:16.671348626
5079.0,1,08:22:16.671491487
5079.0,1,08:22:16.671523773
5079.0,3,08:22:16.671611361
5079.0,1,08:22:16.671697175
5079.0,3,08:22:16.671749432
5079.25,1,08:22:18.192516575
5079.25,2,08:22:19.168643693
5079.25,1,08:22:19.168711656
5079.25,2,08:22:19.168711656
5079.25,2,08:22:19.168793436
5079.25,1,08:22:19.168793436
5079.25,2,08:22:19.168847674
5079.25,1,08:22:19.168891080
5079.0,1,08:22:19.814276442
5079.25,1,08:22:20.850854064
5079.25,1,08:22:21.002552434
5079.5,1,08:22:21.356628775
5079.25,1,08:22:22.783425798
5079.25,2,08:22:23.182379174
5079.25,2,08:22:23.182423049
5079.25,4,08:22:23.182514955
5079.25,2,08:22:23.183025871
5079.0,1,08:22:23.286574676
5079.0,2,08:22:23.286596516
5079.0,1,08:22:23.286632241
5079.0,8,08:22:23.286829079
5079.0,3,08:22:24.013663092
5079.0,2,08:22:27.799155737
5079.0,1,08:22:27.799325890
5079.0,2,08:22:27.799378761
5079.25,1,08:22:28.068353044
5079.0,6,08:22:30.740748380
5079.0,3,08:22:30.741093395
5079.0,1,08:22:30.741174904
5079.0,2,08:22:30.741292970
5079.0,1,08:22:30.741403379
5079.0,2,08:22:33.814351492
5079.25,1,08:22:35.012409410
5079.0,6,08:22:39.458588094
5079.25,1,08:22:41.242618996
5079.25,1,08:22:41.574831034
5079.0,15,08:22:43.124351101
5079.0,1,08:22:43.124536608
5079.0,1,08:22:43.124810409
5079.0,3,08:22:43.124883166
5079.0,1,08:22:46.853098621
5079.0,2,08:22:46.889604625
5079.0,1,08:22:47.086357121
5079.0,6,08:22:49.297972307
5079.0,3,08:22:50.013701937
5079.0,1,08:22:53.417950541
5079.0,1,08:22:53.418023451
5079.0,2,08:22:53.418023451
5079.0,4,08:22:53.418093309
5079.0,2,08:22:53.418165098
5079.0,1,08:22:53.418165098
5079.0,3,08:22:53.418212089
5079.0,2,08:22:53.418819758
5079.25,4,08:22:53.599213437
5079.25,7,08:22:53.599481430
5079.25,1,08:22:53.600029697
5079.25,1,08:22:53.658540297
5079.25,1,08:22:53.985893995
5079.25,1,08:22:54.016334502
5079.25,1,08:22:54.949905010
5079.25,1,08:22:55.020956703
5079.25,19,08:22:55.966518351
5079.25,1,08:22:55.966897242
5079.25,11,08:22:56.420625989
5079.25,12,08:22:56.420790540
5079.25,2,08:22:56.420890423
5079.25,1,08:22:56.420972690
5079.25,1,08:22:56.421007587
5079.25,1,08:22:56.421099256
5079.25,1,08:22:56.422490513
5079.25,1,08:22:56.422526440
5079.25,1,08:22:56.422650641
5079.25,3,08:22:56.479410070
5079.0,10,08:22:57.475821127
5079.25,6,08:22:58.016490616
5079.5,3,08:23:01.350640561
5079.5,1,08:23:01.350827531
5079.5,1,08:23:01.350857906
5079.5,3,08:23:01.351361142
5079.25,24,08:23:02.212866235
5079.25,6,08:23:02.460120499
5079.25,1,08:23:02.460278077
5079.25,1,08:23:02.460328881
5079.25,1,08:23:02.460350226
5079.25,1,08:23:02.460390012
5079.25,1,08:23:02.460429750
5079.25,1,08:23:02.460459693
5079.25,6,08:23:02.470227816
5079.25,1,08:23:02.470393695
5079.25,1,08:23:02.470440204
5079.25,1,08:23:02.470512705
5079.25,1,08:23:02.470579403
5079.25,3,08:23:02.470579403
5079.25,1,08:23:02.470640391
5079.25,1,08:23:02.470879538
5079.25,4,08:23:03.218160728
5079.0,1,08:23:05.374233496
5079.0,2,08:23:05.616475904
5079.0,2,08:23:05.616633417
5079.0,3,08:23:05.616696858
5079.0,1,08:23:05.617128246
5079.0,4,08:23:05.780715593
5079.0,1,08:23:06.791477450
5079.0,1,08:23:08.713448450
5079.25,3,08:23:10.670433255
5079.25,1,08:23:10.670445012
5079.25,3,08:23:10.670517398
5079.25,1,08:23:10.670555277
5079.25,2,08:23:10.670594960
5079.25,1,08:23:10.670629851
5079.25,7,08:23:10.671161061
5079.25,2,08:23:10.671286949
5079.25,1,08:23:10.671286949
5079.25,3,08:23:10.671286949
5079.25,1,08:23:11.484732625
5079.0,1,08:23:11.484732625
5079.25,2,08:23:12.007375092
5079.25,2,08:23:12.007496909
5079.25,3,08:23:12.007496909
5079.25,1,08:23:12.007551723
5079.25,1,08:23:12.007664768
5079.25,1,08:23:13.401904407
5079.0,1,08:23:18.625516131
5079.0,1,08:23:18.926905574
5079.0,1,08:23:19.708894343
5079.0,1,08:23:21.494671942
5079.0,6,08:23:22.999526298
5079.0,1,08:23:22.999695316
5079.0,2,08:23:25.865954899
5079.0,3,08:23:25.866002823
5079.0,5,08:23:26.144204111
5079.0,1,08:23:26.144410266
5079.0,4,08:23:27.978826252
5078.75,17,08:23:29.315587737
5078.5,1,08:23:29.315601684
5078.5,2,08:23:29.315601684
5078.5,1,08:23:29.315668338
5078.5,1,08:23:29.315673804
5078.5,2,08:23:29.476154861
5078.75,1,08:23:29.703801399
5078.75,2,08:23:29.733225918
5078.75,2,08:23:29.733442062
