bidVolume,bidPrice,askVolume,askPrice,timestamp
20,117.34,13,117.35,10:00:00.081820177
20,117.34,8,117.35,10:00:00.082824272
21,117.34,8,117.35,10:00:00.102441564
21,117.34,11,117.35,10:00:00.139092527
21,117.34,17,117.35,10:00:00.139264088
21,117.34,11,117.35,10:00:00.139433583
20,117.34,11,117.35,10:00:00.143675167
21,117.34,11,117.35,10:00:01.051185418
21,117.34,12,117.35,10:00:01.275891907
21,117.34,18,117.35,10:00:01.276095352
21,117.34,27,117.35,10:00:01.276286836
21,117.34,21,117.35,10:00:01.276348929
21,117.34,12,117.35,10:00:01.290077457
22,117.34,12,117.35,10:00:01.335255794
22,117.34,21,117.35,10:00:01.574336067
22,117.34,23,117.35,10:00:01.574567018
22,117.34,22,117.35,10:00:01.663492338
22,117.34,13,117.35,10:00:01.937026959
22,117.34,21,117.35,10:00:02.000817676
23,117.34,21,117.35,10:00:02.014413877
23,117.34,30,117.35,10:00:02.037621330
22,117.34,30,117.35,10:00:02.068535840
22,117.34,36,117.35,10:00:02.150490697
22,117.34,37,117.35,10:00:02.177638431
22,117.34,38,117.35,10:00:02.177790963
22,117.34,37,117.35,10:00:02.627046600
31,117.34,37,117.35,10:00:02.866507781
31,117.34,31,117.35,10:00:02.883604362
31,117.34,38,117.35,10:00:03.015269652
32,117.34,38,117.35,10:00:03.866077453
32,117.34,31,117.35,10:00:03.903423904
23,117.34,31,117.35,10:00:04.695464205
29,117.34,31,117.35,10:00:04.855131834
39,117.34,31,117.35,10:00:05.290505147
40,117.34,31,117.35,10:00:05.834925983
40,117.34,22,117.35,10:00:05.839313525
40,117.34,32,117.35,10:00:05.945743131
41,117.34,32,117.35,10:00:06.032637416
43,117.34,32,117.35,10:00:06.032873009
43,117.34,22,117.35,10:00:06.248778506
41,117.34,22,117.35,10:00:06.248995116
41,117.34,20,117.35,10:00:06.249059504
41,117.34,30,117.35,10:00:06.390365364
41,117.34,20,117.35,10:00:06.438436473
41,117.34,12,117.35,10:00:06.798769320
35,117.34,12,117.35,10:00:06.799086668
35,117.34,10,117.35,10:00:06.799103928
35,117.34,9,117.35,10:00:06.799103928
35,117.34,8,117.35,10:00:06.799103928
35,117.34,6,117.35,10:00:06.799185566
42,117.34,6,117.35,10:00:06.799419471
50,117.34,6,117.35,10:00:06.799419471
50,117.34,4,117.35,10:00:06.799497431
50,117.34,6,117.35,10:00:06.799497431
51,117.34,6,117.35,10:00:06.799497431
51,117.34,5,117.35,10:00:06.870885679
54,117.34,5,117.35,10:00:06.871205856
53,117.34,5,117.35,10:00:06.902110579
53,117.34,4,117.35,10:00:06.902110579
50,117.34,4,117.35,10:00:07.233847623
50,117.34,6,117.35,10:00:07.307649801
50,117.34,17,117.35,10:00:07.307912617
49,117.34,17,117.35,10:00:07.668207813
49,117.34,24,117.35,10:00:07.951448125
41,117.34,24,117.35,10:00:07.951528788
41,117.34,33,117.35,10:00:07.951598461
34,117.34,33,117.35,10:00:07.951598461
24,117.34,33,117.35,10:00:07.951713517
24,117.34,34,117.35,10:00:07.951713517
24,117.34,33,117.35,10:00:07.952049753
24,117.34,26,117.35,10:00:07.956922902
24,117.34,17,117.35,10:00:07.962294937
31,117.34,17,117.35,10:00:08.092958205
42,117.34,17,117.35,10:00:08.225641132
31,117.34,17,117.35,10:00:08.436261941
24,117.34,17,117.35,10:00:08.436261941
24,117.34,26,117.35,10:00:08.436324933
24,117.34,17,117.35,10:00:08.947426973
31,117.34,17,117.35,10:00:08.947597917
42,117.34,17,117.35,10:00:08.955733393
42,117.34,6,117.35,10:00:08.956100512
51,117.34,6,117.35,10:00:08.956167546
51,117.34,17,117.35,10:00:09.058318091
42,117.34,17,117.35,10:00:09.058332773
42,117.34,26,117.35,10:00:09.059280955
42,117.34,17,117.35,10:00:09.070557501
35,117.34,17,117.35,10:00:09.138400487
24,117.34,17,117.35,10:00:09.138546042
35,117.34,17,117.35,10:00:09.280777659
35,117.34,26,117.35,10:00:09.322698774
35,117.34,29,117.35,10:00:09.322895268
24,117.34,29,117.35,10:00:09.522747797
24,117.34,36,117.35,10:00:09.522812165
24,117.34,37,117.35,10:00:09.522958961
24,117.34,36,117.35,10:00:10.017555387
23,117.34,36,117.35,10:00:10.553817201
5,117.34,36,117.35,10:00:10.553921523
4,117.34,36,117.35,10:00:10.553952234
3,117.34,36,117.35,10:00:10.553952234
2,117.34,36,117.35,10:00:10.553952234
1,117.34,36,117.35,10:00:10.553952234
53,117.33,36,117.35,10:00:10.553952234
53,117.33,13,117.34,10:00:10.554034328
60,117.33,13,117.34,10:00:10.554055629
60,117.33,15,117.34,10:00:10.554499114
60,117.33,17,117.34,10:00:10.554517271
57,117.33,17,117.34,10:00:10.554727706
61,117.33,17,117.34,10:00:10.554829804
61,117.33,26,117.34,10:00:10.555546957
49,117.33,26,117.34,10:00:10.555955123
42,117.33,26,117.34,10:00:10.556068236
38,117.33,26,117.34,10:00:10.556850083
38,117.33,27,117.34,10:00:10.573140109
38,117.33,28,117.34,10:00:10.573320090
31,117.33,28,117.34,10:00:10.578335658
30,117.33,28,117.34,10:00:10.578437120
48,117.33,28,117.34,10:00:10.579230249
48,117.33,29,117.34,10:00:10.579775864
48,117.33,36,117.34,10:00:10.580044793
48,117.33,35,117.34,10:00:10.605206010
47,117.33,35,117.34,10:00:10.605206010
47,117.33,28,117.34,10:00:10.605477985
45,117.33,28,117.34,10:00:10.605491802
42,117.33,28,117.34,10:00:10.605570803
40,117.33,28,117.34,10:00:10.605570803
40,117.33,29,117.34,10:00:10.605908924
40,117.33,36,117.34,10:00:10.641891463
40,117.33,39,117.34,10:00:10.642054035
30,117.33,39,117.34,10:00:10.650458910
29,117.33,39,117.34,10:00:10.651491616
27,117.33,39,117.34,10:00:10.651491616
25,117.33,39,117.34,10:00:10.651646662
24,117.33,39,117.34,10:00:10.651660928
23,117.33,39,117.34,10:00:10.651676563
22,117.33,39,117.34,10:00:10.651676563
21,117.33,39,117.34,10:00:10.651676563
20,117.33,39,117.34,10:00:10.651692512
19,117.33,39,117.34,10:00:10.651692512
18,117.33,39,117.34,10:00:10.651705187
43,117.32,39,117.34,10:00:10.651721846
43,117.32,2,117.33,10:00:10.652281936
42,117.32,2,117.33,10:00:10.652450223
42,117.32,4,117.33,10:00:10.652543929
42,117.32,9,117.33,10:00:10.652641724
42,117.32,10,117.33,10:00:10.652662025
42,117.32,20,117.33,10:00:10.652773797
32,117.32,20,117.33,10:00:10.653260655
32,117.32,29,117.33,10:00:10.653260655
32,117.32,20,117.33,10:00:10.659805803
32,117.32,10,117.33,10:00:10.660110369
32,117.32,8,117.33,10:00:10.677155569
32,117.32,6,117.33,10:00:10.677155569
32,117.32,1,117.33,10:00:10.677155569
32,117.32,40,117.34,10:00:10.677155569
7,117.33,40,117.34,10:00:10.677155569
5,117.33,40,117.34,10:00:10.677384853
41,117.32,40,117.34,10:00:10.677512232
41,117.32,38,117.34,10:00:10.677768509
41,117.32,45,117.34,10:00:10.677768509
41,117.32,1,117.33,10:00:10.681794542
41,117.32,3,117.33,10:00:10.682204356
62,117.32,3,117.33,10:00:10.703235462
62,117.32,1,117.33,10:00:10.703393846
65,117.32,1,117.33,10:00:10.703525093
65,117.32,3,117.33,10:00:10.896674742
62,117.32,3,117.33,10:00:10.897340092
62,117.32,13,117.33,10:00:10.964280464
62,117.32,14,117.33,10:00:10.964448931
62,117.32,15,117.33,10:00:10.964522970
50,117.32,15,117.33,10:00:10.968595591
50,117.32,14,117.33,10:00:11.009008843
50,117.32,13,117.33,10:00:11.009194996
49,117.32,13,117.33,10:00:11.077377976
59,117.32,13,117.33,10:00:11.080763644
59,117.32,3,117.33,10:00:11.088734711
58,117.32,3,117.33,10:00:11.100400450
55,117.32,3,117.33,10:00:11.100505429
55,117.32,4,117.33,10:00:11.179969734
55,117.32,8,117.33,10:00:11.180159034
55,117.32,16,117.33,10:00:11.195132490
55,117.32,18,117.33,10:00:11.195231984
55,117.32,19,117.33,10:00:11.292196911
45,117.32,19,117.33,10:00:11.309007742
45,117.32,20,117.33,10:00:11.935487110
46,117.32,20,117.33,10:00:11.935675251
46,117.32,22,117.33,10:00:11.935736217
46,117.32,20,117.33,10:00:11.985492224
56,117.32,20,117.33,10:00:11.985651893
56,117.32,12,117.33,10:00:12.015407070
56,117.32,10,117.33,10:00:12.015468747
56,117.32,6,117.33,10:00:12.015607998
56,117.32,5,117.33,10:00:12.015676606
56,117.32,4,117.33,10:00:12.156346181
56,117.32,3,117.33,10:00:12.156454348
56,117.32,2,117.33,10:00:12.156454348
56,117.32,1,117.33,10:00:12.156474696
56,117.32,44,117.34,10:00:12.156474696
1,117.33,44,117.34,10:00:12.156592844
1,117.33,45,117.34,10:00:12.156749029
1,117.33,52,117.34,10:00:12.156749029
1,117.33,45,117.34,10:00:12.156749029
3,117.33,45,117.34,10:00:12.157425357
4,117.33,45,117.34,10:00:12.161525100
4,117.33,44,117.34,10:00:12.162309185
12,117.33,44,117.34,10:00:12.162541467
14,117.33,44,117.34,10:00:12.162622180
14,117.33,41,117.34,10:00:12.162622180
14,117.33,37,117.34,10:00:12.163527377
14,117.33,30,117.34,10:00:12.163919549
20,117.33,30,117.34,10:00:12.163934419
22,117.33,30,117.34,10:00:12.164090317
22,117.33,29,117.34,10:00:12.164378483
22,117.33,20,117.34,10:00:12.165834633
29,117.33,20,117.34,10:00:12.165834633
31,117.33,20,117.34,10:00:12.165834633
31,117.33,7,117.34,10:00:12.166030965
29,117.33,7,117.34,10:00:12.168091382
29,117.33,6,117.34,10:00:12.175111417
48,117.33,6,117.34,10:00:12.207219851
48,117.33,4,117.34,10:00:12.207386175
48,117.33,3,117.34,10:00:12.207463192
48,117.33,5,117.34,10:00:12.231219918
48,117.33,6,117.34,10:00:12.231420548
48,117.33,3,117.34,10:00:12.263219543
48,117.33,2,117.34,10:00:12.822388463
48,117.33,40,117.35,10:00:13.552030772
1,117.34,40,117.35,10:00:13.552197034
48,117.33,40,117.35,10:00:13.552599722
48,117.33,41,117.35,10:00:13.552613680
48,117.33,45,117.35,10:00:13.552752170
29,117.33,45,117.35,10:00:13.577320684
29,117.33,7,117.34,10:00:13.577503969
29,117.33,13,117.34,10:00:13.577642629
29,117.33,15,117.34,10:00:13.577712280
29,117.33,16,117.34,10:00:13.577824623
47,117.33,16,117.34,10:00:13.602844233
47,117.33,15,117.34,10:00:13.603038083
47,117.33,9,117.34,10:00:13.603122393
47,117.33,2,117.34,10:00:13.603122393
47,117.33,41,117.35,10:00:13.936930232
47,117.33,1,117.34,10:00:14.019952183
47,117.33,3,117.34,10:00:14.020114237
47,117.33,9,117.34,10:00:14.020189834
47,117.33,14,117.34,10:00:14.020261587
47,117.33,8,117.34,10:00:15.313502768
47,117.33,3,117.34,10:00:15.313570495
47,117.33,1,117.34,10:00:15.313732480
47,117.33,3,117.34,10:00:15.349471920
47,117.33,10,117.34,10:00:15.418920972
47,117.33,14,117.34,10:00:15.418990094
47,117.33,10,117.34,10:00:15.837374219
47,117.33,3,117.34,10:00:15.837464225
48,117.33,3,117.34,10:00:16.013235962
48,117.33,10,117.34,10:00:16.188265484
48,117.33,14,117.34,10:00:16.188393842
48,117.33,10,117.34,10:00:16.357969586
48,117.33,3,117.34,10:00:16.358033541
48,117.33,1,117.34,10:00:16.358660382
48,117.33,3,117.34,10:00:16.459515521
48,117.33,1,117.34,10:00:16.509580914
48,117.33,41,117.35,10:00:16.518371420
1,117.34,41,117.35,10:00:16.783679121
1,117.34,38,117.35,10:00:16.783940776
3,117.34,38,117.35,10:00:16.784012062
1,117.34,38,117.35,10:00:16.784425310
1,117.34,35,117.35,10:00:16.784504094
8,117.34,35,117.35,10:00:16.789503437
12,117.34,35,117.35,10:00:16.789679114
14,117.34,35,117.35,10:00:16.791125307
12,117.34,35,117.35,10:00:16.791755583
8,117.34,35,117.35,10:00:16.795441667
1,117.34,35,117.35,10:00:16.795515942
19,117.34,35,117.35,10:00:16.834387467
19,117.34,28,117.35,10:00:16.870408847
19,117.34,25,117.35,10:00:16.959113092
19,117.34,30,117.35,10:00:16.970597030
19,117.34,32,117.35,10:00:16.970694448
19,117.34,38,117.35,10:00:16.970797862
20,117.34,38,117.35,10:00:17.013634773
20,117.34,32,117.35,10:00:17.032287970
20,117.34,30,117.35,10:00:17.463997111
20,117.34,27,117.35,10:00:19.208163227
21,117.34,27,117.35,10:00:19.811946452
21,117.34,28,117.35,10:00:19.978143394
21,117.34,35,117.35,10:00:19.978324373
21,117.34,28,117.35,10:00:20.012934762
21,117.34,26,117.35,10:00:20.013212809
21,117.34,21,117.35,10:00:20.013212809
27,117.34,21,117.35,10:00:20.022491414
30,117.34,21,117.35,10:00:20.022608701
35,117.34,21,117.35,10:00:20.023501698
37,117.34,21,117.35,10:00:20.023613301
32,117.34,21,117.35,10:00:20.035893744
30,117.34,21,117.35,10:00:20.035963866
24,117.34,21,117.35,10:00:20.036040067
21,117.34,21,117.35,10:00:20.036040067
21,117.34,26,117.35,10:00:20.114120270
21,117.34,28,117.35,10:00:20.114248468
21,117.34,35,117.35,10:00:20.114346833
21,117.34,28,117.35,10:00:20.164247870
21,117.34,27,117.35,10:00:20.212886310
21,117.34,22,117.35,10:00:20.878115131
21,117.34,20,117.35,10:00:20.878194574
27,117.34,20,117.35,10:00:21.117309230
30,117.34,20,117.35,10:00:21.117412230
30,117.34,13,117.35,10:00:21.117732594
32,117.34,13,117.35,10:00:21.117966543
37,117.34,13,117.35,10:00:21.117966543
37,117.34,14,117.35,10:00:21.119911383
37,117.34,17,117.35,10:00:21.120063354
32,117.34,17,117.35,10:00:21.120288004
30,117.34,17,117.35,10:00:21.120367959
27,117.34,17,117.35,10:00:21.126103161
21,117.34,17,117.35,10:00:21.126170515
21,117.34,14,117.35,10:00:21.126285075
21,117.34,15,117.35,10:00:21.201615185
21,117.34,22,117.35,10:00:21.201901687
21,117.34,27,117.35,10:00:21.202067498
21,117.34,29,117.35,10:00:21.202139152
21,117.34,34,117.35,10:00:21.221401977
21,117.34,36,117.35,10:00:21.221509484
21,117.34,37,117.35,10:00:21.519464389
22,117.34,37,117.35,10:00:21.663613182
28,117.34,37,117.35,10:00:22.047546986
31,117.34,37,117.35,10:00:22.047612562
32,117.34,37,117.35,10:00:22.100262007
32,117.34,35,117.35,10:00:22.191476888
32,117.34,30,117.35,10:00:22.191546382
32,117.34,23,117.35,10:00:22.191724075
32,117.34,18,117.35,10:00:22.191913355
32,117.34,16,117.35,10:00:22.191982526
33,117.34,16,117.35,10:00:23.227413631
33,117.34,8,117.35,10:00:23.308836839
38,117.34,8,117.35,10:00:23.308836839
44,117.34,8,117.35,10:00:23.309162963
46,117.34,8,117.35,10:00:23.309204521
48,117.34,8,117.35,10:00:23.309265923
48,117.34,7,117.35,10:00:23.309285695
48,117.34,5,117.35,10:00:23.428103840
48,117.34,4,117.35,10:00:23.428103840
48,117.34,3,117.35,10:00:23.441871046
48,117.34,2,117.35,10:00:23.442163142
48,117.34,1,117.35,10:00:23.442251903
48,117.34,41,117.36,10:00:23.442268246
1,117.35,41,117.36,10:00:23.442440243
1,117.35,42,117.36,10:00:23.442543144
1,117.35,44,117.36,10:00:23.442630194
50,117.34,44,117.36,10:00:23.442777974
50,117.34,45,117.36,10:00:23.459614554
32,117.34,45,117.36,10:00:23.467644577
32,117.34,11,117.35,10:00:23.467908542
30,117.34,11,117.35,10:00:23.467973182
24,117.34,11,117.35,10:00:23.467973182
24,117.34,13,117.35,10:00:23.468048611
24,117.34,14,117.35,10:00:23.478763929
22,117.34,14,117.35,10:00:23.478975948
17,117.34,14,117.35,10:00:23.479056623
17,117.34,21,117.35,10:00:23.490173966
34,117.34,21,117.35,10:00:23.493068828
34,117.34,14,117.35,10:00:23.493313324
17,117.34,14,117.35,10:00:23.504136369
17,117.34,15,117.35,10:00:23.549216481
17,117.34,17,117.35,10:00:23.549407466
14,117.34,17,117.35,10:00:23.578803762
8,117.34,17,117.35,10:00:23.578803762
8,117.34,24,117.35,10:00:23.578898025
6,117.34,24,117.35,10:00:23.579049887
6,117.34,31,117.35,10:00:23.594292149
5,117.34,31,117.35,10:00:23.651500358
5,117.34,32,117.35,10:00:23.651679487
22,117.34,32,117.35,10:00:23.722777468
22,117.34,25,117.35,10:00:23.723054042
22,117.34,18,117.35,10:00:23.723147709
28,117.34,18,117.35,10:00:23.736525462
31,117.34,18,117.35,10:00:23.736739638
32,117.34,18,117.35,10:00:23.775879940
26,117.34,18,117.35,10:00:24.192382627
23,117.34,18,117.35,10:00:24.192458115
28,117.34,18,117.35,10:00:24.688464154
34,117.34,18,117.35,10:00:24.688464154
40,117.34,18,117.35,10:00:24.688522669
43,117.34,18,117.35,10:00:24.688625622
45,117.34,18,117.35,10:00:24.688712437
47,117.34,18,117.35,10:00:24.688712437
47,117.34,7,117.35,10:00:24.688712437
47,117.34,6,117.35,10:00:24.688783467
47,117.34,5,117.35,10:00:24.688783467
47,117.34,4,117.35,10:00:24.688884908
47,117.34,2,117.35,10:00:24.689128844
47,117.34,44,117.36,10:00:24.689489327
49,117.34,44,117.36,10:00:24.689738802
49,117.34,45,117.36,10:00:24.689807836
44,117.34,45,117.36,10:00:24.702635259
42,117.34,45,117.36,10:00:24.702635259
42,117.34,6,117.35,10:00:24.703113212
42,117.34,15,117.35,10:00:24.703313375
42,117.34,17,117.35,10:00:24.703313375
42,117.34,18,117.35,10:00:24.703441278
36,117.34,18,117.35,10:00:24.707408169
34,117.34,18,117.35,10:00:24.707408169
28,117.34,18,117.35,10:00:24.707485446
25,117.34,18,117.35,10:00:24.707485446
26,117.34,18,117.35,10:00:24.749423947
26,117.34,17,117.35,10:00:24.749584938
26,117.34,18,117.35,10:00:24.751313906
26,117.34,9,117.35,10:00:24.751435705
26,117.34,18,117.35,10:00:24.870216482
32,117.34,18,117.35,10:00:24.890260033
37,117.34,18,117.35,10:00:24.890330094
37,117.34,9,117.35,10:00:24.890417777
40,117.34,9,117.35,10:00:24.890417777
42,117.34,9,117.35,10:00:24.890417777
42,117.34,3,117.35,10:00:24.890514922
48,117.34,3,117.35,10:00:24.890668039
50,117.34,3,117.35,10:00:24.890738669
50,117.34,2,117.35,10:00:24.923022099
50,117.34,1,117.35,10:00:24.930123223
50,117.34,45,117.36,10:00:24.930270670
52,117.34,45,117.36,10:00:25.002482919
52,117.34,47,117.36,10:00:25.002537687
52,117.34,45,117.36,10:00:25.230417035
52,117.34,46,117.36,10:00:25.232947187
52,117.34,45,117.36,10:00:25.236329594
52,117.34,44,117.36,10:00:25.237034959
1,117.35,44,117.36,10:00:25.237124954
3,117.35,44,117.36,10:00:25.237496742
5,117.35,44,117.36,10:00:25.237496742
5,117.35,43,117.36,10:00:25.237531325
5,117.35,41,117.36,10:00:25.237800054
14,117.35,41,117.36,10:00:25.237936338
12,117.35,41,117.36,10:00:25.239569710
3,117.35,41,117.36,10:00:25.239709042
3,117.35,42,117.36,10:00:25.239784043
1,117.35,42,117.36,10:00:25.239784043
1,117.35,43,117.36,10:00:25.239883528
1,117.35,44,117.36,10:00:25.240017297
1,117.35,43,117.36,10:00:25.242640057
2,117.35,43,117.36,10:00:25.246464928
1,117.35,43,117.36,10:00:25.250398938
1,117.35,44,117.36,10:00:25.262397365
1,117.35,46,117.36,10:00:25.262568062
19,117.35,46,117.36,10:00:25.287618003
19,117.35,45,117.36,10:00:25.287797625
19,117.35,44,117.36,10:00:25.287864396
24,117.35,44,117.36,10:00:25.358832048
24,117.35,49,117.36,10:00:25.358895634
24,117.35,51,117.36,10:00:25.359151385
26,117.35,51,117.36,10:00:25.368300614
26,117.35,49,117.36,10:00:25.368613487
26,117.35,47,117.36,10:00:25.369315649
24,117.35,47,117.36,10:00:25.376465888
24,117.35,44,117.36,10:00:25.378038605
25,117.35,44,117.36,10:00:25.420512299
27,117.35,44,117.36,10:00:25.471164185
25,117.35,44,117.36,10:00:25.479485358
26,117.35,44,117.36,10:00:25.505653765
26,117.35,43,117.36,10:00:25.544777468
28,117.35,43,117.36,10:00:25.673453439
33,117.35,43,117.36,10:00:25.674071962
33,117.35,42,117.36,10:00:25.674138673
42,117.35,42,117.36,10:00:25.677435496
42,117.35,41,117.36,10:00:25.677971458
42,117.35,43,117.36,10:00:25.683686211
37,117.35,43,117.36,10:00:25.687298760
28,117.35,43,117.36,10:00:25.687590542
26,117.35,43,117.36,10:00:25.687751294
26,117.35,44,117.36,10:00:25.690992121
26,117.35,43,117.36,10:00:25.710609805
28,117.35,43,117.36,10:00:25.710609805
29,117.35,43,117.36,10:00:25.712794824
30,117.35,43,117.36,10:00:25.713360162
31,117.35,43,117.36,10:00:25.747762033
36,117.35,43,117.36,10:00:25.750237451
35,117.35,43,117.36,10:00:25.750237451
35,117.35,41,117.36,10:00:25.827548433
30,117.35,41,117.36,10:00:25.840603980
31,117.35,41,117.36,10:00:26.015198432
32,117.35,41,117.36,10:00:26.319389941
33,117.35,41,117.36,10:00:26.366826163
33,117.35,35,117.36,10:00:26.367179283
33,117.35,34,117.36,10:00:26.367292553
37,117.35,34,117.36,10:00:26.367292553
40,117.35,34,117.36,10:00:26.367376192
45,117.35,34,117.36,10:00:26.367376192
46,117.35,34,117.36,10:00:26.367376192
46,117.35,29,117.36,10:00:26.367483907
46,117.35,28,117.36,10:00:26.367483907
51,117.35,28,117.36,10:00:26.367557456
55,117.35,28,117.36,10:00:26.367632635
55,117.35,27,117.36,10:00:26.367632635
55,117.35,17,117.36,10:00:26.368150959
55,117.35,15,117.36,10:00:26.368245170
55,117.35,9,117.36,10:00:26.368261833
55,117.35,7,117.36,10:00:26.368261833
55,117.35,6,117.36,10:00:26.368261833
55,117.35,1,117.36,10:00:26.368261833
55,117.35,55,117.37,10:00:26.368276744
59,117.35,55,117.37,10:00:26.368497532
62,117.35,55,117.37,10:00:26.368642987
62,117.35,48,117.37,10:00:26.368671473
5,117.36,48,117.37,10:00:26.369024325
6,117.36,48,117.37,10:00:26.369048930
6,117.36,47,117.37,10:00:26.369065723
6,117.36,48,117.37,10:00:26.369065723
6,117.36,53,117.37,10:00:26.369065723
6,117.36,54,117.37,10:00:26.369258174
6,117.36,59,117.37,10:00:26.369258174
6,117.36,60,117.37,10:00:26.369403488
6,117.36,62,117.37,10:00:26.369421955
5,117.36,62,117.37,10:00:26.369485377
6,117.36,62,117.37,10:00:26.371781398
6,117.36,60,117.37,10:00:26.372065109
8,117.36,60,117.37,10:00:26.372388147
6,117.36,60,117.37,10:00:26.372805398
14,117.36,60,117.37,10:00:26.378036773
14,117.36,59,117.37,10:00:26.378340100
14,117.36,58,117.37,10:00:26.378808914
16,117.36,58,117.37,10:00:26.379542503
11,117.36,58,117.37,10:00:26.380448057
11,117.36,60,117.37,10:00:26.380924607
9,117.36,60,117.37,10:00:26.380924607
9,117.36,61,117.37,10:00:26.381414809
9,117.36,59,117.37,10:00:26.381744409
11,117.36,59,117.37,10:00:26.382219417
16,117.36,59,117.37,10:00:26.382219417
21,117.36,59,117.37,10:00:26.382319999
21,117.36,58,117.37,10:00:26.382867240
21,117.36,53,117.37,10:00:26.383265608
21,117.36,43,117.37,10:00:26.384135927
21,117.36,42,117.37,10:00:26.384763827
21,117.36,35,117.37,10:00:26.384848240
21,117.36,30,117.37,10:00:26.385091943
28,117.36,30,117.37,10:00:26.387010815
29,117.36,30,117.37,10:00:26.387254903
29,117.36,35,117.37,10:00:26.389405793
22,117.36,35,117.37,10:00:26.389583524
22,117.36,37,117.37,10:00:26.389644125
22,117.36,38,117.37,10:00:26.389751437
17,117.36,38,117.37,10:00:26.393555873
9,117.36,38,117.37,10:00:26.393745937
9,117.36,39,117.37,10:00:26.394070916
7,117.36,39,117.37,10:00:26.394175981
6,117.36,39,117.37,10:00:26.394631894
1,117.36,39,117.37,10:00:26.394959174
19,117.36,39,117.37,10:00:26.419495343
19,117.36,38,117.37,10:00:26.419651410
19,117.36,37,117.37,10:00:26.426328221
18,117.36,37,117.37,10:00:26.442060603
18,117.36,38,117.37,10:00:26.442208622
18,117.36,45,117.37,10:00:26.442276186
45,117.35,45,117.37,10:00:26.467288563
45,117.35,46,117.37,10:00:26.467533891
45,117.35,52,117.37,10:00:26.467617136
45,117.35,60,117.37,10:00:26.467617136
45,117.35,53,117.37,10:00:26.467617136
45,117.35,60,117.37,10:00:26.467689840
45,117.35,61,117.37,10:00:26.467757408
45,117.35,59,117.37,10:00:26.568041337
44,117.35,59,117.37,10:00:26.666415340
1,117.36,59,117.37,10:00:26.667181144
18,117.36,59,117.37,10:00:26.717475044
26,117.36,59,117.37,10:00:26.717623282
26,117.36,58,117.37,10:00:26.717778235
26,117.36,59,117.37,10:00:26.733834058
26,117.36,66,117.37,10:00:26.734001075
18,117.36,66,117.37,10:00:26.734162707
18,117.36,59,117.37,10:00:26.734318568
26,117.36,59,117.37,10:00:26.858544066
18,117.36,59,117.37,10:00:26.873541199
17,117.36,59,117.37,10:00:26.878484514
16,117.36,59,117.37,10:00:26.878549512
11,117.36,59,117.37,10:00:26.878890343
7,117.36,59,117.37,10:00:26.878993174
5,117.36,59,117.37,10:00:26.878993174
4,117.36,59,117.37,10:00:26.879136961
3,117.36,59,117.37,10:00:26.879136961
2,117.36,59,117.37,10:00:26.879228932
44,117.35,59,117.37,10:00:26.879228932
44,117.35,8,117.36,10:00:26.879228932
44,117.35,10,117.36,10:00:26.879592097
44,117.35,2,117.36,10:00:26.879686836
44,117.35,3,117.36,10:00:26.879747773
40,117.35,3,117.36,10:00:26.879919235
37,117.35,3,117.36,10:00:26.879919235
37,117.35,4,117.36,10:00:26.880008772
37,117.35,5,117.36,10:00:26.880008772
37,117.35,6,117.36,10:00:26.880076404
37,117.35,4,117.36,10:00:26.880178013
37,117.35,3,117.36,10:00:26.880178013
37,117.35,5,117.36,10:00:26.880421920
37,117.35,4,117.36,10:00:26.880513591
37,117.35,3,117.36,10:00:26.880615786
37,117.35,2,117.36,10:00:26.880615786
42,117.35,2,117.36,10:00:26.880629965
43,117.35,2,117.36,10:00:26.880813826
43,117.35,66,117.37,10:00:26.880813826
43,117.35,59,117.37,10:00:26.881011702
47,117.35,59,117.37,10:00:26.881011702
50,117.35,59,117.37,10:00:26.881086563
1,117.36,59,117.37,10:00:26.886529510
50,117.35,59,117.37,10:00:26.886728668
50,117.35,61,117.37,10:00:26.886880969
50,117.35,60,117.37,10:00:26.888551633
50,117.35,61,117.37,10:00:26.890239101
49,117.35,61,117.37,10:00:26.890652393
49,117.35,5,117.36,10:00:26.890735253
49,117.35,7,117.36,10:00:26.890842723
46,117.35,7,117.36,10:00:26.890947324
42,117.35,7,117.36,10:00:26.891016099
42,117.35,2,117.36,10:00:26.891363564
42,117.35,3,117.36,10:00:26.891562306
42,117.35,4,117.36,10:00:26.891766108
42,117.35,3,117.36,10:00:26.891833285
37,117.35,3,117.36,10:00:26.892079349
37,117.35,11,117.36,10:00:26.892865422
37,117.35,3,117.36,10:00:26.904697113
37,117.35,2,117.36,10:00:26.908238640
39,117.35,2,117.36,10:00:26.908410202
39,117.35,3,117.36,10:00:26.910962443
39,117.35,7,117.36,10:00:26.911130971
39,117.35,6,117.36,10:00:26.912566509
40,117.35,6,117.36,10:00:26.929772385
41,117.35,6,117.36,10:00:26.929936590
40,117.35,6,117.36,10:00:26.962168808
40,117.35,11,117.36,10:00:26.995725229
40,117.35,19,117.36,10:00:27.004840983
39,117.35,19,117.36,10:00:27.009811622
39,117.35,20,117.36,10:00:27.009989939
39,117.35,22,117.36,10:00:27.010171414
36,117.35,22,117.36,10:00:27.010286783
32,117.35,22,117.36,10:00:27.010286783
32,117.35,28,117.36,10:00:27.010428508
31,117.35,28,117.36,10:00:27.015363461
31,117.35,27,117.36,10:00:27.015363461
31,117.35,28,117.36,10:00:27.019482940
31,117.35,29,117.36,10:00:27.019662287
31,117.35,28,117.36,10:00:27.030409803
49,117.35,28,117.36,10:00:27.122391368
49,117.35,27,117.36,10:00:27.122649432
49,117.35,19,117.36,10:00:27.122649432
49,117.35,13,117.36,10:00:27.122725265
49,117.35,12,117.36,10:00:27.122725265
49,117.35,14,117.36,10:00:27.122822872
49,117.35,15,117.36,10:00:27.135812027
49,117.35,16,117.36,10:00:27.135977851
49,117.35,17,117.36,10:00:27.140569886
47,117.35,17,117.36,10:00:27.141170135
47,117.35,19,117.36,10:00:27.141579639
47,117.35,20,117.36,10:00:27.141647559
42,117.35,20,117.36,10:00:27.141879438
38,117.35,20,117.36,10:00:27.141879438
38,117.35,19,117.36,10:00:27.142083639
38,117.35,26,117.36,10:00:27.142242928
38,117.35,25,117.36,10:00:27.145390225
38,117.35,18,117.36,10:00:27.155806605
38,117.35,17,117.36,10:00:27.158657743
43,117.35,17,117.36,10:00:27.242640667
47,117.35,17,117.36,10:00:27.242710823
47,117.35,12,117.36,10:00:27.244933244
48,117.35,12,117.36,10:00:27.245090697
47,117.35,12,117.36,10:00:27.273638300
47,117.35,17,117.36,10:00:27.274045205
47,117.35,25,117.36,10:00:27.275012747
47,117.35,26,117.36,10:00:27.277868882
47,117.35,32,117.36,10:00:27.288957024
47,117.35,31,117.36,10:00:27.309723180
47,117.35,25,117.36,10:00:27.309848649
43,117.35,25,117.36,10:00:27.886657300
38,117.35,25,117.36,10:00:27.886722912
38,117.35,31,117.36,10:00:27.886828407
38,117.35,32,117.36,10:00:27.895618410
39,117.35,32,117.36,10:00:27.936449255
39,117.35,31,117.36,10:00:27.936603924
39,117.35,25,117.36,10:00:27.936771505
39,117.35,30,117.36,10:00:27.938927480
39,117.35,36,117.36,10:00:28.170724117
40,117.35,36,117.36,10:00:28.216359087
40,117.35,30,117.36,10:00:28.297762881
40,117.35,32,117.36,10:00:28.309212524
38,117.35,32,117.36,10:00:28.309212524
38,117.35,33,117.36,10:00:28.309293508
38,117.35,34,117.36,10:00:28.309799387
38,117.35,42,117.36,10:00:28.310252267
37,117.35,42,117.36,10:00:28.310527093
37,117.35,43,117.36,10:00:28.317275513
32,117.35,43,117.36,10:00:28.317663077
32,117.35,42,117.36,10:00:28.322010003
32,117.35,41,117.36,10:00:28.322937350
32,117.35,42,117.36,10:00:28.325897808
32,117.35,41,117.36,10:00:28.344322276
32,117.35,42,117.36,10:00:28.370550811
27,117.35,42,117.36,10:00:28.374832654
27,117.35,43,117.36,10:00:28.375045550
27,117.35,45,117.36,10:00:28.375139544
27,117.35,46,117.36,10:00:28.375139544
27,117.35,51,117.36,10:00:28.375139544
26,117.35,51,117.36,10:00:28.383738430
25,117.35,51,117.36,10:00:28.383998043
24,117.35,51,117.36,10:00:28.384011716
23,117.35,51,117.36,10:00:28.384129441
22,117.35,51,117.36,10:00:28.384129441
21,117.35,51,117.36,10:00:28.384129441
20,117.35,51,117.36,10:00:28.384236691
15,117.35,51,117.36,10:00:28.384257463
13,117.35,51,117.36,10:00:28.384257463
13,117.35,50,117.36,10:00:28.384735844
2,117.35,50,117.36,10:00:28.384750500
1,117.35,50,117.36,10:00:28.384750500
32,117.34,50,117.36,10:00:28.384750500
32,117.34,8,117.35,10:00:28.384878464
30,117.34,8,117.35,10:00:28.384878464
30,117.34,9,117.35,10:00:28.384878464
25,117.34,9,117.35,10:00:28.384878464
25,117.34,1,117.35,10:00:28.385169956
25,117.34,50,117.36,10:00:28.385169956
25,117.34,3,117.35,10:00:28.385169956
25,117.34,5,117.35,10:00:28.385169956
25,117.34,10,117.35,10:00:28.385273178
23,117.34,10,117.35,10:00:28.385293453
23,117.34,8,117.35,10:00:28.385293453
23,117.34,12,117.35,10:00:28.385293453
28,117.34,12,117.35,10:00:28.385293453
33,117.34,12,117.35,10:00:28.385293453
33,117.34,14,117.35,10:00:28.385614020
33,117.34,15,117.35,10:00:28.385614020
38,117.34,15,117.35,10:00:28.385704051
43,117.34,15,117.35,10:00:28.385727114
43,117.34,13,117.35,10:00:28.385896188
43,117.34,9,117.35,10:00:28.386057309
43,117.34,4,117.35,10:00:28.386140736
43,117.34,3,117.35,10:00:28.386213155
43,117.34,4,117.35,10:00:28.398395185
38,117.34,4,117.35,10:00:28.400770416
38,117.34,3,117.35,10:00:28.407963812
42,117.34,3,117.35,10:00:28.408124935
42,117.34,1,117.35,10:00:28.409958774
42,117.34,59,117.36,10:00:28.409958774
14,117.35,59,117.36,10:00:28.409958774
12,117.35,59,117.36,10:00:28.410211500
13,117.35,59,117.36,10:00:28.410307276
13,117.35,58,117.36,10:00:28.410398568
14,117.35,58,117.36,10:00:28.417401530
13,117.35,58,117.36,10:00:28.435261333
14,117.35,58,117.36,10:00:28.455506016
14,117.35,59,117.36,10:00:28.490449306
19,117.35,59,117.36,10:00:28.506827775
14,117.35,59,117.36,10:00:28.857682772
13,117.35,59,117.36,10:00:29.021459368
14,117.35,59,117.36,10:00:29.335765550
15,117.35,59,117.36,10:00:30.013475955
15,117.35,60,117.36,10:00:30.143844927
14,117.35,60,117.36,10:00:30.384821693
15,117.35,60,117.36,10:00:30.505226083
15,117.35,69,117.36,10:00:30.554403146
14,117.35,69,117.36,10:00:30.554591696
13,117.35,69,117.36,10:00:30.587267111
1,117.35,69,117.36,10:00:30.587854657
60,117.34,69,117.36,10:00:30.587854657
60,117.34,9,117.35,10:00:30.588209520
58,117.34,9,117.35,10:00:30.588332632
58,117.34,70,117.36,10:00:30.588448159
58,117.34,2,117.35,10:00:30.588448159
58,117.34,3,117.35,10:00:30.913775113
58,117.34,4,117.35,10:00:30.913962931
54,117.34,4,117.35,10:00:30.921942327
54,117.34,3,117.35,10:00:30.958284551
54,117.34,2,117.35,10:00:30.963453377
54,117.34,3,117.35,10:00:31.025872105
54,117.34,4,117.35,10:00:31.026023782
54,117.34,5,117.35,10:00:31.026138051
54,117.34,4,117.35,10:00:31.029883795
54,117.34,3,117.35,10:00:31.047001099
54,117.34,2,117.35,10:00:31.047162615
57,117.34,2,117.35,10:00:31.047232651
57,117.34,3,117.35,10:00:31.063500688
57,117.34,4,117.35,10:00:31.063663262
54,117.34,4,117.35,10:00:31.064523362
54,117.34,9,117.35,10:00:31.109032547
54,117.34,18,117.35,10:00:31.109356797
45,117.34,18,117.35,10:00:31.109523997
45,117.34,28,117.35,10:00:31.109702240
45,117.34,31,117.35,10:00:31.109829856
45,117.34,34,117.35,10:00:31.219478162
40,117.34,34,117.35,10:00:31.219805332
37,117.34,34,117.35,10:00:31.220192664
35,117.34,34,117.35,10:00:31.227409724
35,117.34,43,117.35,10:00:31.227765506
35,117.34,44,117.35,10:00:31.258230218
35,117.34,45,117.35,10:00:31.258456653
35,117.34,47,117.35,10:00:31.258595353
29,117.34,47,117.35,10:00:31.258794868
27,117.34,47,117.35,10:00:31.258865751
27,117.34,46,117.35,10:00:31.962309387
36,117.34,46,117.35,10:00:31.962515732
37,117.34,46,117.35,10:00:31.962792519
37,117.34,45,117.35,10:00:31.962851966
37,117.34,49,117.35,10:00:32.122936780
37,117.34,51,117.35,10:00:32.123036169
37,117.34,53,117.35,10:00:32.123137935
36,117.34,53,117.35,10:00:32.123468729
27,117.34,53,117.35,10:00:32.123612028
21,117.34,53,117.35,10:00:32.123858092
18,117.34,53,117.35,10:00:32.123941218
16,117.34,53,117.35,10:00:32.123941218
12,117.34,53,117.35,10:00:32.123956395
12,117.34,54,117.35,10:00:32.124048299
12,117.34,55,117.35,10:00:32.124130916
12,117.34,54,117.35,10:00:32.126329507
12,117.34,55,117.35,10:00:32.126873224
7,117.34,55,117.35,10:00:32.130902938
2,117.34,55,117.35,10:00:32.131074675
3,117.34,55,117.35,10:00:32.133244314
4,117.34,55,117.35,10:00:32.133383672
5,117.34,55,117.35,10:00:32.133444133
5,117.34,54,117.35,10:00:32.133546081
14,117.34,54,117.35,10:00:32.133616869
14,117.34,52,117.35,10:00:32.134805066
14,117.34,48,117.35,10:00:32.134879540
19,117.34,48,117.35,10:00:32.134956048
20,117.34,48,117.35,10:00:32.135053119
20,117.34,45,117.35,10:00:32.135134269
20,117.34,35,117.35,10:00:32.135134269
25,117.34,35,117.35,10:00:32.135384570
30,117.34,35,117.35,10:00:32.135600790
30,117.34,36,117.35,10:00:32.136535695
30,117.34,35,117.35,10:00:32.150615132
45,117.34,35,117.35,10:00:32.227480514
45,117.34,32,117.35,10:00:32.231328335
44,117.34,32,117.35,10:00:32.231342434
43,117.34,32,117.35,10:00:32.231342434
42,117.34,32,117.35,10:00:32.231428405
42,117.34,35,117.35,10:00:32.231662732
37,117.34,35,117.35,10:00:32.231738360
32,117.34,35,117.35,10:00:32.231754280
32,117.34,37,117.35,10:00:32.231754280
31,117.34,37,117.35,10:00:32.231754280
31,117.34,38,117.35,10:00:32.231754280
31,117.34,39,117.35,10:00:32.231832428
32,117.34,39,117.35,10:00:32.231832428
32,117.34,40,117.35,10:00:32.231832428
32,117.34,39,117.35,10:00:32.236174726
32,117.34,49,117.35,10:00:32.429270912
17,117.34,49,117.35,10:00:32.429338736
17,117.34,54,117.35,10:00:32.429411882
16,117.34,54,117.35,10:00:32.429479122
16,117.34,58,117.35,10:00:32.575287614
16,117.34,60,117.35,10:00:32.575395822
17,117.34,60,117.35,10:00:33.371720095
31,117.34,60,117.35,10:00:33.372015448
31,117.34,59,117.35,10:00:33.372015448
33,117.34,59,117.35,10:00:33.372237941
33,117.34,57,117.35,10:00:33.372679271
33,117.34,53,117.35,10:00:33.372679271
19,117.34,53,117.35,10:00:33.761211766
18,117.34,53,117.35,10:00:33.761347830
18,117.34,54,117.35,10:00:33.761441544
16,117.34,54,117.35,10:00:33.761553115
16,117.34,53,117.35,10:00:34.058017102
36,117.34,53,117.35,10:00:34.191952410
37,117.34,53,117.35,10:00:34.192303002
39,117.34,53,117.35,10:00:34.192303002
40,117.34,53,117.35,10:00:34.233069409
40,117.34,58,117.35,10:00:35.080521597
38,117.34,58,117.35,10:00:35.080539525
38,117.34,59,117.35,10:00:35.080619716
37,117.34,59,117.35,10:00:35.080745048
36,117.34,59,117.35,10:00:35.080745048
36,117.34,54,117.35,10:00:35.148181676
37,117.34,54,117.35,10:00:35.149218109
38,117.34,54,117.35,10:00:35.149369296
39,117.34,54,117.35,10:00:35.647309772
39,117.34,53,117.35,10:00:35.647460312
39,117.34,52,117.35,10:00:35.647983608
39,117.34,50,117.35,10:00:35.649043102
39,117.34,47,117.35,10:00:35.651341232
39,117.34,37,117.35,10:00:35.656329635
39,117.34,32,117.35,10:00:35.656399123
39,117.34,23,117.35,10:00:35.656532492
39,117.34,22,117.35,10:00:35.656619487
39,117.34,20,117.35,10:00:35.656619487
44,117.34,20,117.35,10:00:35.656858252
44,117.34,21,117.35,10:00:35.656950872
44,117.34,12,117.35,10:00:35.656950872
45,117.34,12,117.35,10:00:35.657089502
45,117.34,13,117.35,10:00:35.657153959
51,117.34,13,117.35,10:00:35.657994324
51,117.34,12,117.35,10:00:35.658249908
51,117.34,10,117.35,10:00:35.658467342
51,117.34,9,117.35,10:00:35.658698871
51,117.34,4,117.35,10:00:35.659118567
51,117.34,3,117.35,10:00:35.659319549
51,117.34,2,117.35,10:00:35.659627181
51,117.34,1,117.35,10:00:35.659728866
51,117.34,85,117.36,10:00:35.659799839
66,117.34,85,117.36,10:00:35.660006611
74,117.34,85,117.36,10:00:35.660100922
5,117.35,85,117.36,10:00:35.660217197
6,117.35,85,117.36,10:00:35.660234080
1,117.35,85,117.36,10:00:35.660478893
2,117.35,85,117.36,10:00:35.663363134
2,117.35,84,117.36,10:00:35.663510654
3,117.35,84,117.36,10:00:35.663675546
4,117.35,84,117.36,10:00:35.665089587
5,117.35,84,117.36,10:00:35.665159504
4,117.35,84,117.36,10:00:35.665381817
5,117.35,84,117.36,10:00:35.666092972
4,117.35,84,117.36,10:00:35.666293397
9,117.35,84,117.36,10:00:35.667244757
10,117.35,84,117.36,10:00:35.667244757
9,117.35,84,117.36,10:00:35.667403736
24,117.35,84,117.36,10:00:35.667484462
24,117.35,75,117.36,10:00:35.667744804
26,117.35,75,117.36,10:00:35.667818440
26,117.35,69,117.36,10:00:35.668918042
26,117.35,61,117.36,10:00:35.669351871
26,117.35,56,117.36,10:00:35.669351871
26,117.35,53,117.36,10:00:35.669448354
26,117.35,52,117.36,10:00:35.676110687
35,117.35,52,117.36,10:00:35.676314789
35,117.35,47,117.36,10:00:35.676824862
35,117.35,46,117.36,10:00:35.724066059
35,117.35,45,117.36,10:00:35.724136354
35,117.35,44,117.36,10:00:35.724209076
35,117.35,43,117.36,10:00:35.724209076
36,117.35,43,117.36,10:00:35.724284491
35,117.35,43,117.36,10:00:35.728006604
36,117.35,43,117.36,10:00:35.735007937
38,117.35,43,117.36,10:00:35.735184077
38,117.35,42,117.36,10:00:35.736675980
38,117.35,41,117.36,10:00:35.737014039
38,117.35,39,117.36,10:00:35.737163624
38,117.35,37,117.36,10:00:35.738043220
43,117.35,37,117.36,10:00:35.740673209
44,117.35,37,117.36,10:00:35.743339333
44,117.35,32,117.36,10:00:35.743405115
44,117.35,30,117.36,10:00:35.746372345
44,117.35,28,117.36,10:00:35.746372345
49,117.35,28,117.36,10:00:35.746520313
49,117.35,24,117.36,10:00:35.751370991
50,117.35,24,117.36,10:00:35.760544070
50,117.35,16,117.36,10:00:35.760881358
50,117.35,13,117.36,10:00:35.760944482
50,117.35,11,117.36,10:00:35.761063618
59,117.35,11,117.36,10:00:35.761294226
59,117.35,10,117.36,10:00:35.761592276
59,117.35,5,117.36,10:00:35.761592276
59,117.35,4,117.36,10:00:35.761663152
59,117.35,84,117.37,10:00:35.761678506
59,117.35,83,117.37,10:00:35.762056612
60,117.35,83,117.37,10:00:35.762070782
60,117.35,74,117.37,10:00:35.762174283
60,117.35,83,117.37,10:00:35.762347156
60,117.35,94,117.37,10:00:35.762724414
60,117.35,95,117.37,10:00:35.763799396
60,117.35,94,117.37,10:00:35.841774872
60,117.35,95,117.37,10:00:35.858865991
60,117.35,1,117.36,10:00:35.859171132
60,117.35,3,117.36,10:00:35.859392726
60,117.35,5,117.36,10:00:35.859392726
59,117.35,5,117.36,10:00:35.860392178
59,117.35,6,117.36,10:00:35.863364973
59,117.35,7,117.36,10:00:35.863509779
59,117.35,6,117.36,10:00:35.922076050
59,117.35,4,117.36,10:00:35.936210678
59,117.35,3,117.36,10:00:36.024528180
59,117.35,1,117.36,10:00:36.024809418
59,117.35,87,117.37,10:00:36.024809418
2,117.36,87,117.37,10:00:36.024809418
2,117.36,78,117.37,10:00:36.024883126
2,117.36,77,117.37,10:00:36.024883126
3,117.36,77,117.37,10:00:36.024883126
1,117.36,77,117.37,10:00:36.025182695
10,117.36,77,117.37,10:00:36.026016160
17,117.36,77,117.37,10:00:36.026096540
18,117.36,77,117.37,10:00:36.026245088
20,117.36,77,117.37,10:00:36.026545810
20,117.36,76,117.37,10:00:36.026709340
20,117.36,73,117.37,10:00:36.029255706
20,117.36,65,117.37,10:00:36.029327319
20,117.36,61,117.37,10:00:36.029327319
20,117.36,59,117.37,10:00:36.029451194
19,117.36,59,117.37,10:00:36.035746131
21,117.36,59,117.37,10:00:36.035862261
19,117.36,59,117.37,10:00:36.035929187
19,117.36,53,117.37,10:00:36.035929187
18,117.36,53,117.37,10:00:36.036098556
20,117.36,53,117.37,10:00:36.036178204
21,117.36,53,117.37,10:00:36.036336242
19,117.36,53,117.37,10:00:36.101276029
10,117.36,53,117.37,10:00:36.101573603
3,117.36,53,117.37,10:00:36.101656387
3,117.36,62,117.37,10:00:36.101872112
1,117.36,62,117.37,10:00:36.101872112
2,117.36,62,117.37,10:00:36.103155928
1,117.36,62,117.37,10:00:36.103495720
63,117.35,62,117.37,10:00:36.103495720
63,117.35,2,117.36,10:00:36.103848898
61,117.35,2,117.36,10:00:36.104042603
61,117.35,4,117.36,10:00:36.106426227
61,117.35,2,117.36,10:00:36.107182700
61,117.35,79,117.37,10:00:36.107417798
61,117.35,83,117.37,10:00:36.149423052
61,117.35,85,117.37,10:00:36.149491836
61,117.35,86,117.37,10:00:36.162087917
60,117.35,86,117.37,10:00:36.712764835
60,117.35,1,117.36,10:00:36.712811385
55,117.35,1,117.36,10:00:36.712811385
55,117.35,2,117.36,10:00:36.712811385
55,117.35,3,117.36,10:00:36.713151407
55,117.35,4,117.36,10:00:36.713151407
55,117.35,13,117.36,10:00:36.713299631
55,117.35,15,117.36,10:00:36.713330306
55,117.35,17,117.36,10:00:36.713347083
55,117.35,19,117.36,10:00:36.713347083
55,117.35,24,117.36,10:00:36.713428469
55,117.35,25,117.36,10:00:36.713448379
55,117.35,34,117.36,10:00:36.713811172
46,117.35,34,117.36,10:00:36.713895138
46,117.35,32,117.36,10:00:36.714418491
46,117.35,39,117.36,10:00:36.714449083
46,117.35,45,117.36,10:00:36.714823559
45,117.35,45,117.36,10:00:36.714823559
44,117.35,45,117.36,10:00:36.714823559
44,117.35,50,117.36,10:00:36.714842305
43,117.35,50,117.36,10:00:36.714842305
43,117.35,54,117.36,10:00:36.714842305
43,117.35,58,117.36,10:00:36.714938456
43,117.35,60,117.36,10:00:36.714957524
38,117.35,60,117.36,10:00:36.715371066
29,117.35,60,117.36,10:00:36.715490963
29,117.35,61,117.36,10:00:36.715490963
28,117.35,61,117.36,10:00:36.715490963
28,117.35,62,117.36,10:00:36.716102765
27,117.35,62,117.36,10:00:36.716129705
12,117.35,62,117.36,10:00:36.716129705
12,117.35,64,117.36,10:00:36.716159754
10,117.35,64,117.36,10:00:36.716159754
8,117.35,64,117.36,10:00:36.716159754
3,117.35,64,117.36,10:00:36.716912224
2,117.35,64,117.36,10:00:36.717760771
4,117.35,64,117.36,10:00:36.717969766
7,117.35,64,117.36,10:00:36.718226124
8,117.35,64,117.36,10:00:36.719416065
9,117.35,64,117.36,10:00:36.719680040
18,117.35,64,117.36,10:00:36.719827815
20,117.35,64,117.36,10:00:36.731360621
11,117.35,64,117.36,10:00:36.733169659
9,117.35,64,117.36,10:00:36.733698875
8,117.35,64,117.36,10:00:36.733760705
7,117.35,64,117.36,10:00:36.734103588
4,117.35,64,117.36,10:00:36.734382788
2,117.35,64,117.36,10:00:36.734753700
3,117.35,64,117.36,10:00:36.734983341
4,117.35,64,117.36,10:00:36.735274660
5,117.35,64,117.36,10:00:36.735390560
14,117.35,64,117.36,10:00:36.735617795
16,117.35,64,117.36,10:00:36.737077340
14,117.35,64,117.36,10:00:36.739923223
13,117.35,64,117.36,10:00:36.750964556
12,117.35,64,117.36,10:00:36.750964556
11,117.35,64,117.36,10:00:36.750964556
10,117.35,64,117.36,10:00:36.750978607
1,117.35,64,117.36,10:00:36.751338795
1,117.35,69,117.36,10:00:36.751338795
85,117.34,69,117.36,10:00:36.751618402
83,117.34,69,117.36,10:00:36.751850293
83,117.34,5,117.35,10:00:36.786732043
83,117.34,7,117.35,10:00:36.791100376
83,117.34,8,117.35,10:00:36.799142246
83,117.34,9,117.35,10:00:36.799298191
83,117.34,8,117.35,10:00:36.806928049
83,117.34,7,117.35,10:00:36.807088330
83,117.34,8,117.35,10:00:36.854383094
83,117.34,9,117.35,10:00:36.854550826
83,117.34,14,117.35,10:00:36.879192250
82,117.34,14,117.35,10:00:36.879370407
82,117.34,25,117.35,10:00:36.879457437
82,117.34,29,117.35,10:00:36.879457437
81,117.34,29,117.35,10:00:36.879567357
81,117.34,31,117.35,10:00:36.879643101
81,117.34,26,117.35,10:00:36.880511171
81,117.34,15,117.35,10:00:36.880685176
81,117.34,11,117.35,10:00:36.880763340
83,117.34,11,117.35,10:00:36.880886722
83,117.34,9,117.35,10:00:36.880886722
86,117.34,9,117.35,10:00:36.881028054
86,117.34,11,117.35,10:00:37.238576058
86,117.34,16,117.35,10:00:37.238642720
84,117.34,16,117.35,10:00:37.238716941
84,117.34,18,117.35,10:00:37.238796640
80,117.34,18,117.35,10:00:37.238998858
77,117.34,18,117.35,10:00:37.238998858
71,117.34,18,117.35,10:00:37.239225171
71,117.34,27,117.35,10:00:37.239225171
71,117.34,30,117.35,10:00:37.239308515
71,117.34,27,117.35,10:00:37.240190559
71,117.34,18,117.35,10:00:37.240190559
72,117.34,18,117.35,10:00:37.240295324
73,117.34,18,117.35,10:00:37.240585670
72,117.34,18,117.35,10:00:37.241355243
73,117.34,18,117.35,10:00:37.244616117
72,117.34,18,117.35,10:00:37.247538398
73,117.34,18,117.35,10:00:37.248596727
72,117.34,18,117.35,10:00:37.251778683
73,117.34,18,117.35,10:00:37.280241280
72,117.34,18,117.35,10:00:37.306753122
72,117.34,27,117.35,10:00:37.355762028
72,117.34,30,117.35,10:00:37.355865976
68,117.34,30,117.35,10:00:37.362427814
60,117.34,30,117.35,10:00:37.362493614
59,117.34,30,117.35,10:00:37.363215511
59,117.34,39,117.35,10:00:37.363383481
59,117.34,42,117.35,10:00:37.363627158
58,117.34,42,117.35,10:00:37.363701641
57,117.34,42,117.35,10:00:37.363701641
56,117.34,42,117.35,10:00:37.363772038
51,117.34,42,117.35,10:00:37.363772038
40,117.34,42,117.35,10:00:37.363842889
39,117.34,42,117.35,10:00:37.363961952
39,117.34,47,117.35,10:00:37.364171302
39,117.34,49,117.35,10:00:37.364248920
38,117.34,49,117.35,10:00:37.373450329
39,117.34,49,117.35,10:00:37.726125693
39,117.34,44,117.35,10:00:37.726303658
39,117.34,35,117.35,10:00:37.726447578
39,117.34,32,117.35,10:00:37.726652269
40,117.34,32,117.35,10:00:37.726855154
40,117.34,23,117.35,10:00:37.727032544
40,117.34,20,117.35,10:00:37.727103830
42,117.34,20,117.35,10:00:37.727415136
43,117.34,20,117.35,10:00:37.727641903
43,117.34,21,117.35,10:00:37.740115498
43,117.34,22,117.35,10:00:37.740449350
42,117.34,22,117.35,10:00:37.829341722
42,117.34,31,117.35,10:00:37.920547499
42,117.34,22,117.35,10:00:38.117153053
42,117.34,21,117.35,10:00:38.117313347
42,117.34,20,117.35,10:00:38.117405779
43,117.34,20,117.35,10:00:38.121967591
43,117.34,18,117.35,10:00:38.122138131
45,117.34,18,117.35,10:00:38.122205776
44,117.34,18,117.35,10:00:38.219564746
44,117.34,27,117.35,10:00:38.259769697
45,117.34,27,117.35,10:00:38.385397571
46,117.34,27,117.35,10:00:38.385576727
46,117.34,18,117.35,10:00:38.386352367
46,117.34,16,117.35,10:00:38.390110839
46,117.34,14,117.35,10:00:38.393389077
52,117.34,14,117.35,10:00:38.393548763
52,117.34,9,117.35,10:00:38.395230372
64,117.34,9,117.35,10:00:38.395502765
65,117.34,9,117.35,10:00:38.395652308
74,117.34,9,117.35,10:00:38.436590107
74,117.34,8,117.35,10:00:38.436738587
74,117.34,9,117.35,10:00:38.539835064
74,117.34,8,117.35,10:00:38.971080397
73,117.34,8,117.35,10:00:39.913738524
73,117.34,9,117.35,10:00:39.913897782
73,117.34,10,117.35,10:00:39.914070089
73,117.34,15,117.35,10:00:39.914217110
73,117.34,16,117.35,10:00:39.914397478
73,117.34,18,117.35,10:00:39.914397478
72,117.34,18,117.35,10:00:39.914447938
72,117.34,28,117.35,10:00:39.919621234
66,117.34,28,117.35,10:00:39.919685231
57,117.34,28,117.35,10:00:39.919750946
56,117.34,28,117.35,10:00:39.919952581
54,117.34,28,117.35,10:00:39.920317566
54,117.34,18,117.35,10:00:39.921181710
54,117.34,19,117.35,10:00:39.924220818
54,117.34,28,117.35,10:00:39.924391506
54,117.34,29,117.35,10:00:39.924453356
54,117.34,28,117.35,10:00:39.924572056
55,117.34,28,117.35,10:00:39.929239327
55,117.34,19,117.35,10:00:39.929395157
55,117.34,18,117.35,10:00:39.929500171
55,117.34,17,117.35,10:00:39.929570209
54,117.34,17,117.35,10:00:39.982054106
55,117.34,17,117.35,10:00:40.030072127
56,117.34,17,117.35,10:00:40.030240399
56,117.34,15,117.35,10:00:40.087953940
56,117.34,14,117.35,10:00:40.133101419
56,117.34,13,117.35,10:00:40.133316782
62,117.34,13,117.35,10:00:40.133388279
71,117.34,13,117.35,10:00:40.133388279
72,117.34,13,117.35,10:00:40.133567719
73,117.34,13,117.35,10:00:40.133629703
73,117.34,8,117.35,10:00:40.151104498
73,117.34,7,117.35,10:00:40.151246046
73,117.34,8,117.35,10:00:40.555646087
72,117.34,8,117.35,10:00:40.560448602
72,117.34,10,117.35,10:00:40.560610740
72,117.34,15,117.35,10:00:40.560757450
71,117.34,15,117.35,10:00:40.560947622
70,117.34,15,117.35,10:00:40.975435173
70,117.34,25,117.35,10:00:40.976144677
64,117.34,25,117.35,10:00:40.986616169
52,117.34,25,117.35,10:00:40.986681549
52,117.34,34,117.35,10:00:40.986797722
43,117.34,34,117.35,10:00:40.987061706
41,117.34,34,117.35,10:00:40.987213831
40,117.34,34,117.35,10:00:40.987213831
40,117.34,35,117.35,10:00:40.987432685
39,117.34,35,117.35,10:00:40.987705187
39,117.34,37,117.35,10:00:40.987883456
39,117.34,41,117.35,10:00:40.988047683
38,117.34,41,117.35,10:00:40.988774501
39,117.34,41,117.35,10:00:40.989217436
39,117.34,46,117.35,10:00:40.989352440
38,117.34,46,117.35,10:00:40.991927475
36,117.34,46,117.35,10:00:40.997393580
31,117.34,46,117.35,10:00:40.997844882
31,117.34,54,117.35,10:00:40.998147541
31,117.34,55,117.35,10:00:40.998147541
31,117.34,57,117.35,10:00:40.998286194
30,117.34,57,117.35,10:00:40.998412796
30,117.34,58,117.35,10:00:40.998807711
21,117.34,58,117.35,10:00:41.005657850
23,117.34,58,117.35,10:00:41.006616672
23,117.34,57,117.35,10:00:41.006764515
21,117.34,57,117.35,10:00:41.007424213
23,117.34,57,117.35,10:00:41.008050415
21,117.34,57,117.35,10:00:41.008421854
23,117.34,57,117.35,10:00:41.008734993
24,117.34,57,117.35,10:00:41.008869880
23,117.34,57,117.35,10:00:41.009092279
21,117.34,57,117.35,10:00:41.009711946
22,117.34,57,117.35,10:00:41.010901592
21,117.34,57,117.35,10:00:41.011467027
22,117.34,57,117.35,10:00:41.017544517
21,117.34,57,117.35,10:00:41.018210731
22,117.34,57,117.35,10:00:41.019932214
21,117.34,57,117.35,10:00:41.020315881
21,117.34,52,117.35,10:00:41.020407510
22,117.34,52,117.35,10:00:41.021325481
31,117.34,52,117.35,10:00:41.021527922
31,117.34,44,117.35,10:00:41.021601551
30,117.34,44,117.35,10:00:41.021772543
31,117.34,44,117.35,10:00:41.022178776
30,117.34,44,117.35,10:00:41.027435246
31,117.34,44,117.35,10:00:41.036118063
31,117.34,42,117.35,10:00:41.040875362
30,117.34,42,117.35,10:00:41.043589043
31,117.34,42,117.35,10:00:41.044191062
30,117.34,42,117.35,10:00:41.054643298
21,117.34,42,117.35,10:00:41.062318684
30,117.34,42,117.35,10:00:41.070376039
32,117.34,42,117.35,10:00:41.109334431
33,117.34,42,117.35,10:00:41.109510316
33,117.34,33,117.35,10:00:41.155664773
33,117.34,23,117.35,10:00:41.173617980
40,117.34,23,117.35,10:00:41.173617980
45,117.34,23,117.35,10:00:41.173617980
47,117.34,23,117.35,10:00:41.173840566
52,117.34,23,117.35,10:00:41.182507955
52,117.34,22,117.35,10:00:41.183091363
52,117.34,18,117.35,10:00:41.184133125
56,117.34,18,117.35,10:00:41.184467201
56,117.34,16,117.35,10:00:41.184542242
58,117.34,16,117.35,10:00:41.184610619
63,117.34,16,117.35,10:00:41.185917924
67,117.34,16,117.35,10:00:41.186063489
68,117.34,16,117.35,10:00:41.186206109
68,117.34,14,117.35,10:00:41.186381879
68,117.34,9,117.35,10:00:41.186505012
68,117.34,8,117.35,10:00:41.218406558
68,117.34,9,117.35,10:00:41.299768783
68,117.34,10,117.35,10:00:41.299949538
68,117.34,11,117.35,10:00:41.303676937
67,117.34,11,117.35,10:00:41.353351719
67,117.34,10,117.35,10:00:41.536586049
67,117.34,9,117.35,10:00:41.536785514
67,117.34,8,117.35,10:00:41.536853460
67,117.34,7,117.35,10:00:41.540620897
67,117.34,6,117.35,10:00:41.541922516
67,117.34,3,117.35,10:00:41.542122490
67,117.34,73,117.36,10:00:41.542137644
67,117.34,78,117.36,10:00:41.542424284
68,117.34,78,117.36,10:00:41.542424284
68,117.34,80,117.36,10:00:41.542579101
73,117.34,80,117.36,10:00:41.544605803
2,117.35,80,117.36,10:00:41.545430164
2,117.35,77,117.36,10:00:41.546592777
11,117.35,77,117.36,10:00:41.548620827
13,117.35,77,117.36,10:00:41.552986924
11,117.35,77,117.36,10:00:41.554228027
11,117.35,76,117.36,10:00:41.646875521
11,117.35,74,117.36,10:00:41.696414465
2,117.35,74,117.36,10:00:41.929748018
2,117.35,124,117.36,10:00:42.294843946
76,117.34,124,117.36,10:00:42.295213200
76,117.34,1,117.35,10:00:42.295303786
76,117.34,3,117.35,10:00:42.295321254
76,117.34,4,117.35,10:00:42.295321254
76,117.34,6,117.35,10:00:42.295321254
74,117.34,6,117.35,10:00:42.295400251
70,117.34,6,117.35,10:00:42.295400251
70,117.34,8,117.35,10:00:42.295605811
70,117.34,13,117.35,10:00:42.295702947
70,117.34,15,117.35,10:00:42.295702947
70,117.34,21,117.35,10:00:42.295722217
70,117.34,22,117.35,10:00:42.295722217
68,117.34,22,117.35,10:00:42.295722217
66,117.34,22,117.35,10:00:42.295722217
66,117.34,31,117.35,10:00:42.295722217
66,117.34,42,117.35,10:00:42.295779062
62,117.34,42,117.35,10:00:42.295856819
57,117.34,42,117.35,10:00:42.295932147
52,117.34,42,117.35,10:00:42.295999219
47,117.34,42,117.35,10:00:42.296153184
40,117.34,42,117.35,10:00:42.296217657
40,117.34,44,117.35,10:00:42.296328094
31,117.34,44,117.35,10:00:42.296483452
31,117.34,46,117.35,10:00:42.296547007
30,117.34,46,117.35,10:00:42.310400882
31,117.34,46,117.35,10:00:42.310778600
33,117.34,46,117.35,10:00:42.310965887
32,117.34,46,117.35,10:00:42.318438989
32,117.34,44,117.35,10:00:42.319529865
33,117.34,44,117.35,10:00:42.319686561
33,117.34,45,117.35,10:00:42.404359175
33,117.34,48,117.35,10:00:42.404576272
32,117.34,48,117.35,10:00:42.404737943
32,117.34,49,117.35,10:00:42.475251446
27,117.34,49,117.35,10:00:42.475402863
27,117.34,50,117.35,10:00:42.475402863
27,117.34,56,117.35,10:00:42.475520309
25,117.34,56,117.35,10:00:42.475600571
23,117.34,56,117.35,10:00:42.475677231
22,117.34,56,117.35,10:00:42.475766053
22,117.34,58,117.35,10:00:42.475766053
22,117.34,66,117.35,10:00:42.475839052
23,117.34,66,117.35,10:00:44.013502416
24,117.34,66,117.35,10:00:44.013695181
33,117.34,66,117.35,10:00:44.043689301
35,117.34,66,117.35,10:00:44.043858658
35,117.34,65,117.35,10:00:44.122643447
34,117.34,65,117.35,10:00:44.122643447
34,117.34,67,117.35,10:00:44.122911700
34,117.34,65,117.35,10:00:44.123012852
34,117.34,59,117.35,10:00:44.281408346
34,117.34,50,117.35,10:00:44.281647938
34,117.34,49,117.35,10:00:44.281806524
34,117.34,38,117.35,10:00:44.281895849
34,117.34,37,117.35,10:00:44.281895849
34,117.34,29,117.35,10:00:44.281895849
41,117.34,29,117.35,10:00:44.282140536
46,117.34,29,117.35,10:00:44.282232899
46,117.34,27,117.35,10:00:44.282441304
46,117.34,24,117.35,10:00:44.283361237
51,117.34,24,117.35,10:00:44.290348659
51,117.34,25,117.35,10:00:44.306670626
51,117.34,26,117.35,10:00:44.306880686
51,117.34,28,117.35,10:00:44.306948446
46,117.34,28,117.35,10:00:44.307865492
41,117.34,28,117.35,10:00:44.694608506
34,117.34,28,117.35,10:00:44.694681534
34,117.34,39,117.35,10:00:44.694795460
34,117.34,48,117.35,10:00:44.694866142
34,117.34,51,117.35,10:00:44.694989651
34,117.34,42,117.35,10:00:44.706220985
35,117.34,42,117.35,10:00:44.743028710
35,117.34,51,117.35,10:00:45.267666990
26,117.34,51,117.35,10:00:45.267874585
26,117.34,59,117.35,10:00:45.267891829
26,117.34,65,117.35,10:00:45.267980239
25,117.34,65,117.35,10:00:45.267980239
23,117.34,65,117.35,10:00:45.268006769
25,117.34,65,117.35,10:00:46.602818284
21,117.34,65,117.35,10:00:47.151699737
20,117.34,65,117.35,10:00:47.151805811
19,117.34,65,117.35,10:00:47.151805811
8,117.34,65,117.35,10:00:47.152119232
8,117.34,66,117.35,10:00:47.152226023
6,117.34,66,117.35,10:00:47.152684915
5,117.34,66,117.35,10:00:47.152827641
4,117.34,66,117.35,10:00:47.152864985
3,117.34,66,117.35,10:00:47.152864985
2,117.34,66,117.35,10:00:47.152864985
51,117.33,66,117.35,10:00:47.152864985
51,117.33,1,117.34,10:00:47.152952582
51,117.33,2,117.34,10:00:47.153112732
53,117.33,2,117.34,10:00:47.153254422
58,117.33,2,117.34,10:00:47.153365998
63,117.33,2,117.34,10:00:47.153365998
61,117.33,2,117.34,10:00:47.153383982
61,117.33,3,117.34,10:00:47.153383982
61,117.33,5,117.34,10:00:47.153472780
61,117.33,4,117.34,10:00:47.153589244
61,117.33,3,117.34,10:00:47.153823995
61,117.33,2,117.34,10:00:47.153823995
61,117.33,66,117.35,10:00:47.153939048
4,117.34,66,117.35,10:00:47.153968578
5,117.34,66,117.35,10:00:47.154136511
7,117.34,66,117.35,10:00:47.154136511
6,117.34,66,117.35,10:00:47.154362885
3,117.34,66,117.35,10:00:47.154459739
2,117.34,66,117.35,10:00:47.154459739
61,117.33,66,117.35,10:00:47.154522933
61,117.33,71,117.35,10:00:47.154732959
61,117.33,5,117.34,10:00:47.159687854
61,117.33,7,117.34,10:00:47.160170993
61,117.33,8,117.34,10:00:47.160648410
61,117.33,9,117.34,10:00:47.161373014
61,117.33,10,117.34,10:00:47.161769616
61,117.33,18,117.34,10:00:47.161786701
61,117.33,22,117.34,10:00:47.161786701
61,117.33,14,117.34,10:00:47.162782147
61,117.33,10,117.34,10:00:47.162782147
61,117.33,9,117.34,10:00:47.163528999
61,117.33,7,117.34,10:00:47.163562648
61,117.33,2,117.34,10:00:47.163562648
61,117.33,3,117.34,10:00:47.165045844
61,117.33,4,117.34,10:00:47.165770032
61,117.33,5,117.34,10:00:47.166024563
61,117.33,7,117.34,10:00:47.166624525
61,117.33,5,117.34,10:00:47.167875052
61,117.33,4,117.34,10:00:47.169663060
61,117.33,3,117.34,10:00:47.169936599
61,117.33,4,117.34,10:00:47.170811930
61,117.33,3,117.34,10:00:47.173824030
60,117.33,3,117.34,10:00:47.177043606
58,117.33,3,117.34,10:00:47.177276092
58,117.33,4,117.34,10:00:47.177292434
58,117.33,5,117.34,10:00:47.177888424
58,117.33,14,117.34,10:00:47.177888424
58,117.33,15,117.34,10:00:47.177961368
58,117.33,17,117.34,10:00:47.178446369
58,117.33,16,117.34,10:00:47.178446369
58,117.33,18,117.34,10:00:47.183187560
56,117.33,18,117.34,10:00:47.207697668
51,117.33,18,117.34,10:00:47.210276325
51,117.33,24,117.34,10:00:47.210276325
51,117.33,27,117.34,10:00:47.210351736
51,117.33,30,117.34,10:00:47.210673531
51,117.33,29,117.34,10:00:47.211750356
51,117.33,30,117.34,10:00:47.211921674
55,117.33,30,117.34,10:00:47.211997841
55,117.33,35,117.34,10:00:47.220879924
55,117.33,36,117.34,10:00:47.221209569
51,117.33,36,117.34,10:00:47.221443031
42,117.33,36,117.34,10:00:47.221633421
40,117.33,36,117.34,10:00:47.221991133
39,117.33,36,117.34,10:00:47.222084045
32,117.33,36,117.34,10:00:47.222084045
26,117.33,36,117.34,10:00:47.222084045
18,117.33,36,117.34,10:00:47.222146746
15,117.33,36,117.34,10:00:47.222247180
13,117.33,36,117.34,10:00:47.222247180
9,117.33,36,117.34,10:00:47.222316314
11,117.33,36,117.34,10:00:47.222572515
11,117.33,41,117.34,10:00:47.222721881
20,117.33,41,117.34,10:00:47.222798752
23,117.33,41,117.34,10:00:47.223060547
25,117.33,41,117.34,10:00:47.231386503
26,117.33,41,117.34,10:00:47.237032755
26,117.33,36,117.34,10:00:47.237106975
31,117.33,36,117.34,10:00:47.237248057
31,117.33,31,117.34,10:00:47.238550033
31,117.33,28,117.34,10:00:47.238657125
31,117.33,22,117.34,10:00:47.238657125
32,117.33,22,117.34,10:00:47.238898827
31,117.33,22,117.34,10:00:47.239634484
36,117.33,22,117.34,10:00:47.322561474
38,117.33,22,117.34,10:00:47.322669160
39,117.33,22,117.34,10:00:47.322766872
49,117.33,22,117.34,10:00:47.322952216
49,117.33,21,117.34,10:00:47.323018811
50,117.33,21,117.34,10:00:47.524077957
51,117.33,21,117.34,10:00:47.524249941
51,117.33,18,117.34,10:00:47.650274752
50,117.33,18,117.34,10:00:47.650364841
50,117.33,9,117.34,10:00:47.650464470
51,117.33,9,117.34,10:00:47.650634265
57,117.33,9,117.34,10:00:47.650712419
60,117.33,9,117.34,10:00:47.650778923
60,117.33,8,117.34,10:00:47.651077026
60,117.33,6,117.34,10:00:47.839486412
60,117.33,5,117.34,10:00:47.839698116
60,117.33,4,117.34,10:00:47.839761065
60,117.33,2,117.34,10:00:47.839870252
60,117.33,1,117.34,10:00:47.852491098
60,117.33,78,117.35,10:00:48.085292607
61,117.33,78,117.35,10:00:48.085589327
64,117.33,78,117.35,10:00:48.085657701
1,117.34,78,117.35,10:00:48.243755949
6,117.34,78,117.35,10:00:48.243927575
1,117.34,78,117.35,10:00:48.245298700
2,117.34,78,117.35,10:00:48.246552125
4,117.34,78,117.35,10:00:48.246735723
3,117.34,78,117.35,10:00:48.247852381
2,117.34,78,117.35,10:00:48.249714524
64,117.33,78,117.35,10:00:48.250215173
61,117.33,78,117.35,10:00:48.289138285
61,117.33,2,117.34,10:00:48.297830559
61,117.33,4,117.34,10:00:48.297894274
61,117.33,5,117.34,10:00:48.298124587
61,117.33,7,117.34,10:00:48.298124587
61,117.33,8,117.34,10:00:48.298214152
61,117.33,9,117.34,10:00:48.298214152
61,117.33,10,117.34,10:00:48.298295047
61,117.33,11,117.34,10:00:48.299277076
61,117.33,10,117.34,10:00:48.303361319
61,117.33,9,117.34,10:00:48.303930817
61,117.33,8,117.34,10:00:48.328577808
61,117.33,6,117.34,10:00:48.332841018
61,117.33,5,117.34,10:00:48.333008804
61,117.33,4,117.34,10:00:48.333085901
61,117.33,5,117.34,10:00:48.366148951
61,117.33,6,117.34,10:00:48.366304234
61,117.33,8,117.34,10:00:48.369776996
61,117.33,6,117.34,10:00:48.405280559
61,117.33,8,117.34,10:00:48.405583061
61,117.33,7,117.34,10:00:48.405653609
61,117.33,5,117.34,10:00:48.406100027
61,117.33,6,117.34,10:00:48.468396855
61,117.33,5,117.34,10:00:48.475274800
61,117.33,6,117.34,10:00:48.512894133
61,117.33,5,117.34,10:00:48.633059357
61,117.33,7,117.34,10:00:49.051405258
61,117.33,8,117.34,10:00:49.051469587
61,117.33,10,117.34,10:00:49.052318972
61,117.33,8,117.34,10:00:49.063398757
61,117.33,7,117.34,10:00:49.063468030
61,117.33,5,117.34,10:00:49.063632539
61,117.33,3,117.34,10:00:49.067713624
61,117.33,1,117.34,10:00:49.085528137
61,117.33,78,117.35,10:00:49.089294486
1,117.34,78,117.35,10:00:49.089393533
11,117.34,78,117.35,10:00:49.089477398
12,117.34,78,117.35,10:00:49.089477398
11,117.34,78,117.35,10:00:49.089904742
13,117.34,78,117.35,10:00:49.090085890
11,117.34,78,117.35,10:00:49.091143458
10,117.34,78,117.35,10:00:49.093212586
9,117.34,78,117.35,10:00:49.093594144
9,117.34,79,117.35,10:00:49.093771258
62,117.33,79,117.35,10:00:49.094067481
62,117.33,78,117.35,10:00:49.094243363
63,117.33,78,117.35,10:00:49.111777069
65,117.33,78,117.35,10:00:49.111958077
63,117.33,78,117.35,10:00:49.277888389
63,117.33,4,117.34,10:00:49.568870581
63,117.33,5,117.34,10:00:49.569160439
63,117.33,7,117.34,10:00:49.573151279
63,117.33,8,117.34,10:00:49.573233049
63,117.33,9,117.34,10:00:49.573306284
63,117.33,10,117.34,10:00:49.573306284
63,117.33,11,117.34,10:00:49.573872603
62,117.33,11,117.34,10:00:49.574235189
62,117.33,12,117.34,10:00:49.574642560
62,117.33,20,117.34,10:00:49.581318070
62,117.33,24,117.34,10:00:49.581390979
61,117.33,24,117.34,10:00:49.581779264
61,117.33,26,117.34,10:00:49.587042380
61,117.33,27,117.34,10:00:49.638443021
62,117.33,27,117.34,10:00:49.681208557
61,117.33,27,117.34,10:00:49.684289387
61,117.33,26,117.34,10:00:50.695543260
61,117.33,25,117.34,10:00:50.695622872
61,117.33,24,117.34,10:00:50.695622872
61,117.33,20,117.34,10:00:50.695726959
61,117.33,12,117.34,10:00:50.695802680
62,117.33,12,117.34,10:00:50.695874591
62,117.33,10,117.34,10:00:50.695967720
62,117.33,9,117.34,10:00:50.696108580
62,117.33,7,117.34,10:00:50.696186232
62,117.33,6,117.34,10:00:50.778885053
62,117.33,5,117.34,10:00:51.081345113
61,117.33,5,117.34,10:00:51.779855849
59,117.33,5,117.34,10:00:51.779962714
58,117.33,5,117.34,10:00:51.779962714
53,117.33,5,117.34,10:00:51.779983920
51,117.33,5,117.34,10:00:51.779983920
42,117.33,5,117.34,10:00:51.779983920
39,117.33,5,117.34,10:00:51.779983920
37,117.33,5,117.34,10:00:51.779983920
37,117.33,7,117.34,10:00:51.780166698
37,117.33,10,117.34,10:00:51.780261527
37,117.33,15,117.34,10:00:51.780261527
37,117.33,17,117.34,10:00:51.780277254
37,117.33,22,117.34,10:00:51.780365945
34,117.33,22,117.34,10:00:51.780386298
34,117.33,23,117.34,10:00:51.780386298
33,117.33,23,117.34,10:00:51.780386298
33,117.33,25,117.34,10:00:51.780386298
33,117.33,35,117.34,10:00:51.780386298
32,117.33,35,117.34,10:00:51.780386298
32,117.33,36,117.34,10:00:51.780465549
32,117.33,45,117.34,10:00:51.780569522
26,117.33,45,117.34,10:00:51.780569522
27,117.33,45,117.34,10:00:51.780569522
25,117.33,45,117.34,10:00:51.780651803
20,117.33,45,117.34,10:00:51.780651803
25,117.33,45,117.34,10:00:51.780755477
27,117.33,45,117.34,10:00:51.780755477
27,117.33,49,117.34,10:00:51.780774293
27,117.33,56,117.34,10:00:51.780889378
27,117.33,58,117.34,10:00:51.780889378
27,117.33,67,117.34,10:00:51.780960537
17,117.33,67,117.34,10:00:51.780960537
17,117.33,58,117.34,10:00:51.781082704
26,117.33,58,117.34,10:00:51.781082704
26,117.33,54,117.34,10:00:51.781181849
28,117.33,54,117.34,10:00:51.781396793
19,117.33,54,117.34,10:00:51.781713819
19,117.33,52,117.34,10:00:51.781713819
19,117.33,45,117.34,10:00:51.781713819
19,117.33,36,117.34,10:00:51.781770495
21,117.33,36,117.34,10:00:51.782014988
30,117.33,36,117.34,10:00:51.782014988
31,117.33,36,117.34,10:00:51.782014988
31,117.33,26,117.34,10:00:51.782748498
41,117.33,26,117.34,10:00:51.890310540
41,117.33,21,117.34,10:00:51.890449859
45,117.33,21,117.34,10:00:51.890513504
52,117.33,21,117.34,10:00:51.890664547
52,117.33,20,117.34,10:00:51.951836352
52,117.33,18,117.34,10:00:51.952058985
48,117.33,18,117.34,10:00:51.971331068
47,117.33,18,117.34,10:00:52.301338290
47,117.33,27,117.34,10:00:52.301774958
47,117.33,28,117.34,10:00:52.301834369
40,117.33,28,117.34,10:00:52.301929384
40,117.33,29,117.34,10:00:52.301929384
40,117.33,38,117.34,10:00:52.301947220
40,117.33,41,117.34,10:00:52.302038900
40,117.33,40,117.34,10:00:52.302300227
40,117.33,42,117.34,10:00:52.302492475
40,117.33,44,117.34,10:00:52.302492475
38,117.33,44,117.34,10:00:52.302569543
28,117.33,44,117.34,10:00:52.303851687
19,117.33,44,117.34,10:00:52.304028448
19,117.33,51,117.34,10:00:52.304289677
19,117.33,53,117.34,10:00:52.304453261
20,117.33,53,117.34,10:00:52.304724396
22,117.33,53,117.34,10:00:52.305061509
22,117.33,50,117.34,10:00:52.305255964
22,117.33,41,117.34,10:00:52.305324930
31,117.33,41,117.34,10:00:52.305630933
31,117.33,34,117.34,10:00:52.305719960
31,117.33,32,117.34,10:00:52.305797985
32,117.33,32,117.34,10:00:52.305797985
31,117.33,32,117.34,10:00:52.305957324
31,117.33,31,117.34,10:00:52.307948698
32,117.33,31,117.34,10:00:52.307948698
32,117.33,29,117.34,10:00:52.310560690
32,117.33,27,117.34,10:00:52.324759442
32,117.33,26,117.34,10:00:52.324861234
32,117.33,17,117.34,10:00:52.325007115
32,117.33,15,117.34,10:00:52.326079284
32,117.33,16,117.34,10:00:52.326229531
32,117.33,15,117.34,10:00:52.330446334
32,117.33,16,117.34,10:00:52.331070442
32,117.33,18,117.34,10:00:52.331141475
31,117.33,18,117.34,10:00:52.345333601
32,117.33,18,117.34,10:00:52.401897245
39,117.33,18,117.34,10:00:52.402074741
40,117.33,18,117.34,10:00:52.402212680
50,117.33,18,117.34,10:00:52.403982297
50,117.33,16,117.34,10:00:52.407365377
50,117.33,15,117.34,10:00:52.429305522
50,117.33,16,117.34,10:00:52.602934835
50,117.33,18,117.34,10:00:52.697653546
50,117.33,27,117.34,10:00:53.118675257
49,117.33,27,117.34,10:00:53.118823033
49,117.33,26,117.34,10:00:54.086031975
49,117.33,17,117.34,10:00:54.086197809
50,117.33,17,117.34,10:00:54.086389930
49,117.33,17,117.34,10:00:54.086459280
49,117.33,14,117.34,10:00:54.162036909
56,117.33,14,117.34,10:00:54.162191865
56,117.33,12,117.34,10:00:54.162191865
58,117.33,12,117.34,10:00:54.162265328
58,117.33,7,117.34,10:00:54.162397948
58,117.33,5,117.34,10:00:54.162854994
58,117.33,4,117.34,10:00:54.162870197
58,117.33,1,117.34,10:00:54.162995531
58,117.33,79,117.35,10:00:54.162995531
1,117.34,79,117.35,10:00:54.162995531
1,117.34,73,117.35,10:00:54.162995531
2,117.34,73,117.35,10:00:54.163010585
9,117.34,73,117.35,10:00:54.163166674
14,117.34,73,117.35,10:00:54.163258664
13,117.34,73,117.35,10:00:54.163782347
12,117.34,73,117.35,10:00:54.163782347
11,117.34,73,117.35,10:00:54.163782347
10,117.34,73,117.35,10:00:54.163782347
9,117.34,73,117.35,10:00:54.163782347
4,117.34,73,117.35,10:00:54.164118753
3,117.34,73,117.35,10:00:54.164218344
62,117.33,73,117.35,10:00:54.164330618
62,117.33,75,117.35,10:00:54.164330618
60,117.33,75,117.35,10:00:54.164727866
62,117.33,75,117.35,10:00:54.164753009
61,117.33,75,117.35,10:00:54.391025984
2,117.34,75,117.35,10:00:54.391794546
63,117.33,75,117.35,10:00:54.392153349
63,117.33,80,117.35,10:00:54.392237909
63,117.33,82,117.35,10:00:54.392237909
61,117.33,82,117.35,10:00:54.392419147
61,117.33,5,117.34,10:00:54.405144214
60,117.33,5,117.34,10:00:54.405339519
60,117.33,6,117.34,10:00:54.405422709
60,117.33,7,117.34,10:00:54.405422709
60,117.33,9,117.34,10:00:54.434950155
60,117.33,10,117.34,10:00:54.439849125
60,117.33,12,117.34,10:00:54.440065875
60,117.33,11,117.34,10:00:54.443554124
60,117.33,12,117.34,10:00:54.443855813
60,117.33,11,117.34,10:00:54.444497899
60,117.33,21,117.34,10:00:54.444804797
60,117.33,22,117.34,10:00:54.444804797
60,117.33,21,117.34,10:00:54.444934913
60,117.33,11,117.34,10:00:54.447643250
58,117.33,11,117.34,10:00:54.447947839
58,117.33,12,117.34,10:00:54.448602117
58,117.33,11,117.34,10:00:54.448841406
58,117.33,13,117.34,10:00:54.449471121
58,117.33,11,117.34,10:00:54.450162033
58,117.33,12,117.34,10:00:54.450359996
58,117.33,13,117.34,10:00:54.450618228
58,117.33,12,117.34,10:00:54.451398534
58,117.33,14,117.34,10:00:54.452672626
51,117.33,14,117.34,10:00:54.452957537
51,117.33,12,117.34,10:00:54.452957537
51,117.33,13,117.34,10:00:54.453997589
51,117.33,14,117.34,10:00:54.455044938
51,117.33,13,117.34,10:00:54.455491994
51,117.33,14,117.34,10:00:54.456703308
51,117.33,17,117.34,10:00:54.456769670
51,117.33,16,117.34,10:00:54.457386537
51,117.33,17,117.34,10:00:54.458077634
51,117.33,26,117.34,10:00:54.464172649
49,117.33,26,117.34,10:00:54.464396512
42,117.33,26,117.34,10:00:54.464396512
41,117.33,26,117.34,10:00:54.464544362
41,117.33,25,117.34,10:00:54.507990393
41,117.33,26,117.34,10:00:54.513264780
41,117.33,27,117.34,10:00:54.554169859
41,117.33,29,117.34,10:00:54.554347219
31,117.33,29,117.34,10:00:54.554937948
29,117.33,29,117.34,10:00:54.561236108
29,117.33,39,117.34,10:00:54.561397819
20,117.33,39,117.34,10:00:54.561580174
18,117.33,39,117.34,10:00:54.561644654
18,117.33,45,117.34,10:00:54.562691018
18,117.33,52,117.34,10:00:54.562891438
18,117.33,54,117.34,10:00:54.562996708
17,117.33,54,117.34,10:00:54.580950120
19,117.33,54,117.34,10:00:54.589298748
20,117.33,54,117.34,10:00:54.589472199
20,117.33,53,117.34,10:00:54.697213195
19,117.33,53,117.34,10:00:54.697213195
17,117.33,53,117.34,10:00:54.697452462
16,117.33,53,117.34,10:00:54.697452462
14,117.33,53,117.34,10:00:54.941487586
15,117.33,53,117.34,10:00:55.097203778
16,117.33,53,117.34,10:00:55.097279698
18,117.33,53,117.34,10:00:55.097340991
28,117.33,53,117.34,10:00:55.097411845
29,117.33,53,117.34,10:00:55.097480549
29,117.33,43,117.34,10:00:55.097753022
28,117.33,43,117.34,10:00:55.199330934
28,117.33,48,117.34,10:00:55.203881891
18,117.33,48,117.34,10:00:55.204040159
16,117.33,48,117.34,10:00:55.204259058
15,117.33,48,117.34,10:00:55.204453503
14,117.33,48,117.34,10:00:55.204453503
14,117.33,58,117.34,10:00:55.204581109
12,117.33,58,117.34,10:00:55.204793116
13,117.33,58,117.34,10:00:55.271912014
15,117.33,58,117.34,10:00:55.272078363
16,117.33,58,117.34,10:00:55.300429694
15,117.33,58,117.34,10:00:55.373955423
11,117.33,58,117.34,10:00:55.472657761
9,117.33,58,117.34,10:00:55.472839035
4,117.33,58,117.34,10:00:55.472915413
3,117.33,58,117.34,10:00:55.473090830
2,117.33,58,117.34,10:00:55.473167352
1,117.33,58,117.34,10:00:55.473259834
2,117.33,58,117.34,10:00:55.508344908
3,117.33,58,117.34,10:00:55.596077843
4,117.33,58,117.34,10:00:55.600545133
9,117.33,58,117.34,10:00:55.602102104
11,117.33,58,117.34,10:00:55.602284293
21,117.33,58,117.34,10:00:55.602353394
11,117.33,58,117.34,10:00:55.612607774
6,117.33,58,117.34,10:00:56.152553203
5,117.33,58,117.34,10:00:56.152716886
3,117.33,58,117.34,10:00:56.152780431
2,117.33,58,117.34,10:00:56.152887190
1,117.33,58,117.34,10:00:56.153143599
2,117.33,58,117.34,10:00:56.293898341
4,117.33,58,117.34,10:00:56.294042100
5,117.33,58,117.34,10:00:56.309344105
4,117.33,58,117.34,10:00:56.309508900
5,117.33,58,117.34,10:00:56.309582720
6,117.33,58,117.34,10:00:56.309771975
11,117.33,58,117.34,10:00:56.310223490
13,117.33,58,117.34,10:00:56.310378044
13,117.33,57,117.34,10:00:56.313810164
14,117.33,57,117.34,10:00:56.313977303
24,117.33,57,117.34,10:00:56.314131434
24,117.33,51,117.34,10:00:56.315199219
28,117.33,51,117.34,10:00:56.316675515
28,117.33,41,117.34,10:00:56.316826536
29,117.33,41,117.34,10:00:56.319287181
29,117.33,39,117.34,10:00:56.335889470
29,117.33,32,117.34,10:00:56.335957355
29,117.33,33,117.34,10:00:56.932280664
29,117.33,32,117.34,10:00:56.936274223
29,117.33,33,117.34,10:00:57.174924140
29,117.33,32,117.34,10:00:57.466645842
29,117.33,29,117.34,10:00:57.467809182
38,117.33,29,117.34,10:00:57.467984829
39,117.33,29,117.34,10:00:57.468186046
46,117.33,29,117.34,10:00:57.735475665
46,117.33,28,117.34,10:00:57.735740067
46,117.33,26,117.34,10:00:57.735740067
55,117.33,26,117.34,10:00:57.735841747
55,117.33,17,117.34,10:00:57.735983434
55,117.33,15,117.34,10:00:57.736163562
56,117.33,15,117.34,10:00:57.736185591
56,117.33,14,117.34,10:00:57.736417456
57,117.33,14,117.34,10:00:58.013382999
57,117.33,15,117.34,10:00:58.013554423
57,117.33,16,117.34,10:00:58.042525392
57,117.33,17,117.34,10:00:58.042697200
57,117.33,19,117.34,10:00:58.046243626
57,117.33,18,117.34,10:00:58.047132314
57,117.33,16,117.34,10:00:58.308957599
57,117.33,15,117.34,10:00:58.310226784
57,117.33,13,117.34,10:00:58.517821200
57,117.33,14,117.34,10:00:58.522008377
57,117.33,13,117.34,10:00:58.526220314
57,117.33,14,117.34,10:00:59.328751745
57,117.33,15,117.34,10:00:59.328954491
57,117.33,17,117.34,10:00:59.332793134
57,117.33,16,117.34,10:00:59.345323327
57,117.33,17,117.34,10:00:59.402125074
57,117.33,18,117.34,10:00:59.402321573
57,117.33,17,117.34,10:00:59.441185911
57,117.33,16,117.34,10:00:59.442196613
57,117.33,14,117.34,10:00:59.442349049
59,117.33,14,117.34,10:00:59.442589916
59,117.33,13,117.34,10:00:59.451155248
59,117.33,8,117.34,10:01:00.008173652
60,117.33,8,117.34,10:01:00.009944319
60,117.33,3,117.34,10:01:00.011626299
60,117.33,2,117.34,10:01:00.012244042
60,117.33,1,117.34,10:01:00.012321645
60,117.33,82,117.35,10:01:00.012336573
70,117.33,82,117.35,10:01:00.012809014
71,117.33,82,117.35,10:01:00.012809014
76,117.33,82,117.35,10:01:00.013010000
76,117.33,1,117.34,10:01:00.022978429
76,117.33,82,117.35,10:01:00.023207929
77,117.33,82,117.35,10:01:00.023441010
1,117.34,82,117.35,10:01:00.037736824
4,117.34,82,117.35,10:01:00.038094639
6,117.34,82,117.35,10:01:00.038680786
7,117.34,82,117.35,10:01:00.038680786
7,117.34,79,117.35,10:01:00.038944392
7,117.34,71,117.35,10:01:00.039019407
18,117.34,71,117.35,10:01:00.041958160
19,117.34,71,117.35,10:01:00.042169235
19,117.34,69,117.35,10:01:00.042742790
24,117.34,69,117.35,10:01:00.072124848
23,117.34,69,117.35,10:01:00.072124848
23,117.34,60,117.35,10:01:00.074279101
24,117.34,60,117.35,10:01:00.074513270
24,117.34,55,117.35,10:01:00.079251048
24,117.34,53,117.35,10:01:00.079251048
24,117.34,42,117.35,10:01:00.079251048
24,117.34,38,117.35,10:01:00.079251048
33,117.34,38,117.35,10:01:00.079609717
34,117.34,38,117.35,10:01:00.079609717
33,117.34,38,117.35,10:01:00.079803065
32,117.34,38,117.35,10:01:00.080204588
32,117.34,40,117.35,10:01:00.082232772
32,117.34,42,117.35,10:01:00.082546006
33,117.34,42,117.35,10:01:00.109477107
37,117.34,42,117.35,10:01:00.109558672
37,117.34,41,117.35,10:01:00.116909292
37,117.34,40,117.35,10:01:00.144224190
37,117.34,35,117.35,10:01:00.144511138
38,117.34,35,117.35,10:01:00.144511138
46,117.34,35,117.35,10:01:00.144511138
46,117.34,33,117.35,10:01:00.144562857
45,117.34,33,117.35,10:01:00.144667452
46,117.34,33,117.35,10:01:00.358446637
46,117.34,31,117.35,10:01:00.358446637
46,117.34,30,117.35,10:01:00.358764920
46,117.34,27,117.35,10:01:00.358922918
45,117.34,27,117.35,10:01:00.361255726
46,117.34,27,117.35,10:01:00.361891085
47,117.34,27,117.35,10:01:00.362144045
47,117.34,26,117.35,10:01:00.373629135
46,117.34,26,117.35,10:01:00.385911818
46,117.34,27,117.35,10:01:00.448373330
45,117.34,27,117.35,10:01:00.448558088
45,117.34,31,117.35,10:01:00.448620194
45,117.34,40,117.35,10:01:00.854984372
36,117.34,40,117.35,10:01:00.855146471
28,117.34,40,117.35,10:01:00.855455901
28,117.34,41,117.35,10:01:00.865192937
28,117.34,40,117.35,10:01:00.896992366
29,117.34,40,117.35,10:01:01.014313835
29,117.34,41,117.35,10:01:01.015621270
29,117.34,40,117.35,10:01:01.292652011
29,117.34,31,117.35,10:01:01.293759902
38,117.34,31,117.35,10:01:01.293946820
39,117.34,31,117.35,10:01:01.293946820
39,117.34,27,117.35,10:01:01.294014329
39,117.34,26,117.35,10:01:01.294207428
39,117.34,25,117.35,10:01:01.294291201
48,117.34,25,117.35,10:01:01.298077572
57,117.34,25,117.35,10:01:01.298856375
57,117.34,24,117.35,10:01:01.299593872
57,117.34,22,117.35,10:01:01.301495644
57,117.34,31,117.35,10:01:01.620310107
48,117.34,31,117.35,10:01:01.620642176
48,117.34,34,117.35,10:01:01.620642176
39,117.34,34,117.35,10:01:01.620857819
30,117.34,34,117.35,10:01:01.621276230
30,117.34,35,117.35,10:01:01.621292439
30,117.34,34,117.35,10:01:01.632474454
29,117.34,34,117.35,10:01:01.632544720
29,117.34,35,117.35,10:01:01.637541500
29,117.34,37,117.35,10:01:01.637725510
30,117.34,37,117.35,10:01:01.646780844
31,117.34,37,117.35,10:01:01.730709270
32,117.34,37,117.35,10:01:01.730874390
41,117.34,37,117.35,10:01:01.805587707
41,117.34,28,117.35,10:01:01.805811266
41,117.34,26,117.35,10:01:01.805875510
41,117.34,25,117.35,10:01:01.805953218
50,117.34,25,117.35,10:01:01.806224463
50,117.34,22,117.35,10:01:01.806376655
51,117.34,22,117.35,10:01:01.903968351
60,117.34,22,117.35,10:01:02.362032714
69,117.34,22,117.35,10:01:02.800934677
69,117.34,16,117.35,10:01:02.801166120
69,117.34,15,117.35,10:01:02.801166120
70,117.34,15,117.35,10:01:02.801281608
70,117.34,13,117.35,10:01:02.801364737
71,117.34,13,117.35,10:01:02.801464660
70,117.34,13,117.35,10:01:02.915120136
70,117.34,8,117.35,10:01:03.133900611
70,117.34,7,117.35,10:01:03.134254095
70,117.34,5,117.35,10:01:03.134254095
70,117.34,3,117.35,10:01:03.134356572
70,117.34,1,117.35,10:01:03.134413206
70,117.34,137,117.36,10:01:03.134413206
71,117.34,137,117.36,10:01:03.134828882
71,117.34,140,117.36,10:01:03.134950898
81,117.34,140,117.36,10:01:03.134970239
81,117.34,130,117.36,10:01:03.134970239
86,117.34,130,117.36,10:01:03.135054088
1,117.35,130,117.36,10:01:03.235188117
5,117.35,130,117.36,10:01:03.235264248
6,117.35,130,117.36,10:01:03.235504892
7,117.35,130,117.36,10:01:03.235519529
9,117.35,130,117.36,10:01:03.235968517
9,117.35,129,117.36,10:01:03.240118211
8,117.35,129,117.36,10:01:03.250870613
9,117.35,129,117.36,10:01:03.348032052
9,117.35,128,117.36,10:01:03.348270868
18,117.35,128,117.36,10:01:03.348444237
23,117.35,128,117.36,10:01:03.363051690
24,117.35,128,117.36,10:01:03.403364892
23,117.35,128,117.36,10:01:03.436076550
19,117.35,128,117.36,10:01:03.436076550
18,117.35,128,117.36,10:01:03.436076550
17,117.35,128,117.36,10:01:03.436076550
16,117.35,128,117.36,10:01:03.436414629
15,117.35,128,117.36,10:01:03.436414629
7,117.35,128,117.36,10:01:03.436561989
6,117.35,128,117.36,10:01:03.436593871
1,117.35,128,117.36,10:01:03.436593871
83,117.34,128,117.36,10:01:03.436593871
83,117.34,5,117.35,10:01:03.436593871
83,117.34,14,117.35,10:01:03.436593871
74,117.34,14,117.35,10:01:03.436620936
74,117.34,22,117.35,10:01:03.436620936
74,117.34,28,117.35,10:01:03.436620936
74,117.34,31,117.35,10:01:03.436620936
73,117.34,31,117.35,10:01:03.436800069
73,117.34,34,117.35,10:01:03.436800069
73,117.34,35,117.35,10:01:03.436891797
72,117.34,35,117.35,10:01:03.436891797
72,117.34,42,117.35,10:01:03.436906895
70,117.34,42,117.35,10:01:03.437190757
70,117.34,39,117.35,10:01:03.437190757
70,117.34,40,117.35,10:01:03.437282337
61,117.34,40,117.35,10:01:03.437302959
51,117.34,40,117.35,10:01:03.437622213
51,117.34,44,117.35,10:01:03.437622213
51,117.34,45,117.35,10:01:03.437642830
51,117.34,47,117.35,10:01:03.438349258
51,117.34,46,117.35,10:01:03.439254545
51,117.34,47,117.35,10:01:03.439862055
51,117.34,48,117.35,10:01:03.440106989
51,117.34,47,117.35,10:01:03.440243152
51,117.34,46,117.35,10:01:03.440435715
51,117.34,49,117.35,10:01:03.440645727
51,117.34,50,117.35,10:01:03.440645727
51,117.34,51,117.35,10:01:03.441455454
51,117.34,50,117.35,10:01:03.442142418
51,117.34,42,117.35,10:01:03.442966337
51,117.34,41,117.35,10:01:03.442966337
51,117.34,35,117.35,10:01:03.443011156
51,117.34,36,117.35,10:01:03.444540762
51,117.34,38,117.35,10:01:03.444661469
51,117.34,37,117.35,10:01:03.445167542
51,117.34,38,117.35,10:01:03.445730025
51,117.34,37,117.35,10:01:03.447211634
51,117.34,35,117.35,10:01:03.449141514
51,117.34,36,117.35,10:01:03.449366967
51,117.34,35,117.35,10:01:03.449748589
51,117.34,32,117.35,10:01:03.450636268
51,117.34,33,117.35,10:01:03.450980549
42,117.34,33,117.35,10:01:03.453349440
42,117.34,37,117.35,10:01:03.453687775
42,117.34,38,117.35,10:01:03.454836400
42,117.34,39,117.35,10:01:03.454902556
42,117.34,40,117.35,10:01:03.455005423
42,117.34,39,117.35,10:01:03.455220435
42,117.34,40,117.35,10:01:03.455519084
42,117.34,45,117.35,10:01:03.455592966
42,117.34,46,117.35,10:01:03.455921189
44,117.34,46,117.35,10:01:03.457417927
44,117.34,45,117.35,10:01:03.457504759
45,117.34,45,117.35,10:01:03.457608839
45,117.34,46,117.35,10:01:03.460015062
45,117.34,48,117.35,10:01:03.460192774
45,117.34,49,117.35,10:01:03.460257231
45,117.34,48,117.35,10:01:03.462422075
45,117.34,46,117.35,10:01:03.464866729
44,117.34,46,117.35,10:01:03.492515612
43,117.34,46,117.35,10:01:03.492753170
43,117.34,47,117.35,10:01:03.494503207
43,117.34,49,117.35,10:01:03.494673301
34,117.34,49,117.35,10:01:03.496898909
29,117.34,49,117.35,10:01:03.498944648
18,117.34,49,117.35,10:01:03.509576171
27,117.34,49,117.35,10:01:03.511139804
28,117.34,49,117.35,10:01:03.516095222
27,117.34,49,117.35,10:01:03.516307253
27,117.34,50,117.35,10:01:03.550637509
18,117.34,50,117.35,10:01:03.569822218
18,117.34,51,117.35,10:01:03.573746808
27,117.34,51,117.35,10:01:03.976682321
27,117.34,50,117.35,10:01:03.976932599
27,117.34,49,117.35,10:01:03.980179323
27,117.34,47,117.35,10:01:03.999723790
18,117.34,47,117.35,10:01:04.076152921
18,117.34,49,117.35,10:01:04.076353210
18,117.34,48,117.35,10:01:04.185147008
17,117.34,48,117.35,10:01:04.185162601
17,117.34,53,117.35,10:01:04.185366448
17,117.34,60,117.35,10:01:04.185366448
17,117.34,69,117.35,10:01:04.185430851
17,117.34,71,117.35,10:01:04.185430851
14,117.34,71,117.35,10:01:04.185678259
14,117.34,62,117.35,10:01:04.185678259
9,117.34,62,117.35,10:01:04.185751478
9,117.34,63,117.35,10:01:04.185840632
8,117.34,63,117.35,10:01:04.220021269
8,117.34,62,117.35,10:01:04.300226232
6,117.34,62,117.35,10:01:04.393853708
6,117.34,71,117.35,10:01:04.394654533
5,117.34,71,117.35,10:01:04.394835576
3,117.34,71,117.35,10:01:04.395554299
2,117.34,71,117.35,10:01:04.395862778
1,117.34,71,117.35,10:01:04.395882842
77,117.33,71,117.35,10:01:04.395882842
77,117.33,8,117.34,10:01:04.395882842
77,117.33,11,117.34,10:01:04.395906119
77,117.33,19,117.34,10:01:04.395906119
77,117.33,20,117.34,10:01:04.396301600
75,117.33,20,117.34,10:01:04.396445636
74,117.33,20,117.34,10:01:04.396445636
74,117.33,17,117.34,10:01:04.396445636
74,117.33,19,117.34,10:01:04.396445636
64,117.33,19,117.34,10:01:04.396481578
64,117.33,11,117.34,10:01:04.396481578
64,117.33,3,117.34,10:01:04.396535990
64,117.33,2,117.34,10:01:04.396557271
64,117.33,71,117.35,10:01:04.396557271
64,117.33,1,117.34,10:01:04.396557271
64,117.33,71,117.35,10:01:04.396975315
65,117.33,71,117.35,10:01:04.397197077
65,117.33,74,117.35,10:01:04.397197077
65,117.33,1,117.34,10:01:04.397197077
68,117.33,1,117.34,10:01:04.397213830
68,117.33,74,117.35,10:01:04.397301814
68,117.33,81,117.35,10:01:04.397301814
10,117.34,81,117.35,10:01:04.397301814
78,117.33,81,117.35,10:01:04.397772110
5,117.34,81,117.35,10:01:04.404733294
10,117.34,81,117.35,10:01:04.404733294
12,117.34,81,117.35,10:01:04.404961812
13,117.34,81,117.35,10:01:04.405037639
13,117.34,72,117.35,10:01:04.405129345
14,117.34,72,117.35,10:01:04.405129345
26,117.34,72,117.35,10:01:04.405443879
26,117.34,65,117.35,10:01:04.405443879
26,117.34,62,117.35,10:01:04.407043397
26,117.34,60,117.35,10:01:04.407298495
26,117.34,53,117.35,10:01:04.407298495
26,117.34,51,117.35,10:01:04.407683999
26,117.34,46,117.35,10:01:04.407820427
27,117.34,46,117.35,10:01:04.408006844
28,117.34,46,117.35,10:01:04.408174626
32,117.34,46,117.35,10:01:04.408401487
32,117.34,45,117.35,10:01:04.408894238
36,117.34,45,117.35,10:01:04.416463084
37,117.34,45,117.35,10:01:04.416711971
36,117.34,45,117.35,10:01:04.420620432
36,117.34,44,117.35,10:01:04.420685933
36,117.34,45,117.35,10:01:04.420814870
36,117.34,68,117.35,10:01:04.420871350
37,117.34,68,117.35,10:01:04.420976534
37,117.34,69,117.35,10:01:04.423524628
37,117.34,68,117.35,10:01:04.424549206
39,117.34,68,117.35,10:01:04.431360684
42,117.34,68,117.35,10:01:04.431492428
43,117.34,68,117.35,10:01:04.446865957
43,117.34,71,117.35,10:01:04.504563524
43,117.34,72,117.35,10:01:04.504961050
43,117.34,71,117.35,10:01:04.556052638
43,117.34,68,117.35,10:01:04.583680242
43,117.34,71,117.35,10:01:04.606099466
43,117.34,70,117.35,10:01:04.720272985
43,117.34,69,117.35,10:01:04.720678380
43,117.34,66,117.35,10:01:04.721305390
44,117.34,66,117.35,10:01:04.721356783
45,117.34,66,117.35,10:01:04.721486399
46,117.34,66,117.35,10:01:04.722204980
46,117.34,61,117.35,10:01:04.722654106
47,117.34,61,117.35,10:01:04.723121780
47,117.34,60,117.35,10:01:04.723241454
46,117.34,60,117.35,10:01:04.732412353
55,117.34,60,117.35,10:01:04.738355565
55,117.34,59,117.35,10:01:04.738645327
56,117.34,59,117.35,10:01:04.738850649
65,117.34,59,117.35,10:01:04.752797599
65,117.34,58,117.35,10:01:04.752931687
65,117.34,56,117.35,10:01:04.753070067
65,117.34,52,117.35,10:01:04.753359802
65,117.34,43,117.35,10:01:04.760727377
64,117.34,43,117.35,10:01:04.762345661
64,117.34,44,117.35,10:01:04.919044418
64,117.34,45,117.35,10:01:05.153757604
64,117.34,46,117.35,10:01:05.153951203
64,117.34,47,117.35,10:01:05.154015404
55,117.34,47,117.35,10:01:05.154203818
55,117.34,52,117.35,10:01:05.157782478
55,117.34,54,117.35,10:01:05.157959271
54,117.34,54,117.35,10:01:05.159207021
53,117.34,54,117.35,10:01:05.164422620
44,117.34,54,117.35,10:01:05.164645568
43,117.34,54,117.35,10:01:05.164816860
43,117.34,56,117.35,10:01:05.418534627
41,117.34,56,117.35,10:01:05.418607139
40,117.34,56,117.35,10:01:05.418607139
40,117.34,58,117.35,10:01:05.418893503
39,117.34,58,117.35,10:01:05.419585081
38,117.34,58,117.35,10:01:05.419654699
35,117.34,58,117.35,10:01:05.419654699
23,117.34,58,117.35,10:01:05.419817842
25,117.34,58,117.35,10:01:05.420064383
23,117.34,58,117.35,10:01:05.420659794
25,117.34,58,117.35,10:01:05.420787931
26,117.34,58,117.35,10:01:05.421208411
27,117.34,58,117.35,10:01:05.421358830
27,117.34,56,117.35,10:01:05.421501808
28,117.34,56,117.35,10:01:05.421571483
28,117.34,57,117.35,10:01:05.422446375
28,117.34,58,117.35,10:01:05.423097123
28,117.34,57,117.35,10:01:05.423532813
28,117.34,60,117.35,10:01:05.424079335
28,117.34,57,117.35,10:01:05.424287237
28,117.34,59,117.35,10:01:05.424352876
27,117.34,59,117.35,10:01:05.424802089
27,117.34,60,117.35,10:01:05.425062783
26,117.34,60,117.35,10:01:05.425492603
25,117.34,60,117.35,10:01:05.429192396
25,117.34,63,117.35,10:01:05.430208042
20,117.34,63,117.35,10:01:05.430360520
16,117.34,63,117.35,10:01:05.430441688
15,117.34,63,117.35,10:01:05.430779845
13,117.34,63,117.35,10:01:05.430884996
12,117.34,63,117.35,10:01:05.431043940
12,117.34,71,117.35,10:01:05.432223136
12,117.34,72,117.35,10:01:05.432447962
11,117.34,72,117.35,10:01:05.432548694
7,117.34,72,117.35,10:01:05.432654636
3,117.34,72,117.35,10:01:05.432677283
1,117.34,72,117.35,10:01:05.432677283
89,117.33,72,117.35,10:01:05.432677283
88,117.33,72,117.35,10:01:05.433050902
88,117.33,2,117.34,10:01:05.433050902
86,117.33,2,117.34,10:01:05.433224649
86,117.33,3,117.34,10:01:05.433506319
86,117.33,1,117.34,10:01:05.433506319
86,117.33,80,117.35,10:01:05.433784244
87,117.33,80,117.35,10:01:05.433838102
78,117.33,80,117.35,10:01:05.446423766
77,117.33,80,117.35,10:01:05.449857285
77,117.33,1,117.34,10:01:05.455754295
77,117.33,2,117.34,10:01:05.455992996
67,117.33,2,117.34,10:01:05.456240810
64,117.33,2,117.34,10:01:05.469973150
64,117.33,1,117.34,10:01:05.495329194
64,117.33,2,117.34,10:01:05.507692101
64,117.33,4,117.34,10:01:05.507880881
64,117.33,5,117.34,10:01:05.525046163
64,117.33,6,117.34,10:01:05.525239020
64,117.33,8,117.34,10:01:05.525312863
63,117.33,8,117.34,10:01:05.526127154
63,117.33,7,117.34,10:01:05.536117176
63,117.33,6,117.34,10:01:05.540408565
63,117.33,5,117.34,10:01:05.540554399
63,117.33,3,117.34,10:01:05.540821227
63,117.33,4,117.34,10:01:05.543857805
63,117.33,5,117.34,10:01:05.551635124
63,117.33,6,117.34,10:01:05.551816753
63,117.33,8,117.34,10:01:05.551892228
63,117.33,7,117.34,10:01:05.553917096
63,117.33,6,117.34,10:01:05.554066703
63,117.33,7,117.34,10:01:05.558451360
63,117.33,6,117.34,10:01:05.559160232
63,117.33,5,117.34,10:01:05.644113362
63,117.33,4,117.34,10:01:05.644342698
63,117.33,2,117.34,10:01:05.644418448
66,117.33,2,117.34,10:01:05.644489386
66,117.33,79,117.35,10:01:05.644635757
76,117.33,79,117.35,10:01:05.645086504
76,117.33,23,117.34,10:01:05.813844748
66,117.33,23,117.34,10:01:05.814309973
67,117.33,23,117.34,10:01:05.864304260
74,117.33,23,117.34,10:01:05.864476533
67,117.33,23,117.34,10:01:05.883051116
67,117.33,24,117.34,10:01:05.985195125
67,117.33,26,117.34,10:01:05.985697032
67,117.33,25,117.34,10:01:05.986737130
67,117.33,26,117.34,10:01:05.987020013
67,117.33,28,117.34,10:01:05.987193412
67,117.33,26,117.34,10:01:05.987767715
67,117.33,24,117.34,10:01:05.995974516
67,117.33,26,117.34,10:01:06.014723758
65,117.33,26,117.34,10:01:06.015120564
58,117.33,26,117.34,10:01:06.015189684
58,117.33,27,117.34,10:01:06.015303604
58,117.33,26,117.34,10:01:06.055185085
58,117.33,27,117.34,10:01:06.059640115
58,117.33,25,117.34,10:01:06.069472535
58,117.33,24,117.34,10:01:06.069627366
58,117.33,25,117.34,10:01:06.078116782
58,117.33,27,117.34,10:01:06.194790948
58,117.33,26,117.34,10:01:06.195869129
58,117.33,24,117.34,10:01:06.200284518
58,117.33,25,117.34,10:01:06.328952820
58,117.33,26,117.34,10:01:06.329063774
60,117.33,26,117.34,10:01:06.373868864
60,117.33,25,117.34,10:01:07.028853325
65,117.33,25,117.34,10:01:07.028923911
69,117.33,25,117.34,10:01:07.028923911
69,117.33,21,117.34,10:01:07.029103712
70,117.33,21,117.34,10:01:07.029473200
70,117.33,20,117.34,10:01:07.029490445
72,117.33,20,117.34,10:01:07.029743197
71,117.33,20,117.34,10:01:07.030964770
71,117.33,21,117.34,10:01:07.043243297
71,117.33,23,117.34,10:01:07.051031576
69,117.33,23,117.34,10:01:07.051394843
69,117.33,21,117.34,10:01:07.060786606
69,117.33,20,117.34,10:01:07.277450451
69,117.33,19,117.34,10:01:07.545360846
69,117.33,17,117.34,10:01:07.545581457
69,117.33,1,117.34,10:01:07.545690762
69,117.33,65,117.35,10:01:07.545690762
70,117.33,65,117.35,10:01:07.545754211
70,117.33,57,117.35,10:01:07.546056842
6,117.34,57,117.35,10:01:07.546056842
6,117.34,49,117.35,10:01:07.546056842
7,117.34,49,117.35,10:01:07.546184986
9,117.34,49,117.35,10:01:07.546319748
10,117.34,49,117.35,10:01:07.546401689
4,117.34,49,117.35,10:01:07.546837491
3,117.34,49,117.35,10:01:07.546914570
1,117.34,49,117.35,10:01:07.547063631
80,117.33,49,117.35,10:01:07.549520858
5,117.34,49,117.35,10:01:07.549621761
5,117.34,57,117.35,10:01:07.549789953
7,117.34,57,117.35,10:01:07.549940897
7,117.34,65,117.35,10:01:07.549958244
8,117.34,65,117.35,10:01:07.551192886
9,117.34,65,117.35,10:01:07.553206292
10,117.34,65,117.35,10:01:07.553492494
11,117.34,65,117.35,10:01:07.558391564
12,117.34,65,117.35,10:01:07.558648927
19,117.34,65,117.35,10:01:07.559526395
24,117.34,65,117.35,10:01:07.559597441
24,117.34,57,117.35,10:01:07.559962059
24,117.34,49,117.35,10:01:07.561514742
24,117.34,46,117.35,10:01:07.563085876
17,117.34,46,117.35,10:01:07.588206286
12,117.34,46,117.35,10:01:07.588270951
21,117.34,46,117.35,10:01:07.588548099
22,117.34,46,117.35,10:01:07.588730890
23,117.34,46,117.35,10:01:07.588906081
23,117.34,49,117.35,10:01:07.589361430
24,117.34,49,117.35,10:01:07.620423426
26,117.34,49,117.35,10:01:07.642486635
26,117.34,48,117.35,10:01:07.653407675
27,117.34,48,117.35,10:01:07.653485483
27,117.34,47,117.35,10:01:07.653485483
27,117.34,38,117.35,10:01:07.654360843
32,117.34,38,117.35,10:01:07.654551680
37,117.34,38,117.35,10:01:07.654680214
41,117.34,38,117.35,10:01:07.654707908
46,117.34,38,117.35,10:01:07.654808538
47,117.34,38,117.35,10:01:07.654995844
51,117.34,38,117.35,10:01:07.654995844
51,117.34,35,117.35,10:01:07.655231392
51,117.34,34,117.35,10:01:07.655515606
51,117.34,33,117.35,10:01:07.655657316
51,117.34,31,117.35,10:01:07.656442789
51,117.34,32,117.35,10:01:07.657490226
51,117.34,33,117.35,10:01:07.657551484
51,117.34,35,117.35,10:01:07.657728271
47,117.34,35,117.35,10:01:07.657954063
42,117.34,35,117.35,10:01:07.657954063
42,117.34,34,117.35,10:01:07.659309712
42,117.34,35,117.35,10:01:07.671283845
42,117.34,37,117.35,10:01:07.671466214
42,117.34,36,117.35,10:01:07.711741229
49,117.34,36,117.35,10:01:07.726201443
54,117.34,36,117.35,10:01:07.726273046
54,117.34,34,117.35,10:01:07.726394234
54,117.34,32,117.35,10:01:07.727171861
59,117.34,32,117.35,10:01:08.110326173
63,117.34,32,117.35,10:01:08.110393056
64,117.34,32,117.35,10:01:08.110503383
65,117.34,32,117.35,10:01:08.110951916
65,117.34,25,117.35,10:01:08.111026489
65,117.34,20,117.35,10:01:08.111026489
65,117.34,16,117.35,10:01:08.111276944
65,117.34,13,117.35,10:01:08.111434828
65,117.34,8,117.35,10:01:08.111450214
65,117.34,6,117.35,10:01:08.111500300
65,117.34,5,117.35,10:01:08.111573132
66,117.34,5,117.35,10:01:08.113140049
66,117.34,4,117.35,10:01:08.113292305
66,117.34,2,117.35,10:01:08.113531972
66,117.34,1,117.35,10:01:08.114084653
65,117.34,1,117.35,10:01:08.115072384
65,117.34,2,117.35,10:01:08.129735802
65,117.34,5,117.35,10:01:08.129894102
65,117.34,6,117.35,10:01:08.130357692
65,117.34,8,117.35,10:01:08.130430447
65,117.34,7,117.35,10:01:08.130497804
65,117.34,5,117.35,10:01:08.131120373
64,117.34,5,117.35,10:01:08.131511000
64,117.34,4,117.35,10:01:08.131511000
64,117.34,5,117.35,10:01:08.134539520
64,117.34,14,117.35,10:01:08.134877417
63,117.34,14,117.35,10:01:08.135011593
63,117.34,16,117.35,10:01:08.141992385
63,117.34,23,117.35,10:01:08.529369247
59,117.34,23,117.35,10:01:08.529541519
54,117.34,23,117.35,10:01:08.529623192
54,117.34,24,117.35,10:01:08.564829808
54,117.34,26,117.35,10:01:08.565021866
54,117.34,25,117.35,10:01:08.592449057
54,117.34,30,117.35,10:01:09.206101159
54,117.34,31,117.35,10:01:09.206247808
54,117.34,32,117.35,10:01:09.206349037
54,117.34,33,117.35,10:01:09.208970315
47,117.34,33,117.35,10:01:09.212465922
42,117.34,33,117.35,10:01:09.212540101
37,117.34,33,117.35,10:01:09.212540101
33,117.34,33,117.35,10:01:09.212605974
33,117.34,34,117.35,10:01:09.212680037
32,117.34,34,117.35,10:01:09.212746351
32,117.34,36,117.35,10:01:09.212846460
32,117.34,47,117.35,10:01:09.213352210
27,117.34,47,117.35,10:01:09.213915226
18,117.34,47,117.35,10:01:09.214137402
18,117.34,57,117.35,10:01:09.214218676
17,117.34,57,117.35,10:01:09.214847393
17,117.34,56,117.35,10:01:09.216053667
21,117.34,56,117.35,10:01:09.216147657
26,117.34,56,117.35,10:01:09.216147657
26,117.34,46,117.35,10:01:09.216667683
26,117.34,44,117.35,10:01:09.218742846
21,117.34,44,117.35,10:01:09.407931643
21,117.34,45,117.35,10:01:09.408000452
21,117.34,55,117.35,10:01:09.408150270
21,117.34,56,117.35,10:01:09.408215991
21,117.34,59,117.35,10:01:09.409009164
21,117.34,58,117.35,10:01:09.409089962
21,117.34,55,117.35,10:01:09.409997023
21,117.34,58,117.35,10:01:09.433121429
21,117.34,59,117.35,10:01:09.433404006
21,117.34,56,117.35,10:01:09.435051351
21,117.34,55,117.35,10:01:09.456104044
21,117.34,54,117.35,10:01:09.475202115
28,117.34,54,117.35,10:01:09.820442756
33,117.34,54,117.35,10:01:09.820504404
33,117.34,43,117.35,10:01:09.833917224
33,117.34,33,117.35,10:01:09.942308481
33,117.34,32,117.35,10:01:09.942482948
33,117.34,33,117.35,10:01:09.947028398
33,117.34,34,117.35,10:01:09.947206763
28,117.34,34,117.35,10:01:09.947372404
21,117.34,34,117.35,10:01:09.947439940
21,117.34,35,117.35,10:01:09.951371652
21,117.34,46,117.35,10:01:09.963640169
21,117.34,49,117.35,10:01:09.964923921
21,117.34,50,117.35,10:01:09.965144181
21,117.34,49,117.35,10:01:10.270475710
21,117.34,46,117.35,10:01:10.270704634
21,117.34,45,117.35,10:01:10.270845572
31,117.34,45,117.35,10:01:10.281918297
31,117.34,44,117.35,10:01:10.282098665
31,117.34,46,117.35,10:01:10.330832373
31,117.34,47,117.35,10:01:10.331031707
21,117.34,47,117.35,10:01:10.331114813
21,117.34,58,117.35,10:01:10.331187198
21,117.34,57,117.35,10:01:10.331258571
21,117.34,60,117.35,10:01:10.332524019
21,117.34,58,117.35,10:01:10.333367635
21,117.34,47,117.35,10:01:10.334556345
21,117.34,44,117.35,10:01:10.334887614
21,117.34,33,117.35,10:01:10.336006571
21,117.34,32,117.35,10:01:10.336240433
30,117.34,32,117.35,10:01:10.336305643
30,117.34,33,117.35,10:01:10.336441684
30,117.34,35,117.35,10:01:10.336576330
30,117.34,34,117.35,10:01:10.337743901
30,117.34,35,117.35,10:01:10.346580634
30,117.34,34,117.35,10:01:10.362115878
30,117.34,32,117.35,10:01:10.373468382
30,117.34,33,117.35,10:01:10.399304729
30,117.34,34,117.35,10:01:10.399464587
21,117.34,34,117.35,10:01:10.399625382
21,117.34,35,117.35,10:01:10.399776175
21,117.34,34,117.35,10:01:10.432553350
21,117.34,45,117.35,10:01:10.436840627
31,117.34,45,117.35,10:01:10.691906216
35,117.34,45,117.35,10:01:10.901702964
50,117.34,45,117.35,10:01:10.901977182
51,117.34,45,117.35,10:01:10.902078391
51,117.34,44,117.35,10:01:10.902078391
51,117.34,33,117.35,10:01:10.902078391
51,117.34,32,117.35,10:01:10.902201316
52,117.34,32,117.35,10:01:10.923856149
52,117.34,31,117.35,10:01:11.011055785
52,117.34,32,117.35,10:01:11.051696748
52,117.34,34,117.35,10:01:11.051876556
52,117.34,35,117.35,10:01:11.052312642
51,117.34,35,117.35,10:01:11.052452953
51,117.34,34,117.35,10:01:11.053541717
51,117.34,37,117.35,10:01:11.054177469
51,117.34,34,117.35,10:01:11.057628884
51,117.34,35,117.35,10:01:11.252305691
52,117.34,35,117.35,10:01:11.380068275
51,117.34,35,117.35,10:01:11.407506358
60,117.34,35,117.35,10:01:11.949841292
60,117.34,30,117.35,10:01:11.984970325
61,117.34,30,117.35,10:01:12.013230581
61,117.34,28,117.35,10:01:12.039136422
62,117.34,28,117.35,10:01:12.597148978
62,117.34,27,117.35,10:01:12.601341702
62,117.34,26,117.35,10:01:12.601416278
62,117.34,24,117.35,10:01:12.601416278
62,117.34,23,117.35,10:01:12.601579311
63,117.34,23,117.35,10:01:12.889701917
65,117.34,23,117.35,10:01:12.889905638
65,117.34,14,117.35,10:01:12.893682833
65,117.34,12,117.35,10:01:12.893909399
71,117.34,12,117.35,10:01:12.893909399
71,117.34,9,117.35,10:01:12.893984893
74,117.34,9,117.35,10:01:12.893984893
74,117.34,8,117.35,10:01:12.901839745
74,117.34,6,117.35,10:01:12.902678567
82,117.34,6,117.35,10:01:12.902789015
82,117.34,5,117.35,10:01:12.902809281
85,117.34,5,117.35,10:01:12.902865213
85,117.34,1,117.35,10:01:12.903060967
85,117.34,135,117.36,10:01:12.903172487
4,117.35,135,117.36,10:01:12.903172487
14,117.35,135,117.36,10:01:12.903354493
15,117.35,135,117.36,10:01:12.903538749
17,117.35,135,117.36,10:01:12.903538749
13,117.35,135,117.36,10:01:12.903641872
3,117.35,135,117.36,10:01:12.903641872
1,117.35,135,117.36,10:01:12.904000156
1,117.35,136,117.36,10:01:12.904190239
2,117.35,136,117.36,10:01:12.904356220
3,117.35,136,117.36,10:01:12.907323751
5,117.35,136,117.36,10:01:12.907392967
3,117.35,136,117.36,10:01:12.907930474
5,117.35,136,117.36,10:01:12.911560734
6,117.35,136,117.36,10:01:12.912597252
6,117.35,135,117.36,10:01:12.912789335
18,117.35,135,117.36,10:01:12.913285126
19,117.35,135,117.36,10:01:12.913356915
