price,volume,timestamp
117.35,1,10:00:06.799103928
117.35,2,10:00:06.799103928
117.35,2,10:00:06.799185566
117.35,1,10:00:06.870885679
117.35,1,10:00:06.902110579
117.34,1,10:00:10.553817201
117.34,18,10:00:10.553921523
117.34,1,10:00:10.553952234
117.33,1,10:00:10.605206010
117.33,2,10:00:10.605491802
117.33,3,10:00:10.605570803
117.33,2,10:00:10.605570803
117.33,1,10:00:10.651491616
117.33,2,10:00:10.651491616
117.33,2,10:00:10.651646662
117.33,1,10:00:10.651660928
117.33,1,10:00:10.651676563
117.33,1,10:00:10.651692512
117.33,1,10:00:10.651705187
117.33,18,10:00:10.651721846
117.33,1,10:00:10.677155569
117.33,2,10:00:10.677155569
117.33,5,10:00:10.677155569
117.33,2,10:00:10.677384853
117.33,5,10:00:10.677512232
117.33,1,10:00:11.009008843
117.33,1,10:00:11.009194996
117.33,1,10:00:12.156346181
117.33,1,10:00:12.156454348
117.33,1,10:00:12.156474696
117.34,2,10:00:13.552030772
117.35,1,10:00:23.441871046
117.35,1,10:00:23.442163142
117.35,1,10:00:23.442251903
117.35,1,10:00:23.442268246
117.35,1,10:00:24.930123223
117.36,10,10:00:26.368150959
117.36,2,10:00:26.368245170
117.36,1,10:00:26.368261833
117.36,2,10:00:26.368261833
117.36,5,10:00:26.368261833
117.36,6,10:00:26.368261833
117.36,1,10:00:26.368276744
117.36,5,10:00:26.380448057
117.36,1,10:00:26.442060603
117.36,1,10:00:26.878484514
117.36,1,10:00:26.878549512
117.36,5,10:00:26.878890343
117.36,4,10:00:26.878993174
117.36,2,10:00:26.878993174
117.36,1,10:00:26.879136961
117.36,2,10:00:26.879228932
117.36,1,10:00:26.879228932
117.36,1,10:00:26.880178013
117.36,2,10:00:26.880178013
117.36,1,10:00:26.880513591
117.36,1,10:00:26.880615786
117.36,1,10:00:26.886728668
117.36,1,10:00:26.908238640
117.36,1,10:00:27.015363461
117.35,1,10:00:28.383738430
117.35,1,10:00:28.383998043
117.35,1,10:00:28.384011716
117.35,1,10:00:28.384129441
117.35,1,10:00:28.384236691
117.35,5,10:00:28.384257463
117.35,2,10:00:28.384257463
117.35,11,10:00:28.384750500
117.35,1,10:00:28.384750500
117.35,2,10:00:28.385293453
117.35,1,10:00:28.407963812
117.35,2,10:00:28.409958774
117.35,1,10:00:28.409958774
117.35,2,10:00:28.410211500
117.35,12,10:00:30.587854657
117.35,1,10:00:30.587854657
117.35,1,10:00:31.047001099
117.34,1,10:00:32.231342434
117.34,1,10:00:32.231428405
117.35,1,10:00:35.659728866
117.35,1,10:00:35.659799839
117.36,1,10:00:35.761592276
117.36,5,10:00:35.761592276
117.36,1,10:00:35.761663152
117.36,4,10:00:35.761678506
117.36,1,10:00:36.024528180
117.36,1,10:00:36.024809418
117.36,2,10:00:36.024809418
117.36,1,10:00:36.035746131
117.36,1,10:00:36.103495720
117.35,1,10:00:36.750964556
117.35,1,10:00:36.750978607
117.35,1,10:00:40.133101419
117.35,1,10:00:40.133316782
117.35,3,10:00:41.542122490
117.35,3,10:00:41.542137644
117.35,2,10:00:42.295213200
117.34,1,10:00:44.122643447
117.34,4,10:00:47.151699737
117.34,1,10:00:47.151805811
117.34,11,10:00:47.152119232
117.34,2,10:00:47.152684915
117.34,1,10:00:47.152827641
117.34,1,10:00:47.152864985
117.34,2,10:00:47.152864985
117.34,1,10:00:47.153823995
117.34,2,10:00:47.153939048
117.34,1,10:00:47.154362885
117.34,1,10:00:47.211750356
117.34,1,10:00:48.085292607
117.34,1,10:00:49.089294486
117.34,1,10:00:49.093594144
117.33,1,10:00:51.779855849
117.33,2,10:00:51.779962714
117.33,1,10:00:51.779962714
117.33,2,10:00:51.779983920
117.33,3,10:00:51.779983920
117.33,5,10:00:51.779983920
117.33,9,10:00:51.779983920
117.34,1,10:00:54.162870197
117.34,3,10:00:54.162995531
117.34,1,10:00:54.162995531
117.34,1,10:00:54.163782347
117.34,1,10:00:54.164218344
117.34,3,10:00:54.164330618
117.34,2,10:00:54.392153349
117.33,1,10:00:54.697213195
117.34,1,10:01:00.012244042
117.34,1,10:01:00.012321645
117.34,1,10:01:00.012336573
117.34,1,10:01:00.023207929
117.35,1,10:01:00.144224190
117.35,1,10:01:00.373629135
117.35,2,10:01:03.134254095
117.35,1,10:01:03.134254095
117.35,2,10:01:03.134356572
117.35,2,10:01:03.134413206
117.35,1,10:01:03.134413206
117.35,1,10:01:03.436076550
117.35,4,10:01:03.436076550
117.35,1,10:01:03.436414629
117.35,8,10:01:03.436561989
117.35,5,10:01:03.436593871
117.35,1,10:01:03.436593871
117.34,1,10:01:04.185162601
117.34,1,10:01:04.395862778
117.34,1,10:01:04.395882842
117.34,8,10:01:04.396481578
117.34,8,10:01:04.396535990
117.34,1,10:01:04.396557271
117.34,2,10:01:04.396557271
117.34,1,10:01:04.396975315
117.34,1,10:01:04.397301814
117.34,1,10:01:04.420620432
117.34,1,10:01:05.432548694
117.34,4,10:01:05.432654636
117.34,4,10:01:05.432677283
117.34,1,10:01:05.432677283
117.34,2,10:01:05.432677283
117.34,1,10:01:05.644113362
117.34,4,10:01:07.029103712
117.34,1,10:01:07.545360846
117.34,2,10:01:07.545581457
117.34,1,10:01:07.545690762
117.34,16,10:01:07.545690762
117.35,2,10:01:12.902678567
117.35,1,10:01:12.902809281
117.35,4,10:01:12.903060967
117.35,1,10:01:12.903172487
117.35,1,10:01:12.958752762
117.35,2,10:01:13.022645022
117.35,1,10:01:13.022725777
117.35,2,10:01:13.043931625
117.35,2,10:01:13.195393780
117.35,1,10:01:13.195419771
117.34,1,10:01:18.990969471
117.34,1,10:01:18.991261771
117.34,1,10:01:18.991392926
117.34,1,10:01:18.991415541
117.34,4,10:01:18.991415541
117.34,1,10:01:18.991513666
117.35,2,10:01:22.105949933
117.35,1,10:01:22.106053834
117.35,1,10:01:22.106439463
117.35,2,10:01:22.106439463
117.35,1,10:01:22.106679881
117.35,1,10:01:22.106841872
117.35,1,10:01:22.106856890
117.35,1,10:01:22.106891663
117.35,1,10:01:22.106906755
117.35,1,10:01:22.106921654
117.36,1,10:01:24.512431900
117.36,4,10:01:24.512682450
117.36,3,10:01:24.512858454
117.36,10,10:01:24.512956950
117.36,15,10:01:24.512956950
117.36,10,10:01:24.513304623
117.36,3,10:01:24.513905998
117.36,8,10:01:24.513905998
117.36,1,10:01:24.513905998
117.36,1,10:01:24.513927298
117.37,9,10:01:26.026342974
117.37,1,10:01:26.026575729
117.37,4,10:01:26.491786710
117.37,1,10:01:26.491806390
117.37,3,10:01:26.491806390
117.37,2,10:01:26.555500775
117.37,1,10:01:26.555715265
117.37,2,10:01:28.346792007
117.37,2,10:01:28.410251683
117.37,1,10:01:28.410353749
117.37,9,10:01:29.476147846
117.37,1,10:01:29.476147846
117.37,1,10:01:29.525826988
117.37,8,10:01:29.526182510
117.37,1,10:01:29.526182510
117.37,10,10:01:29.526717204
117.37,1,10:01:29.526968146
117.37,2,10:01:29.527418362
117.37,1,10:01:29.528001492
117.37,1,10:01:29.528502685
117.37,1,10:01:29.560607422
117.37,1,10:01:29.569245013
117.37,2,10:01:29.569245013
117.37,1,10:01:29.569335612
117.37,3,10:01:29.569351337
117.37,1,10:01:29.569351337
117.36,1,10:01:31.944824174
117.36,1,10:01:31.944928290
117.36,2,10:01:31.944928290
117.36,1,10:01:31.944943515
117.36,1,10:01:34.145628906
117.36,2,10:01:34.145713831
117.36,1,10:01:34.228428904
117.36,4,10:01:34.228428904
117.36,1,10:01:34.228443208
117.36,1,10:01:34.228574534
117.36,3,10:01:34.230162552
117.36,1,10:01:34.285119605
117.35,3,10:01:34.532108182
117.35,1,10:01:34.532108182
117.36,2,10:01:41.036893472
117.36,1,10:01:41.037140537
117.36,5,10:01:41.037140537
117.36,3,10:01:41.037481775
117.36,1,10:01:41.037495634
117.36,2,10:01:41.037509052
117.36,1,10:01:41.037523013
117.36,1,10:01:41.037537237
117.36,2,10:01:41.037551244
117.36,1,10:01:41.037566520
117.36,1,10:01:41.037581388
117.36,1,10:01:41.037770540
117.36,1,10:01:41.039391527
117.36,1,10:01:41.039584218
117.36,6,10:01:41.039597946
117.36,1,10:01:41.039613118
117.36,2,10:01:41.039629166
117.36,5,10:01:41.039682212
117.36,7,10:01:41.039682212
117.36,3,10:01:41.039682212
117.36,1,10:01:41.050363840
117.36,1,10:01:41.050709309
117.36,1,10:01:41.062013000
117.36,1,10:01:41.062171435
117.36,1,10:01:41.073584259
117.36,1,10:01:41.073793805
117.36,1,10:01:41.088945737
117.36,9,10:01:41.089251651
117.36,2,10:01:41.089340156
117.36,1,10:01:41.089356707
117.36,1,10:01:41.089929340
117.36,2,10:01:41.089929340
117.36,1,10:01:41.090223403
117.36,2,10:01:41.090223403
117.36,1,10:01:41.123291314
117.36,1,10:01:41.367953338
117.36,2,10:01:41.368047632
117.36,1,10:01:41.368632681
117.36,2,10:01:41.368632681
117.36,1,10:01:41.368730645
117.36,2,10:01:41.454698591
117.36,1,10:01:41.576670680
117.36,3,10:01:41.576750750
117.36,1,10:01:41.576765777
117.36,1,10:01:46.851917011
117.36,2,10:01:46.851917011
117.36,1,10:01:46.852196656
117.36,1,10:01:46.852399238
117.36,1,10:01:46.862774693
117.36,1,10:01:46.863080058
117.36,1,10:01:46.863590280
117.35,1,10:01:46.880802319
117.35,1,10:01:46.880820697
117.35,1,10:01:47.168894453
117.34,1,10:01:47.450493106
117.35,1,10:01:50.368309417
117.34,7,10:01:50.395572346
117.34,5,10:01:50.395572346
117.34,2,10:01:50.395657485
117.34,6,10:01:50.396010413
117.34,1,10:01:50.396139590
117.34,2,10:01:50.396164250
117.34,1,10:01:50.396164250
117.34,1,10:01:50.405838148
117.34,1,10:01:50.405853040
117.34,2,10:01:50.427620383
117.34,1,10:01:58.236002031
117.34,2,10:01:58.236089168
117.34,1,10:01:58.236105660
117.34,1,10:01:58.246894037
117.34,1,10:01:58.248377917
117.34,1,10:01:58.344947536
117.34,1,10:01:58.345030380
117.34,1,10:01:58.345045949
117.34,1,10:01:59.970621984
117.34,1,10:01:59.970913818
117.34,1,10:01:59.974529719
117.34,1,10:01:59.974633640
117.34,1,10:01:59.974800631
117.34,3,10:01:59.993807579
117.34,1,10:02:00.070850079
117.34,1,10:02:05.173358126
117.34,1,10:02:05.173476391
117.34,4,10:02:05.173503975
117.34,1,10:02:05.173503975
117.34,5,10:02:05.173630120
117.34,5,10:02:05.174039046
117.34,1,10:02:05.174537901
117.34,1,10:02:05.174553415
117.34,1,10:02:05.199989574
117.34,1,10:02:05.200072460
117.34,1,10:02:05.257128444
117.34,1,10:02:17.153591072
117.35,1,10:02:22.399930883
117.35,3,10:02:22.400225201
117.35,1,10:02:22.400239233
117.35,2,10:02:22.400367378
117.35,1,10:02:22.400398786
117.35,3,10:02:22.400398786
117.35,11,10:02:22.400398786
117.35,1,10:02:22.540564033
117.35,4,10:02:22.540647133
117.35,1,10:02:22.540661850
117.35,4,10:02:22.540851252
117.35,1,10:02:22.541070771
117.35,1,10:02:22.593871816
117.35,1,10:02:22.594143429
117.35,1,10:02:22.594258488
117.35,2,10:02:22.604491649
117.35,1,10:02:35.029546758
117.35,1,10:02:35.029836642
117.35,3,10:02:35.030089490
117.35,1,10:02:35.030114661
117.35,1,10:02:35.054884906
117.35,1,10:02:35.173349759
117.35,1,10:02:35.195196323
117.35,1,10:02:35.256256606
117.35,1,10:02:35.277232535
117.34,1,10:02:39.492394659
117.34,4,10:02:39.492923511
117.34,1,10:02:39.492923511
117.34,1,10:02:39.493071168
117.34,4,10:02:39.493084912
117.34,1,10:02:39.493100208
117.34,2,10:02:39.493100208
117.34,9,10:02:39.493100208
117.34,1,10:02:39.493114557
117.34,2,10:02:39.493114557
117.34,2,10:02:39.493128861
117.34,1,10:02:39.493143984
117.34,2,10:02:39.493685366
117.34,1,10:02:39.494129542
117.34,3,10:02:41.668381344
117.34,1,10:02:41.668381344
117.34,5,10:02:41.668381344
117.34,2,10:02:41.679307939
117.34,2,10:02:41.684376592
117.34,1,10:02:41.692080721
117.34,1,10:02:42.510898856
117.34,1,10:02:42.579035724
117.34,2,10:02:48.625654386
117.34,1,10:02:48.625753953
117.34,2,10:02:48.625809198
117.34,1,10:02:48.625809198
117.34,2,10:02:49.738095576
117.34,1,10:02:49.738095576
117.33,1,10:02:56.928955586
117.33,1,10:02:56.928972936
117.33,7,10:02:56.928972936
117.33,3,10:02:56.929441230
117.33,1,10:02:56.929441230
117.33,2,10:02:56.929558923
117.33,1,10:02:59.169131195
117.33,1,10:02:59.415837797
117.33,6,10:02:59.416150219
117.33,1,10:02:59.416244378
117.33,1,10:02:59.416351834
117.33,1,10:03:01.179053202
117.33,1,10:03:01.865262199
117.33,2,10:03:03.174096795
117.33,1,10:03:03.755892880
117.33,1,10:03:03.756088179
117.33,2,10:03:04.505689558
117.33,1,10:03:10.332614294
117.33,2,10:03:10.332855500
117.33,1,10:03:10.332974057
117.33,7,10:03:10.333262117
117.33,5,10:03:10.333262117
117.33,1,10:03:10.333494550
117.33,2,10:03:10.333758223
117.33,1,10:03:10.333941909
117.33,3,10:03:10.333957154
117.33,2,10:03:10.333957154
117.33,5,10:03:10.333957154
117.33,5,10:03:10.333980085
117.33,1,10:03:10.333980085
117.33,1,10:03:10.346117750
117.33,2,10:03:10.346231046
117.33,6,10:03:10.346231046
117.33,1,10:03:10.384524329
117.33,1,10:03:10.401633774
117.33,1,10:03:11.101039282
117.33,1,10:03:13.638135012
117.33,2,10:03:13.638210218
117.33,1,10:03:13.638230174
117.33,5,10:03:13.638230174
117.33,2,10:03:30.219267547
117.34,1,10:03:31.259195087
117.34,1,10:03:31.259284511
117.34,1,10:03:31.259297958
117.34,2,10:03:31.259312361
117.34,1,10:03:31.259326127
117.34,1,10:03:31.259339874
117.34,1,10:03:31.259353420
117.34,1,10:03:31.259370815
117.34,2,10:03:31.259384313
117.34,3,10:03:31.259406963
117.34,1,10:03:31.259426604
117.34,9,10:03:31.259442217
117.34,1,10:03:31.259466489
117.34,1,10:03:31.259486815
117.34,1,10:03:31.281899167
117.33,1,10:03:36.292088484
117.33,1,10:03:36.292110996
117.33,2,10:03:36.292110996
117.33,5,10:03:36.292110996
117.33,2,10:03:36.292177792
117.33,1,10:03:36.292177792
117.33,9,10:03:36.292177792
117.33,2,10:03:36.292215104
117.33,1,10:03:36.331710606
117.34,1,10:03:46.031044608
117.34,2,10:03:46.031059281
117.34,2,10:03:46.031150037
117.34,5,10:03:46.031165622
117.34,1,10:03:46.031165622
117.34,1,10:03:46.031910833
117.33,1,10:04:00.899332097
117.33,1,10:04:00.903057589
117.33,4,10:04:00.903079356
117.33,1,10:04:00.903079356
117.33,1,10:04:00.904312677
117.33,5,10:04:00.978160530
117.33,1,10:04:00.978258158
117.33,1,10:04:01.012932936
117.33,1,10:04:01.427964442
117.34,2,10:04:04.076798787
117.34,1,10:04:04.076889967
117.34,1,10:04:04.147426701
117.34,2,10:04:04.817230513
117.34,1,10:04:04.817230513
117.34,1,10:04:05.520314889
117.34,1,10:04:06.835941667
117.34,1,10:04:06.836184659
117.34,2,10:04:06.944742666
117.34,1,10:04:08.932615556
117.34,1,10:04:08.932923169
117.34,1,10:04:08.933026259
117.34,1,10:04:08.933043229
117.34,1,10:04:09.355216982
117.34,1,10:04:09.355444954
117.34,1,10:04:10.365707999
117.34,1,10:04:10.365972745
117.34,1,10:04:12.699091967
117.34,1,10:04:15.566493259
117.34,1,10:04:15.566764343
117.34,1,10:04:17.070112325
117.34,9,10:04:17.070112325
117.34,1,10:04:21.814150897
117.34,2,10:04:21.814150897
117.34,2,10:04:21.814250683
117.34,1,10:04:21.814272942
117.34,1,10:04:23.307799349
117.35,1,10:04:26.638720856
117.35,1,10:04:26.638752689
117.35,1,10:04:26.639064726
117.35,2,10:04:26.639506749
117.35,3,10:04:26.639521290
117.35,1,10:04:26.639638032
117.35,1,10:04:26.639716986
117.35,1,10:04:26.659895406
117.35,2,10:04:26.659895406
117.35,3,10:04:26.660506446
117.35,1,10:04:26.661716694
117.35,1,10:04:26.661946066
117.35,1,10:04:26.664035809
117.35,1,10:04:26.664292760
117.35,1,10:04:26.671851851
117.36,1,10:04:27.621502570
117.36,1,10:04:28.194175954
117.36,2,10:04:28.194639556
117.36,3,10:04:28.194639556
117.37,1,10:04:29.959010470
117.37,1,10:04:29.959246889
117.37,1,10:04:29.959261807
117.37,2,10:04:30.014322827
117.37,1,10:04:30.130632000
117.37,1,10:04:30.241843556
117.37,1,10:04:36.376818817
117.37,1,10:04:40.167118968
117.37,2,10:04:40.167118968
117.37,5,10:04:40.167300014
117.37,2,10:04:40.167300014
117.37,1,10:04:40.167300014
117.37,1,10:04:40.167593892
117.37,9,10:04:40.167752596
117.37,1,10:04:40.168401839
117.37,5,10:04:40.168401839
117.37,1,10:04:41.902620448
117.38,2,10:04:49.183443137
117.38,3,10:04:49.183443137
117.38,1,10:04:49.183443137
117.38,5,10:04:49.183827748
117.38,1,10:04:49.183827748
117.38,39,10:04:49.204353695
117.38,1,10:04:49.204455324
117.38,2,10:04:49.204455324
117.38,1,10:04:49.550275086
117.38,1,10:04:49.550610540
117.38,1,10:04:49.550707110
117.38,4,10:04:49.550725481
117.38,1,10:04:49.703572032
117.38,3,10:04:49.703572032
117.38,1,10:04:49.704002185
117.38,1,10:04:50.808882855
117.38,1,10:04:50.808996989
117.38,2,10:04:50.809216719
117.38,2,10:04:50.809387887
117.38,4,10:04:50.809387887
117.38,1,10:04:50.810473145
117.38,2,10:04:53.098026445
117.38,1,10:04:53.237638782
117.37,1,10:04:55.980531417
117.37,1,10:04:55.980622960
117.38,1,10:05:05.006915357
117.38,1,10:05:05.007203753
117.38,1,10:05:05.007231606
117.38,1,10:05:05.007450014
117.38,1,10:05:05.008106495
117.38,5,10:05:05.008106495
117.38,1,10:05:05.011853174
117.38,3,10:05:05.011968540
117.38,5,10:05:05.014851508
117.38,1,10:05:05.551663091
117.38,3,10:05:05.551981641
117.38,4,10:05:05.552003894
117.38,1,10:05:05.699757022
117.38,2,10:05:05.699780586
117.38,1,10:05:05.699780586
117.38,1,10:05:05.726911489
117.38,1,10:05:05.803332323
117.38,9,10:05:08.432844973
117.38,1,10:05:08.432858927
117.38,2,10:05:08.432954204
117.38,1,10:05:08.432954204
117.38,5,10:05:08.432971520
117.38,1,10:05:08.432971520
117.38,2,10:05:15.271966517
117.38,1,10:05:22.071290692
117.38,1,10:05:22.071369738
117.38,3,10:05:22.071369738
117.39,3,10:05:35.912495677
117.39,2,10:05:35.912624365
117.39,1,10:05:35.912624365
117.39,2,10:05:35.912953594
117.39,1,10:05:35.912968313
117.39,13,10:05:35.913061113
117.39,3,10:05:35.913103395
117.39,5,10:05:35.933507518
117.39,1,10:05:35.933507518
117.39,1,10:05:35.933627393
117.39,1,10:05:35.944562419
117.39,1,10:05:36.776225018
117.39,1,10:05:36.776308922
117.39,1,10:05:36.776326667
117.39,2,10:05:36.957818144
117.39,3,10:05:36.958011562
117.39,7,10:05:36.958228227
117.39,1,10:05:38.131392736
117.39,1,10:05:38.131489297
117.39,1,10:05:38.131863897
117.39,1,10:05:38.254391432
117.39,1,10:05:42.709969974
117.39,2,10:05:42.710063481
117.39,1,10:05:50.193751567
117.38,1,10:05:53.482868239
117.38,1,10:05:53.491467989
117.38,1,10:05:56.574238566
117.38,1,10:05:56.574342732
117.38,3,10:05:56.574364233
117.38,1,10:05:56.574364233
117.38,9,10:05:56.574364233
117.38,2,10:05:57.908584247
117.38,3,10:05:57.908930384
117.38,1,10:06:00.239954204
117.38,1,10:06:02.333326413
117.38,3,10:06:02.333326413
117.37,5,10:06:02.471460652
117.38,1,10:06:03.989107995
117.38,1,10:06:05.284209070
117.39,1,10:06:11.421377839
117.39,1,10:06:15.651889722
117.39,1,10:06:15.652270474
117.39,1,10:06:15.652418070
117.39,1,10:06:15.652554031
117.39,1,10:06:15.653116004
117.39,1,10:06:21.598315367
117.39,2,10:06:21.598589774
117.39,1,10:06:21.598677399
117.39,1,10:06:21.598790708
117.39,23,10:06:21.598883204
117.39,1,10:06:22.396418842
117.39,2,10:06:22.396798689
117.39,1,10:06:22.446735771
117.39,3,10:06:22.446935640
117.39,1,10:06:24.004263468
117.39,1,10:06:24.004355692
117.39,2,10:06:24.004381033
117.38,1,10:06:28.028536051
117.38,2,10:06:29.326541547
117.38,1,10:06:29.327076247
117.39,1,10:06:29.925804826
117.39,1,10:06:30.194245264
117.38,1,10:06:31.801836879
117.38,1,10:06:31.802211094
117.38,1,10:06:31.802234312
117.38,2,10:06:31.802234312
117.38,1,10:06:31.802582607
117.38,3,10:06:31.802904525
117.38,5,10:06:33.606240374
117.38,1,10:06:33.606240374
117.38,2,10:06:33.606331712
117.38,1,10:06:33.606362330
117.38,11,10:06:33.606362330
117.38,2,10:06:33.606362330
117.38,1,10:06:33.606681369
117.38,1,10:06:33.607661372
117.37,1,10:06:36.683356229
117.37,1,10:06:36.683576769
117.37,2,10:06:36.684028035
117.37,1,10:06:36.684028035
117.37,1,10:06:36.684256638
117.37,1,10:06:36.684545380
117.37,9,10:06:36.684648295
117.37,9,10:06:36.685040026
117.37,10,10:06:36.685040026
117.37,1,10:06:36.685163085
117.37,1,10:06:36.685189101
117.37,7,10:06:36.685777362
117.37,3,10:06:36.686084976
117.37,1,10:06:36.708716416
117.37,1,10:06:36.708816525
117.37,5,10:06:36.708887155
117.37,1,10:06:40.097058175
117.37,1,10:06:40.097073880
117.37,2,10:06:40.097073880
117.37,2,10:06:44.866174149
117.37,1,10:06:45.071546367
117.37,2,10:06:45.071793392
117.37,10,10:06:45.071793392
117.37,1,10:06:45.071816950
117.37,1,10:06:45.293713819
117.37,2,10:06:45.380612636
117.37,2,10:06:45.380627890
117.37,1,10:06:46.530179565
117.37,1,10:06:46.530270548
117.37,2,10:06:46.530576593
117.37,1,10:06:46.570136260
117.37,2,10:06:46.985902317
117.37,2,10:06:46.986201222
117.37,3,10:06:47.336097318
117.37,1,10:06:47.336097318
117.37,1,10:06:47.336178338
117.37,1,10:06:48.894258578
117.38,1,10:06:50.258322314
117.37,1,10:06:51.476439692
117.37,2,10:06:51.476766181
117.37,1,10:06:51.476766181
117.37,1,10:06:52.274290281
117.37,3,10:06:53.596789930
117.37,1,10:07:04.115624322
117.37,1,10:07:06.679006479
117.37,2,10:07:06.679006479
117.37,2,10:07:06.679102510
117.37,1,10:07:06.679124625
117.37,1,10:07:06.692476348
117.37,2,10:07:06.692886850
117.37,3,10:07:06.701024899
117.37,1,10:07:10.156104247
117.37,1,10:07:12.448392829
117.37,2,10:07:12.448635501
117.37,1,10:07:12.448756278
117.37,2,10:07:12.448756278
117.37,1,10:07:12.520984440
117.37,1,10:07:14.481261577
117.37,10,10:07:17.068558660
117.37,1,10:07:17.069358294
117.37,2,10:07:17.069386563
117.37,1,10:07:17.069386563
117.37,1,10:07:17.362551637
117.38,1,10:07:24.563534358
117.37,5,10:07:25.301566681
117.37,1,10:07:25.301566681
117.37,2,10:07:25.301650726
117.36,1,10:07:25.328557679
117.36,1,10:07:25.328722067
117.36,1,10:07:25.328739485
117.36,10,10:07:25.328758736
117.36,9,10:07:25.328758736
117.36,1,10:07:25.328758736
117.36,5,10:07:25.328758736
117.36,1,10:07:25.328881776
117.36,2,10:07:25.328881776
117.36,1,10:07:25.329375497
117.36,5,10:07:25.329492716
117.37,2,10:07:28.937171832
117.37,1,10:07:28.937621672
117.37,1,10:07:28.937707544
117.37,1,10:07:30.253801613
117.37,2,10:07:31.976871365
117.37,5,10:07:31.976991368
117.37,1,10:07:31.977012386
117.37,2,10:07:31.977012386
117.37,1,10:07:32.079259613
117.36,2,10:07:37.822503388
117.36,1,10:07:37.823083689
117.36,2,10:07:37.823270911
117.36,1,10:07:37.823270911
117.36,1,10:07:37.934606011
117.36,2,10:07:38.053378411
117.36,1,10:07:38.053378411
117.36,2,10:07:38.053458319
117.36,1,10:07:38.765262065
117.36,1,10:07:39.350386714
117.36,2,10:07:39.350464961
117.36,3,10:07:41.265096877
117.36,1,10:07:41.265186666
117.36,1,10:07:42.954785373
117.37,1,10:07:46.551441475
117.37,2,10:07:46.551686100
117.37,1,10:07:46.551769418
117.37,1,10:07:46.551890052
117.37,1,10:07:46.552020735
117.37,2,10:07:46.573911539
117.37,1,10:07:46.654177661
117.37,1,10:07:46.659129613
117.37,1,10:07:46.675136412
117.37,2,10:07:46.675583845
117.37,5,10:07:46.675687268
117.37,1,10:07:46.675823240
117.37,1,10:07:46.676796209
117.36,1,10:07:46.683914297
117.37,2,10:07:46.755253726
117.37,1,10:07:49.362178509
117.37,3,10:07:49.393628400
117.37,1,10:08:00.153041570
117.36,1,10:08:07.949847308
117.36,4,10:08:07.949860626
117.36,1,10:08:07.949987064
117.36,1,10:08:07.950002140
117.36,1,10:08:07.950015862
117.36,2,10:08:07.950015862
117.36,2,10:08:07.950030802
117.36,2,10:08:07.950271154
117.36,1,10:08:07.977757605
117.36,1,10:08:07.978030284
117.36,2,10:08:07.990844128
117.36,2,10:08:07.999285718
117.36,2,10:08:08.025499067
117.35,1,10:08:08.596379662
117.35,1,10:08:09.236315465
117.35,2,10:08:09.236315465
117.35,8,10:08:09.236315465
117.35,2,10:08:09.236383535
117.35,1,10:08:09.236430811
117.35,4,10:08:09.236467320
117.35,8,10:08:09.237421652
117.35,3,10:08:09.237623294
117.35,5,10:08:09.237623294
117.35,4,10:08:09.237623294
117.35,1,10:08:09.258104751
117.35,1,10:08:09.311274304
117.36,1,10:08:10.141746033
117.36,1,10:08:10.205182629
117.36,1,10:08:10.412815929
117.36,2,10:08:10.412815929
117.36,1,10:08:10.412944895
117.36,1,10:08:10.412975254
117.36,6,10:08:10.412975254
117.36,3,10:08:10.412975254
117.36,3,10:08:10.413190875
117.36,1,10:08:11.502032298
117.36,2,10:08:13.366079448
117.36,1,10:08:13.366204840
117.36,17,10:08:13.366204840
117.36,5,10:08:13.366204840
117.36,9,10:08:13.376906052
117.36,1,10:08:13.376999229
117.36,1,10:08:19.057443698
117.36,1,10:08:19.057535531
117.36,2,10:08:19.057535531
117.35,1,10:08:34.725171950
117.35,1,10:08:34.725313965
117.35,1,10:08:34.725342349
117.35,2,10:08:34.725342349
117.35,5,10:08:34.725342349
117.35,2,10:08:34.725400704
117.35,1,10:08:34.725400704
117.35,28,10:08:36.156388381
117.35,3,10:08:36.156388381
117.35,1,10:08:36.156388381
117.35,1,10:08:36.156545363
117.35,2,10:08:36.156559559
117.36,5,10:08:36.156574134
117.35,1,10:08:36.156574134
117.36,4,10:08:36.156574134
117.36,1,10:08:36.156587821
117.36,3,10:08:36.156603398
117.36,1,10:08:36.156603398
117.36,9,10:08:36.156603398
117.36,12,10:08:36.156616713
117.36,1,10:08:36.156632467
117.36,2,10:08:36.197736016
117.35,5,10:08:40.882555126
117.35,4,10:08:41.237116198
117.35,1,10:08:41.467272372
117.35,2,10:08:41.468544873
117.35,1,10:08:41.468768278
117.35,3,10:08:45.139801313
117.35,1,10:08:45.140310906
117.35,22,10:08:45.140310906
117.35,3,10:08:47.346384710
117.35,1,10:08:47.346384710
117.35,1,10:08:47.346477692
117.35,2,10:08:47.346477692
117.35,1,10:08:48.431347624
117.35,1,10:08:48.440951117
117.35,1,10:08:48.560436710
117.34,1,10:08:48.896187703
117.35,1,10:08:50.268127097
117.34,1,10:08:52.461810843
117.34,1,10:08:52.462195266
117.34,1,10:08:52.462352629
117.34,2,10:08:52.462352629
117.34,2,10:08:52.462369564
117.34,1,10:08:52.462452149
117.34,40,10:08:52.469501725
117.33,1,10:08:54.427094306
117.33,1,10:08:54.427116533
117.33,6,10:08:54.427116533
117.32,1,10:08:57.016850395
117.32,1,10:08:57.016930814
117.32,1,10:08:59.229741112
117.32,2,10:08:59.229741112
117.32,5,10:08:59.230076116
117.32,1,10:08:59.230076116
117.32,1,10:08:59.230092791
117.32,2,10:08:59.230943041
117.32,1,10:08:59.231320477
117.32,11,10:08:59.231426839
117.32,8,10:08:59.231446010
117.32,2,10:08:59.231446010
117.32,1,10:08:59.231446010
117.32,1,10:09:00.165229304
117.32,1,10:09:00.177039190
117.32,1,10:09:00.582176270
117.32,1,10:09:01.470690822
117.32,4,10:09:02.346467564
117.32,1,10:09:02.768083628
117.32,1,10:09:02.768279209
117.32,1,10:09:02.768447876
117.32,1,10:09:02.793744920
117.32,1,10:09:02.794175737
117.32,1,10:09:03.058198029
117.32,1,10:09:03.058592025
117.32,2,10:09:03.222301652
117.32,1,10:09:03.222301652
117.31,1,10:09:07.477963766
117.31,1,10:09:07.478365699
117.31,1,10:09:07.478390013
117.31,2,10:09:07.478390013
117.31,1,10:09:07.478634445
117.31,1,10:09:07.478754249
117.31,4,10:09:07.478783098
117.31,3,10:09:07.478783098
117.31,1,10:09:07.478783098
117.31,6,10:09:07.478783098
117.31,2,10:09:08.030225053
117.31,1,10:09:10.389447396
117.31,1,10:09:12.009842606
117.31,5,10:09:12.010153278
117.31,2,10:09:12.010352621
117.31,8,10:09:12.010450330
117.31,7,10:09:12.010709098
117.32,1,10:09:12.060799046
117.31,1,10:09:16.757032195
117.31,4,10:09:16.757032195
117.31,2,10:09:16.757032195
117.31,1,10:09:16.757529825
117.31,1,10:09:16.760926510
117.31,3,10:09:17.348126585
117.31,4,10:09:19.543181891
117.31,2,10:09:19.543181891
117.3,1,10:09:20.389181477
117.3,9,10:09:20.389529342
117.3,2,10:09:20.389543627
117.3,1,10:09:20.389543627
117.3,1,10:09:20.389848110
117.3,10,10:09:20.389848110
117.3,1,10:09:20.389873540
117.3,2,10:09:20.389873540
117.3,1,10:09:20.392795288
117.3,2,10:09:20.394403387
117.29,1,10:09:20.395426061
117.29,9,10:09:20.395441344
117.29,1,10:09:20.395473728
117.29,7,10:09:20.395490054
117.29,3,10:09:20.395503747
117.29,3,10:09:20.395517405
117.29,1,10:09:20.395533124
117.29,2,10:09:20.446754138
117.29,7,10:09:20.446754138
117.29,1,10:09:20.446847550
117.29,2,10:09:20.446867780
117.29,2,10:09:20.447474189
117.28,1,10:09:21.237149761
117.28,3,10:09:21.237246271
117.28,2,10:09:21.237261318
117.28,3,10:09:21.237464486
117.28,1,10:09:21.237464486
117.28,5,10:09:21.237562305
117.28,1,10:09:21.238644002
117.28,1,10:09:21.238657529
117.28,4,10:09:21.238657529
117.28,2,10:09:21.238671289
117.28,1,10:09:21.238818658
117.28,2,10:09:21.238838012
117.28,1,10:09:21.238913922
117.28,2,10:09:21.239188159
117.28,4,10:09:21.239301106
117.28,3,10:09:21.239995899
117.28,1,10:09:21.291463299
117.28,1,10:09:21.291920265
117.28,2,10:09:21.291920265
117.28,5,10:09:21.291920265
117.28,1,10:09:21.291936290
117.28,7,10:09:21.340186373
117.28,1,10:09:21.340287644
117.28,1,10:09:21.350218671
117.28,2,10:09:21.474235465
117.28,1,10:09:21.982706841
117.28,2,10:09:21.982980968
117.28,1,10:09:21.982980968
117.28,1,10:09:21.983030367
117.28,2,10:09:21.983030367
117.28,4,10:09:21.983030367
117.29,1,10:09:22.060124250
117.29,2,10:09:22.060124250
117.28,4,10:09:22.191912306
117.28,4,10:09:22.192016414
117.28,1,10:09:22.192038043
117.28,5,10:09:22.192038043
117.28,1,10:09:23.312649486
117.28,10,10:09:23.312649486
117.28,2,10:09:23.312735438
117.28,1,10:09:23.312752411
117.27,1,10:09:24.652483747
117.27,3,10:09:24.652645360
117.27,6,10:09:24.652658941
117.27,7,10:09:24.652673460
117.27,10,10:09:24.652673460
117.27,9,10:09:24.652687773
117.27,3,10:09:24.652687773
117.27,10,10:09:24.652687773
117.27,1,10:09:24.652702105
117.27,4,10:09:24.652702105
117.27,7,10:09:24.652702105
117.27,3,10:09:24.652717165
117.27,5,10:09:24.652717165
117.27,1,10:09:24.652736851
117.27,1,10:09:25.598421231
117.27,1,10:09:25.963797937
117.27,1,10:09:25.963902125
117.27,3,10:09:25.964187796
117.27,1,10:09:25.964298026
117.27,1,10:09:25.964648969
117.27,4,10:09:25.964648969
117.27,1,10:09:25.965296012
117.27,3,10:09:25.965415192
117.27,9,10:09:26.155794489
117.27,1,10:09:26.156193804
117.26,3,10:09:26.936523565
117.26,1,10:09:26.936523565
117.26,1,10:09:26.936640649
117.26,2,10:09:26.936640649
117.26,2,10:09:26.936667655
117.26,1,10:09:26.936667655
117.26,5,10:09:26.936667655
117.26,9,10:09:26.936667655
117.27,4,10:09:27.944525371
117.27,1,10:09:27.945083130
117.27,1,10:09:27.945324897
117.27,5,10:09:27.945451040
117.27,1,10:09:27.945479706
117.27,3,10:09:27.945479706
117.27,2,10:09:27.945479706
117.28,2,10:09:28.794393110
117.28,2,10:09:28.794881196
117.28,3,10:09:28.795001810
117.28,1,10:09:28.795041583
117.28,2,10:09:28.795041583
117.28,1,10:09:28.810811357
117.28,1,10:09:28.811120178
117.28,2,10:09:28.811209036
117.28,1,10:09:28.811233958
117.28,4,10:09:28.825814028
117.28,1,10:09:28.825883394
117.28,1,10:09:28.825900232
117.28,5,10:09:30.040545186
117.28,2,10:09:30.040617640
117.28,2,10:09:30.040632942
117.28,10,10:09:30.040996539
117.28,1,10:09:30.040996539
117.28,4,10:09:30.117839744
117.29,1,10:09:30.409073999
117.28,5,10:09:32.042707599
117.28,2,10:09:32.084452881
117.28,1,10:09:32.084517274
117.28,8,10:09:32.084532545
117.28,1,10:09:32.085046525
117.28,1,10:09:32.290381861
117.28,1,10:09:32.818742537
117.28,2,10:09:32.818756092
117.28,3,10:09:32.818772703
117.28,1,10:09:32.818913541
117.28,1,10:09:32.818931096
117.28,2,10:09:32.818946811
117.29,1,10:09:33.467497263
117.29,1,10:09:33.467673380
117.29,1,10:09:33.467792689
117.29,1,10:09:33.467820584
117.29,3,10:09:33.467820584
117.29,1,10:09:33.468397677
117.29,1,10:09:33.468994679
117.29,4,10:09:33.469194510
117.29,1,10:09:33.650011844
117.29,2,10:09:33.650262973
117.29,1,10:09:33.650354986
117.29,1,10:09:33.712547794
117.29,3,10:09:33.712877056
117.29,1,10:09:37.829826924
117.29,1,10:09:37.829842885
117.3,1,10:09:38.508749480
117.3,1,10:09:38.513220930
117.3,9,10:09:38.513343419
117.3,1,10:09:38.513375077
117.3,3,10:09:38.513375077
117.3,2,10:09:38.513375077
117.3,1,10:09:38.514163899
117.3,1,10:09:38.514595899
117.3,2,10:09:38.515047031
117.3,1,10:09:38.648043048
117.31,1,10:09:40.258436951
117.31,1,10:09:40.273124592
117.3,1,10:09:42.758672640
117.3,1,10:09:42.758687600
117.3,1,10:09:42.759068376
117.3,2,10:09:42.759068376
117.3,1,10:09:42.789630284
117.3,1,10:09:44.757194171
117.3,2,10:09:44.757212299
117.3,1,10:09:44.757212299
117.3,4,10:09:44.757245844
117.3,1,10:09:44.757245844
117.3,5,10:09:44.757245844
117.3,2,10:09:44.757245844
117.29,1,10:09:47.716276982
117.29,3,10:09:47.716420185
117.29,5,10:09:47.716440841
117.29,2,10:09:47.716440841
117.29,1,10:09:47.716440841
117.29,4,10:09:47.716440841
117.29,1,10:09:47.716466921
117.29,5,10:09:47.716466921
117.28,1,10:09:49.803302837
117.28,5,10:09:49.803302837
117.28,2,10:09:49.803302837
117.28,1,10:09:49.803316559
117.28,2,10:09:49.803478906
117.28,7,10:09:49.803493297
117.28,1,10:09:49.803509057
117.28,1,10:09:49.803523854
117.28,2,10:09:49.803537229
117.28,1,10:09:49.803551917
117.28,5,10:09:49.803567124
117.28,1,10:09:49.803567124
117.28,2,10:09:49.803567124
117.28,2,10:09:49.803584426
117.28,7,10:09:49.803597982
117.28,9,10:09:49.803611186
117.28,5,10:09:49.803625246
117.28,5,10:09:49.803638734
117.28,10,10:09:49.803664526
117.28,1,10:09:49.804154593
117.28,2,10:09:49.804467406
117.29,1,10:09:50.140939720
117.29,1,10:09:52.128524706
117.29,4,10:09:52.128631052
117.29,3,10:09:52.128658252
117.29,1,10:09:52.431383083
117.29,1,10:09:54.450640803
117.29,2,10:09:54.450640803
117.29,9,10:09:54.450716528
117.28,1,10:09:59.420880664
117.29,1,10:09:59.568417459
117.29,1,10:10:05.108177510
117.29,1,10:10:05.108272736
117.29,1,10:10:05.108288576
117.29,2,10:10:05.108288576
117.29,5,10:10:07.312198801
117.29,7,10:10:07.312565505
117.29,1,10:10:11.170143989
117.29,1,10:10:11.170244533
117.29,1,10:10:11.170483624
117.29,1,10:10:11.322025744
117.29,1,10:10:11.538010808
117.29,1,10:10:11.742973324
117.29,2,10:10:11.743075255
117.29,1,10:10:16.414726737
117.29,2,10:10:17.821724427
117.29,1,10:10:18.241823037
117.29,1,10:10:18.242089904
117.29,1,10:10:20.558411699
117.29,9,10:10:20.558411699
117.29,1,10:10:21.613905140
117.29,2,10:10:21.614105997
117.29,1,10:10:21.635252565
117.29,11,10:10:21.635499813
117.29,3,10:10:21.635669521
117.29,1,10:10:21.685000745
117.28,1,10:10:21.984951443
117.28,2,10:10:21.984951443
117.29,1,10:10:22.729817063
117.29,5,10:10:22.730245513
117.29,4,10:10:22.730245513
117.29,1,10:10:22.730245513
117.29,1,10:10:22.730370182
117.29,1,10:10:22.730633158
117.29,1,10:10:24.577435961
117.29,6,10:10:24.577435961
117.29,1,10:10:24.906554925
117.29,3,10:10:24.906554925
117.29,1,10:10:26.562006057
117.29,1,10:10:26.562096745
117.29,1,10:10:26.608893132
117.29,1,10:10:26.657057080
117.29,1,10:10:26.832679579
117.29,3,10:10:26.832679579
117.29,1,10:10:30.076098279
117.29,1,10:10:31.747985523
117.29,1,10:10:31.803089177
117.28,2,10:10:33.521536266
117.28,5,10:10:33.521536266
117.28,9,10:10:33.521536266
117.28,2,10:10:33.521735705
117.28,1,10:10:33.521749794
117.28,1,10:10:33.521764879
117.28,5,10:10:33.521764879
117.28,10,10:10:33.521779890
117.28,1,10:10:33.521779890
117.28,33,10:10:33.521794463
117.28,1,10:10:33.521809558
117.28,12,10:10:33.521809558
117.28,9,10:10:33.521824591
117.28,1,10:10:33.521824591
117.28,1,10:10:33.521839103
117.28,2,10:10:33.521852780
117.28,2,10:10:33.521867391
117.28,1,10:10:34.729553256
117.28,3,10:10:34.729886052
117.28,1,10:10:34.729886052
117.28,4,10:10:35.780168895
117.28,4,10:10:35.855935936
117.28,4,10:10:35.916237561
117.27,1,10:10:37.952685021
117.27,2,10:10:37.952685021
117.27,1,10:10:37.952755459
117.27,2,10:10:38.252944417
117.27,1,10:10:39.088179509
117.28,1,10:10:39.269090759
117.28,3,10:10:39.269270954
117.28,2,10:10:39.269458855
117.28,1,10:10:39.269578636
117.28,1,10:10:39.269692631
117.28,2,10:10:39.269692631
117.28,2,10:10:40.404084975
117.28,2,10:10:41.788321700
117.27,1,10:10:43.288441255
117.28,11,10:10:44.477719208
117.28,15,10:10:44.477980948
117.28,1,10:10:44.477997925
117.28,2,10:10:44.477997925
117.28,2,10:10:44.478022868
117.28,1,10:10:44.478022868
117.28,3,10:10:46.191979324
117.28,4,10:10:46.192070539
117.28,1,10:10:46.192485768
117.28,8,10:10:46.192627896
117.28,4,10:10:46.192627896
117.28,2,10:10:46.210510468
117.28,1,10:10:46.210963719
117.28,2,10:10:47.602392000
117.28,1,10:10:47.603549635
117.28,1,10:10:51.034086196
117.28,1,10:10:55.661440782
117.28,1,10:10:55.661541869
117.28,2,10:10:55.661563370
117.28,1,10:10:59.565981892
117.28,1,10:10:59.566341744
117.28,5,10:11:00.326344225
117.28,15,10:11:00.645416736
117.28,15,10:11:00.645982541
117.28,1,10:11:00.646010233
117.28,1,10:11:02.509395718
117.29,2,10:11:02.906588313
117.28,5,10:11:04.008735205
117.28,2,10:11:04.008735205
117.28,1,10:11:04.008916398
117.28,2,10:11:04.008930683
117.28,2,10:11:04.008946648
117.28,1,10:11:04.008946648
117.28,1,10:11:04.008960472
117.28,7,10:11:04.008960472
117.28,5,10:11:04.008976389
117.28,1,10:11:04.008976389
117.28,2,10:11:04.008989831
117.28,1,10:11:04.009004596
117.28,5,10:11:04.009004596
117.28,1,10:11:04.009023531
117.28,6,10:11:04.009036766
117.28,1,10:11:04.009052917
117.28,1,10:11:04.009076876
117.27,5,10:11:04.841928289
117.27,1,10:11:04.841928289
117.27,7,10:11:04.842010953
117.27,1,10:11:04.842327794
117.27,2,10:11:05.270441726
117.27,1,10:11:05.270441726
117.27,1,10:11:06.855446016
117.28,1,10:11:10.128497986
117.28,22,10:11:11.157712056
117.28,23,10:11:11.157790829
117.28,2,10:11:11.157809956
117.28,3,10:11:11.157809956
117.28,1,10:11:11.158349876
117.28,1,10:11:11.158485252
117.28,1,10:11:17.755249158
117.28,7,10:11:17.755249158
117.28,2,10:11:17.755387350
117.28,1,10:11:17.755412633
117.28,2,10:11:17.755412633
117.28,5,10:11:17.755412633
117.28,1,10:11:17.755431973
117.28,12,10:11:17.755431973
117.28,1,10:11:17.756560270
117.28,2,10:11:17.756919099
117.28,3,10:11:18.060224653
117.29,8,10:11:18.274649486
117.28,1,10:11:22.701604763
117.28,2,10:11:22.702099575
117.28,1,10:11:22.702099575
117.28,1,10:11:22.702339441
117.28,2,10:11:22.703147117
117.28,1,10:11:25.417461405
117.28,6,10:11:26.995299265
117.28,1,10:11:27.043587076
117.28,1,10:11:27.266250599
117.27,2,10:11:28.975829742
117.27,1,10:11:28.975918465
117.27,1,10:11:28.975937281
117.27,5,10:11:29.173059982
117.28,2,10:11:29.205727368
117.28,10,10:11:29.205945177
117.28,9,10:11:29.205960562
117.28,1,10:11:29.205974146
117.28,1,10:11:29.205989151
117.28,2,10:11:29.206003244
117.28,7,10:11:29.206018108
117.28,5,10:11:29.206018108
117.28,3,10:11:29.206036201
117.28,2,10:11:29.206036201
117.28,5,10:11:29.206050012
117.28,1,10:11:29.206067122
117.28,1,10:11:29.206080428
117.28,1,10:11:29.206095842
117.28,1,10:11:29.206112860
117.28,1,10:11:29.206127963
117.28,1,10:11:29.206142399
117.28,1,10:11:29.206156719
117.28,4,10:11:29.206171257
117.28,10,10:11:29.206171257
117.28,2,10:11:29.206184943
117.28,2,10:11:29.206198392
117.28,10,10:11:29.206217798
117.28,2,10:11:29.206529247
117.28,10,10:11:29.206689329
117.28,5,10:11:29.206945854
117.28,1,10:11:35.314746981
117.28,1,10:11:35.314827433
117.29,1,10:11:50.161398937
117.29,1,10:11:50.161816789
117.29,1,10:11:50.161836751
117.29,1,10:11:50.161981128
117.29,2,10:11:51.027594814
117.29,1,10:11:52.331342450
117.29,3,10:11:53.802903606
117.29,1,10:11:57.056992921
117.28,1,10:11:58.250605008
117.28,1,10:11:58.250884074
117.28,1,10:11:58.250971770
117.28,2,10:11:58.251114008
117.28,1,10:11:58.251114008
117.28,31,10:11:58.251114008
117.28,11,10:11:58.251459289
117.28,3,10:11:58.251473046
117.28,1,10:11:58.251591279
117.28,15,10:12:00.629771124
117.28,11,10:12:00.629848422
117.28,1,10:12:00.629870166
117.28,5,10:12:00.629870166
117.28,2,10:12:00.630175495
117.28,3,10:12:00.630708102
117.28,1,10:12:00.630708102
117.28,16,10:12:00.630708102
117.28,1,10:12:02.361513621
117.27,2,10:12:06.082755034
117.27,1,10:12:06.082943491
117.27,6,10:12:06.084483014
117.28,1,10:12:08.346334599
117.28,2,10:12:09.028595737
117.28,1,10:12:14.822481830
117.28,1,10:12:16.053293790
117.28,2,10:12:21.199940225
117.28,1,10:12:21.311038254
117.27,2,10:12:32.389293949
117.28,1,10:12:38.699542081
117.28,1,10:12:40.629481830
117.28,1,10:12:46.838093950
117.28,3,10:12:46.838433150
117.28,7,10:12:46.839076363
117.28,1,10:12:53.238275811
117.28,1,10:12:57.584301824
117.28,4,10:12:57.584689587
117.28,1,10:12:57.585158946
117.28,4,10:13:03.011374305
117.28,1,10:13:03.011374305
117.28,1,10:13:07.144040038
117.28,1,10:13:08.767544507
117.28,4,10:13:25.453471746
117.28,1,10:13:25.453499067
117.28,2,10:13:25.454087730
117.28,4,10:13:25.454537691
117.28,16,10:13:25.454565849
117.28,1,10:13:25.454580146
117.28,5,10:13:25.454580146
117.28,1,10:13:25.454593413
117.28,1,10:13:25.454608635
117.28,1,10:13:25.454622783
117.28,2,10:13:25.454636811
117.28,1,10:13:25.454650434
117.28,2,10:13:25.455696913
117.28,1,10:13:25.456033684
117.28,19,10:13:25.548393731
117.28,1,10:13:25.548393731
117.28,1,10:13:27.368771585
117.28,1,10:13:31.613494255
117.28,1,10:13:36.350555195
117.28,1,10:13:36.350796776
117.28,9,10:13:36.350796776
117.28,1,10:13:36.350822423
117.28,5,10:13:36.350822423
117.28,2,10:13:38.650377593
117.29,1,10:13:41.611041471
117.28,1,10:13:43.632960741
117.28,1,10:13:43.633345242
117.28,1,10:13:43.634000244
117.28,1,10:13:51.659137311
117.28,1,10:13:51.659387603
117.28,1,10:13:51.659508745
117.29,1,10:13:51.680785012
117.28,5,10:13:56.940307896
117.28,5,10:13:56.940490772
117.28,2,10:13:56.940506625
117.28,1,10:13:56.940506625
117.28,1,10:13:56.940522865
117.28,5,10:13:56.940544929
117.28,1,10:13:56.940544929
117.28,7,10:13:56.940544929
117.28,1,10:13:56.940566926
117.28,9,10:13:56.940566926
117.28,1,10:14:01.611447231
117.27,1,10:14:02.448294205
117.27,1,10:14:02.448378979
117.27,1,10:14:02.448392471
117.27,1,10:14:22.626685935
117.27,1,10:14:22.626798092
117.27,2,10:14:22.627163043
117.27,1,10:14:22.627275627
117.27,6,10:14:22.627301455
117.27,2,10:14:22.627301455
117.27,7,10:14:22.627301455
117.27,3,10:14:22.627692347
117.27,5,10:14:22.627692347
117.27,1,10:14:22.627692347
117.27,1,10:14:22.627809896
117.27,2,10:14:24.292376406
117.27,6,10:14:24.293834921
117.27,1,10:14:24.294055268
117.27,7,10:14:24.294055268
117.27,5,10:14:24.309218955
117.27,1,10:14:24.434827856
117.27,1,10:14:24.438156677
117.27,5,10:14:24.669376156
117.27,8,10:14:24.669766941
117.28,1,10:14:27.681907582
117.28,1,10:14:27.682212218
117.28,54,10:14:27.682212218
117.28,13,10:14:27.742809196
117.28,2,10:14:28.760184848
117.28,1,10:14:32.200424011
117.28,3,10:14:32.200424011
117.28,2,10:14:32.200499237
117.28,1,10:14:32.229663306
117.28,3,10:14:35.063609554
117.28,1,10:14:35.063609554
117.28,13,10:14:40.236387854
117.28,3,10:14:40.236387854
117.28,1,10:14:40.236451685
117.28,1,10:14:40.249263410
117.28,1,10:14:40.261186035
117.28,1,10:14:40.273802973
117.28,1,10:14:46.260483676
117.28,1,10:14:46.260688159
117.29,3,10:15:00.262385675
117.29,3,10:15:00.262612408
117.29,1,10:15:00.262723570
117.29,1,10:15:00.262898651
117.29,1,10:15:00.262912629
117.29,1,10:15:00.263021487
117.29,1,10:15:00.263136386
117.29,1,10:15:00.263286826
117.29,18,10:15:00.263302608
117.29,5,10:15:00.263479652
117.29,10,10:15:00.263601012
117.29,4,10:15:00.263691690
117.29,10,10:15:00.263717476
117.29,1,10:15:00.263717476
117.29,2,10:15:00.264322458
117.29,1,10:15:00.264322458
117.29,1,10:15:00.264346346
117.29,1,10:15:00.316219179
117.29,1,10:15:00.323604531
117.29,1,10:15:01.107286718
117.3,1,10:15:01.515467893
117.3,2,10:15:01.515594289
117.3,1,10:15:01.515621195
117.3,5,10:15:01.515621195
117.3,2,10:15:01.515621195
117.3,4,10:15:01.515621195
117.3,1,10:15:01.517111060
117.3,2,10:15:01.517111060
117.3,1,10:15:01.526369341
117.3,1,10:15:01.526383728
117.3,1,10:15:01.526490973
117.3,3,10:15:01.526519814
117.3,2,10:15:01.526519814
117.31,2,10:15:02.268373282
117.31,1,10:15:11.471276232
117.31,1,10:15:11.504390765
117.3,1,10:15:15.918662105
117.3,1,10:15:15.918773954
117.3,1,10:15:15.918853599
117.3,2,10:15:15.919036531
117.3,1,10:15:15.919221379
117.3,2,10:15:15.919342160
117.3,1,10:15:15.946464108
117.3,1,10:15:16.168671035
117.31,1,10:15:17.476505915
117.31,2,10:15:17.476505915
117.31,1,10:15:17.476522091
117.31,5,10:15:17.476522091
117.31,2,10:15:17.476522091
117.31,1,10:15:17.476536672
117.31,2,10:15:17.476536672
117.31,9,10:15:17.476730174
117.31,1,10:15:18.877759964
117.31,1,10:15:18.877847743
117.31,2,10:15:18.877847743
117.3,1,10:15:20.985790265
117.3,1,10:15:20.985811077
117.3,5,10:15:21.915099828
117.3,1,10:15:21.915268042
117.3,1,10:15:21.915290939
117.3,2,10:15:21.915290939
117.3,9,10:15:21.915290939
117.3,4,10:15:21.915319665
117.3,1,10:15:21.942701149
117.3,1,10:15:21.942786426
117.3,1,10:15:21.942823252
117.3,2,10:15:22.535006289
117.3,1,10:15:22.535006289
117.3,1,10:15:30.452557323
117.3,1,10:15:33.227673618
117.3,1,10:15:33.228434964
117.3,1,10:15:33.228703166
117.3,1,10:15:33.228786065
117.3,1,10:15:33.228892666
117.3,1,10:15:33.232867185
117.3,4,10:15:33.233066955
117.3,8,10:15:33.233414605
117.3,1,10:15:33.233493831
117.3,4,10:15:33.233493831
117.3,1,10:15:33.233754340
117.3,3,10:15:33.233771527
117.3,4,10:15:33.233880849
117.3,40,10:15:33.233880849
117.3,2,10:15:33.233880849
117.3,1,10:15:34.422518242
117.3,2,10:15:34.422599083
117.3,2,10:15:35.139735128
117.3,2,10:15:35.140145231
117.3,1,10:15:35.140278101
117.31,1,10:15:40.676589414
117.31,1,10:15:40.974893667
117.32,3,10:15:42.818105357
117.32,1,10:15:42.818483436
117.31,1,10:15:43.338702018
117.31,1,10:15:43.384115453
117.31,1,10:15:43.891630265
117.31,3,10:15:46.212754444
117.3,1,10:15:47.988605746
117.3,1,10:15:47.989439640
117.3,1,10:15:47.989845892
117.3,1,10:15:47.989865512
117.3,1,10:15:48.004666652
117.3,1,10:15:53.038444697
117.3,1,10:15:53.836546113
117.3,2,10:15:53.836643820
117.31,2,10:15:57.130433198
117.31,1,10:15:58.641553837
117.3,1,10:16:00.348236526
117.3,1,10:16:00.348336051
117.3,2,10:16:00.348353885
117.3,1,10:16:00.348791786
117.3,5,10:16:00.348791786
117.3,1,10:16:00.348913219
117.3,2,10:16:01.087562645
117.3,1,10:16:10.762587671
117.3,1,10:16:11.427638047
117.3,1,10:16:11.503264461
117.3,1,10:16:11.544181195
117.3,3,10:16:13.755382497
117.3,2,10:16:13.755673756
117.31,1,10:16:18.132193201
117.31,4,10:16:18.132333609
117.31,1,10:16:18.132354259
117.31,2,10:16:18.132354259
117.31,5,10:16:18.132354259
117.31,1,10:16:18.132381818
117.31,2,10:16:18.132381818
117.31,2,10:16:18.137563945
117.31,1,10:16:18.159971935
117.31,1,10:16:18.160202645
117.31,2,10:16:18.160293172
117.31,1,10:16:18.160310101
117.31,1,10:16:18.167431673
117.31,5,10:16:18.167431673
117.31,3,10:16:18.167431673
117.31,1,10:16:18.167446559
117.31,5,10:16:18.168734091
117.31,1,10:16:18.168898722
117.31,7,10:16:18.168971066
117.31,5,10:16:18.169486631
117.31,4,10:16:18.169486631
117.31,1,10:16:18.169982004
117.31,2,10:16:18.182503114
117.31,1,10:16:18.183421376
117.31,1,10:16:19.082022398
117.31,1,10:16:20.741600907
117.31,1,10:16:20.741720901
117.31,1,10:16:20.741750185
117.31,5,10:16:20.741750185
117.31,9,10:16:20.741767292
117.3,1,10:16:20.783258509
117.31,1,10:16:20.784528089
117.3,1,10:16:20.811819202
117.31,1,10:16:20.822840285
117.31,1,10:16:20.851554145
117.3,1,10:16:20.852898168
117.31,1,10:16:20.860188961
117.31,1,10:16:21.873016000
117.31,1,10:16:21.873149599
117.31,1,10:16:21.909458106
117.31,1,10:16:21.909684039
117.31,2,10:16:22.809772569
117.31,2,10:16:22.810861202
117.3,1,10:16:25.672858411
117.3,1,10:16:25.721747026
117.3,4,10:16:25.721747026
117.3,2,10:16:25.722913032
117.3,1,10:16:25.722913032
117.3,2,10:16:25.722983032
117.3,5,10:16:25.724005456
117.3,3,10:16:25.724925692
117.3,1,10:16:25.724939337
117.3,1,10:16:25.725001897
117.3,1,10:16:25.726209178
117.3,2,10:16:25.726209178
117.3,1,10:16:25.726589038
117.3,2,10:16:25.726589038
117.3,1,10:16:25.727369996
117.3,4,10:16:25.727431618
117.3,1,10:16:25.728342807
117.3,1,10:16:25.728429386
117.3,3,10:16:25.728429386
117.3,1,10:16:25.729428451
117.3,1,10:16:25.737996861
117.3,3,10:16:25.738108915
117.3,2,10:16:25.738127782
117.3,1,10:16:25.738127782
117.3,2,10:16:25.762108352
117.3,1,10:16:25.762108352
117.3,1,10:16:26.871937071
117.3,1,10:16:28.825791866
117.3,2,10:16:30.517037868
117.3,5,10:16:30.517037868
117.3,2,10:16:30.517344028
117.3,1,10:16:30.517370425
117.3,2,10:16:30.517370425
117.3,9,10:16:30.517370425
117.3,10,10:16:30.517370425
117.3,12,10:16:30.517370425
117.3,1,10:16:30.517400895
117.3,2,10:16:30.517400895
117.3,14,10:16:30.517400895
117.3,5,10:16:30.517400895
117.3,4,10:16:30.517400895
117.3,15,10:16:30.518410673
117.3,4,10:16:30.522301272
117.3,1,10:16:30.557583303
117.3,1,10:16:30.557789456
117.3,1,10:16:31.251210762
117.3,1,10:16:31.251610234
117.3,1,10:16:31.604173388
117.3,1,10:16:31.607102727
117.3,1,10:16:31.607579699
117.3,2,10:16:31.607579699
117.3,1,10:16:41.615575372
117.3,2,10:16:47.144789315
117.3,2,10:16:48.623207223
117.3,1,10:16:48.623548983
117.3,4,10:16:48.623640067
117.3,2,10:16:48.623735670
117.3,11,10:16:48.646528169
117.3,1,10:16:48.724257549
117.3,1,10:16:48.724634932
117.3,8,10:16:48.724634932
117.3,11,10:16:48.866261444
117.3,1,10:16:48.968178932
117.3,9,10:16:48.968178932
117.3,1,10:16:51.956870675
117.3,1,10:16:51.957084695
117.3,2,10:16:51.957098945
117.3,9,10:16:51.957098945
117.3,1,10:16:51.957113585
117.3,2,10:16:51.957113585
117.3,11,10:16:51.957126912
117.3,10,10:16:51.957142618
117.3,8,10:16:51.957142618
117.3,3,10:16:51.957142618
117.3,13,10:16:51.957142618
117.3,2,10:16:51.957157188
117.3,1,10:16:51.957157188
117.3,1,10:16:51.957170781
117.3,1,10:16:51.958347171
117.31,1,10:16:56.462281589
117.3,1,10:16:56.886583786
117.3,2,10:16:56.886845722
117.3,5,10:16:56.886873805
117.3,1,10:16:56.886873805
117.3,9,10:16:56.886873805
117.3,4,10:16:56.886873805
117.3,1,10:16:58.455771749
117.3,1,10:16:58.455875467
117.3,1,10:16:58.498557614
117.3,1,10:16:58.682360262
117.3,1,10:17:00.131213699
117.29,2,10:17:00.563166240
117.29,1,10:17:00.563372448
117.29,1,10:17:00.563386176
117.29,1,10:17:00.563400096
117.29,10,10:17:00.563416119
117.29,1,10:17:00.563416119
117.29,1,10:17:00.563430333
117.29,1,10:17:00.563444899
117.29,1,10:17:00.563460391
117.29,1,10:17:00.563475168
117.29,1,10:17:00.563489242
117.29,1,10:17:00.563503392
117.29,1,10:17:00.563518170
117.29,1,10:17:00.563531705
117.29,1,10:17:00.563545110
117.29,1,10:17:00.563558925
117.29,1,10:17:00.563573171
117.29,3,10:17:00.563591287
117.29,1,10:17:00.574501534
117.29,1,10:17:00.574580542
117.29,14,10:17:03.167421912
117.29,2,10:17:03.167511006
117.29,2,10:17:03.167526216
117.29,1,10:17:06.618336077
117.3,2,10:17:11.808881027
117.3,1,10:17:11.808881027
117.3,15,10:17:11.808896026
117.3,3,10:17:11.808896026
117.3,1,10:17:11.808910873
117.3,3,10:17:11.809802595
117.3,4,10:17:11.809802595
117.3,10,10:17:11.809802595
117.3,8,10:17:11.809802595
117.3,2,10:17:11.809802595
117.3,1,10:17:13.236970497
117.3,4,10:17:13.237149966
117.3,1,10:17:13.237303566
117.3,1,10:17:13.237386295
117.3,1,10:17:13.237509885
117.3,1,10:17:13.237525690
117.3,2,10:17:13.237845149
117.3,10,10:17:13.237845149
117.3,10,10:17:13.238199712
117.3,3,10:17:13.238213581
117.3,10,10:17:13.238213581
117.3,2,10:17:13.238228025
117.29,1,10:17:13.325262642
117.3,9,10:17:17.176615960
117.3,1,10:17:17.176615960
117.3,3,10:17:17.176615960
117.3,1,10:17:17.176730867
117.3,1,10:17:17.176745863
117.3,4,10:17:17.176745863
117.3,12,10:17:17.176760259
117.3,11,10:17:17.177253262
117.3,1,10:17:17.189771093
117.3,4,10:17:17.189787640
117.3,1,10:17:17.204364957
117.31,1,10:17:17.363529974
117.31,3,10:17:17.364239360
117.31,2,10:17:17.364381118
117.31,4,10:17:17.364381118
117.31,4,10:17:17.364973000
117.31,3,10:17:17.364973000
117.31,5,10:17:17.364973000
117.31,26,10:17:17.365479893
117.31,2,10:17:17.952669374
117.32,1,10:17:21.162506083
117.32,2,10:17:21.162519519
117.32,2,10:17:21.162533292
117.32,1,10:17:21.162547535
117.32,1,10:17:21.162561324
117.32,1,10:17:21.162575116
117.32,2,10:17:21.162575116
117.32,48,10:17:21.162705916
117.32,2,10:17:21.162872322
117.32,2,10:17:21.162888057
117.32,7,10:17:21.162901721
117.32,6,10:17:21.162923007
117.32,3,10:17:22.534993401
117.32,1,10:17:22.534993401
117.32,5,10:17:22.535078559
117.32,4,10:17:22.535136789
117.32,2,10:17:22.535136789
117.32,8,10:17:22.535136789
117.32,1,10:17:22.535136789
117.32,5,10:17:22.863946194
117.32,4,10:17:22.865338532
117.32,1,10:17:22.865338532
117.32,4,10:17:22.866483602
117.32,1,10:17:22.866483602
117.32,3,10:17:22.867493838
117.32,1,10:17:22.867493838
117.32,4,10:17:22.868556046
117.32,1,10:17:22.868556046
117.32,2,10:17:22.869633764
117.32,1,10:17:22.869709780
117.32,3,10:17:22.870754343
117.32,1,10:17:22.870831658
117.32,1,10:17:22.871854214
117.32,2,10:17:22.871926441
117.32,1,10:17:24.865468389
117.32,5,10:17:24.865644238
117.32,2,10:17:24.865659313
117.32,8,10:17:24.865672993
117.32,2,10:17:24.865688266
117.32,1,10:17:24.865688266
117.32,1,10:17:24.865702417
117.32,5,10:17:24.865717482
117.32,7,10:17:24.865717482
117.32,1,10:17:24.865717482
117.32,2,10:17:24.865732295
117.32,1,10:17:24.865747244
117.32,6,10:17:24.865747244
117.32,3,10:17:24.865761615
117.32,9,10:17:25.323600969
117.32,1,10:17:25.323600969
117.32,2,10:17:25.323600969
117.32,6,10:17:25.323699178
117.32,2,10:17:25.323726273
117.32,1,10:17:25.323726273
117.32,13,10:17:25.323726273
117.32,39,10:17:25.324937261
117.32,1,10:17:25.325343643
117.32,2,10:17:25.325343643
117.32,1,10:17:26.351945902
117.32,2,10:17:26.352246887
117.32,3,10:17:26.352367005
117.32,3,10:17:26.352389222
117.32,7,10:17:26.352389222
117.32,1,10:17:26.374197309
117.32,1,10:17:26.684349306
117.32,1,10:17:26.684444423
117.32,2,10:17:26.684444423
117.32,1,10:17:26.684792611
117.32,1,10:17:26.685191427
117.32,1,10:17:26.685688518
117.32,1,10:17:26.685864972
117.32,1,10:17:31.231772324
117.32,1,10:17:31.323266800
117.32,2,10:17:31.323345997
117.32,1,10:17:31.323369552
117.32,1,10:17:32.814488634
117.32,1,10:17:35.759458487
117.32,2,10:17:35.764616624
117.32,1,10:17:35.764714793
117.32,1,10:17:35.764743932
117.32,3,10:17:35.764743932
117.31,1,10:17:38.160849074
117.31,2,10:17:38.161097842
117.31,3,10:17:38.161290923
117.31,1,10:17:38.161290923
117.31,1,10:17:38.161386574
117.31,2,10:17:38.161492427
117.31,12,10:17:38.162979613
117.31,1,10:17:38.163649251
117.31,2,10:17:38.421733787
117.31,1,10:17:38.421733787
117.31,1,10:17:40.221107629
117.3,2,10:17:43.169354130
117.3,2,10:17:43.169562672
117.3,1,10:17:43.169886006
117.3,1,10:17:43.170027199
117.3,1,10:17:43.170060246
117.3,4,10:17:43.170060246
117.29,1,10:17:43.998195866
117.29,2,10:17:43.998195866
117.29,1,10:17:43.998295623
117.29,9,10:17:43.998311162
117.29,3,10:17:43.998695444
117.29,9,10:17:43.998829533
117.29,5,10:17:43.998829533
117.29,8,10:17:43.998843085
117.29,1,10:17:43.999313485
117.29,6,10:17:43.999313485
117.29,2,10:17:44.685103416
117.29,1,10:17:44.685587499
117.29,48,10:17:44.685587499
117.29,1,10:17:44.685604072
117.29,3,10:17:44.685604072
117.29,13,10:17:44.685985336
117.29,20,10:17:44.685985336
117.29,1,10:17:48.459847927
117.3,1,10:17:50.695239734
117.3,1,10:17:50.765134274
117.3,3,10:17:51.261650508
117.29,1,10:17:55.097670384
117.3,1,10:18:02.329002422
117.3,4,10:18:02.363741115
117.3,3,10:18:02.363741115
117.3,6,10:18:02.363982501
117.3,8,10:18:02.363982501
117.3,1,10:18:02.363982501
117.3,2,10:18:02.363982501
117.31,3,10:18:02.619391993
117.3,11,10:18:05.217766672
117.3,3,10:18:05.217766672
117.3,9,10:18:05.217766672
117.3,4,10:18:05.217920112
117.3,2,10:18:05.217939978
117.3,7,10:18:05.217939978
117.3,3,10:18:05.217939978
117.3,1,10:18:05.217939978
117.3,1,10:18:05.218016313
117.3,2,10:18:05.218016313
117.3,1,10:18:05.218344160
117.3,4,10:18:05.218527279
117.3,1,10:18:05.218527279
117.3,1,10:18:05.241095299
117.29,1,10:18:05.611270780
117.29,4,10:18:05.611270780
117.29,3,10:18:05.611270780
117.29,5,10:18:05.611348719
117.29,1,10:18:05.625376783
117.29,3,10:18:05.625376783
117.29,2,10:18:05.625376783
117.29,1,10:18:05.625463541
117.29,1,10:18:05.625480767
117.29,3,10:18:05.625480767
117.29,1,10:18:06.076663438
117.29,3,10:18:06.342213285
117.29,1,10:18:06.569631020
117.29,1,10:18:06.986680811
117.29,4,10:18:08.655985572
117.29,1,10:18:10.917563925
117.29,1,10:18:12.035306712
117.29,2,10:18:12.035754715
117.29,7,10:18:12.035853761
117.29,2,10:18:12.035952859
117.29,1,10:18:12.035952859
117.29,15,10:18:17.506356710
117.29,12,10:18:17.506356710
117.29,1,10:18:17.531914787
117.29,3,10:18:18.643728556
117.29,1,10:18:18.643751925
117.29,1,10:18:18.643770824
117.29,1,10:18:18.644792510
117.28,1,10:18:18.644822267
117.28,1,10:18:18.644841922
117.28,2,10:18:18.644841922
117.28,1,10:18:18.644855584
117.28,2,10:18:18.644871015
117.29,1,10:18:20.153169397
117.28,2,10:18:21.195831350
117.28,3,10:18:24.644795653
117.28,1,10:18:24.644890120
117.28,1,10:18:31.153005324
117.28,1,10:18:31.153019602
117.28,3,10:18:31.153019602
117.28,5,10:18:31.153156360
117.28,1,10:18:31.153194289
117.28,2,10:18:31.153194289
117.28,3,10:18:31.153194289
117.28,3,10:18:31.165440710
117.28,2,10:18:31.177607664
117.28,1,10:18:31.206675044
117.28,1,10:18:31.441646345
117.28,1,10:18:31.679196503
117.28,29,10:18:32.179024926
117.28,3,10:18:32.179314568
117.28,10,10:18:32.179458583
117.28,3,10:18:32.179458583
117.28,1,10:18:32.179570010
117.28,3,10:18:32.179589242
117.28,11,10:18:32.179589242
117.28,5,10:18:34.164760470
117.28,3,10:18:34.164760470
117.28,2,10:18:34.164867453
117.28,1,10:18:34.165225234
117.28,2,10:18:34.165225234
117.28,6,10:18:34.475760707
117.27,1,10:18:35.651522020
117.27,1,10:18:35.651601847
117.27,1,10:18:35.651623162
117.27,11,10:18:38.765179686
117.27,1,10:18:38.765179686
117.27,2,10:18:38.765179686
117.27,3,10:18:38.765179686
117.27,1,10:18:43.931318381
117.27,3,10:18:45.952125009
117.27,1,10:18:45.952125009
117.27,1,10:18:45.952233137
117.27,4,10:18:45.952369294
117.27,1,10:18:45.952369294
117.27,3,10:18:45.952718885
117.27,3,10:18:45.953808704
117.27,1,10:18:45.954892988
117.27,4,10:18:45.954892988
117.27,1,10:18:45.955596607
117.27,2,10:18:45.955596607
117.27,1,10:18:45.956629944
117.27,2,10:18:45.963811331
117.27,1,10:18:47.136428538
117.27,1,10:18:48.987491405
117.27,1,10:18:48.987576285
117.27,3,10:18:48.987679353
117.27,1,10:18:48.987679353
117.27,1,10:18:48.988190380
117.27,13,10:18:48.988981545
117.27,7,10:18:48.988981545
117.27,2,10:18:48.988981545
117.27,2,10:18:48.989349515
117.27,1,10:18:48.989434255
117.27,4,10:18:48.989554347
117.27,1,10:18:48.990331234
117.27,6,10:18:48.998729605
117.27,3,10:18:48.998729605
117.27,1,10:18:49.001077980
117.27,2,10:18:49.001149610
117.27,10,10:18:49.020472966
117.27,1,10:18:49.020590492
117.27,1,10:18:49.077406979
117.27,10,10:18:49.077406979
117.28,1,10:18:50.391201894
117.27,2,10:18:50.803758592
117.27,4,10:18:52.461305840
117.28,10,10:19:00.456508300
117.28,4,10:19:00.456900771
117.28,1,10:19:00.456997767
117.28,1,10:19:00.457015995
117.28,1,10:19:00.457121372
117.28,2,10:19:00.457287455
117.28,1,10:19:00.457287455
117.28,2,10:19:00.457369967
117.28,1,10:19:00.495861364
117.28,1,10:19:00.514681148
117.28,1,10:19:02.651785520
117.28,12,10:19:02.651902460
117.28,3,10:19:02.651933079
117.28,13,10:19:02.651933079
117.28,1,10:19:02.651933079
117.28,14,10:19:02.664590594
117.28,2,10:19:06.435753026
117.28,2,10:19:06.436153215
117.28,2,10:19:07.194891221
117.28,2,10:19:07.917261465
117.28,47,10:19:07.917392594
117.28,3,10:19:07.917392594
117.28,1,10:19:07.917392594
117.28,1,10:19:07.917511628
117.28,12,10:19:07.917526485
117.28,2,10:19:07.917526485
117.28,1,10:19:07.917526485
117.28,1,10:19:07.917542780
117.28,1,10:19:07.945776875
117.28,1,10:19:10.140148852
117.28,3,10:19:10.140148852
117.28,11,10:19:10.140663549
117.28,6,10:19:10.140842368
117.28,1,10:19:10.140856518
117.28,2,10:19:10.140871187
117.28,12,10:19:10.140906458
117.28,4,10:19:10.140923984
117.28,1,10:19:10.140923984
117.28,1,10:19:10.141862172
117.28,3,10:19:10.141862172
117.28,1,10:19:10.142404034
117.28,4,10:19:10.287398634
117.28,3,10:19:10.290036211
117.28,1,10:19:10.311591843
117.28,8,10:19:11.264472798
117.28,1,10:19:11.264545002
117.28,3,10:19:11.264878506
117.28,2,10:19:11.264878506
117.28,1,10:19:11.265463911
117.28,1,10:19:11.281601118
117.27,1,10:19:11.381259015
117.27,2,10:19:11.381340164
117.28,13,10:19:11.645636268
117.28,3,10:19:11.645636268
117.28,5,10:19:11.645736915
117.28,1,10:19:11.645760563
117.28,5,10:19:11.646732498
117.27,1,10:19:11.747680934
117.27,4,10:19:11.747680934
117.28,4,10:19:12.396966795
117.28,1,10:19:12.396981930
117.27,1,10:19:12.616353306
117.27,4,10:19:12.721167904
117.27,5,10:19:12.721262584
117.27,1,10:19:12.721262584
117.27,40,10:19:12.721276168
117.27,1,10:19:13.849001011
117.28,5,10:19:15.314753775
117.28,1,10:19:15.314753775
117.28,3,10:19:15.314902847
117.28,5,10:19:15.314934447
117.28,1,10:19:15.314934447
117.28,11,10:19:15.314934447
117.28,9,10:19:15.314934447
117.28,3,10:19:15.314934447
117.28,23,10:19:15.314934447
117.28,34,10:19:15.315627678
117.28,3,10:19:15.316079757
117.27,2,10:19:16.549206649
117.27,4,10:19:16.549206649
117.27,1,10:19:16.549232582
117.27,3,10:19:16.549232582
117.27,7,10:19:16.549922223
117.27,2,10:19:16.549922223
117.27,1,10:19:16.549922223
117.27,2,10:19:16.949369085
117.27,2,10:19:19.139360421
117.27,13,10:19:19.139549160
117.27,5,10:19:19.485820724
117.27,1,10:19:19.486036260
117.28,1,10:19:22.314241227
117.28,5,10:19:22.314318275
117.28,3,10:19:22.314333202
117.27,1,10:19:22.905922290
117.27,1,10:19:22.906033014
117.27,1,10:19:22.906238149
117.27,1,10:19:22.906341298
117.27,3,10:19:24.040361943
117.27,15,10:19:24.040431350
117.28,2,10:19:26.482660289
117.28,3,10:19:26.482673309
117.28,2,10:19:26.482742400
117.28,3,10:19:26.483026422
117.28,3,10:19:26.483479385
117.28,2,10:19:26.503090742
117.28,1,10:19:27.004509134
117.28,1,10:19:27.004524635
117.28,2,10:19:27.004644421
117.28,1,10:19:30.164768821
117.28,1,10:19:31.262337102
117.28,1,10:19:31.262420445
117.28,1,10:19:31.262436124
117.28,3,10:19:31.262436124
117.28,1,10:19:31.487149688
117.28,1,10:19:31.488652244
117.28,1,10:19:31.620446749
117.28,1,10:19:31.801488178
117.28,1,10:19:32.039202441
117.28,1,10:19:32.157749343
117.29,5,10:19:32.239626814
117.29,1,10:19:34.756039799
117.29,1,10:19:34.756472173
117.29,3,10:19:34.756752829
117.29,5,10:19:34.756782857
117.29,1,10:19:34.756782857
117.29,4,10:19:34.756782857
117.29,6,10:19:34.756795210
117.29,14,10:19:34.757460000
117.29,6,10:19:34.757460000
117.3,1,10:19:35.517965218
117.29,1,10:19:36.939314931
117.29,1,10:19:36.939432950
117.29,3,10:19:36.939455097
117.29,1,10:19:36.939455097
117.29,2,10:19:36.939455097
117.29,5,10:19:36.939474345
117.29,7,10:19:36.939474345
117.29,1,10:19:36.939474345
117.29,5,10:19:36.939885581
117.29,1,10:19:36.939885581
117.29,2,10:19:36.939885581
117.29,1,10:19:37.089592941
117.29,1,10:19:37.089790749
117.29,1,10:19:40.641531837
117.29,1,10:19:40.642109417
117.29,2,10:19:40.642109417
117.29,1,10:19:40.642130028
117.29,1,10:19:41.614210864
117.29,2,10:19:41.614332399
117.29,2,10:19:41.634356065
117.29,1,10:19:41.641437954
117.29,1,10:19:41.648866475
117.29,2,10:19:41.648884010
117.29,1,10:19:46.883486773
117.29,2,10:19:46.883686814
117.29,1,10:19:46.883700786
117.29,9,10:19:46.883717451
117.29,5,10:19:46.883717451
117.29,1,10:19:46.883717451
117.29,14,10:19:46.883733922
117.29,1,10:19:46.883733922
117.29,2,10:19:46.883748424
117.29,5,10:19:46.883748424
117.29,10,10:19:46.883763451
117.29,6,10:19:46.883763451
117.29,1,10:19:46.883777934
117.29,1,10:19:46.883791489
117.29,1,10:19:46.883804987
117.29,15,10:19:46.883827355
117.29,4,10:19:46.884475115
117.29,5,10:19:46.884647514
117.29,12,10:19:46.884876913
117.29,3,10:19:46.910333800
117.29,11,10:19:50.331682790
117.29,4,10:19:50.331768985
117.29,7,10:19:50.331935036
117.29,10,10:19:50.332087906
117.29,5,10:19:50.332196159
117.29,1,10:19:50.333595223
117.29,1,10:19:50.334696736
117.29,1,10:19:50.344892390
117.29,5,10:19:50.344981165
117.29,1,10:19:50.387114569
117.29,1,10:19:50.500649932
117.29,9,10:19:51.260152149
117.29,1,10:19:51.556532652
117.29,2,10:19:51.556599900
117.29,1,10:19:51.556712588
117.3,1,10:19:58.075946070
117.3,1,10:19:58.076012505
117.3,11,10:19:58.076577967
117.3,5,10:19:58.076577967
117.3,2,10:19:58.076577967
117.3,1,10:20:00.094357616
117.3,2,10:20:00.356807779
117.3,8,10:20:00.356859615
117.3,1,10:20:00.367711848
117.3,5,10:20:00.367826622
117.3,1,10:20:00.367841906
117.3,10,10:20:00.380752697
117.3,1,10:20:00.380925151
117.3,1,10:20:00.409141490
117.3,2,10:20:00.431530425
117.3,10,10:20:00.431618952
117.3,4,10:20:00.431634453
117.3,1,10:20:00.455045445
117.3,1,10:20:00.483984747
117.3,9,10:20:00.493153369
117.3,1,10:20:00.493153369
117.3,13,10:20:00.493153369
117.3,12,10:20:00.493153369
117.3,1,10:20:00.493257815
117.3,2,10:20:00.493430048
117.3,1,10:20:00.494322928
117.3,3,10:20:00.506960112
117.3,2,10:20:00.506960112
117.3,2,10:20:00.507052207
117.3,2,10:20:00.507068131
117.3,1,10:20:00.507068131
117.3,1,10:20:00.507207006
117.3,1,10:20:00.507301028
117.3,1,10:20:04.201638358
117.3,15,10:20:04.201658438
117.3,3,10:20:04.201658438
117.3,2,10:20:04.201658438
117.3,1,10:20:04.201658438
117.3,1,10:20:04.201676377
117.3,2,10:20:04.201676377
117.3,3,10:20:04.201676377
117.3,1,10:20:04.212461762
117.3,6,10:20:04.213780778
117.29,1,10:20:08.998809480
117.29,1,10:20:08.998888383
117.3,1,10:20:11.311526647
117.3,1,10:20:11.311540416
117.3,1,10:20:11.311598563
117.29,5,10:20:12.366004597
117.29,13,10:20:12.366004597
117.29,4,10:20:12.366232511
117.29,39,10:20:12.366232511
117.29,1,10:20:12.366232511
117.29,1,10:20:12.366252488
117.29,3,10:20:12.366252488
117.29,3,10:20:14.565317834
117.29,3,10:20:14.565340550
117.29,1,10:20:14.565340550
117.29,13,10:20:14.565340550
117.29,3,10:20:14.567687967
117.29,1,10:20:15.361491402
117.29,4,10:20:18.500277538
117.29,2,10:20:18.500676173
117.29,5,10:20:18.500820011
117.29,5,10:20:18.501005557
117.29,1,10:20:18.501023415
117.29,3,10:20:18.501760558
117.29,1,10:20:18.501776439
117.3,1,10:20:20.933025642
117.3,1,10:20:21.685099124
117.29,1,10:20:22.690444023
117.29,1,10:20:26.685630365
117.29,1,10:20:28.091514436
117.29,4,10:20:28.091514436
117.29,1,10:20:28.906223644
117.29,2,10:20:28.906321838
117.29,4,10:20:28.906336952
117.29,1,10:20:28.906336952
117.29,7,10:20:28.906724328
117.29,1,10:20:28.906724328
117.29,3,10:20:28.906724328
117.29,3,10:20:28.915309944
117.29,1,10:20:28.915402184
117.29,2,10:20:28.915402184
117.29,4,10:20:28.915421042
117.29,1,10:20:28.915790943
117.29,2,10:20:28.915806776
117.29,3,10:20:28.972098401
117.29,1,10:20:28.972222750
117.29,11,10:20:28.972238955
117.29,9,10:20:28.972238955
117.3,1,10:20:29.070782563
117.29,1,10:20:29.426401725
117.29,1,10:20:30.320052822
117.29,3,10:20:30.675951562
117.29,11,10:20:30.676034522
117.29,1,10:20:30.712703437
117.29,5,10:20:31.261236146
117.29,1,10:20:31.261327173
117.29,1,10:20:31.261344747
117.3,1,10:20:33.007046958
117.3,3,10:20:33.007061550
117.3,1,10:20:33.007075425
117.3,1,10:20:33.007089972
117.3,5,10:20:33.007089972
117.3,5,10:20:33.007104234
117.3,1,10:20:33.007118375
117.3,3,10:20:33.007137992
117.3,1,10:20:33.007137992
117.3,1,10:20:33.033570959
117.3,1,10:20:35.291659222
117.3,1,10:20:35.291776160
117.3,2,10:20:35.291948342
117.3,2,10:20:35.292104111
117.3,2,10:20:35.292257449
117.3,1,10:20:35.292257449
117.3,1,10:20:35.340961684
117.3,2,10:20:35.439520227
117.3,1,10:20:35.439520227
117.3,1,10:20:35.440114040
117.3,2,10:20:35.533708880
117.3,6,10:20:36.445530852
117.3,1,10:20:36.445530852
117.3,10,10:20:36.445530852
117.3,4,10:20:36.445636851
117.3,1,10:20:36.447212986
117.3,2,10:20:36.447212986
117.3,1,10:20:36.459169822
117.29,1,10:20:38.103015148
117.29,1,10:20:38.973151765
117.3,1,10:20:42.203930400
117.3,2,10:20:43.439278967
117.3,1,10:20:43.439899910
117.3,4,10:20:43.564896504
117.3,1,10:20:43.565169722
117.3,1,10:20:43.565255152
117.3,1,10:20:43.565799571
117.3,5,10:20:48.884534779
117.3,1,10:20:48.884627649
117.3,2,10:20:48.884627649
117.3,1,10:20:48.884648212
117.3,1,10:20:48.884886452
117.3,5,10:20:49.424793738
117.3,5,10:20:49.425016487
117.3,1,10:20:49.425073831
117.3,1,10:20:49.435776303
117.3,2,10:20:49.435794386
117.3,2,10:20:49.441509791
117.3,2,10:20:49.441709928
117.3,3,10:20:49.499995196
117.3,1,10:20:49.499995196
117.3,3,10:20:49.500087750
117.3,1,10:20:49.500117292
117.3,1,10:20:50.130511236
117.29,1,10:20:53.068226922
117.29,1,10:20:53.068241555
117.3,1,10:20:59.460539510
117.3,1,10:21:00.281762050
117.3,2,10:21:00.282835872
117.3,1,10:21:04.907449125
117.3,1,10:21:06.522042999
117.3,1,10:21:06.522144327
117.3,2,10:21:06.522162631
117.3,1,10:21:06.563746788
117.3,1,10:21:06.620000260
117.3,3,10:21:07.558884680
117.3,1,10:21:07.558993960
117.29,1,10:21:09.142278669
117.3,1,10:21:10.851450105
117.3,1,10:21:10.851514648
117.3,1,10:21:13.056341890
117.31,1,10:21:14.527880599
117.3,1,10:21:16.355825562
117.3,1,10:21:17.698442594
117.3,7,10:21:17.698552443
117.3,1,10:21:17.698552443
117.3,2,10:21:17.699193383
117.3,1,10:21:20.712196732
117.3,10,10:21:22.533358879
117.3,5,10:21:22.533548850
117.3,2,10:21:22.534005249
117.3,6,10:21:22.534005249
117.3,1,10:21:22.534005249
117.3,2,10:21:22.534235710
117.3,1,10:21:22.534252526
117.3,3,10:21:22.534265560
117.3,2,10:21:22.534283960
117.3,21,10:21:22.534335544
117.3,1,10:21:22.534350356
117.3,1,10:21:22.535430992
117.3,1,10:21:22.535448304
117.3,1,10:21:22.535819959
117.3,1,10:21:22.535957962
117.3,5,10:21:22.541078970
117.3,1,10:21:22.541103178
117.31,1,10:21:22.908408801
117.31,1,10:21:24.624883766
117.31,2,10:21:28.519856062
117.31,1,10:21:31.613103179
117.31,2,10:21:32.520731545
117.31,2,10:21:37.669614771
117.31,1,10:21:38.954251828
117.31,1,10:21:41.614043300
117.31,3,10:21:41.891540749
117.3,1,10:21:42.200130206
117.3,12,10:21:42.221542347
117.3,1,10:21:42.221542347
117.29,1,10:21:50.050062307
117.29,1,10:21:50.050162139
117.29,1,10:21:50.050175904
117.29,35,10:21:50.050477485
117.29,2,10:21:50.050588093
117.29,9,10:21:50.050609430
117.29,1,10:21:50.050609430
117.29,3,10:21:50.050609430
117.28,1,10:21:57.303506477
117.28,1,10:21:57.303524072
117.28,5,10:21:57.303524072
117.28,2,10:21:57.303680846
117.28,1,10:21:57.304107725
117.28,4,10:21:57.304148832
117.28,2,10:21:57.304685248
117.28,1,10:21:57.305058016
117.27,1,10:21:57.357693634
117.29,1,10:21:58.217059923
117.29,10,10:21:58.218309926
117.29,2,10:21:58.218309926
117.29,1,10:21:58.218309926
117.29,3,10:21:58.231022257
117.29,4,10:21:58.231022257
117.29,4,10:21:58.384458843
117.29,1,10:21:59.722202166
117.29,1,10:21:59.722376294
117.29,1,10:21:59.722611330
117.29,5,10:21:59.722611330
117.29,1,10:21:59.722897445
117.29,1,10:21:59.723012373
117.29,1,10:21:59.723892228
117.29,3,10:21:59.723917841
117.29,1,10:21:59.723917841
117.29,2,10:21:59.761234816
117.29,1,10:22:00.136261587
117.29,1,10:22:00.429286251
117.29,1,10:22:00.429417097
117.29,1,10:22:00.745869771
117.29,1,10:22:00.745955999
117.29,3,10:22:00.745971497
117.29,1,10:22:00.746252052
117.29,3,10:22:00.746252052
117.29,7,10:22:00.746252052
117.29,2,10:22:00.759160379
117.29,2,10:22:00.759254087
117.29,1,10:22:00.759275224
117.29,2,10:22:00.759275224
117.29,1,10:22:00.759492553
117.3,4,10:22:08.576341059
117.3,3,10:22:08.576341059
117.3,1,10:22:08.576341059
117.3,1,10:22:08.576414393
117.3,1,10:22:08.577555785
117.3,1,10:22:08.613778825
117.3,1,10:22:08.624133797
117.3,5,10:22:09.891750576
117.3,1,10:22:09.891750576
117.3,1,10:22:09.891770630
117.3,2,10:22:09.891770630
117.3,3,10:22:09.891770630
117.3,8,10:22:09.895555988
117.3,2,10:22:09.896043390
117.31,1,10:22:10.318052038
117.31,2,10:22:10.318052038
117.31,1,10:22:12.551346822
117.31,6,10:22:12.551440726
117.31,4,10:22:12.551707384
117.31,1,10:22:12.551721198
117.31,12,10:22:12.551822550
117.31,2,10:22:12.551822550
117.31,2,10:22:12.551949923
117.31,4,10:22:12.551949923
117.31,33,10:22:12.551949923
117.31,12,10:22:12.552064985
117.31,1,10:22:12.553005464
117.31,2,10:22:12.553020846
117.31,1,10:22:12.553107167
117.31,5,10:22:12.558226526
117.31,3,10:22:12.562367349
117.31,2,10:22:12.575465704
117.31,1,10:22:12.575605157
117.31,1,10:22:12.575619637
117.31,1,10:22:12.599762013
117.31,1,10:22:12.651544407
117.31,8,10:22:13.801159496
117.31,2,10:22:13.801159496
117.31,1,10:22:13.801507077
117.31,4,10:22:17.551085346
117.3,1,10:22:18.437444044
117.3,2,10:22:18.438124732
117.3,3,10:22:18.438275454
117.3,6,10:22:18.438307902
117.3,1,10:22:18.438307902
117.3,2,10:22:18.438307902
117.3,9,10:22:18.438307902
117.3,5,10:22:18.438333300
117.3,3,10:22:18.438333300
117.3,1,10:22:18.438333300
117.3,2,10:22:18.450240774
117.3,1,10:22:18.450240774
117.3,1,10:22:18.450369474
117.3,4,10:22:18.450417091
117.3,1,10:22:18.450417091
117.3,1,10:22:18.510397033
117.3,1,10:22:18.510579979
117.3,1,10:22:18.510849276
117.3,1,10:22:19.526460663
117.3,1,10:22:19.741410627
117.3,5,10:22:19.741511987
117.31,2,10:22:35.860914782
117.31,2,10:22:35.861072989
117.31,3,10:22:35.861072989
117.31,3,10:22:35.861194387
117.31,1,10:22:35.861222355
117.31,8,10:22:35.861222355
117.31,3,10:22:35.861222355
117.31,9,10:22:35.861222355
117.31,9,10:22:35.862023709
117.3,1,10:22:35.895544405
117.3,1,10:22:35.895625262
117.3,1,10:22:35.895644434
117.3,6,10:22:35.895644434
117.3,2,10:22:35.895644434
117.3,7,10:22:39.256411923
117.3,1,10:22:39.256411923
117.3,1,10:22:39.256715626
117.3,3,10:22:39.256737278
117.3,1,10:22:39.256737278
117.3,2,10:22:39.256737278
117.3,1,10:22:39.256764141
117.3,13,10:22:39.256764141
117.3,2,10:22:39.256764141
117.3,2,10:22:39.257289133
117.3,3,10:22:39.257496212
117.3,5,10:22:39.823260209
117.3,1,10:22:40.249880263
117.3,1,10:22:43.351365890
117.3,24,10:22:43.351365890
117.3,12,10:22:43.351462172
117.3,13,10:22:43.351661058
117.3,11,10:22:43.362187233
117.31,3,10:22:43.800525815
117.31,3,10:22:43.800620286
117.31,1,10:22:43.800620286
117.31,3,10:22:43.800636244
117.31,1,10:22:43.800636244
117.31,3,10:22:43.800861852
117.31,1,10:22:43.800956979
117.31,9,10:22:43.801079005
117.31,1,10:22:43.857768018
117.31,1,10:22:43.858132945
117.31,1,10:22:50.330883297
117.31,33,10:22:50.331382193
117.31,5,10:22:50.331768897
117.31,7,10:22:50.331768897
117.31,3,10:22:50.331768897
117.31,1,10:22:50.343521660
117.31,1,10:22:50.343610860
117.31,1,10:22:50.343628485
117.31,1,10:22:50.344134665
117.31,2,10:22:50.353544190
117.31,2,10:22:50.353708817
117.31,4,10:22:50.357563070
117.31,1,10:22:50.383790729
117.31,3,10:22:50.383878460
117.32,1,10:22:50.395669499
117.31,4,10:22:50.397129526
117.31,1,10:22:50.410489795
117.31,2,10:22:50.410489795
117.31,2,10:22:50.424133193
117.31,1,10:22:50.424233257
117.31,1,10:22:50.424480282
117.31,2,10:22:50.437541936
117.31,2,10:22:50.437879132
117.31,2,10:22:50.451079898
117.31,1,10:22:50.451167536
117.31,1,10:22:50.451183197
117.31,1,10:22:50.464762128
117.31,2,10:22:50.508455576
117.31,2,10:22:51.116938007
117.31,1,10:22:51.116953309
117.31,4,10:22:51.117184256
117.31,1,10:22:51.129791748
117.31,1,10:22:51.129879943
117.31,1,10:22:51.130210714
117.31,5,10:22:51.142846587
117.32,4,10:22:51.505166823
117.32,8,10:22:51.505350068
117.32,1,10:22:51.505350068
117.32,1,10:22:51.505365073
117.32,2,10:22:51.505631540
117.32,1,10:22:51.505649492
117.32,1,10:22:51.841373791
117.32,2,10:22:51.841462111
117.32,1,10:22:51.841960286
117.32,2,10:22:51.841960286
117.32,1,10:22:51.842145055
117.32,2,10:22:51.842170721
117.32,9,10:22:51.842170721
117.32,2,10:22:51.842960639
117.32,1,10:22:51.842960639
117.32,7,10:22:51.842960639
117.32,4,10:22:51.865782542
117.32,1,10:22:51.865850507
117.32,3,10:22:51.878742895
117.32,1,10:22:51.878831135
117.32,2,10:22:51.879062037
117.31,1,10:22:51.889723699
117.31,9,10:22:51.890408579
117.31,3,10:22:51.890422832
117.32,1,10:22:52.118361009
117.32,1,10:22:52.760323022
117.32,1,10:22:52.760507528
117.32,2,10:22:53.146771732
117.32,3,10:22:53.964944714
117.32,1,10:22:53.964944714
117.32,7,10:22:53.965017572
117.32,1,10:22:53.965017572
117.32,5,10:22:54.484888907
117.33,1,10:23:02.973435220
117.33,10,10:23:02.973530390
117.33,1,10:23:02.973553578
117.33,9,10:23:02.973553578
117.33,1,10:23:03.769022010
117.33,3,10:23:03.776279534
117.33,2,10:23:03.776279534
117.33,2,10:23:03.776382379
117.33,2,10:23:03.776416027
117.33,1,10:23:03.776416027
117.33,4,10:23:03.776416027
117.33,3,10:23:03.789792494
117.33,2,10:23:03.789932577
117.33,1,10:23:03.815029319
117.33,1,10:23:03.815422266
117.33,1,10:23:03.872071760
117.33,1,10:23:04.200079392
117.33,2,10:23:04.200194854
117.33,3,10:23:04.200194854
117.33,1,10:23:04.200335136
117.33,1,10:23:04.200513350
117.33,1,10:23:07.588120273
117.33,2,10:23:08.782389341
117.33,3,10:23:08.782702730
117.33,1,10:23:08.782702730
117.33,1,10:23:09.034109944
117.32,1,10:23:09.928379888
117.32,34,10:23:09.928379888
117.32,3,10:23:09.928521926
117.32,2,10:23:09.928536505
117.32,11,10:23:09.928536505
117.32,3,10:23:09.928549904
117.32,5,10:23:09.928564710
117.32,1,10:23:09.928564710
117.32,5,10:23:09.928579549
117.32,2,10:23:09.928579549
117.32,1,10:23:09.928597462
117.32,1,10:23:09.928716815
117.32,1,10:23:09.928730950
117.32,2,10:23:09.928746508
117.32,1,10:23:09.928760598
117.32,2,10:23:09.928774876
117.32,3,10:23:09.928789792
117.32,2,10:23:09.928789792
117.32,4,10:23:09.928803443
117.32,1,10:23:09.928818320
117.32,1,10:23:09.928832099
117.32,1,10:23:09.928845839
117.32,1,10:23:09.928864576
117.32,1,10:23:09.929904799
117.32,1,10:23:09.929963746
117.32,2,10:23:09.930004277
117.32,4,10:23:09.930320929
117.33,1,10:23:10.988145664
117.32,2,10:23:11.159715841
117.32,3,10:23:11.159810871
117.32,2,10:23:11.159833098
117.32,14,10:23:11.159833098
117.32,3,10:23:11.160579617
117.32,9,10:23:11.265594698
117.31,1,10:23:15.264264356
117.31,1,10:23:15.264691876
117.31,2,10:23:15.264803828
117.31,1,10:23:15.264915898
117.31,2,10:23:15.265307456
117.31,7,10:23:15.265307456
117.31,1,10:23:15.267436943
117.31,2,10:23:15.267436943
117.31,5,10:23:15.267436943
117.31,2,10:23:15.267968442
117.31,12,10:23:15.267968442
117.31,3,10:23:15.268108894
117.31,1,10:23:15.268132081
117.31,3,10:23:15.268132081
117.31,2,10:23:15.268132081
117.31,1,10:23:15.286484324
117.31,1,10:23:15.289221443
117.31,1,10:23:15.289447131
117.31,2,10:23:15.299300347
117.31,15,10:23:15.299522341
117.31,1,10:23:17.531589890
117.31,8,10:23:21.254566656
117.31,1,10:23:21.254566656
117.31,1,10:23:21.255238109
117.31,10,10:23:21.255238109
117.31,1,10:23:21.255870745
117.31,2,10:23:21.255950902
117.31,1,10:23:21.935747522
117.31,3,10:23:21.935747522
117.31,1,10:23:21.936031740
117.31,8,10:23:25.559018244
117.31,1,10:23:26.499039871
117.31,1,10:23:26.924365634
117.31,5,10:23:26.924365634
117.31,2,10:23:27.630872845
117.31,1,10:23:27.630955233
117.31,3,10:23:31.266566884
117.32,1,10:23:34.685071035
117.32,1,10:23:34.685093148
117.32,1,10:23:34.686194449
117.32,1,10:23:46.904935981
117.32,1,10:23:46.905207180
117.32,3,10:23:48.108971773
117.32,1,10:23:48.108971773
117.32,3,10:23:48.109280056
117.32,3,10:23:48.109390692
117.32,1,10:23:48.109579157
117.32,1,10:23:48.109799233
117.32,1,10:23:48.110438519
117.32,3,10:23:48.110454615
117.32,1,10:23:48.110955219
117.32,3,10:23:51.396155854
117.32,1,10:23:51.396576756
117.32,1,10:23:52.038271287
117.32,4,10:23:52.716610317
117.32,1,10:23:52.717054314
117.32,1,10:23:52.717346082
117.32,4,10:23:52.717464019
117.32,1,10:23:52.717962002
117.32,2,10:23:52.718299656
117.32,1,10:23:59.054277585
117.32,1,10:23:59.054347994
117.32,1,10:23:59.054778145
117.32,2,10:23:59.135353651
117.32,2,10:23:59.571580841
117.32,1,10:24:00.821306566
117.32,1,10:24:01.515947665
117.32,1,10:24:05.817737270
117.32,3,10:24:05.817737270
117.32,2,10:24:05.817737270
117.32,1,10:24:05.817886892
117.32,3,10:24:05.817886892
117.32,1,10:24:05.817925702
117.32,2,10:24:05.817925702
117.32,7,10:24:05.817925702
117.32,71,10:24:06.504171770
117.32,3,10:24:06.504265106
117.32,4,10:24:06.515341094
117.32,1,10:24:06.515426281
117.32,5,10:24:06.515426281
117.33,1,10:24:10.089605558
117.33,5,10:24:10.845977338
117.32,3,10:24:12.945718952
117.32,4,10:24:12.945718952
117.32,4,10:24:12.945893364
117.32,1,10:24:12.945908002
117.32,1,10:24:12.945923195
117.32,3,10:24:12.945923195
117.32,7,10:24:12.945923195
117.32,1,10:24:12.945936690
117.32,2,10:24:12.945951148
117.32,12,10:24:12.945951148
117.32,1,10:24:12.945966933
117.32,2,10:24:12.945966933
117.32,2,10:24:12.945981256
117.32,1,10:24:12.945981256
117.32,49,10:24:12.945994936
117.32,2,10:24:12.946024168
117.32,3,10:24:12.946996286
117.32,4,10:24:12.946996286
117.32,1,10:24:12.996804912
117.32,3,10:24:12.999487323
117.32,7,10:24:14.107304676
117.32,2,10:24:14.107680046
117.32,1,10:24:16.924262574
117.32,5,10:24:16.924422490
117.32,1,10:24:16.924435610
117.32,5,10:24:16.924450113
117.32,3,10:24:16.924450113
117.32,2,10:24:16.924464180
117.32,1,10:24:16.924464180
117.32,9,10:24:16.924478593
117.32,1,10:24:16.924478593
117.32,2,10:24:16.924478593
117.32,3,10:24:16.924493787
117.32,14,10:24:16.924493787
117.32,3,10:24:18.661890760
117.32,4,10:24:18.661907650
117.32,1,10:24:18.662237206
117.32,3,10:24:18.668440454
117.32,1,10:24:18.668440454
117.32,5,10:24:22.746772707
117.32,1,10:24:22.746872758
117.33,2,10:24:32.310331785
117.33,1,10:24:34.402933093
117.33,1,10:24:41.620194384
117.32,1,10:24:41.743411979
117.32,1,10:24:41.743425291
117.32,1,10:24:41.743493784
117.32,1,10:24:41.743614399
117.32,1,10:24:41.779314811
117.32,1,10:24:41.789257836
117.32,1,10:24:41.851524895
117.32,1,10:24:41.894279366
117.32,4,10:24:41.894279366
117.32,3,10:24:45.835995729
117.32,1,10:24:45.836128001
117.32,1,10:24:46.989416638
117.32,2,10:24:46.990441885
117.32,1,10:24:46.990441885
117.32,1,10:24:53.964136083
117.32,1,10:24:53.967505688
117.32,1,10:24:54.143278050
117.32,1,10:24:54.143347425
117.33,9,10:25:03.188264874
117.33,1,10:25:03.188284927
117.33,2,10:25:03.188777929
117.33,1,10:25:07.841769740
117.33,3,10:25:07.841769740
117.33,1,10:25:07.841868880
117.33,1,10:25:07.841887178
117.33,2,10:25:07.841887178
117.33,5,10:25:07.841887178
117.33,2,10:25:07.841907549
117.33,2,10:25:07.887594659
117.33,4,10:25:07.887869993
117.33,25,10:25:08.190022012
117.33,3,10:25:09.730021803
117.33,5,10:25:09.730165988
117.33,5,10:25:09.730189608
117.33,1,10:25:09.730189608
117.33,3,10:25:09.730189608
117.33,11,10:25:09.730189608
117.33,4,10:25:09.730212183
117.33,3,10:25:09.730212183
117.33,16,10:25:09.730212183
117.33,5,10:25:10.832662182
117.33,5,10:25:10.834722983
117.33,5,10:25:10.836198091
117.33,7,10:25:10.836525747
117.33,4,10:25:10.837836899
117.33,1,10:25:21.613709342
117.32,3,10:25:28.336692461
117.32,1,10:25:28.336692461
117.33,22,10:25:31.850619347
117.33,3,10:25:31.850686179
117.33,3,10:25:32.438969499
117.33,2,10:25:32.438969499
117.33,1,10:25:32.439068053
117.33,3,10:25:32.439091996
117.33,1,10:25:32.439091996
117.33,5,10:25:32.439091996
117.33,8,10:25:32.439091996
117.33,2,10:25:32.439091996
117.33,2,10:25:33.734939364
117.33,2,10:25:33.734963370
117.33,6,10:25:33.734963370
117.33,2,10:25:33.735580963
117.33,2,10:25:33.735716061
117.33,1,10:25:33.735716061
117.33,3,10:25:33.735716061
117.33,3,10:25:33.746381187
117.32,1,10:25:38.966673613
117.32,1,10:25:38.966768960
117.32,2,10:25:38.979860228
117.32,1,10:25:39.821589556
117.32,1,10:25:40.040573985
117.32,1,10:25:40.040657168
117.32,1,10:25:41.259217496
117.32,3,10:25:41.259217496
117.32,5,10:25:41.259290760
117.32,1,10:25:41.259686935
117.32,1,10:25:41.335572927
117.32,1,10:25:41.398122168
117.32,1,10:25:48.814922786
117.32,2,10:25:48.814922786
117.33,1,10:25:49.682473564
117.33,1,10:25:49.682677594
117.33,1,10:25:49.682691395
117.33,1,10:25:49.682706388
117.33,3,10:25:49.682719565
117.33,5,10:25:49.682733779
117.33,5,10:25:49.682748115
117.33,14,10:25:49.682761658
117.33,13,10:25:49.682776480
117.33,7,10:25:49.682776480
117.33,7,10:25:49.682790205
117.33,1,10:25:49.682803949
117.33,1,10:25:49.682817216
117.33,1,10:25:49.682831171
117.33,1,10:25:49.682844861
117.33,2,10:25:49.682858694
117.33,2,10:25:49.682875584
117.33,1,10:25:49.682889305
117.33,5,10:25:49.682904451
117.33,2,10:25:49.682904451
117.33,13,10:25:49.682930093
117.33,2,10:25:49.705594244
117.33,5,10:25:51.590117538
117.33,39,10:25:51.590475187
117.33,1,10:25:51.590894335
117.33,26,10:25:51.590894335
117.33,1,10:25:51.627352831
117.32,2,10:25:53.414982438
117.32,1,10:25:53.427838832
117.32,1,10:25:53.427911027
117.32,2,10:25:53.440874540
117.32,2,10:25:53.453505028
117.32,2,10:25:53.466155919
117.32,1,10:25:53.478824138
117.32,1,10:25:53.478897059
117.32,1,10:25:53.491530641
117.32,2,10:25:53.504216589
117.32,2,10:25:53.516907617
117.32,1,10:25:53.564316403
117.32,1,10:25:54.000576193
117.32,1,10:25:54.000761982
117.32,2,10:25:54.141133447
117.32,2,10:25:57.296379735
117.32,3,10:25:57.296817619
117.32,2,10:25:57.296817619
117.32,1,10:25:57.741995554
117.32,1,10:25:57.742079144
117.32,1,10:25:57.742108879
117.32,3,10:25:57.742108879
117.31,1,10:25:57.765948595
117.32,1,10:25:57.766876821
117.32,1,10:25:57.766901836
117.32,5,10:25:57.766901836
117.32,3,10:25:57.766901836
117.32,4,10:25:57.766901836
117.33,1,10:25:59.096984480
117.32,1,10:26:00.068252073
117.33,1,10:26:11.822173696
117.32,1,10:26:16.225768254
117.32,1,10:26:16.225804964
117.32,4,10:26:16.225804964
117.32,3,10:26:16.225804964
117.32,2,10:26:16.225819089
117.32,3,10:26:16.226222967
117.32,11,10:26:16.226745786
117.32,1,10:26:16.227247113
117.32,1,10:26:16.242807071
117.32,1,10:26:16.242823218
117.32,2,10:26:16.564377434
117.32,3,10:26:16.564457623
117.32,1,10:26:16.752327626
117.32,1,10:26:16.785243405
117.32,1,10:26:17.700898239
117.32,1,10:26:17.701164018
117.31,1,10:26:17.764293972
117.31,12,10:26:17.764293972
117.31,2,10:26:17.764293972
117.31,5,10:26:17.764293972
117.31,5,10:26:17.764530395
117.31,4,10:26:17.764695768
117.31,1,10:26:17.764842026
117.31,2,10:26:17.764858403
117.31,2,10:26:17.764876828
117.31,1,10:26:17.764876828
117.31,1,10:26:17.764892790
117.31,5,10:26:17.764908493
117.31,1,10:26:17.765011674
117.31,1,10:26:17.773495089
117.31,10,10:26:17.773495089
117.31,13,10:26:17.773495089
117.3,1,10:26:17.877266339
117.3,2,10:26:17.890182950
117.3,3,10:26:17.890182950
117.31,1,10:26:18.382162976
117.31,3,10:26:18.382162976
117.31,2,10:26:18.382162976
117.31,1,10:26:18.383000553
117.31,1,10:26:18.403966148
117.31,1,10:26:18.404157793
117.3,1,10:26:18.427191390
117.31,1,10:26:18.653609853
117.32,9,10:26:22.135447963
117.32,1,10:26:22.135447963
117.32,5,10:26:22.135635349
117.32,1,10:26:22.135649477
117.32,3,10:26:22.135649477
117.32,1,10:26:22.135664264
117.32,19,10:26:22.135664264
117.32,3,10:26:22.135678261
117.32,2,10:26:22.135678261
117.32,20,10:26:22.135694155
117.32,1,10:26:22.135694155
117.32,5,10:26:22.135694155
117.32,13,10:26:22.135694155
117.32,1,10:26:22.135707137
117.32,2,10:26:22.135723810
117.32,7,10:26:22.135723810
117.32,1,10:26:22.135739352
117.32,2,10:26:22.135739352
117.32,1,10:26:22.135753080
117.32,2,10:26:22.135936913
117.32,1,10:26:22.135950744
117.32,1,10:26:22.136744682
117.32,2,10:26:22.136744682
117.32,1,10:26:22.256290901
117.32,1,10:26:23.559670719
117.32,1,10:26:23.559685729
117.31,25,10:26:32.357488066
117.31,1,10:26:32.357717788
117.31,1,10:26:32.357735811
117.31,5,10:26:32.357735811
117.31,5,10:26:32.357750050
117.31,1,10:26:32.380830032
117.31,2,10:26:32.380893456
117.32,1,10:26:35.585044477
117.32,5,10:26:35.585044477
117.32,1,10:26:39.933315414
117.32,2,10:26:39.933396143
117.32,1,10:26:39.933684181
117.33,3,10:26:47.986656800
117.33,1,10:26:53.177515089
117.33,1,10:26:53.178438756
117.33,1,10:26:53.276507842
117.33,1,10:26:54.592487563
117.33,1,10:26:57.597024986
117.33,2,10:26:57.597039037
117.33,1,10:26:57.597115306
117.33,1,10:26:57.597132490
117.33,1,10:27:11.466103534
117.33,1,10:27:11.466201603
117.33,1,10:27:11.466220166
117.33,2,10:27:11.466440141
117.33,1,10:27:11.466570938
117.33,1,10:27:11.664439889
117.33,1,10:27:11.664514554
117.33,1,10:27:11.715802276
117.33,1,10:27:15.144235533
117.33,2,10:27:17.066148825
117.33,1,10:27:17.066148825
117.33,2,10:27:19.391936900
117.33,1,10:27:30.141605054
117.33,1,10:27:46.511769404
117.33,2,10:27:46.512284074
117.33,1,10:27:46.560468021
117.32,1,10:27:57.735042413
117.32,2,10:27:57.735061078
117.32,1,10:27:57.735061078
117.32,1,10:27:57.735315427
117.32,1,10:27:57.735433065
117.32,1,10:27:57.735453971
117.32,5,10:27:57.735453971
117.32,3,10:27:57.736034934
117.32,1,10:27:57.736281539
117.32,3,10:28:00.124849235
117.32,1,10:28:00.124849235
117.32,1,10:28:00.124923796
117.32,1,10:28:00.124943866
117.32,5,10:28:00.124943866
117.32,3,10:28:00.125347885
117.32,2,10:28:00.192128447
117.32,1,10:28:00.192143464
117.32,1,10:28:01.158768813
117.32,1,10:28:09.445283547
117.32,1,10:28:09.445297186
117.32,1,10:28:09.445380571
117.32,1,10:28:09.445399416
117.32,1,10:28:09.742541768
117.32,1,10:28:09.794604835
117.32,1,10:28:10.325426466
117.32,1,10:28:10.325585042
117.32,1,10:28:10.325683397
117.32,8,10:28:10.325683397
117.32,1,10:28:10.326118600
117.31,3,10:28:15.144475971
117.31,11,10:28:20.281539906
117.31,3,10:28:20.325258886
117.32,1,10:28:20.976098107
117.32,3,10:28:20.976190743
117.32,1,10:28:20.976205102
117.32,1,10:28:20.976424199
117.32,2,10:28:20.976565405
117.32,1,10:28:20.976581386
117.32,1,10:28:25.356478270
117.31,3,10:28:30.144737976
117.31,8,10:28:31.001484282
117.31,1,10:28:31.001499172
117.31,1,10:28:31.001514628
117.31,19,10:28:31.001615917
117.31,1,10:28:31.001648228
117.31,1,10:28:31.001680067
117.31,3,10:28:31.001695802
117.31,1,10:28:31.001941595
117.31,1,10:28:31.001955534
117.31,1,10:28:31.001975246
117.31,1,10:28:31.001988628
117.31,2,10:28:31.002003527
117.31,1,10:28:31.002277342
117.31,4,10:28:31.002292823
117.31,1,10:28:31.002307043
117.31,2,10:28:31.002331780
117.31,1,10:28:31.002624202
117.31,1,10:28:31.002642233
117.31,1,10:28:31.002685210
117.31,3,10:28:31.002944080
117.31,2,10:28:31.003007408
117.31,2,10:28:31.003106413
117.31,3,10:28:31.003239117
117.31,1,10:28:31.003253485
117.31,1,10:28:31.003278966
117.31,5,10:28:34.635584757
117.31,2,10:28:34.635584757
117.31,5,10:28:34.635699590
117.31,1,10:28:34.635728876
117.31,3,10:28:34.635728876
117.31,2,10:28:34.635728876
117.31,1,10:28:34.638105921
117.31,3,10:28:34.638105921
117.31,1,10:28:34.638194496
117.31,3,10:28:34.638407118
117.31,1,10:28:34.638743080
117.31,2,10:28:34.638837421
117.31,5,10:28:34.639143814
117.31,1,10:28:34.639143814
117.31,1,10:28:34.639168025
117.31,1,10:28:34.643935146
117.31,1,10:28:34.644369005
117.31,1,10:28:34.644440851
117.31,1,10:28:34.644467321
117.31,1,10:28:34.645125635
117.31,1,10:28:34.839155370
117.3,1,10:28:35.650644736
117.3,4,10:28:35.650644736
117.3,3,10:28:39.570707693
117.3,1,10:28:39.571087588
117.3,1,10:28:39.571102090
117.29,1,10:28:45.145141672
117.29,1,10:28:45.145212201
117.29,2,10:28:47.494575417
117.29,1,10:28:47.494717817
117.29,2,10:28:47.494717817
117.29,1,10:28:47.494738816
117.29,1,10:28:47.635862181
117.29,1,10:28:48.009194193
117.3,1,10:28:49.210131380
117.3,1,10:28:49.210238334
117.3,1,10:28:49.210271133
117.3,1,10:28:49.221845432
117.29,3,10:28:49.266242323
117.29,1,10:28:49.266256275
117.29,2,10:28:49.266256275
117.29,3,10:28:49.266334201
117.3,1,10:28:50.124716175
117.3,1,10:28:52.039365132
117.3,1,10:28:52.039735263
117.3,3,10:28:52.039997205
117.3,1,10:28:55.117598034
117.3,2,10:28:56.323909738
117.3,3,10:28:56.324227722
117.3,1,10:28:56.324329706
117.3,1,10:28:56.735934285
117.3,1,10:28:58.673343123
117.3,3,10:28:58.673343123
117.3,1,10:29:00.134729176
117.3,1,10:29:00.135358040
117.3,1,10:29:00.135550232
117.3,3,10:29:00.135550232
117.3,1,10:29:00.135787019
117.3,1,10:29:00.135816481
117.31,1,10:29:01.165035594
117.3,5,10:29:02.334699610
117.3,4,10:29:03.964587340
117.3,4,10:29:03.964747475
117.3,1,10:29:03.964826851
117.3,1,10:29:03.965402193
117.3,1,10:29:03.965417873
117.3,2,10:29:03.965434625
117.3,1,10:29:03.965434625
117.3,1,10:29:03.965454754
117.3,2,10:29:03.967209901
117.3,1,10:29:03.967209901
117.3,6,10:29:03.974038927
117.3,1,10:29:04.259233323
117.29,5,10:29:05.348681281
117.31,5,10:29:08.537675805
117.3,1,10:29:08.945480834
117.31,1,10:29:10.144825613
117.31,7,10:29:10.181914434
117.3,5,10:29:15.144282362
117.3,1,10:29:15.281807317
117.3,2,10:29:15.282048782
117.3,5,10:29:15.282068532
117.3,2,10:29:15.282068532
117.3,1,10:29:15.282068532
117.3,1,10:29:20.573932666
117.3,1,10:29:20.574053542
117.3,1,10:29:20.644340651
117.3,1,10:29:20.645110351
117.3,1,10:29:25.237916273
117.3,1,10:29:25.237992868
117.3,1,10:29:25.264702708
117.3,5,10:29:29.802679231
117.31,1,10:29:41.685795035
117.31,3,10:29:41.725424883
117.3,1,10:29:42.793587373
117.31,1,10:29:45.970919314
117.31,1,10:29:45.971012287
117.32,1,10:29:47.017911131
117.32,1,10:29:47.098581795
117.32,1,10:29:48.338074617
117.32,1,10:29:48.338390735
117.32,1,10:29:51.721152967
117.32,1,10:29:57.369012012
117.31,2,10:29:57.369090245
117.32,1,10:29:57.423162067
117.31,3,10:29:59.394331173
117.31,1,10:29:59.394415922
117.31,2,10:29:59.394415922
117.32,1,10:29:59.892996471
117.32,1,10:30:00.157100882
117.32,1,10:30:00.157343023
117.32,2,10:30:01.431036405
117.32,1,10:30:01.431036405
117.32,1,10:30:02.000098876
117.32,1,10:30:02.000343052
117.32,2,10:30:03.488073899
117.32,1,10:30:03.488164526
117.32,2,10:30:03.488179402
117.32,1,10:30:03.704252838
117.31,1,10:30:08.416495751
117.31,3,10:30:08.416495751
117.31,2,10:30:08.416865783
117.32,1,10:30:10.126384783
117.31,1,10:30:16.759596016
117.31,1,10:30:16.759674192
117.31,1,10:30:16.759701306
117.31,1,10:30:16.759898685
117.31,1,10:30:16.791024871
117.3,1,10:30:18.829138281
117.3,1,10:30:18.896508951
117.31,11,10:30:23.742427099
117.31,1,10:30:23.742427099
117.31,10,10:30:23.742427099
117.31,1,10:30:23.742516849
117.31,4,10:30:23.742536984
117.31,1,10:30:23.742536984
117.31,1,10:30:24.719958548
117.31,1,10:30:24.916936146
117.31,1,10:30:30.644550833
117.31,1,10:30:30.656218157
117.31,1,10:30:30.998109195
117.31,1,10:30:30.998194302
117.31,1,10:30:33.574770175
117.31,1,10:30:38.778995084
117.31,3,10:30:38.779290197
117.31,3,10:30:38.791251716
117.31,1,10:30:39.029505571
117.32,1,10:30:42.735048158
117.32,1,10:30:42.735138823
117.32,1,10:30:42.735664396
117.32,1,10:30:42.735682194
117.32,1,10:30:44.288987584
117.32,1,10:30:44.764375220
117.32,1,10:30:47.572975610
117.32,1,10:30:47.573033171
117.32,1,10:30:47.583843856
117.32,1,10:30:51.013920977
117.32,1,10:30:51.014316059
117.32,1,10:30:51.015153162
117.32,1,10:30:51.428697118
117.32,1,10:30:51.428799127
117.32,1,10:30:51.545553363
117.32,1,10:30:51.617592051
117.32,1,10:30:55.037560837
117.32,1,10:30:58.016938846
117.32,1,10:30:58.065275495
117.31,1,10:31:01.530051923
117.31,1,10:31:01.603325826
117.32,5,10:31:11.112850268
117.32,1,10:31:11.112952037
117.32,1,10:31:11.113318632
117.31,1,10:31:13.502409865
117.31,1,10:31:13.502890555
117.31,10,10:31:13.502987071
117.31,1,10:31:13.503004462
117.31,1,10:31:13.593555097
117.31,4,10:31:13.593887494
117.31,1,10:31:18.375761676
117.31,1,10:31:18.375872600
117.31,1,10:31:18.375895886
117.31,2,10:31:18.375895886
117.32,1,10:31:31.642766313
117.32,2,10:31:31.643209314
117.32,1,10:31:45.067922199
117.32,1,10:31:45.068319008
117.33,1,10:31:47.020634115
117.32,1,10:31:56.107084114
117.32,2,10:31:56.107084114
117.32,1,10:31:56.158930899
117.33,1,10:31:57.976864487
117.33,3,10:31:57.977080749
117.33,1,10:31:57.977094036
117.33,5,10:31:57.977109204
117.33,1,10:31:57.977109204
117.33,1,10:31:57.977122676
117.33,5,10:31:57.977139043
117.33,3,10:31:57.977139043
117.33,1,10:31:57.977139043
117.33,1,10:31:57.977154910
117.33,1,10:31:57.977168509
117.33,11,10:31:57.977183405
117.33,2,10:31:57.977197181
117.33,7,10:31:57.977212135
117.33,1,10:31:57.977212135
117.33,2,10:31:57.977226977
117.33,2,10:31:57.977241908
117.33,2,10:31:57.977254570
117.33,2,10:31:57.977268897
117.33,18,10:31:57.977268897
117.33,16,10:31:57.977282839
117.33,12,10:31:57.977306557
117.33,1,10:31:57.977701933
117.33,1,10:31:57.978186557
117.33,3,10:31:57.978226368
117.33,1,10:31:58.178366460
117.32,1,10:32:08.084045744
117.33,3,10:32:13.622128789
117.33,1,10:32:13.622927979
117.33,1,10:32:13.622954923
117.33,2,10:32:13.659511489
117.34,1,10:32:16.065507513
117.34,1,10:32:16.065786298
117.34,1,10:32:16.418401643
117.34,2,10:32:16.418668248
117.34,1,10:32:16.418757156
117.34,1,10:32:16.418856199
117.35,1,10:32:17.496978194
117.35,1,10:32:17.498058871
117.35,8,10:32:17.498200587
117.35,5,10:32:17.498200587
117.35,1,10:32:19.624958273
117.35,6,10:32:19.624958273
117.35,2,10:32:19.625118141
117.35,1,10:32:19.625136324
117.35,8,10:32:19.625136324
117.35,2,10:32:19.625136324
117.35,13,10:32:19.625151419
117.35,1,10:32:19.625151419
117.35,3,10:32:19.625151419
117.35,2,10:32:19.625151419
117.35,1,10:32:19.625168583
117.35,7,10:32:19.625168583
117.35,1,10:32:19.625690042
117.35,2,10:32:19.625690042
117.35,1,10:32:19.893199148
117.35,12,10:32:20.477760244
117.35,5,10:32:20.477760244
117.35,5,10:32:26.516393616
117.35,5,10:32:26.516407779
117.35,2,10:32:26.516493094
117.35,1,10:32:26.516512297
117.35,2,10:32:35.985696757
117.35,3,10:32:35.985765909
117.35,1,10:32:35.986058993
117.35,7,10:32:35.986058993
117.35,1,10:32:35.986185268
117.36,2,10:32:51.062931285
117.36,1,10:32:51.062931285
117.36,1,10:32:51.063604276
117.36,1,10:32:51.309446420
117.36,8,10:32:51.446561957
117.36,1,10:32:51.446684886
117.36,1,10:32:51.451186137
117.36,1,10:32:51.451305308
117.36,1,10:32:51.451341413
117.36,2,10:32:51.451341413
117.36,7,10:32:51.451882876
117.36,1,10:32:51.620512581
117.36,1,10:32:57.040695891
117.36,1,10:32:59.962257065
117.36,1,10:33:01.619031552
117.35,3,10:33:02.816830172
117.35,1,10:33:02.817326706
117.35,2,10:33:02.817326706
117.35,1,10:33:02.817491534
117.35,1,10:33:02.817512797
117.35,3,10:33:02.817512797
117.35,4,10:33:02.817737544
117.35,1,10:33:02.818312286
117.35,4,10:33:02.818573428
117.35,1,10:33:02.819038094
117.35,1,10:33:02.841277675
117.35,3,10:33:02.841431166
117.35,1,10:33:02.841733950
117.35,1,10:33:02.841835668
117.35,1,10:33:02.842135195
117.35,1,10:33:02.842253697
117.35,1,10:33:02.842344791
117.35,2,10:33:02.842517463
117.35,1,10:33:02.842712944
117.35,1,10:33:02.842982292
117.35,1,10:33:02.843525853
117.35,4,10:33:02.843893053
117.35,2,10:33:02.843997935
117.35,1,10:33:02.843997935
117.35,1,10:33:02.864466849
117.35,2,10:33:02.864560628
117.35,5,10:33:02.864575559
117.35,1,10:33:02.866503187
117.35,1,10:33:02.883602408
117.35,1,10:33:02.883701882
117.35,1,10:33:02.883821348
117.35,1,10:33:04.226025739
117.35,2,10:33:04.226025739
117.35,3,10:33:04.256831053
117.35,1,10:33:04.256941596
117.35,1,10:33:04.256963827
117.35,2,10:33:04.256963827
117.35,1,10:33:04.257272022
117.35,1,10:33:04.257694192
117.35,1,10:33:04.444432411
117.35,1,10:33:04.444597379
117.35,1,10:33:11.480750768
117.35,5,10:33:11.480750768
117.35,5,10:33:11.480871546
117.35,2,10:33:11.480902727
