bidVolume,bidPrice,askVolume,askPrice,timestamp
1,2333.5,4,2333.6,09:00:00.005665734
7,2333.4,4,2333.6,09:00:00.005808678
7,2333.4,4,2333.6,09:00:00.005808678
7,2333.4,4,2333.6,09:00:00.005830380
7,2333.4,5,2333.6,09:00:00.005951282
7,2333.4,5,2333.6,09:00:00.005988960
7,2333.4,5,2333.6,09:00:00.006094517
7,2333.4,5,2333.6,09:00:00.006126265
1,2333.5,5,2333.6,09:00:00.006276088
1,2333.5,5,2333.6,09:00:00.006524039
1,2333.5,5,2333.6,09:00:00.006645290
1,2333.5,5,2333.6,09:00:00.006829473
1,2333.5,5,2333.6,09:00:00.006885557
1,2333.5,5,2333.6,09:00:00.006914806
7,2333.4,5,2333.6,09:00:00.007901040
7,2333.4,5,2333.6,09:00:00.007901040
7,2333.4,5,2333.6,09:00:00.007935943
7,2333.4,5,2333.6,09:00:00.007935943
7,2333.4,5,2333.6,09:00:00.007975928
7,2333.4,5,2333.6,09:00:00.008006412
7,2333.4,5,2333.6,09:00:00.008006412
7,2333.4,5,2333.6,09:00:00.008140365
7,2333.4,4,2333.6,09:00:00.024229188
7,2333.4,5,2333.6,09:00:00.057875411
7,2333.4,6,2333.6,09:00:00.069830595
8,2333.4,6,2333.6,09:00:00.232917921
8,2333.4,5,2333.6,09:00:00.233042884
1,2333.5,5,2333.6,09:00:00.233182680
1,2333.5,4,2333.6,09:00:00.233333040
2,2333.5,4,2333.6,09:00:00.237112764
2,2333.5,3,2333.6,09:00:00.237255458
2,2333.5,2,2333.6,09:00:00.237434003
2,2333.5,3,2333.6,09:00:00.260777803
1,2333.5,3,2333.6,09:00:00.260905297
8,2333.4,3,2333.6,09:00:00.261020259
8,2333.4,3,2333.6,09:00:00.261020259
8,2333.4,3,2333.6,09:00:00.269274372
8,2333.4,4,2333.6,09:00:00.271512427
8,2333.4,3,2333.6,09:00:00.276082305
8,2333.4,4,2333.6,09:00:00.302865720
8,2333.4,5,2333.6,09:00:00.302986987
8,2333.4,6,2333.6,09:00:00.380362384
8,2333.4,8,2333.7,09:00:00.466270097
8,2333.4,8,2333.7,09:00:00.466270097
1,2333.5,8,2333.7,09:00:00.466413664
2,2333.5,8,2333.7,09:00:00.466526368
3,2333.5,8,2333.7,09:00:00.466535098
3,2333.5,8,2333.7,09:00:00.466768235
3,2333.5,8,2333.7,09:00:00.466800741
3,2333.5,1,2333.6,09:00:00.466876605
3,2333.5,3,2333.6,09:00:00.466930795
4,2333.5,3,2333.6,09:00:00.466985917
4,2333.5,3,2333.6,09:00:00.467003900
5,2333.5,3,2333.6,09:00:00.467067396
5,2333.5,3,2333.6,09:00:00.467116086
6,2333.5,3,2333.6,09:00:00.467156221
6,2333.5,3,2333.6,09:00:00.467191497
5,2333.5,3,2333.6,09:00:00.467209334
4,2333.5,3,2333.6,09:00:00.467260913
3,2333.5,3,2333.6,09:00:00.467394600
2,2333.5,3,2333.6,09:00:00.467494678
1,2333.5,3,2333.6,09:00:00.467605621
1,2333.5,4,2333.6,09:00:00.467630227
7,2333.4,4,2333.6,09:00:00.467827358
7,2333.4,4,2333.6,09:00:00.467827358
7,2333.4,5,2333.6,09:00:00.467847352
7,2333.4,6,2333.6,09:00:00.467904543
7,2333.4,7,2333.6,09:00:00.467981332
6,2333.4,7,2333.6,09:00:00.468035535
5,2333.4,7,2333.6,09:00:00.468119097
6,2333.4,7,2333.6,09:00:00.556359229
6,2333.4,7,2333.6,09:00:00.556505153
6,2333.4,8,2333.6,09:00:00.642900694
6,2333.4,1,2333.5,09:00:00.643050543
5,2333.4,1,2333.5,09:00:00.643172046
5,2333.4,1,2333.5,09:00:00.643183330
5,2333.4,1,2333.5,09:00:00.643201049
4,2333.4,1,2333.5,09:00:00.643245126
3,2333.4,1,2333.5,09:00:00.643268062
3,2333.4,1,2333.5,09:00:00.643280205
3,2333.4,1,2333.5,09:00:00.645333757
3,2333.4,3,2333.5,09:00:00.647797820
3,2333.4,4,2333.5,09:00:00.647989699
3,2333.4,4,2333.5,09:00:00.662202627
3,2333.4,4,2333.5,09:00:00.663795738
3,2333.4,4,2333.5,09:00:00.663965569
3,2333.4,4,2333.5,09:00:00.664071382
2,2333.4,4,2333.5,09:00:00.664236642
1,2333.4,4,2333.5,09:00:00.664273942
6,2333.3,4,2333.5,09:00:00.664349256
6,2333.3,4,2333.5,09:00:00.664349256
6,2333.3,4,2333.5,09:00:00.664448762
6,2333.3,5,2333.5,09:00:00.664491342
5,2333.3,5,2333.5,09:00:00.664515774
5,2333.3,5,2333.5,09:00:00.664555365
5,2333.3,6,2333.5,09:00:00.664640410
5,2333.3,6,2333.5,09:00:00.664668184
5,2333.3,6,2333.5,09:00:00.664698505
5,2333.3,6,2333.5,09:00:00.664792529
5,2333.3,1,2333.4,09:00:00.668838726
4,2333.3,1,2333.4,09:00:00.668948929
4,2333.3,1,2333.4,09:00:00.668960040
4,2333.3,1,2333.4,09:00:00.668977827
2,2333.3,1,2333.4,09:00:00.669006745
2,2333.3,3,2333.4,09:00:00.669033927
8,2333.2,3,2333.4,09:00:00.669410594
8,2333.2,3,2333.4,09:00:00.669410594
8,2333.2,3,2333.4,09:00:00.669432156
8,2333.2,3,2333.4,09:00:00.669500595
8,2333.2,3,2333.4,09:00:00.669513171
8,2333.2,1,2333.3,09:00:00.669513171
8,2333.2,1,2333.3,09:00:00.669570523
8,2333.2,1,2333.3,09:00:00.669730517
8,2333.2,1,2333.3,09:00:00.669903327
8,2333.2,1,2333.3,09:00:00.670047282
8,2333.2,1,2333.3,09:00:00.670070009
8,2333.2,1,2333.3,09:00:00.670086716
7,2333.2,1,2333.3,09:00:00.670122055
5,2333.2,1,2333.3,09:00:00.670157267
4,2333.2,1,2333.3,09:00:00.670176793
4,2333.2,1,2333.3,09:00:00.670196754
4,2333.2,1,2333.3,09:00:00.670207615
4,2333.2,1,2333.3,09:00:00.670225849
4,2333.2,1,2333.3,09:00:00.670240188
4,2333.2,3,2333.3,09:00:00.670369288
4,2333.2,4,2333.3,09:00:00.670506853
4,2333.2,4,2333.3,09:00:00.670518562
4,2333.2,5,2333.3,09:00:00.671148248
4,2333.2,5,2333.3,09:00:00.671316074
4,2333.2,5,2333.3,09:00:00.671358415
4,2333.2,5,2333.3,09:00:00.671421000
4,2333.2,5,2333.3,09:00:00.671421000
2,2333.2,5,2333.3,09:00:00.671646351
7,2333.1,5,2333.3,09:00:00.671688870
7,2333.1,5,2333.3,09:00:00.671688870
7,2333.1,1,2333.2,09:00:00.671788741
7,2333.1,1,2333.2,09:00:00.672371150
7,2333.1,1,2333.2,09:00:00.672380647
6,2333.1,1,2333.2,09:00:00.672448427
5,2333.1,1,2333.2,09:00:00.672491363
5,2333.1,1,2333.2,09:00:00.672508487
3,2333.1,1,2333.2,09:00:00.672529857
3,2333.1,1,2333.2,09:00:00.672570398
3,2333.1,1,2333.2,09:00:00.672580795
3,2333.1,1,2333.2,09:00:00.672614687
3,2333.1,1,2333.2,09:00:00.672627049
3,2333.1,3,2333.2,09:00:00.672691076
2,2333.1,3,2333.2,09:00:00.672762879
2,2333.1,3,2333.2,09:00:00.672799110
2,2333.1,3,2333.2,09:00:00.673061419
2,2333.1,3,2333.2,09:00:00.673076409
2,2333.1,4,2333.2,09:00:00.673167598
2,2333.1,4,2333.2,09:00:00.673175627
2,2333.1,4,2333.2,09:00:00.673375074
1,2333.1,4,2333.2,09:00:00.673670036
1,2333.1,4,2333.2,09:00:00.673884016
1,2333.1,4,2333.2,09:00:00.673884016
1,2333.1,4,2333.2,09:00:00.675208944
1,2333.1,4,2333.2,09:00:00.678812528
1,2333.1,4,2333.2,09:00:00.680209481
11,2333.0,4,2333.2,09:00:00.681467484
11,2333.0,4,2333.2,09:00:00.681467484
10,2333.0,4,2333.2,09:00:00.681768191
10,2333.0,4,2333.2,09:00:00.681774726
10,2333.0,4,2333.2,09:00:00.681782172
10,2333.0,4,2333.2,09:00:00.681820944
2,2333.1,4,2333.2,09:00:00.681850090
2,2333.1,4,2333.2,09:00:00.681881326
2,2333.1,4,2333.2,09:00:00.682215752
2,2333.1,4,2333.2,09:00:00.682258790
2,2333.1,4,2333.2,09:00:00.690450932
2,2333.1,4,2333.2,09:00:00.690463227
1,2333.1,4,2333.2,09:00:00.717238160
8,2333.0,4,2333.2,09:00:00.717450689
8,2333.0,4,2333.2,09:00:00.717450689
8,2333.0,4,2333.2,09:00:00.717604747
8,2333.0,4,2333.2,09:00:00.721943971
8,2333.0,4,2333.2,09:00:00.721954927
8,2333.0,4,2333.2,09:00:00.729554854
8,2333.0,4,2333.2,09:00:00.730823792
9,2333.0,4,2333.2,09:00:00.760712646
9,2333.0,4,2333.2,09:00:00.802144975
9,2333.0,4,2333.2,09:00:00.802170691
9,2333.0,4,2333.2,09:00:00.802187024
9,2333.0,4,2333.2,09:00:00.802199152
9,2333.0,4,2333.2,09:00:00.802212234
9,2333.0,4,2333.2,09:00:00.802226490
9,2333.0,4,2333.2,09:00:00.802360100
9,2333.0,4,2333.2,09:00:00.802373229
9,2333.0,4,2333.2,09:00:00.802388385
9,2333.0,4,2333.2,09:00:00.802399662
9,2333.0,5,2333.2,09:00:00.815333139
1,2333.1,5,2333.2,09:00:00.835958629
9,2333.0,5,2333.2,09:00:00.836629090
9,2333.0,5,2333.2,09:00:00.836629090
9,2333.0,5,2333.2,09:00:00.836651657
8,2333.0,5,2333.2,09:00:00.837193364
8,2333.0,4,2333.2,09:00:00.837458407
1,2333.1,4,2333.2,09:00:00.838275565
2,2333.1,4,2333.2,09:00:00.838330843
1,2333.1,4,2333.2,09:00:00.838586694
1,2333.1,4,2333.2,09:00:00.838663726
1,2333.1,4,2333.2,09:00:00.841488672
2,2333.1,4,2333.2,09:00:00.841714210
2,2333.1,4,2333.2,09:00:00.850195474
3,2333.1,4,2333.2,09:00:00.851428184
2,2333.1,4,2333.2,09:00:00.861960774
1,2333.1,4,2333.2,09:00:00.877092325
8,2333.0,4,2333.2,09:00:00.877342663
8,2333.0,4,2333.2,09:00:00.877342663
8,2333.0,5,2333.2,09:00:00.877370206
7,2333.0,5,2333.2,09:00:00.896157018
7,2333.0,3,2333.2,09:00:00.896287536
1,2333.1,3,2333.2,09:00:00.896435573
1,2333.1,3,2333.2,09:00:00.896484602
1,2333.1,2,2333.2,09:00:00.896539918
1,2333.1,3,2333.2,09:00:00.896556018
1,2333.1,5,2333.2,09:00:00.896679540
7,2333.0,5,2333.2,09:00:00.896687169
7,2333.0,5,2333.2,09:00:00.896687169
7,2333.0,5,2333.2,09:00:00.904979994
6,2333.0,5,2333.2,09:00:00.905101135
6,2333.0,6,2333.2,09:00:00.905279666
6,2333.0,1,2333.1,09:00:00.905367402
6,2333.0,1,2333.1,09:00:00.905503412
6,2333.0,1,2333.1,09:00:00.905512401
6,2333.0,1,2333.1,09:00:00.905531355
6,2333.0,2,2333.1,09:00:00.905582741
6,2333.0,2,2333.1,09:00:00.905582741
6,2333.0,2,2333.1,09:00:00.905738376
6,2333.0,4,2333.1,09:00:00.905767320
6,2333.0,4,2333.1,09:00:00.905930515
6,2333.0,5,2333.1,09:00:00.905960278
6,2333.0,5,2333.1,09:00:00.907208310
5,2333.0,5,2333.1,09:00:00.907261873
6,2332.9,5,2333.1,09:00:00.919963755
6,2332.9,5,2333.1,09:00:00.919963755
5,2332.9,5,2333.1,09:00:00.920143826
5,2332.9,6,2333.1,09:00:00.920168208
4,2332.9,6,2333.1,09:00:00.920290111
4,2332.9,6,2333.1,09:00:00.920307286
4,2332.9,7,2333.1,09:00:00.920363852
4,2332.9,7,2333.1,09:00:00.920393293
4,2332.9,7,2333.1,09:00:00.920423697
4,2332.9,7,2333.1,09:00:00.920481084
3,2332.9,7,2333.1,09:00:00.920507018
3,2332.9,1,2333.0,09:00:00.920530909
3,2332.9,3,2333.0,09:00:00.920560971
3,2332.9,3,2333.0,09:00:00.920601794
2,2332.9,3,2333.0,09:00:00.920838973
2,2332.9,3,2333.0,09:00:00.920895675
3,2332.9,3,2333.0,09:00:00.921012295
3,2332.9,3,2333.0,09:00:00.921041496
3,2332.9,3,2333.0,09:00:00.921054465
3,2332.9,3,2333.0,09:00:00.921067439
3,2332.9,3,2333.0,09:00:00.921086079
3,2332.9,4,2333.0,09:00:00.921231810
3,2332.9,4,2333.0,09:00:00.921231810
3,2332.9,4,2333.0,09:00:00.921245791
3,2332.9,5,2333.0,09:00:00.921265920
3,2332.9,6,2333.0,09:00:00.921289357
3,2332.9,7,2333.0,09:00:00.921508259
3,2332.9,6,2333.0,09:00:00.921593037
3,2332.9,6,2333.0,09:00:00.921609459
3,2332.9,6,2333.0,09:00:00.921650593
3,2332.9,6,2333.0,09:00:00.921663895
3,2332.9,6,2333.0,09:00:00.922837184
3,2332.9,6,2333.0,09:00:00.922837184
3,2332.9,6,2333.0,09:00:00.928882058
3,2332.9,5,2333.0,09:00:00.929061383
3,2332.9,4,2333.0,09:00:00.945634130
4,2332.9,4,2333.0,09:00:00.945766169
4,2332.9,2,2333.0,09:00:00.945785964
3,2332.9,2,2333.0,09:00:00.984703250
2,2332.9,2,2333.0,09:00:01.006255811
2,2332.9,2,2333.0,09:00:01.007359744
1,2332.9,2,2333.0,09:00:01.007504252
1,2332.9,2,2333.0,09:00:01.007645763
1,2332.9,3,2333.0,09:00:01.011837749
1,2332.9,4,2333.0,09:00:01.011891679
1,2332.9,4,2333.0,09:00:01.011991144
6,2332.8,4,2333.0,09:00:01.012038680
6,2332.8,4,2333.0,09:00:01.012038680
6,2332.8,4,2333.0,09:00:01.012729789
1,2332.9,4,2333.0,09:00:01.012809181
1,2332.9,4,2333.0,09:00:01.012935265
1,2332.9,4,2333.0,09:00:01.013118792
1,2332.9,3,2333.0,09:00:01.013146322
1,2332.9,2,2333.0,09:00:01.014733292
2,2332.9,2,2333.0,09:00:01.014760518
3,2332.9,2,2333.0,09:00:01.016886494
4,2332.9,2,2333.0,09:00:01.017031467
4,2332.9,7,2333.1,09:00:01.020374264
4,2332.9,9,2333.2,09:00:01.020374264
4,2332.9,7,2333.2,09:00:01.020374264
4,2332.9,7,2333.2,09:00:01.020374264
4,2332.9,7,2333.2,09:00:01.020374264
1,2333.0,7,2333.2,09:00:01.020452380
1,2333.0,7,2333.2,09:00:01.020509031
2,2333.0,7,2333.2,09:00:01.020577333
2,2333.0,6,2333.2,09:00:01.020727889
2,2333.0,6,2333.2,09:00:01.020836836
3,2333.0,6,2333.2,09:00:01.020981159
4,2333.0,6,2333.2,09:00:01.021016533
4,2333.0,5,2333.2,09:00:01.021059541
4,2333.0,5,2333.2,09:00:01.021092514
5,2333.0,5,2333.2,09:00:01.021111479
5,2333.0,4,2333.2,09:00:01.021173003
4,2333.0,4,2333.2,09:00:01.021220226
5,2333.0,4,2333.2,09:00:01.021236563
5,2333.0,4,2333.2,09:00:01.021250621
6,2333.0,4,2333.2,09:00:01.021268096
8,2333.0,4,2333.2,09:00:01.021286621
8,2333.0,4,2333.2,09:00:01.021297316
8,2333.0,5,2333.2,09:00:01.021495333
8,2333.0,6,2333.2,09:00:01.021511377
5,2333.0,6,2333.2,09:00:01.021559036
5,2333.0,2,2333.1,09:00:01.021582976
5,2333.0,3,2333.1,09:00:01.021672610
5,2333.0,3,2333.1,09:00:01.021725530
5,2333.0,3,2333.1,09:00:01.021815149
5,2333.0,4,2333.1,09:00:01.021849863
5,2333.0,4,2333.1,09:00:01.021896207
5,2333.0,4,2333.1,09:00:01.021949867
5,2333.0,5,2333.1,09:00:01.021985471
4,2333.0,5,2333.1,09:00:01.022020850
4,2333.0,4,2333.1,09:00:01.022153483
3,2333.0,4,2333.1,09:00:01.022180989
3,2333.0,4,2333.1,09:00:01.022194762
3,2333.0,4,2333.1,09:00:01.022214893
2,2333.0,4,2333.1,09:00:01.022235322
1,2333.0,4,2333.1,09:00:01.022416045
1,2333.0,4,2333.1,09:00:01.022432395
1,2333.0,5,2333.1,09:00:01.022451864
8,2332.9,5,2333.1,09:00:01.022513472
8,2332.9,5,2333.1,09:00:01.022513472
6,2332.9,5,2333.1,09:00:01.022910107
6,2332.9,5,2333.1,09:00:01.033037326
6,2332.9,6,2333.1,09:00:01.080126455
5,2332.9,6,2333.1,09:00:01.080148849
4,2332.9,6,2333.1,09:00:01.080720400
4,2332.9,7,2333.1,09:00:01.081163739
4,2332.9,8,2333.1,09:00:01.081179545
4,2332.9,1,2333.0,09:00:01.081293051
4,2332.9,2,2333.0,09:00:01.081308671
3,2332.9,2,2333.0,09:00:01.081408817
2,2332.9,2,2333.0,09:00:01.081459637
2,2332.9,2,2333.0,09:00:01.081474156
2,2332.9,3,2333.0,09:00:01.081494003
6,2332.8,3,2333.0,09:00:01.083522543
6,2332.8,3,2333.0,09:00:01.083522543
6,2332.8,4,2333.0,09:00:01.083694514
6,2332.8,5,2333.0,09:00:01.083819819
6,2332.8,6,2333.0,09:00:01.083981423
6,2332.8,7,2333.0,09:00:01.084008361
6,2332.8,6,2333.0,09:00:01.084194051
6,2332.8,6,2333.0,09:00:01.084703790
6,2332.8,6,2333.0,09:00:01.084703790
6,2332.8,5,2333.0,09:00:01.088277481
6,2332.8,4,2333.0,09:00:01.088381697
6,2332.8,3,2333.0,09:00:01.090197887
6,2332.8,2,2333.0,09:00:01.090260619
1,2332.9,2,2333.0,09:00:01.090358396
2,2332.9,2,2333.0,09:00:01.090406115
2,2332.9,2,2333.0,09:00:01.090439240
2,2332.9,2,2333.0,09:00:01.090602398
2,2332.9,2,2333.0,09:00:01.090666867
2,2332.9,1,2333.0,09:00:01.090696569
3,2332.9,1,2333.0,09:00:01.093514937
3,2332.9,6,2333.1,09:00:01.093739751
3,2332.9,6,2333.1,09:00:01.093739751
4,2332.9,6,2333.1,09:00:01.093943058
5,2332.9,6,2333.1,09:00:01.093958073
5,2332.9,6,2333.1,09:00:01.095189601
5,2332.9,5,2333.1,09:00:01.095549890
5,2332.9,6,2333.1,09:00:01.095700953
6,2332.9,6,2333.1,09:00:01.096231952
6,2332.9,5,2333.1,09:00:01.098147409
1,2333.0,5,2333.1,09:00:01.098308362
1,2333.0,4,2333.1,09:00:01.098383342
1,2333.0,4,2333.1,09:00:01.098432723
1,2333.0,3,2333.1,09:00:01.098455709
1,2333.0,3,2333.1,09:00:01.098484871
1,2333.0,1,2333.1,09:00:01.098513105
1,2333.0,7,2333.2,09:00:01.098899574
1,2333.0,7,2333.2,09:00:01.098899574
2,2333.0,7,2333.2,09:00:01.098924339
3,2333.0,7,2333.2,09:00:01.099053548
4,2333.0,7,2333.2,09:00:01.099351804
5,2333.0,7,2333.2,09:00:01.099490265
6,2333.0,7,2333.2,09:00:01.099507138
6,2333.0,7,2333.2,09:00:01.099569812
6,2333.0,6,2333.2,09:00:01.099672854
6,2333.0,7,2333.2,09:00:01.099744605
6,2333.0,7,2333.2,09:00:01.100341964
6,2333.0,7,2333.2,09:00:01.100357072
6,2333.0,7,2333.2,09:00:01.104230194
6,2333.0,7,2333.2,09:00:01.104243365
1,2333.1,7,2333.2,09:00:01.139886681
1,2333.1,6,2333.2,09:00:01.140168876
1,2333.1,6,2333.2,09:00:01.140184531
1,2333.1,6,2333.2,09:00:01.140198032
1,2333.1,5,2333.2,09:00:01.140247559
1,2333.1,4,2333.2,09:00:01.140464108
2,2333.1,4,2333.2,09:00:01.140551152
2,2333.1,4,2333.2,09:00:01.140586132
3,2333.1,4,2333.2,09:00:01.140652066
3,2333.1,3,2333.2,09:00:01.140749515
3,2333.1,3,2333.2,09:00:01.140870097
3,2333.1,2,2333.2,09:00:01.140922225
3,2333.1,9,2333.3,09:00:01.140976691
3,2333.1,9,2333.3,09:00:01.140976691
4,2333.1,9,2333.3,09:00:01.141296208
4,2333.1,8,2333.3,09:00:01.141342926
4,2333.1,8,2333.3,09:00:01.141426428
5,2333.1,8,2333.3,09:00:01.141449465
5,2333.1,8,2333.3,09:00:01.141459597
5,2333.1,8,2333.3,09:00:01.141525156
5,2333.1,8,2333.3,09:00:01.141666683
5,2333.1,8,2333.3,09:00:01.141666683
5,2333.1,8,2333.3,09:00:01.142034114
6,2333.1,8,2333.3,09:00:01.142266880
6,2333.1,7,2333.3,09:00:01.142316017
6,2333.1,7,2333.3,09:00:01.146537111
6,2333.1,7,2333.3,09:00:01.149144970
6,2333.1,6,2333.3,09:00:01.182115807
1,2333.2,6,2333.3,09:00:01.182248620
1,2333.2,6,2333.3,09:00:01.182369381
1,2333.2,6,2333.3,09:00:01.182382761
2,2333.2,6,2333.3,09:00:01.182422047
2,2333.2,6,2333.3,09:00:01.182443753
2,2333.2,6,2333.3,09:00:01.192343650
2,2333.2,5,2333.3,09:00:01.204130122
3,2333.2,5,2333.3,09:00:01.204268298
3,2333.2,4,2333.3,09:00:01.204307851
3,2333.2,4,2333.3,09:00:01.204421786
4,2333.2,4,2333.3,09:00:01.204448602
4,2333.2,2,2333.3,09:00:01.204567200
5,2333.2,2,2333.3,09:00:01.204664892
5,2333.2,3,2333.3,09:00:01.204769309
4,2333.2,3,2333.3,09:00:01.204899018
3,2333.2,3,2333.3,09:00:01.205054515
3,2333.2,1,2333.3,09:00:01.205563812
3,2333.2,1,2333.3,09:00:01.205648063
3,2333.2,1,2333.3,09:00:01.205659334
3,2333.2,1,2333.3,09:00:01.205672333
4,2333.2,1,2333.3,09:00:01.205717041
4,2333.2,10,2333.4,09:00:01.205809119
4,2333.2,10,2333.4,09:00:01.205809119
5,2333.2,10,2333.4,09:00:01.205905365
5,2333.2,10,2333.4,09:00:01.205932495
5,2333.2,10,2333.4,09:00:01.205945679
5,2333.2,8,2333.4,09:00:01.205981177
5,2333.2,8,2333.4,09:00:01.206139811
5,2333.2,8,2333.4,09:00:01.218213038
5,2333.2,7,2333.4,09:00:01.220088807
1,2333.3,7,2333.4,09:00:01.220216498
1,2333.3,6,2333.4,09:00:01.220255444
1,2333.3,5,2333.4,09:00:01.220289688
1,2333.3,5,2333.4,09:00:01.220337858
2,2333.3,5,2333.4,09:00:01.220395369
2,2333.3,5,2333.4,09:00:01.220410868
2,2333.3,4,2333.4,09:00:01.220432215
2,2333.3,4,2333.4,09:00:01.220446020
2,2333.3,3,2333.4,09:00:01.220484184
2,2333.3,3,2333.4,09:00:01.220610887
3,2333.3,3,2333.4,09:00:01.222334842
3,2333.3,6,2333.5,09:00:01.222589526
3,2333.3,6,2333.5,09:00:01.222589526
1,2333.4,6,2333.5,09:00:01.222645086
1,2333.4,6,2333.5,09:00:01.222727414
1,2333.4,6,2333.5,09:00:01.222812128
1,2333.4,6,2333.5,09:00:01.222824808
1,2333.4,6,2333.5,09:00:01.222897312
1,2333.4,6,2333.5,09:00:01.222977179
1,2333.4,6,2333.5,09:00:01.222987150
1,2333.4,6,2333.5,09:00:01.223018847
1,2333.4,5,2333.5,09:00:01.223074905
1,2333.4,5,2333.5,09:00:01.223105837
1,2333.4,6,2333.5,09:00:01.223127322
1,2333.4,6,2333.5,09:00:01.223190159
1,2333.4,6,2333.5,09:00:01.223213782
1,2333.4,6,2333.5,09:00:01.223251898
1,2333.4,7,2333.5,09:00:01.223313355
1,2333.4,7,2333.5,09:00:01.223385261
1,2333.4,7,2333.5,09:00:01.223424266
6,2333.3,7,2333.5,09:00:01.223468395
6,2333.3,7,2333.5,09:00:01.223468395
6,2333.3,2,2333.4,09:00:01.223600570
5,2333.3,2,2333.4,09:00:01.223661679
5,2333.3,2,2333.4,09:00:01.223851418
4,2333.3,2,2333.4,09:00:01.223959784
4,2333.3,3,2333.4,09:00:01.224118114
3,2333.3,3,2333.4,09:00:01.224176445
2,2333.3,3,2333.4,09:00:01.224216621
1,2333.3,3,2333.4,09:00:01.224297023
1,2333.3,4,2333.4,09:00:01.224420501
7,2333.2,4,2333.4,09:00:01.243886136
7,2333.2,4,2333.4,09:00:01.243886136
7,2333.2,5,2333.4,09:00:01.244467569
7,2333.2,4,2333.4,09:00:01.251324168
7,2333.2,5,2333.4,09:00:01.251462917
8,2333.2,5,2333.4,09:00:01.263976889
7,2333.2,5,2333.4,09:00:01.309522892
6,2333.2,5,2333.4,09:00:01.309717913
6,2333.2,6,2333.4,09:00:01.309889066
6,2333.2,5,2333.4,09:00:01.310111710
5,2333.2,5,2333.4,09:00:01.311552273
5,2333.2,6,2333.4,09:00:01.311648640
5,2333.2,6,2333.4,09:00:01.345921710
6,2333.2,6,2333.4,09:00:01.346058370
5,2333.2,6,2333.4,09:00:01.388152632
5,2333.2,6,2333.4,09:00:01.398889615
5,2333.2,6,2333.4,09:00:01.399840660
5,2333.2,6,2333.4,09:00:01.406943999
5,2333.2,7,2333.4,09:00:01.421683561
5,2333.2,7,2333.4,09:00:01.421803649
5,2333.2,7,2333.4,09:00:01.428201674
4,2333.2,7,2333.4,09:00:01.428460629
3,2333.2,7,2333.4,09:00:01.428478834
3,2333.2,1,2333.3,09:00:01.428598171
3,2333.2,2,2333.3,09:00:01.428614837
3,2333.2,3,2333.3,09:00:01.428642499
3,2333.2,3,2333.3,09:00:01.428740757
3,2333.2,3,2333.3,09:00:01.428774834
3,2333.2,3,2333.3,09:00:01.428791609
2,2333.2,3,2333.3,09:00:01.428832435
2,2333.2,2,2333.3,09:00:01.428863818
2,2333.2,2,2333.3,09:00:01.428889940
2,2333.2,2,2333.3,09:00:01.428906895
2,2333.2,3,2333.3,09:00:01.428928255
1,2333.2,3,2333.3,09:00:01.428990675
1,2333.2,4,2333.3,09:00:01.429037457
1,2333.2,4,2333.3,09:00:01.430633821
1,2333.2,3,2333.3,09:00:01.441760322
1,2333.2,3,2333.3,09:00:01.443248900
1,2333.2,4,2333.3,09:00:01.445735452
1,2333.2,5,2333.3,09:00:01.481907448
7,2333.1,5,2333.3,09:00:01.482182113
7,2333.1,5,2333.3,09:00:01.482182113
7,2333.1,5,2333.3,09:00:01.482365480
6,2333.1,5,2333.3,09:00:01.482401820
6,2333.1,5,2333.3,09:00:01.482414607
6,2333.1,5,2333.3,09:00:01.493231145
6,2333.1,6,2333.3,09:00:01.500339633
5,2333.1,6,2333.3,09:00:01.500497517
4,2333.1,6,2333.3,09:00:01.500515249
4,2333.1,6,2333.3,09:00:01.500677534
4,2333.1,6,2333.3,09:00:01.500694917
3,2333.1,6,2333.3,09:00:01.500716940
3,2333.1,1,2333.2,09:00:01.500741925
3,2333.1,2,2333.2,09:00:01.500915861
3,2333.1,2,2333.2,09:00:01.500963180
3,2333.1,2,2333.2,09:00:01.500976413
3,2333.1,2,2333.2,09:00:01.501009799
2,2333.1,2,2333.2,09:00:01.501034859
2,2333.1,2,2333.2,09:00:01.501225193
1,2333.1,2,2333.2,09:00:01.501267939
6,2333.0,2,2333.2,09:00:01.501447895
6,2333.0,2,2333.2,09:00:01.501447895
6,2333.0,2,2333.2,09:00:01.501622103
6,2333.0,2,2333.2,09:00:01.503035755
6,2333.0,2,2333.2,09:00:01.503035755
6,2333.0,2,2333.2,09:00:01.509155962
6,2333.0,2,2333.2,09:00:01.509646778
6,2333.0,2,2333.2,09:00:01.509771637
6,2333.0,2,2333.2,09:00:01.533071979
6,2333.0,3,2333.2,09:00:01.533090939
6,2333.0,1,2333.1,09:00:01.541048626
6,2333.0,1,2333.1,09:00:01.541230598
6,2333.0,1,2333.1,09:00:01.541244243
6,2333.0,1,2333.1,09:00:01.541277434
6,2333.0,4,2333.2,09:00:01.541520054
6,2333.0,4,2333.2,09:00:01.541520054
6,2333.0,1,2333.1,09:00:01.562187592
6,2333.0,2,2333.1,09:00:01.562383506
5,2333.0,2,2333.1,09:00:01.562464125
4,2333.0,2,2333.1,09:00:01.571397846
3,2333.0,2,2333.1,09:00:01.571534604
3,2333.0,2,2333.1,09:00:01.571556741
3,2333.0,3,2333.1,09:00:01.571578320
2,2333.0,3,2333.1,09:00:01.571689090
2,2333.0,3,2333.1,09:00:01.571704873
8,2332.9,3,2333.1,09:00:01.571871132
8,2332.9,3,2333.1,09:00:01.571871132
8,2332.9,4,2333.1,09:00:01.572392522
8,2332.9,4,2333.1,09:00:01.572407402
8,2332.9,5,2333.1,09:00:01.572428487
8,2332.9,6,2333.1,09:00:01.572460799
8,2332.9,7,2333.1,09:00:01.572500543
7,2332.9,7,2333.1,09:00:01.572519930
6,2332.9,7,2333.1,09:00:01.572549732
6,2332.9,7,2333.1,09:00:01.572582487
6,2332.9,8,2333.1,09:00:01.572600945
6,2332.9,8,2333.1,09:00:01.572626741
6,2332.9,8,2333.1,09:00:01.572647561
6,2332.9,8,2333.1,09:00:01.572660742
6,2332.9,8,2333.1,09:00:01.572922335
6,2332.9,8,2333.1,09:00:01.572936942
5,2332.9,8,2333.1,09:00:01.573019456
5,2332.9,7,2333.1,09:00:01.587425757
5,2332.9,6,2333.1,09:00:01.587569552
5,2332.9,5,2333.1,09:00:01.587587527
6,2332.9,5,2333.1,09:00:01.587625477
6,2332.9,5,2333.1,09:00:01.591401652
6,2332.9,5,2333.1,09:00:01.592063755
6,2332.9,5,2333.1,09:00:01.595096908
1,2333.0,5,2333.1,09:00:01.613325888
1,2333.0,4,2333.1,09:00:01.613510967
1,2333.0,3,2333.1,09:00:01.613644250
1,2333.0,3,2333.1,09:00:01.642881031
1,2333.0,4,2333.1,09:00:01.649542711
6,2332.9,4,2333.1,09:00:01.649778895
6,2332.9,4,2333.1,09:00:01.649778895
6,2332.9,5,2333.1,09:00:01.649896094
6,2332.9,6,2333.1,09:00:01.649950665
6,2332.9,7,2333.1,09:00:01.649967062
5,2332.9,7,2333.1,09:00:01.650107717
5,2332.9,6,2333.1,09:00:01.663739831
5,2332.9,6,2333.1,09:00:01.708928099
5,2332.9,6,2333.1,09:00:01.818527182
5,2332.9,6,2333.1,09:00:01.818795498
4,2332.9,6,2333.1,09:00:01.825119136
4,2332.9,7,2333.1,09:00:01.825236917
4,2332.9,1,2333.0,09:00:01.825297740
4,2332.9,1,2333.0,09:00:01.825335338
4,2332.9,2,2333.0,09:00:01.825364001
4,2332.9,2,2333.0,09:00:01.825391506
3,2332.9,2,2333.0,09:00:01.825444541
3,2332.9,2,2333.0,09:00:01.825493329
3,2332.9,2,2333.0,09:00:01.825513105
3,2332.9,2,2333.0,09:00:01.825562591
3,2332.9,3,2333.0,09:00:01.825583526
9,2332.8,3,2333.0,09:00:01.825865742
9,2332.8,3,2333.0,09:00:01.825865742
9,2332.8,3,2333.0,09:00:01.825904895
9,2332.8,3,2333.0,09:00:01.825904895
9,2332.8,4,2333.0,09:00:01.825955629
9,2332.8,5,2333.0,09:00:01.825987797
9,2332.8,6,2333.0,09:00:01.826076000
8,2332.8,6,2333.0,09:00:01.826235548
8,2332.8,6,2333.0,09:00:01.826235548
7,2332.8,6,2333.0,09:00:01.826288657
7,2332.8,1,2332.9,09:00:01.826433648
7,2332.8,1,2332.9,09:00:01.826693776
7,2332.8,1,2332.9,09:00:01.826743652
7,2332.8,1,2332.9,09:00:01.826743652
7,2332.8,1,2332.9,09:00:01.826827749
7,2332.8,1,2332.9,09:00:01.826841663
6,2332.8,1,2332.9,09:00:01.826859881
6,2332.8,1,2332.9,09:00:01.826872352
6,2332.8,1,2332.9,09:00:01.826890682
6,2332.8,1,2332.9,09:00:01.827016278
6,2332.8,1,2332.9,09:00:01.827066980
6,2332.8,1,2332.9,09:00:01.834035911
6,2332.8,1,2332.9,09:00:01.836261543
6,2332.8,1,2332.9,09:00:01.838894134
7,2332.8,1,2332.9,09:00:01.839208979
7,2332.8,7,2333.0,09:00:01.839343628
7,2332.8,7,2333.0,09:00:01.839343628
6,2332.8,7,2333.0,09:00:01.860802441
7,2332.8,7,2333.0,09:00:01.860954597
7,2332.8,6,2333.0,09:00:01.861285823
7,2332.8,6,2333.0,09:00:01.861359959
7,2332.8,6,2333.0,09:00:01.999572370
7,2332.8,6,2333.0,09:00:02.000758512
7,2332.8,1,2332.9,09:00:02.000908908
6,2332.8,1,2332.9,09:00:02.001111534
5,2332.8,1,2332.9,09:00:02.005853808
2,2332.8,1,2332.9,09:00:02.006089474
2,2332.8,2,2332.9,09:00:02.006089474
2,2332.8,2,2332.9,09:00:02.006112534
2,2332.8,3,2332.9,09:00:02.006138071
2,2332.8,3,2332.9,09:00:02.006206814
2,2332.8,4,2332.9,09:00:02.006228895
1,2332.8,4,2332.9,09:00:02.006313837
1,2332.8,5,2332.9,09:00:02.006460144
12,2332.7,5,2332.9,09:00:02.006502570
12,2332.7,5,2332.9,09:00:02.006502570
12,2332.7,5,2332.9,09:00:02.006527383
12,2332.7,5,2332.9,09:00:02.006608268
12,2332.7,6,2332.9,09:00:02.006671562
12,2332.7,6,2332.9,09:00:02.006778570
12,2332.7,6,2332.9,09:00:02.006792400
12,2332.7,1,2332.8,09:00:02.007017780
12,2332.7,1,2332.8,09:00:02.007043314
12,2332.7,1,2332.8,09:00:02.007049615
12,2332.7,1,2332.8,09:00:02.007062908
12,2332.7,6,2332.9,09:00:02.007258650
12,2332.7,6,2332.9,09:00:02.007258650
12,2332.7,6,2332.9,09:00:02.007278506
12,2332.7,6,2332.9,09:00:02.007278506
12,2332.7,6,2332.9,09:00:02.007286458
12,2332.7,6,2332.9,09:00:02.007292366
12,2332.7,6,2332.9,09:00:02.007381071
12,2332.7,6,2332.9,09:00:02.007454391
12,2332.7,5,2332.9,09:00:02.007618308
12,2332.7,5,2332.9,09:00:02.007711369
12,2332.7,5,2332.9,09:00:02.007726864
12,2332.7,6,2332.9,09:00:02.018614702
12,2332.7,6,2332.9,09:00:02.025390079
12,2332.7,6,2332.9,09:00:02.027161594
12,2332.7,6,2332.9,09:00:02.027161594
1,2332.8,6,2332.9,09:00:02.028657521
1,2332.8,5,2332.9,09:00:02.038045525
1,2332.8,4,2332.9,09:00:02.038155771
1,2332.8,3,2332.9,09:00:02.038277035
1,2332.8,3,2332.9,09:00:02.058876523
2,2332.8,3,2332.9,09:00:02.089729218
2,2332.8,2,2332.9,09:00:02.097948882
1,2332.8,2,2332.9,09:00:02.117298096
1,2332.8,3,2332.9,09:00:02.117437622
13,2332.7,3,2332.9,09:00:02.117581193
13,2332.7,3,2332.9,09:00:02.117581193
13,2332.7,4,2332.9,09:00:02.117674661
13,2332.7,5,2332.9,09:00:02.117692027
13,2332.7,6,2332.9,09:00:02.117734537
13,2332.7,5,2332.9,09:00:02.117788832
13,2332.7,6,2332.9,09:00:02.117828820
13,2332.7,6,2332.9,09:00:02.117937943
13,2332.7,7,2332.9,09:00:02.128401108
13,2332.7,7,2332.9,09:00:02.128575077
13,2332.7,8,2332.9,09:00:02.128594722
13,2332.7,1,2332.8,09:00:02.128696727
13,2332.7,2,2332.8,09:00:02.128880951
12,2332.7,2,2332.8,09:00:02.129010749
11,2332.7,2,2332.8,09:00:02.129029018
2,2332.7,2,2332.8,09:00:02.158940254
2,2332.7,3,2332.8,09:00:02.159023484
2,2332.7,4,2332.8,09:00:02.159083598
2,2332.7,5,2332.8,09:00:02.159102795
8,2332.6,5,2332.8,09:00:02.159205114
8,2332.6,5,2332.8,09:00:02.159205114
8,2332.6,6,2332.8,09:00:02.159234625
8,2332.6,7,2332.8,09:00:02.159276850
8,2332.6,8,2332.8,09:00:02.159339498
8,2332.6,8,2332.8,09:00:02.159407893
8,2332.6,8,2332.8,09:00:02.159583032
8,2332.6,8,2332.8,09:00:02.159636079
8,2332.6,1,2332.7,09:00:02.159690256
8,2332.6,1,2332.7,09:00:02.159711726
7,2332.6,1,2332.7,09:00:02.159754447
6,2332.6,1,2332.7,09:00:02.159774940
6,2332.6,1,2332.7,09:00:02.159803488
6,2332.6,1,2332.7,09:00:02.159817110
6,2332.6,1,2332.7,09:00:02.159833511
5,2332.6,1,2332.7,09:00:02.159848810
4,2332.6,1,2332.7,09:00:02.159866641
4,2332.6,1,2332.7,09:00:02.159961254
4,2332.6,1,2332.7,09:00:02.160054955
4,2332.6,1,2332.7,09:00:02.160067816
4,2332.6,1,2332.7,09:00:02.160084786
4,2332.6,1,2332.7,09:00:02.160097459
4,2332.6,1,2332.7,09:00:02.160113219
4,2332.6,1,2332.7,09:00:02.160129088
4,2332.6,2,2332.7,09:00:02.160167402
4,2332.6,2,2332.7,09:00:02.160176801
4,2332.6,2,2332.7,09:00:02.160220389
4,2332.6,2,2332.7,09:00:02.160227137
4,2332.6,2,2332.7,09:00:02.160227137
4,2332.6,2,2332.7,09:00:02.160332737
4,2332.6,2,2332.7,09:00:02.160376043
4,2332.6,2,2332.7,09:00:02.160391538
4,2332.6,2,2332.7,09:00:02.160402601
4,2332.6,2,2332.7,09:00:02.160416876
4,2332.6,3,2332.7,09:00:02.160444876
3,2332.6,3,2332.7,09:00:02.160464013
3,2332.6,3,2332.7,09:00:02.160614778
2,2332.6,3,2332.7,09:00:02.160661050
1,2332.6,3,2332.7,09:00:02.160701013
1,2332.6,4,2332.7,09:00:02.160834661
1,2332.6,4,2332.7,09:00:02.160995931
8,2332.5,4,2332.7,09:00:02.161411600
8,2332.5,4,2332.7,09:00:02.161411600
8,2332.5,4,2332.7,09:00:02.161636155
8,2332.5,4,2332.7,09:00:02.161835343
8,2332.5,4,2332.7,09:00:02.163028603
7,2332.5,4,2332.7,09:00:02.163293498
7,2332.5,1,2332.6,09:00:02.163434345
7,2332.5,1,2332.6,09:00:02.163651041
7,2332.5,1,2332.6,09:00:02.163683803
7,2332.5,1,2332.6,09:00:02.163696456
7,2332.5,4,2332.7,09:00:02.163786320
7,2332.5,4,2332.7,09:00:02.163786320
7,2332.5,5,2332.7,09:00:02.163814472
7,2332.5,5,2332.7,09:00:02.163841054
6,2332.5,5,2332.7,09:00:02.163890985
6,2332.5,5,2332.7,09:00:02.163903683
6,2332.5,5,2332.7,09:00:02.164058249
6,2332.5,5,2332.7,09:00:02.164106064
6,2332.5,5,2332.7,09:00:02.166298517
6,2332.5,5,2332.7,09:00:02.167014360
6,2332.5,5,2332.7,09:00:02.167179672
6,2332.5,7,2332.7,09:00:02.169938674
6,2332.5,7,2332.7,09:00:02.170117268
6,2332.5,6,2332.7,09:00:02.170137485
6,2332.5,6,2332.7,09:00:02.178158983
6,2332.5,6,2332.7,09:00:02.178417729
6,2332.5,6,2332.7,09:00:02.182434323
6,2332.5,6,2332.7,09:00:02.188469886
5,2332.5,6,2332.7,09:00:02.222045309
4,2332.5,6,2332.7,09:00:02.222170808
3,2332.5,6,2332.7,09:00:02.222191055
3,2332.5,6,2332.7,09:00:02.222205548
2,2332.5,6,2332.7,09:00:02.222314535
4,2332.5,6,2332.7,09:00:02.222439949
5,2332.5,6,2332.7,09:00:02.222454814
6,2332.5,6,2332.7,09:00:02.222558560
7,2332.5,6,2332.7,09:00:02.222612395
1,2332.6,6,2332.7,09:00:02.222785706
1,2332.6,5,2332.7,09:00:02.222927213
1,2332.6,5,2332.7,09:00:02.222941028
1,2332.6,4,2332.7,09:00:02.222961761
7,2332.5,4,2332.7,09:00:02.223075024
7,2332.5,4,2332.7,09:00:02.223075024
6,2332.5,4,2332.7,09:00:02.223292338
6,2332.5,2,2332.7,09:00:02.227911347
7,2332.5,2,2332.7,09:00:02.228031746
7,2332.5,3,2332.7,09:00:02.228050555
7,2332.5,4,2332.7,09:00:02.228070556
7,2332.5,4,2332.7,09:00:02.228081254
7,2332.5,5,2332.7,09:00:02.228173921
7,2332.5,7,2332.7,09:00:02.230578936
6,2332.5,7,2332.7,09:00:02.230700949
6,2332.5,7,2332.7,09:00:02.311475630
5,2332.5,7,2332.7,09:00:02.311588054
5,2332.5,1,2332.6,09:00:02.311744546
5,2332.5,1,2332.6,09:00:02.311770204
5,2332.5,1,2332.6,09:00:02.339998607
5,2332.5,1,2332.6,09:00:02.341968513
5,2332.5,1,2332.6,09:00:02.354331323
5,2332.5,1,2332.6,09:00:02.509432437
5,2332.5,8,2332.7,09:00:02.509681309
5,2332.5,8,2332.7,09:00:02.509681309
5,2332.5,8,2332.7,09:00:02.509863687
5,2332.5,7,2332.7,09:00:02.509960655
6,2332.5,7,2332.7,09:00:02.509979098
6,2332.5,7,2332.7,09:00:02.510075906
6,2332.5,5,2332.7,09:00:02.514630532
6,2332.5,6,2332.7,09:00:02.521459351
6,2332.5,6,2332.7,09:00:02.527215319
4,2332.5,6,2332.7,09:00:02.586392481
3,2332.5,6,2332.7,09:00:02.586526337
4,2332.5,6,2332.7,09:00:02.586647290
5,2332.5,6,2332.7,09:00:02.587460056
1,2332.6,6,2332.7,09:00:02.587604224
1,2332.6,6,2332.7,09:00:02.587767470
1,2332.6,6,2332.7,09:00:02.587814411
6,2332.5,6,2332.7,09:00:02.587910352
6,2332.5,6,2332.7,09:00:02.587910352
5,2332.5,6,2332.7,09:00:02.588270363
6,2332.5,6,2332.7,09:00:02.589201960
5,2332.5,6,2332.7,09:00:02.589555643
4,2332.5,6,2332.7,09:00:02.589686788
4,2332.5,6,2332.7,09:00:02.599807600
4,2332.5,7,2332.7,09:00:02.600002498
5,2332.5,7,2332.7,09:00:02.600143554
5,2332.5,1,2332.6,09:00:02.600270241
5,2332.5,2,2332.6,09:00:02.601037457
8,2332.4,2,2332.6,09:00:02.601347111
8,2332.4,2,2332.6,09:00:02.601347111
8,2332.4,3,2332.6,09:00:02.601412997
8,2332.4,4,2332.6,09:00:02.601521626
8,2332.4,5,2332.6,09:00:02.601542206
8,2332.4,6,2332.6,09:00:02.601590947
8,2332.4,7,2332.6,09:00:02.601626233
8,2332.4,7,2332.6,09:00:02.601820445
8,2332.4,7,2332.6,09:00:02.601907132
8,2332.4,7,2332.6,09:00:02.602003537
8,2332.4,7,2332.6,09:00:02.602017076
8,2332.4,7,2332.6,09:00:02.602036898
8,2332.4,7,2332.6,09:00:02.602086490
7,2332.4,7,2332.6,09:00:02.602103501
7,2332.4,8,2332.6,09:00:02.602122230
7,2332.4,8,2332.6,09:00:02.602189032
7,2332.4,8,2332.6,09:00:02.602217717
7,2332.4,1,2332.5,09:00:02.602248374
6,2332.4,1,2332.5,09:00:02.602450519
6,2332.4,1,2332.5,09:00:02.602475105
6,2332.4,1,2332.5,09:00:02.602500002
6,2332.4,1,2332.5,09:00:02.602564064
6,2332.4,1,2332.5,09:00:02.602576995
6,2332.4,1,2332.5,09:00:02.602589475
6,2332.4,1,2332.5,09:00:02.602642360
6,2332.4,1,2332.5,09:00:02.602671263
6,2332.4,1,2332.5,09:00:02.602684770
6,2332.4,1,2332.5,09:00:02.602702351
6,2332.4,1,2332.5,09:00:02.602721164
6,2332.4,1,2332.5,09:00:02.602784958
5,2332.4,1,2332.5,09:00:02.602802609
4,2332.4,1,2332.5,09:00:02.602821141
3,2332.4,1,2332.5,09:00:02.603044124
3,2332.4,1,2332.5,09:00:02.603056032
3,2332.4,1,2332.5,09:00:02.609561399
3,2332.4,1,2332.5,09:00:02.620890259
3,2332.4,9,2332.6,09:00:02.621020053
3,2332.4,9,2332.6,09:00:02.621020053
3,2332.4,11,2332.6,09:00:02.633177407
3,2332.4,1,2332.5,09:00:02.633313329
3,2332.4,2,2332.5,09:00:02.633330088
3,2332.4,3,2332.5,09:00:02.633402192
2,2332.4,3,2332.5,09:00:02.633446689
1,2332.4,3,2332.5,09:00:02.633488670
1,2332.4,3,2332.5,09:00:02.633575082
1,2332.4,4,2332.5,09:00:02.633612849
4,2332.4,4,2332.5,09:00:02.637607832
4,2332.4,11,2332.6,09:00:02.637890334
4,2332.4,11,2332.6,09:00:02.637890334
5,2332.4,11,2332.6,09:00:02.637916674
6,2332.4,11,2332.6,09:00:02.638085547
6,2332.4,11,2332.6,09:00:02.638085547
7,2332.4,11,2332.6,09:00:02.638092130
7,2332.4,10,2332.6,09:00:02.638114796
7,2332.4,9,2332.6,09:00:02.638187761
7,2332.4,8,2332.6,09:00:02.638271424
7,2332.4,7,2332.6,09:00:02.638326238
1,2332.5,7,2332.6,09:00:02.638352077
1,2332.5,6,2332.6,09:00:02.638379387
1,2332.5,5,2332.6,09:00:02.638437302
1,2332.5,5,2332.6,09:00:02.638451744
1,2332.5,5,2332.6,09:00:02.638503604
1,2332.5,4,2332.6,09:00:02.638524638
1,2332.5,4,2332.6,09:00:02.638539080
1,2332.5,2,2332.6,09:00:02.645045263
1,2332.5,1,2332.6,09:00:02.645180088
3,2332.5,1,2332.6,09:00:02.652847830
3,2332.5,1,2332.6,09:00:02.653017777
3,2332.5,6,2332.7,09:00:02.653493207
3,2332.5,6,2332.7,09:00:02.653493207
4,2332.5,6,2332.7,09:00:02.653606707
5,2332.5,6,2332.7,09:00:02.653642515
6,2332.5,6,2332.7,09:00:02.653690709
6,2332.5,7,2332.7,09:00:02.653749276
6,2332.5,6,2332.7,09:00:02.653769231
6,2332.5,5,2332.7,09:00:02.713937259
6,2332.5,5,2332.7,09:00:02.714049870
6,2332.5,5,2332.7,09:00:02.714062411
3,2332.5,5,2332.7,09:00:02.714327911
3,2332.5,6,2332.7,09:00:02.714550817
3,2332.5,7,2332.7,09:00:02.714567151
3,2332.5,8,2332.7,09:00:02.714656487
2,2332.5,8,2332.7,09:00:02.714694151
2,2332.5,1,2332.6,09:00:02.714822797
1,2332.5,1,2332.6,09:00:02.714985504
1,2332.5,2,2332.6,09:00:02.715043718
2,2332.5,2,2332.6,09:00:02.722062067
9,2332.4,2,2332.6,09:00:02.722179766
9,2332.4,2,2332.6,09:00:02.722179766
1,2332.5,2,2332.6,09:00:02.722210236
1,2332.5,2,2332.6,09:00:02.722234266
9,2332.4,2,2332.6,09:00:02.722394986
9,2332.4,2,2332.6,09:00:02.722394986
9,2332.4,3,2332.6,09:00:02.722433978
9,2332.4,4,2332.6,09:00:02.722529817
8,2332.4,4,2332.6,09:00:02.722544467
8,2332.4,3,2332.6,09:00:02.722579582
9,2332.4,3,2332.6,09:00:02.722608331
9,2332.4,2,2332.6,09:00:02.722630581
9,2332.4,3,2332.6,09:00:02.722684720
9,2332.4,4,2332.6,09:00:02.722722026
9,2332.4,5,2332.6,09:00:02.723060148
9,2332.4,2,2332.5,09:00:02.786727559
8,2332.4,2,2332.5,09:00:02.786858157
8,2332.4,2,2332.5,09:00:02.786877226
8,2332.4,2,2332.5,09:00:02.786889626
7,2332.4,2,2332.5,09:00:02.787000967
6,2332.4,2,2332.5,09:00:02.787121903
5,2332.4,2,2332.5,09:00:02.805282142
5,2332.4,2,2332.5,09:00:02.823144943
5,2332.4,3,2332.5,09:00:02.823357872
5,2332.4,3,2332.5,09:00:02.823517514
5,2332.4,3,2332.5,09:00:02.823535412
5,2332.4,4,2332.5,09:00:02.823556948
4,2332.4,4,2332.5,09:00:02.823596545
4,2332.4,4,2332.5,09:00:02.823678531
4,2332.4,4,2332.5,09:00:02.848899292
4,2332.4,5,2332.6,09:00:02.874146114
1,2332.5,5,2332.6,09:00:02.874146114
1,2332.5,5,2332.6,09:00:02.874146114
1,2332.5,5,2332.6,09:00:02.874281373
1,2332.5,5,2332.6,09:00:02.874319511
1,2332.5,4,2332.6,09:00:02.874496383
1,2332.5,4,2332.6,09:00:02.874616404
1,2332.5,4,2332.6,09:00:02.874652645
1,2332.5,5,2332.6,09:00:02.874690985
1,2332.5,4,2332.6,09:00:02.874783096
1,2332.5,4,2332.6,09:00:02.881919586
9,2332.4,4,2332.6,09:00:02.882144669
9,2332.4,4,2332.6,09:00:02.882144669
9,2332.4,5,2332.6,09:00:02.882227227
9,2332.4,5,2332.6,09:00:02.882256147
8,2332.4,5,2332.6,09:00:02.882360513
7,2332.4,5,2332.6,09:00:02.882375343
8,2332.4,5,2332.6,09:00:02.882391289
9,2332.4,5,2332.6,09:00:02.882406617
8,2332.4,5,2332.6,09:00:02.899248606
6,2332.4,5,2332.6,09:00:02.981579790
6,2332.4,6,2332.6,09:00:02.981687328
6,2332.4,8,2332.6,09:00:02.983897056
6,2332.4,6,2332.6,09:00:02.985963584
6,2332.4,5,2332.6,09:00:02.986082012
6,2332.4,6,2332.6,09:00:03.004355387
6,2332.4,7,2332.6,09:00:03.004630449
6,2332.4,6,2332.6,09:00:03.018436386
6,2332.4,6,2332.6,09:00:03.020770366
6,2332.4,6,2332.6,09:00:03.092229429
6,2332.4,7,2332.6,09:00:03.093951458
5,2332.4,7,2332.6,09:00:03.094077213
4,2332.4,7,2332.6,09:00:03.096626974
3,2332.4,7,2332.6,09:00:03.099574314
3,2332.4,1,2332.5,09:00:03.099694521
3,2332.4,1,2332.5,09:00:03.099736410
3,2332.4,2,2332.5,09:00:03.099766449
3,2332.4,4,2332.5,09:00:03.099785970
6,2332.3,4,2332.5,09:00:03.099890605
6,2332.3,4,2332.5,09:00:03.099890605
6,2332.3,5,2332.5,09:00:03.099927575
6,2332.3,6,2332.5,09:00:03.100009744
6,2332.3,7,2332.5,09:00:03.100245182
6,2332.3,1,2332.4,09:00:03.100252804
5,2332.3,1,2332.4,09:00:03.100465724
5,2332.3,1,2332.4,09:00:03.100481052
5,2332.3,1,2332.4,09:00:03.100486876
5,2332.3,1,2332.4,09:00:03.100548654
5,2332.3,1,2332.4,09:00:03.100727745
5,2332.3,1,2332.4,09:00:03.100742558
5,2332.3,1,2332.4,09:00:03.100755368
5,2332.3,1,2332.4,09:00:03.100773826
5,2332.3,1,2332.4,09:00:03.100805833
5,2332.3,10,2332.5,09:00:03.100868087
5,2332.3,10,2332.5,09:00:03.100868087
5,2332.3,10,2332.5,09:00:03.101312820
5,2332.3,10,2332.5,09:00:03.101316781
5,2332.3,10,2332.5,09:00:03.101352270
4,2332.3,10,2332.5,09:00:03.101396386
3,2332.3,10,2332.5,09:00:03.101505540
2,2332.3,10,2332.5,09:00:03.101527457
2,2332.3,10,2332.5,09:00:03.101822055
2,2332.3,9,2332.5,09:00:03.102053052
2,2332.3,8,2332.5,09:00:03.102084368
1,2332.4,8,2332.5,09:00:03.102153057
1,2332.4,8,2332.5,09:00:03.102208553
1,2332.4,8,2332.5,09:00:03.102508233
1,2332.4,7,2332.5,09:00:03.102607492
1,2332.4,6,2332.5,09:00:03.102829081
3,2332.4,6,2332.5,09:00:03.103067037
4,2332.3,6,2332.5,09:00:03.103337884
4,2332.3,6,2332.5,09:00:03.103337884
4,2332.3,5,2332.5,09:00:03.103357786
4,2332.3,5,2332.5,09:00:03.103363619
5,2332.3,5,2332.5,09:00:03.103529332
5,2332.3,5,2332.5,09:00:03.103859297
5,2332.3,5,2332.5,09:00:03.107789891
7,2332.3,5,2332.5,09:00:03.107970558
7,2332.3,5,2332.5,09:00:03.108051996
7,2332.3,4,2332.5,09:00:03.108079919
1,2332.4,4,2332.5,09:00:03.108171319
1,2332.4,4,2332.5,09:00:03.108189343
2,2332.4,4,2332.5,09:00:03.108329595
2,2332.4,2,2332.5,09:00:03.110674929
2,2332.4,2,2332.5,09:00:03.114927537
4,2332.4,2,2332.5,09:00:03.119810915
4,2332.4,1,2332.5,09:00:03.119926706
4,2332.4,8,2332.6,09:00:03.120076683
4,2332.4,8,2332.6,09:00:03.120076683
4,2332.4,10,2332.6,09:00:03.152907422
3,2332.4,10,2332.6,09:00:03.153162993
3,2332.4,1,2332.5,09:00:03.153188938
3,2332.4,2,2332.5,09:00:03.153284259
3,2332.4,3,2332.5,09:00:03.153425148
3,2332.4,4,2332.5,09:00:03.170542663
2,2332.4,4,2332.5,09:00:03.170804844
1,2332.4,4,2332.5,09:00:03.171017357
8,2332.3,4,2332.5,09:00:03.171043352
8,2332.3,4,2332.5,09:00:03.171043352
8,2332.3,5,2332.5,09:00:03.171066306
8,2332.3,6,2332.5,09:00:03.171071921
8,2332.3,7,2332.5,09:00:03.171246392
7,2332.3,7,2332.5,09:00:03.171311239
7,2332.3,8,2332.5,09:00:03.171331678
6,2332.3,8,2332.5,09:00:03.171346449
6,2332.3,10,2332.5,09:00:03.178291773
6,2332.3,10,2332.5,09:00:03.217597606
5,2332.3,10,2332.5,09:00:03.217723001
5,2332.3,1,2332.4,09:00:03.217852789
5,2332.3,1,2332.4,09:00:03.217987547
4,2332.3,1,2332.4,09:00:03.218006978
4,2332.3,2,2332.4,09:00:03.218046449
3,2332.3,2,2332.4,09:00:03.218065168
3,2332.3,3,2332.4,09:00:03.218084211
3,2332.3,4,2332.4,09:00:03.218205241
2,2332.3,4,2332.4,09:00:03.218257911
1,2332.3,4,2332.4,09:00:03.218353484
9,2332.2,4,2332.4,09:00:03.218555616
9,2332.2,4,2332.4,09:00:03.218555616
9,2332.2,4,2332.4,09:00:03.218710336
9,2332.2,4,2332.4,09:00:03.218723748
10,2332.2,4,2332.4,09:00:03.218773829
10,2332.2,4,2332.4,09:00:03.218856266
10,2332.2,4,2332.4,09:00:03.218892935
2,2332.3,4,2332.4,09:00:03.219545293
2,2332.3,4,2332.4,09:00:03.219667511
2,2332.3,3,2332.4,09:00:03.219689735
2,2332.3,2,2332.4,09:00:03.219716325
2,2332.3,4,2332.4,09:00:03.223374478
2,2332.3,5,2332.4,09:00:03.260646891
1,2332.3,5,2332.4,09:00:03.323327463
1,2332.3,6,2332.4,09:00:03.323458086
10,2332.2,6,2332.4,09:00:03.323559205
10,2332.2,6,2332.4,09:00:03.323559205
10,2332.2,7,2332.4,09:00:03.323607775
10,2332.2,7,2332.4,09:00:03.323650084
10,2332.2,7,2332.4,09:00:03.323699141
10,2332.2,1,2332.3,09:00:03.332962278
9,2332.2,1,2332.3,09:00:03.333220118
9,2332.2,1,2332.3,09:00:03.333253293
9,2332.2,1,2332.3,09:00:03.333266019
8,2332.2,1,2332.3,09:00:03.333285063
8,2332.2,1,2332.3,09:00:03.333302388
8,2332.2,1,2332.3,09:00:03.333323045
8,2332.2,1,2332.3,09:00:03.333333502
7,2332.2,1,2332.3,09:00:03.333372626
7,2332.2,1,2332.3,09:00:03.333512600
6,2332.2,1,2332.3,09:00:03.349832775
6,2332.2,1,2332.3,09:00:03.376487423
6,2332.2,1,2332.3,09:00:03.385194178
6,2332.2,1,2332.3,09:00:03.396947501
6,2332.2,1,2332.3,09:00:03.455789468
6,2332.2,8,2332.4,09:00:03.465634490
6,2332.2,8,2332.4,09:00:03.465634490
7,2332.2,8,2332.4,09:00:03.465758490
7,2332.2,8,2332.4,09:00:03.467766862
9,2332.2,8,2332.4,09:00:03.478318951
9,2332.2,7,2332.4,09:00:03.478459915
9,2332.2,7,2332.4,09:00:03.486132099
9,2332.2,7,2332.4,09:00:03.486132099
9,2332.2,7,2332.4,09:00:03.505204974
9,2332.2,1,2332.3,09:00:03.589260002
8,2332.2,1,2332.3,09:00:03.589678292
8,2332.2,2,2332.3,09:00:03.589886444
8,2332.2,3,2332.3,09:00:03.590005154
8,2332.2,2,2332.3,09:00:03.590410755
8,2332.2,3,2332.3,09:00:03.594911221
7,2332.2,3,2332.3,09:00:03.594937659
7,2332.2,4,2332.3,09:00:03.595078756
5,2332.2,4,2332.3,09:00:03.602851608
5,2332.2,4,2332.3,09:00:03.628128865
5,2332.2,4,2332.3,09:00:03.628298334
5,2332.2,4,2332.3,09:00:03.628443150
5,2332.2,3,2332.3,09:00:03.805080058
5,2332.2,2,2332.3,09:00:03.805661087
5,2332.2,1,2332.3,09:00:03.806389693
5,2332.2,7,2332.4,09:00:03.806541159
5,2332.2,7,2332.4,09:00:03.806541159
6,2332.2,7,2332.4,09:00:03.806664855
6,2332.2,2,2332.3,09:00:03.806701748
6,2332.2,2,2332.3,09:00:03.806790732
5,2332.2,2,2332.3,09:00:03.807012272
5,2332.2,3,2332.3,09:00:03.807166618
5,2332.2,4,2332.3,09:00:03.818859424
5,2332.2,5,2332.3,09:00:03.819010899
5,2332.1,5,2332.3,09:00:03.833260791
11,2332.0,5,2332.3,09:00:03.833260791
11,2332.0,5,2332.3,09:00:03.833260791
11,2332.0,5,2332.3,09:00:03.833260791
11,2332.0,1,2332.2,09:00:03.833285799
11,2332.0,1,2332.2,09:00:03.833529824
11,2332.0,1,2332.2,09:00:03.833714615
11,2332.0,1,2332.2,09:00:03.833854835
11,2332.0,1,2332.2,09:00:03.833883670
11,2332.0,1,2332.2,09:00:03.834055431
11,2332.0,1,2332.2,09:00:03.834170819
1,2332.1,1,2332.2,09:00:03.834272624
1,2332.1,1,2332.2,09:00:03.834295800
1,2332.1,1,2332.2,09:00:03.834368228
1,2332.1,1,2332.2,09:00:03.834382721
1,2332.1,1,2332.2,09:00:03.834512448
1,2332.1,1,2332.2,09:00:03.834551467
1,2332.1,1,2332.2,09:00:03.834629791
1,2332.1,1,2332.2,09:00:03.834640323
1,2332.1,1,2332.2,09:00:03.834657802
1,2332.1,1,2332.2,09:00:03.834675117
1,2332.1,1,2332.2,09:00:03.834746789
1,2332.1,1,2332.2,09:00:03.834831719
1,2332.1,1,2332.2,09:00:03.834879576
1,2332.1,2,2332.2,09:00:03.834952131
1,2332.1,3,2332.2,09:00:03.834993079
1,2332.1,3,2332.2,09:00:03.835038107
1,2332.1,3,2332.2,09:00:03.835051154
1,2332.1,3,2332.2,09:00:03.835065998
2,2332.1,3,2332.2,09:00:03.835623901
2,2332.1,3,2332.2,09:00:03.835706495
2,2332.1,3,2332.2,09:00:03.835763021
3,2332.1,3,2332.2,09:00:03.835804955
3,2332.1,2,2332.2,09:00:03.835956455
3,2332.1,2,2332.2,09:00:03.835994664
3,2332.1,2,2332.2,09:00:03.835994664
3,2332.1,2,2332.2,09:00:03.836123681
3,2332.1,3,2332.2,09:00:03.836143636
3,2332.1,3,2332.2,09:00:03.836218054
3,2332.1,2,2332.2,09:00:03.836764327
3,2332.1,2,2332.2,09:00:03.836804517
3,2332.1,7,2332.3,09:00:03.848108733
3,2332.1,7,2332.3,09:00:03.848108733
4,2332.1,7,2332.3,09:00:03.848222805
4,2332.1,6,2332.3,09:00:03.848273709
5,2332.1,6,2332.3,09:00:03.848293441
5,2332.1,7,2332.3,09:00:03.848445939
4,2332.1,7,2332.3,09:00:03.857130506
4,2332.1,7,2332.3,09:00:03.857754447
4,2332.1,7,2332.3,09:00:03.871759698
5,2332.1,7,2332.3,09:00:04.019621662
5,2332.1,6,2332.3,09:00:04.086953196
1,2332.2,6,2332.3,09:00:04.087837895
1,2332.2,5,2332.3,09:00:04.087938717
2,2332.2,5,2332.3,09:00:04.087986071
2,2332.2,5,2332.3,09:00:04.088127201
3,2332.2,5,2332.3,09:00:04.088185593
3,2332.2,5,2332.3,09:00:04.088215952
2,2332.2,5,2332.3,09:00:04.088720448
2,2332.2,8,2332.4,09:00:04.088998284
2,2332.2,8,2332.4,09:00:04.088998284
1,2332.2,8,2332.4,09:00:04.089045645
6,2332.1,8,2332.4,09:00:04.089677351
6,2332.1,8,2332.4,09:00:04.089677351
6,2332.1,1,2332.3,09:00:04.089727454
1,2332.2,1,2332.3,09:00:04.089889809
2,2332.2,1,2332.3,09:00:04.089917819
3,2332.2,1,2332.3,09:00:04.089946872
5,2332.2,1,2332.3,09:00:04.090077113
5,2332.2,1,2332.3,09:00:04.090125760
6,2332.2,1,2332.3,09:00:04.090151760
6,2332.2,1,2332.3,09:00:04.090218677
7,2332.2,1,2332.3,09:00:04.090264166
8,2332.2,1,2332.3,09:00:04.090340746
9,2332.2,1,2332.3,09:00:04.090356843
8,2332.2,1,2332.3,09:00:04.090576543
7,2332.2,1,2332.3,09:00:04.090824711
7,2332.2,3,2332.3,09:00:04.090854965
7,2332.2,3,2332.3,09:00:04.090865496
6,2332.2,3,2332.3,09:00:04.090885763
6,2332.2,4,2332.3,09:00:04.090919159
6,2332.2,5,2332.3,09:00:04.090949204
6,2332.2,4,2332.3,09:00:04.090968487
5,2332.2,4,2332.3,09:00:04.091061599
5,2332.2,3,2332.3,09:00:04.091155291
5,2332.2,3,2332.3,09:00:04.091200860
5,2332.2,3,2332.3,09:00:04.091216828
5,2332.2,2,2332.3,09:00:04.091428426
5,2332.2,7,2332.4,09:00:04.115992577
5,2332.2,7,2332.4,09:00:04.115992577
6,2332.2,7,2332.4,09:00:04.116122548
7,2332.2,7,2332.4,09:00:04.116174395
8,2332.2,7,2332.4,09:00:04.116366764
7,2332.2,7,2332.4,09:00:04.116366764
7,2332.2,7,2332.4,09:00:04.116366764
7,2332.2,7,2332.4,09:00:04.116380086
7,2332.2,7,2332.4,09:00:04.116387727
7,2332.2,7,2332.4,09:00:04.116432333
7,2332.2,5,2332.4,09:00:04.120207383
7,2332.2,5,2332.4,09:00:04.124072898
9,2332.2,5,2332.4,09:00:04.129708183
1,2332.3,5,2332.4,09:00:04.129848681
2,2332.3,5,2332.4,09:00:04.129875744
2,2332.3,5,2332.4,09:00:04.129962246
2,2332.3,5,2332.4,09:00:04.129976328
2,2332.3,4,2332.4,09:00:04.130045293
2,2332.3,3,2332.4,09:00:04.130067457
4,2332.3,3,2332.4,09:00:04.153029291
4,2332.3,2,2332.4,09:00:04.153146254
4,2332.3,1,2332.4,09:00:04.153193458
4,2332.3,1,2332.4,09:00:04.161739218
4,2332.3,1,2332.4,09:00:04.196116691
4,2332.3,1,2332.4,09:00:04.196129840
4,2332.3,1,2332.4,09:00:04.196143271
4,2332.3,1,2332.4,09:00:04.196157879
4,2332.3,1,2332.4,09:00:04.196171332
4,2332.3,1,2332.4,09:00:04.196219717
4,2332.3,1,2332.4,09:00:04.196231036
4,2332.3,1,2332.4,09:00:04.196245151
4,2332.3,1,2332.4,09:00:04.196258550
4,2332.3,1,2332.4,09:00:04.196270668
4,2332.3,1,2332.4,09:00:04.196284048
4,2332.3,1,2332.4,09:00:04.196393743
4,2332.3,1,2332.4,09:00:04.196416611
4,2332.3,13,2332.5,09:00:04.199874953
4,2332.3,13,2332.5,09:00:04.199874953
4,2332.3,13,2332.5,09:00:04.199992081
3,2332.3,13,2332.5,09:00:04.210150537
2,2332.3,13,2332.5,09:00:04.284894103
2,2332.3,1,2332.4,09:00:04.285013349
2,2332.3,2,2332.4,09:00:04.285029366
2,2332.3,3,2332.4,09:00:04.285153155
2,2332.3,3,2332.4,09:00:04.286028980
3,2332.3,3,2332.4,09:00:04.292197230
3,2332.3,2,2332.4,09:00:04.292316922
3,2332.3,1,2332.4,09:00:04.292343453
4,2332.3,1,2332.4,09:00:04.292451751
4,2332.3,14,2332.5,09:00:04.292599955
4,2332.3,14,2332.5,09:00:04.292599955
4,2332.3,14,2332.5,09:00:04.316278146
4,2332.3,14,2332.5,09:00:04.333940138
4,2332.3,14,2332.5,09:00:04.347727477
3,2332.3,14,2332.5,09:00:04.348567817
2,2332.3,14,2332.5,09:00:04.363152198
1,2332.3,14,2332.5,09:00:04.363256168
1,2332.3,1,2332.4,09:00:04.363409496
3,2332.3,1,2332.4,09:00:04.363458748
3,2332.3,14,2332.5,09:00:04.363632698
3,2332.3,14,2332.5,09:00:04.363632698
3,2332.3,1,2332.4,09:00:04.363650986
4,2332.3,1,2332.4,09:00:04.363740684
4,2332.3,14,2332.5,09:00:04.363842686
4,2332.3,14,2332.5,09:00:04.363842686
4,2332.3,14,2332.5,09:00:04.363879912
5,2332.3,14,2332.5,09:00:04.363903061
7,2332.3,14,2332.5,09:00:04.363920969
7,2332.3,1,2332.4,09:00:04.363984758
7,2332.3,1,2332.4,09:00:04.364007994
8,2332.3,1,2332.4,09:00:04.364022348
8,2332.3,1,2332.4,09:00:04.364039374
8,2332.3,13,2332.5,09:00:04.364217810
8,2332.3,13,2332.5,09:00:04.364217810
7,2332.3,13,2332.5,09:00:04.365559012
6,2332.3,13,2332.5,09:00:04.366716002
5,2332.3,13,2332.5,09:00:04.371692243
4,2332.3,13,2332.5,09:00:04.371767573
4,2332.3,1,2332.4,09:00:04.371869981
4,2332.3,2,2332.4,09:00:04.371920087
4,2332.3,1,2332.4,09:00:04.372107774
4,2332.3,13,2332.5,09:00:04.372125519
4,2332.3,13,2332.5,09:00:04.372125519
4,2332.3,1,2332.4,09:00:04.372182025
5,2332.3,1,2332.4,09:00:04.372266587
6,2332.3,1,2332.4,09:00:04.372283186
6,2332.3,13,2332.5,09:00:04.372452563
6,2332.3,13,2332.5,09:00:04.372452563
6,2332.3,13,2332.5,09:00:04.374216396
6,2332.3,1,2332.4,09:00:04.376774979
6,2332.3,13,2332.5,09:00:04.376977902
6,2332.3,13,2332.5,09:00:04.376977902
5,2332.3,13,2332.5,09:00:04.403683690
4,2332.3,13,2332.5,09:00:04.418477388
5,2332.3,13,2332.5,09:00:04.418718432
4,2332.3,13,2332.5,09:00:04.427388077
6,2332.3,13,2332.5,09:00:04.427513142
5,2332.3,13,2332.5,09:00:04.442186153
4,2332.3,13,2332.5,09:00:04.442285886
4,2332.3,1,2332.4,09:00:04.442310151
4,2332.3,2,2332.4,09:00:04.442359052
4,2332.3,3,2332.4,09:00:04.442513292
4,2332.3,2,2332.4,09:00:04.453777196
4,2332.3,1,2332.4,09:00:04.453911023
4,2332.3,13,2332.5,09:00:04.454053349
4,2332.3,13,2332.5,09:00:04.454053349
3,2332.3,13,2332.5,09:00:04.468102698
3,2332.3,1,2332.4,09:00:04.468223376
9,2332.2,1,2332.4,09:00:04.470022443
9,2332.2,1,2332.4,09:00:04.470022443
9,2332.2,2,2332.4,09:00:04.470189894
9,2332.2,3,2332.4,09:00:04.470256707
9,2332.2,4,2332.4,09:00:04.470329140
9,2332.2,5,2332.4,09:00:04.470401907
11,2332.2,5,2332.4,09:00:04.470614379
11,2332.2,6,2332.4,09:00:04.470768449
2,2332.3,6,2332.4,09:00:04.470970718
11,2332.2,6,2332.4,09:00:04.471060964
11,2332.2,6,2332.4,09:00:04.471060964
11,2332.2,5,2332.4,09:00:04.471199693
1,2332.3,5,2332.4,09:00:04.471243629
2,2332.3,5,2332.4,09:00:04.471261887
2,2332.3,4,2332.4,09:00:04.471377821
2,2332.3,3,2332.4,09:00:04.471513055
1,2332.3,3,2332.4,09:00:04.471594469
2,2332.3,3,2332.4,09:00:04.474998557
3,2332.3,3,2332.4,09:00:04.485470858
3,2332.3,4,2332.4,09:00:04.506797897
3,2332.3,3,2332.4,09:00:04.589365129
2,2332.3,3,2332.4,09:00:04.634357899
2,2332.3,4,2332.4,09:00:04.634471654
2,2332.3,3,2332.4,09:00:04.650950890
1,2332.3,3,2332.4,09:00:04.655336953
11,2332.2,3,2332.4,09:00:04.655483676
11,2332.2,3,2332.4,09:00:04.655483676
11,2332.2,4,2332.4,09:00:04.655501670
11,2332.2,5,2332.4,09:00:04.655643942
11,2332.2,6,2332.4,09:00:04.655679549
11,2332.2,6,2332.4,09:00:04.655707620
11,2332.2,5,2332.4,09:00:04.655793913
11,2332.2,5,2332.4,09:00:04.663859199
9,2332.2,5,2332.4,09:00:04.683138645
8,2332.2,5,2332.4,09:00:04.683243889
8,2332.2,6,2332.4,09:00:04.683284309
7,2332.2,6,2332.4,09:00:04.689663586
7,2332.2,6,2332.4,09:00:04.689931608
1,2332.2,6,2332.4,09:00:04.703394942
1,2332.2,1,2332.3,09:00:04.703482573
1,2332.2,2,2332.3,09:00:04.703528708
1,2332.2,3,2332.3,09:00:04.703562882
1,2332.2,4,2332.3,09:00:04.703585231
1,2332.2,5,2332.3,09:00:04.703620902
1,2332.2,6,2332.3,09:00:04.703650206
1,2332.2,6,2332.3,09:00:04.703816420
1,2332.2,6,2332.3,09:00:04.703832699
1,2332.2,7,2332.3,09:00:04.703852424
2,2332.2,7,2332.3,09:00:04.703910041
2,2332.2,6,2332.3,09:00:04.703928685
2,2332.2,5,2332.3,09:00:04.704055094
2,2332.2,4,2332.3,09:00:04.704180392
2,2332.2,3,2332.3,09:00:04.704506347
2,2332.2,2,2332.3,09:00:04.704663813
2,2332.2,5,2332.4,09:00:04.704663813
2,2332.2,5,2332.4,09:00:04.704663813
3,2332.2,5,2332.4,09:00:04.704736704
4,2332.2,5,2332.4,09:00:04.704762004
5,2332.2,5,2332.4,09:00:04.704832661
5,2332.2,4,2332.4,09:00:04.704908755
6,2332.2,4,2332.4,09:00:04.704987415
2,2332.3,4,2332.4,09:00:04.705052256
2,2332.3,4,2332.4,09:00:04.705075213
2,2332.3,3,2332.4,09:00:04.705114913
3,2332.3,3,2332.4,09:00:04.705168512
3,2332.3,2,2332.4,09:00:04.705366886
3,2332.3,3,2332.4,09:00:04.756671684
2,2332.3,3,2332.4,09:00:04.798170632
2,2332.3,4,2332.4,09:00:04.798327471
1,2332.3,4,2332.4,09:00:04.798435527
2,2332.3,4,2332.4,09:00:04.798462910
7,2332.2,4,2332.4,09:00:04.798517702
7,2332.2,4,2332.4,09:00:04.798517702
7,2332.2,3,2332.4,09:00:04.798643013
7,2332.2,4,2332.4,09:00:04.798745054
7,2332.2,4,2332.4,09:00:04.814321806
8,2332.2,4,2332.4,09:00:04.814441175
8,2332.2,3,2332.4,09:00:04.819452505
8,2332.2,3,2332.4,09:00:04.819701196
8,2332.2,4,2332.4,09:00:04.850662558
8,2332.2,3,2332.4,09:00:04.850911517
8,2332.2,4,2332.4,09:00:04.938781307
8,2332.2,11,2332.5,09:00:04.975892351
8,2332.2,11,2332.5,09:00:04.975892351
1,2332.3,11,2332.5,09:00:04.976040527
2,2332.3,11,2332.5,09:00:04.976156677
3,2332.3,11,2332.5,09:00:04.976197532
4,2332.3,11,2332.5,09:00:04.976253949
4,2332.3,11,2332.5,09:00:04.976356310
6,2332.3,11,2332.5,09:00:04.976403459
8,2332.3,11,2332.5,09:00:04.976446980
9,2332.3,11,2332.5,09:00:04.976514952
9,2332.3,11,2332.5,09:00:04.976530399
9,2332.3,11,2332.5,09:00:04.976580570
8,2332.3,11,2332.5,09:00:04.976609012
8,2332.3,7,2332.5,09:00:05.017078625
1,2332.4,7,2332.5,09:00:05.017099021
1,2332.4,7,2332.5,09:00:05.017139746
1,2332.4,7,2332.5,09:00:05.017212931
2,2332.4,7,2332.5,09:00:05.017277115
2,2332.4,8,2332.5,09:00:05.017506220
3,2332.4,8,2332.5,09:00:05.017525773
3,2332.4,8,2332.5,09:00:05.017594139
3,2332.4,8,2332.5,09:00:05.017629803
3,2332.4,7,2332.5,09:00:05.017650943
3,2332.4,6,2332.5,09:00:05.018306387
4,2332.4,6,2332.5,09:00:05.018306387
4,2332.4,6,2332.5,09:00:05.018321497
4,2332.4,6,2332.5,09:00:05.018360663
3,2332.4,6,2332.5,09:00:05.018360663
4,2332.4,6,2332.5,09:00:05.018441964
3,2332.4,6,2332.5,09:00:05.018532136
3,2332.4,6,2332.5,09:00:05.019530031
3,2332.4,6,2332.5,09:00:05.024444431
3,2332.4,5,2332.5,09:00:05.091529157
4,2332.4,5,2332.5,09:00:05.091632568
4,2332.4,4,2332.5,09:00:05.092004179
4,2332.4,4,2332.5,09:00:05.092035254
4,2332.4,4,2332.5,09:00:05.092270309
5,2332.4,4,2332.5,09:00:05.093068735
5,2332.4,2,2332.5,09:00:05.093399247
5,2332.4,9,2332.6,09:00:05.093459776
5,2332.4,9,2332.6,09:00:05.093459776
5,2332.4,9,2332.6,09:00:05.094743066
5,2332.4,9,2332.6,09:00:05.094756980
5,2332.4,9,2332.6,09:00:05.095391693
5,2332.4,9,2332.6,09:00:05.096538072
5,2332.4,9,2332.6,09:00:05.096538072
5,2332.4,9,2332.6,09:00:05.102236369
5,2332.4,8,2332.6,09:00:05.108131638
5,2332.4,8,2332.6,09:00:05.108268207
6,2332.4,8,2332.6,09:00:05.162989579
5,2332.4,8,2332.6,09:00:05.177410891
4,2332.4,8,2332.6,09:00:05.187103766
5,2332.4,8,2332.6,09:00:05.189213201
5,2332.4,8,2332.6,09:00:05.290808852
5,2332.4,1,2332.5,09:00:05.295206601
5,2332.4,1,2332.5,09:00:05.295342329
5,2332.4,1,2332.5,09:00:05.295418923
4,2332.4,1,2332.5,09:00:05.295544032
3,2332.4,1,2332.5,09:00:05.295658348
3,2332.4,1,2332.5,09:00:05.295668608
2,2332.4,1,2332.5,09:00:05.295778754
2,2332.4,2,2332.5,09:00:05.295956661
2,2332.4,3,2332.5,09:00:05.295990183
2,2332.4,3,2332.5,09:00:05.296056093
1,2332.4,3,2332.5,09:00:05.296119522
11,2332.3,3,2332.5,09:00:05.296348570
11,2332.3,3,2332.5,09:00:05.296348570
11,2332.3,4,2332.5,09:00:05.296545298
11,2332.3,4,2332.5,09:00:05.328014760
11,2332.3,4,2332.5,09:00:05.328140257
11,2332.3,4,2332.5,09:00:05.328205986
11,2332.3,4,2332.5,09:00:05.328313502
11,2332.3,4,2332.5,09:00:05.330131372
11,2332.3,8,2332.6,09:00:05.364675773
11,2332.3,4,2332.6,09:00:05.364675773
11,2332.3,4,2332.6,09:00:05.364675773
1,2332.4,4,2332.6,09:00:05.364741355
2,2332.4,4,2332.6,09:00:05.364810313
3,2332.4,4,2332.6,09:00:05.364906095
4,2332.4,4,2332.6,09:00:05.364926367
5,2332.4,4,2332.6,09:00:05.365128231
6,2332.4,4,2332.6,09:00:05.365174526
6,2332.4,5,2332.6,09:00:05.365227861
6,2332.4,5,2332.6,09:00:05.365278348
7,2332.4,5,2332.6,09:00:05.365295203
7,2332.4,6,2332.6,09:00:05.365317460
7,2332.4,7,2332.6,09:00:05.365333009
8,2332.4,7,2332.6,09:00:05.365348453
8,2332.4,8,2332.6,09:00:05.365524760
9,2332.4,8,2332.6,09:00:05.365570569
9,2332.4,8,2332.6,09:00:05.365624259
8,2332.4,8,2332.6,09:00:05.365653975
8,2332.4,8,2332.6,09:00:05.365669345
7,2332.4,8,2332.6,09:00:05.365819464
7,2332.4,7,2332.6,09:00:05.369829976
8,2332.4,7,2332.6,09:00:05.369853241
8,2332.4,7,2332.6,09:00:05.478919443
9,2332.4,7,2332.6,09:00:05.489603819
9,2332.4,7,2332.6,09:00:05.489736804
8,2332.4,7,2332.6,09:00:05.490349354
9,2332.4,7,2332.6,09:00:05.583924811
8,2332.4,7,2332.6,09:00:05.598322309
7,2332.4,7,2332.6,09:00:05.598428106
7,2332.4,1,2332.5,09:00:05.598590608
6,2332.4,1,2332.5,09:00:05.598694505
6,2332.4,1,2332.5,09:00:05.598708499
6,2332.4,1,2332.5,09:00:05.598725718
5,2332.4,1,2332.5,09:00:05.598804372
5,2332.4,1,2332.5,09:00:05.598929764
5,2332.4,2,2332.5,09:00:05.610691550
5,2332.4,3,2332.5,09:00:05.610844738
4,2332.4,3,2332.5,09:00:05.610949236
3,2332.4,3,2332.5,09:00:05.611004107
3,2332.4,4,2332.5,09:00:05.611023778
3,2332.4,3,2332.5,09:00:05.669686728
4,2332.4,3,2332.5,09:00:05.683628244
4,2332.4,2,2332.5,09:00:05.683742612
4,2332.4,3,2332.5,09:00:05.689412122
4,2332.4,2,2332.5,09:00:05.764657527
4,2332.4,3,2332.5,09:00:05.764717350
4,2332.4,4,2332.5,09:00:05.764738256
4,2332.4,3,2332.5,09:00:05.765224941
4,2332.4,4,2332.5,09:00:05.765306536
4,2332.4,3,2332.5,09:00:05.803628104
6,2332.4,3,2332.5,09:00:06.019601194
6,2332.4,2,2332.5,09:00:06.019773175
6,2332.4,2,2332.5,09:00:06.021454457
6,2332.4,8,2332.6,09:00:06.104501973
6,2332.4,7,2332.7,09:00:06.104501973
10,2332.6,7,2332.7,09:00:06.104501973
10,2332.6,7,2332.7,09:00:06.104501973
10,2332.6,7,2332.7,09:00:06.104501973
10,2332.6,7,2332.7,09:00:06.104548717
10,2332.6,7,2332.7,09:00:06.104628504
10,2332.6,7,2332.7,09:00:06.104698739
10,2332.6,7,2332.7,09:00:06.104790699
10,2332.6,7,2332.7,09:00:06.104802283
10,2332.6,7,2332.7,09:00:06.105058778
9,2332.6,7,2332.7,09:00:06.105125151
9,2332.6,7,2332.7,09:00:06.105137621
9,2332.6,7,2332.7,09:00:06.105165263
9,2332.6,6,2332.7,09:00:06.105213796
9,2332.6,5,2332.7,09:00:06.105261074
9,2332.6,5,2332.7,09:00:06.105306802
9,2332.6,5,2332.7,09:00:06.105321378
9,2332.6,5,2332.7,09:00:06.105337203
8,2332.6,5,2332.7,09:00:06.105392361
8,2332.6,5,2332.7,09:00:06.105409316
8,2332.6,5,2332.7,09:00:06.105438811
8,2332.6,4,2332.7,09:00:06.105472447
10,2332.6,4,2332.7,09:00:06.105486214
10,2332.6,4,2332.7,09:00:06.105556875
10,2332.6,4,2332.7,09:00:06.105615087
10,2332.6,4,2332.7,09:00:06.105627260
10,2332.6,4,2332.7,09:00:06.105993149
8,2332.6,4,2332.7,09:00:06.106073880
8,2332.6,3,2332.7,09:00:06.106099164
7,2332.5,3,2332.7,09:00:06.106157933
7,2332.5,3,2332.7,09:00:06.106157933
7,2332.5,1,2332.6,09:00:06.106210702
7,2332.5,1,2332.6,09:00:06.106450617
7,2332.5,1,2332.6,09:00:06.106595772
7,2332.5,1,2332.6,09:00:06.106631437
6,2332.5,1,2332.6,09:00:06.106778477
6,2332.5,1,2332.6,09:00:06.106811639
6,2332.5,2,2332.6,09:00:06.106919507
4,2332.5,2,2332.6,09:00:06.107190341
3,2332.5,2,2332.6,09:00:06.107324184
3,2332.5,2,2332.6,09:00:06.107340293
3,2332.5,2,2332.6,09:00:06.107358325
3,2332.5,3,2332.6,09:00:06.107379385
2,2332.5,3,2332.6,09:00:06.107456097
3,2332.5,3,2332.6,09:00:06.107491112
3,2332.5,3,2332.6,09:00:06.112808884
3,2332.5,3,2332.6,09:00:06.114670704
3,2332.5,3,2332.6,09:00:06.117595768
2,2332.5,3,2332.6,09:00:06.120796469
2,2332.5,3,2332.6,09:00:06.120932805
3,2332.5,3,2332.6,09:00:06.155564084
3,2332.5,3,2332.6,09:00:06.290086474
2,2332.5,3,2332.6,09:00:06.367742252
2,2332.5,3,2332.6,09:00:06.367751538
2,2332.5,4,2332.6,09:00:06.368330427
1,2332.5,4,2332.6,09:00:06.368460900
9,2332.4,4,2332.6,09:00:06.370993697
9,2332.4,4,2332.6,09:00:06.370993697
9,2332.4,5,2332.6,09:00:06.371418866
9,2332.4,5,2332.6,09:00:06.371440726
8,2332.4,5,2332.6,09:00:06.371462131
7,2332.4,5,2332.6,09:00:06.371484027
7,2332.4,5,2332.6,09:00:06.371498770
7,2332.4,5,2332.6,09:00:06.376887000
7,2332.4,5,2332.6,09:00:06.427338096
7,2332.4,1,2332.5,09:00:06.590838054
6,2332.4,1,2332.5,09:00:06.590854742
6,2332.4,2,2332.5,09:00:06.590992928
6,2332.4,2,2332.5,09:00:06.591075521
5,2332.4,2,2332.5,09:00:06.591095541
5,2332.4,3,2332.5,09:00:06.591154365
5,2332.4,3,2332.5,09:00:06.591300928
5,2332.4,4,2332.5,09:00:06.591322621
5,2332.4,4,2332.5,09:00:06.596001189
5,2332.4,4,2332.5,09:00:06.602235248
5,2332.4,3,2332.5,09:00:06.690023037
5,2332.4,2,2332.5,09:00:06.690202465
5,2332.4,2,2332.5,09:00:06.690308445
5,2332.4,2,2332.5,09:00:06.714636716
5,2332.4,2,2332.5,09:00:07.001279399
5,2332.4,2,2332.5,09:00:07.016096128
5,2332.4,2,2332.5,09:00:07.016096128
6,2332.4,2,2332.5,09:00:07.092195034
6,2332.4,7,2332.6,09:00:07.092305743
6,2332.4,7,2332.6,09:00:07.092305743
6,2332.4,6,2332.6,09:00:07.092357037
1,2332.5,6,2332.6,09:00:07.092441826
1,2332.5,5,2332.6,09:00:07.092480048
1,2332.5,6,2332.6,09:00:07.092605311
2,2332.5,6,2332.6,09:00:07.092787724
2,2332.5,6,2332.6,09:00:07.092843674
2,2332.5,6,2332.6,09:00:07.092860954
2,2332.5,5,2332.6,09:00:07.092899397
8,2332.4,5,2332.6,09:00:07.093143885
8,2332.4,5,2332.6,09:00:07.093143885
8,2332.4,6,2332.6,09:00:07.093344139
7,2332.4,6,2332.6,09:00:07.093428327
7,2332.4,6,2332.6,09:00:07.100779121
6,2332.4,6,2332.6,09:00:07.198433830
6,2332.4,6,2332.6,09:00:07.198553333
6,2332.4,1,2332.5,09:00:07.207902682
5,2332.4,1,2332.5,09:00:07.208066178
5,2332.4,2,2332.5,09:00:07.208221974
5,2332.4,3,2332.5,09:00:07.208261142
5,2332.4,3,2332.5,09:00:07.208401344
5,2332.4,3,2332.5,09:00:07.208632481
5,2332.4,3,2332.5,09:00:07.208719699
5,2332.4,4,2332.5,09:00:07.208740700
5,2332.4,3,2332.5,09:00:07.208838955
5,2332.4,3,2332.5,09:00:07.208951585
5,2332.4,2,2332.5,09:00:07.209037112
5,2332.4,2,2332.5,09:00:07.222993623
5,2332.4,2,2332.5,09:00:07.437164932
5,2332.4,1,2332.5,09:00:07.489069086
5,2332.4,6,2332.6,09:00:07.531936260
5,2332.4,6,2332.6,09:00:07.531936260
5,2332.4,6,2332.6,09:00:07.532042646
5,2332.4,7,2332.6,09:00:07.532096865
5,2332.4,7,2332.6,09:00:07.532234429
6,2332.4,7,2332.6,09:00:07.592368977
6,2332.4,7,2332.6,09:00:07.596592588
6,2332.4,6,2332.6,09:00:07.601756712
7,2332.4,6,2332.6,09:00:07.787155867
7,2332.4,5,2332.6,09:00:07.787202646
8,2332.4,5,2332.6,09:00:07.787287198
1,2332.5,5,2332.6,09:00:07.787324629
1,2332.5,4,2332.6,09:00:07.787350393
2,2332.5,4,2332.6,09:00:07.787399078
3,2332.5,4,2332.6,09:00:07.787463329
3,2332.5,4,2332.6,09:00:07.787495815
3,2332.5,4,2332.6,09:00:07.787509458
3,2332.5,4,2332.6,09:00:07.787665353
3,2332.5,5,2332.7,09:00:07.787986031
3,2332.5,5,2332.7,09:00:07.787986031
4,2332.5,5,2332.7,09:00:07.788165517
5,2332.5,5,2332.7,09:00:07.788256799
5,2332.5,4,2332.7,09:00:07.788301913
6,2332.5,4,2332.7,09:00:07.788316377
6,2332.5,3,2332.7,09:00:07.788354816
6,2332.5,3,2332.7,09:00:07.788530122
7,2332.5,3,2332.7,09:00:07.788635337
7,2332.5,4,2332.7,09:00:07.788657750
7,2332.5,5,2332.7,09:00:07.788747291
7,2332.5,4,2332.7,09:00:07.788768995
7,2332.5,4,2332.7,09:00:07.788782518
7,2332.5,4,2332.7,09:00:07.788820490
7,2332.5,5,2332.7,09:00:07.788870433
7,2332.5,2,2332.6,09:00:07.789025597
7,2332.5,2,2332.6,09:00:07.789048190
6,2332.5,2,2332.6,09:00:07.789060770
5,2332.5,2,2332.6,09:00:07.789176436
4,2332.5,2,2332.6,09:00:07.789242780
4,2332.5,2,2332.6,09:00:07.789257413
3,2332.5,2,2332.6,09:00:07.789296301
2,2332.5,2,2332.6,09:00:07.789318282
2,2332.5,2,2332.6,09:00:07.789362258
2,2332.5,3,2332.6,09:00:07.789402850
2,2332.5,4,2332.6,09:00:07.789441033
2,2332.5,5,2332.6,09:00:07.789542479
2,2332.5,5,2332.6,09:00:07.789589382
2,2332.5,6,2332.6,09:00:07.789605831
1,2332.5,6,2332.6,09:00:07.789660601
1,2332.5,6,2332.6,09:00:07.789699570
9,2332.4,6,2332.6,09:00:07.789873311
9,2332.4,6,2332.6,09:00:07.789873311
8,2332.4,6,2332.6,09:00:07.790085869
7,2332.4,6,2332.6,09:00:07.790271409
7,2332.4,1,2332.5,09:00:07.793908170
7,2332.4,1,2332.5,09:00:07.794024291
7,2332.4,1,2332.5,09:00:07.794056988
6,2332.4,1,2332.5,09:00:07.794111490
5,2332.4,1,2332.5,09:00:07.794241431
5,2332.4,2,2332.5,09:00:07.794542775
5,2332.4,3,2332.5,09:00:07.794602309
5,2332.4,3,2332.5,09:00:07.794908033
5,2332.4,4,2332.5,09:00:07.794938783
5,2332.4,4,2332.5,09:00:07.805054932
6,2332.4,4,2332.5,09:00:07.812864016
6,2332.4,3,2332.5,09:00:07.813015849
6,2332.4,4,2332.5,09:00:07.849812360
6,2332.4,5,2332.5,09:00:07.850074470
4,2332.4,5,2332.5,09:00:07.927630059
10,2332.3,5,2332.5,09:00:07.927902599
10,2332.3,5,2332.5,09:00:07.927902599
10,2332.3,5,2332.5,09:00:07.927928379
10,2332.3,1,2332.4,09:00:07.927964197
10,2332.3,3,2332.4,09:00:07.927997647
10,2332.3,4,2332.4,09:00:07.928092603
10,2332.3,4,2332.4,09:00:07.928121036
10,2332.3,4,2332.4,09:00:07.928219214
10,2332.3,4,2332.4,09:00:07.928234123
8,2332.3,4,2332.4,09:00:07.928267628
8,2332.3,4,2332.4,09:00:07.928285788
8,2332.3,4,2332.4,09:00:07.928296271
8,2332.3,4,2332.4,09:00:07.928312028
7,2332.3,4,2332.4,09:00:07.928371176
5,2332.3,4,2332.4,09:00:07.928435256
4,2332.3,4,2332.4,09:00:07.928506548
3,2332.3,4,2332.4,09:00:07.928547509
3,2332.3,4,2332.4,09:00:07.928562165
3,2332.3,4,2332.4,09:00:07.928575445
3,2332.3,5,2332.4,09:00:07.928597187
2,2332.3,5,2332.4,09:00:07.928641283
1,2332.3,5,2332.4,09:00:07.928850426
9,2332.2,5,2332.4,09:00:07.929382111
9,2332.2,5,2332.4,09:00:07.929382111
9,2332.2,5,2332.4,09:00:07.936083530
9,2332.2,5,2332.4,09:00:07.936097777
9,2332.2,5,2332.4,09:00:07.936178617
9,2332.2,5,2332.4,09:00:07.959039444
9,2332.2,4,2332.4,09:00:07.966919152
1,2332.3,4,2332.4,09:00:07.967052073
2,2332.3,4,2332.4,09:00:07.967120221
3,2332.3,4,2332.4,09:00:07.967239830
4,2332.3,4,2332.4,09:00:07.967262644
4,2332.3,4,2332.4,09:00:07.967327538
3,2332.3,4,2332.4,09:00:07.967347139
9,2332.2,4,2332.4,09:00:07.977451761
7,2332.2,4,2332.4,09:00:07.977451761
7,2332.2,4,2332.4,09:00:07.977451761
7,2332.2,5,2332.4,09:00:07.977688855
7,2332.2,6,2332.4,09:00:07.977688855
7,2332.2,6,2332.4,09:00:07.977825274
9,2332.2,6,2332.4,09:00:08.020351622
9,2332.2,5,2332.4,09:00:08.020487622
9,2332.2,4,2332.4,09:00:08.020507490
9,2332.2,3,2332.4,09:00:08.139398295
1,2332.3,3,2332.4,09:00:08.139527424
2,2332.3,3,2332.4,09:00:08.139704766
2,2332.3,2,2332.4,09:00:08.142570066
3,2332.3,2,2332.4,09:00:08.142715502
4,2332.3,2,2332.4,09:00:08.142884574
4,2332.3,1,2332.4,09:00:08.142884574
4,2332.3,8,2332.5,09:00:08.143116045
4,2332.3,8,2332.5,09:00:08.143116045
5,2332.3,8,2332.5,09:00:08.143217573
6,2332.3,8,2332.5,09:00:08.143348958
6,2332.3,9,2332.5,09:00:08.143353378
1,2332.3,9,2332.5,09:00:08.171815524
1,2332.3,1,2332.4,09:00:08.171875813
1,2332.3,2,2332.4,09:00:08.171927485
1,2332.3,3,2332.4,09:00:08.171982404
1,2332.3,4,2332.4,09:00:08.172025062
1,2332.3,5,2332.4,09:00:08.172058333
1,2332.3,6,2332.4,09:00:08.172117326
1,2332.3,7,2332.4,09:00:08.172268224
9,2332.2,7,2332.4,09:00:08.172320029
9,2332.2,7,2332.4,09:00:08.172320029
9,2332.2,6,2332.4,09:00:08.172344636
9,2332.2,5,2332.4,09:00:08.172432151
9,2332.2,1,2332.3,09:00:08.172474859
9,2332.2,5,2332.4,09:00:08.172702038
9,2332.2,5,2332.4,09:00:08.172702038
9,2332.2,5,2332.4,09:00:08.172719725
9,2332.2,6,2332.4,09:00:08.172731322
8,2332.2,6,2332.4,09:00:08.172739373
1,2332.3,6,2332.4,09:00:08.172839461
1,2332.3,5,2332.4,09:00:08.172865459
1,2332.3,5,2332.4,09:00:08.172875568
1,2332.3,4,2332.4,09:00:08.172897418
1,2332.3,4,2332.4,09:00:08.172910171
1,2332.3,3,2332.4,09:00:08.172979010
2,2332.3,3,2332.4,09:00:08.173020566
3,2332.3,3,2332.4,09:00:08.173251515
3,2332.3,2,2332.4,09:00:08.173613286
3,2332.3,2,2332.4,09:00:08.175653096
3,2332.3,1,2332.4,09:00:08.232941490
3,2332.3,1,2332.4,09:00:08.233075560
4,2332.3,1,2332.4,09:00:08.233335352
4,2332.3,9,2332.5,09:00:08.233553477
4,2332.3,9,2332.5,09:00:08.233553477
5,2332.3,9,2332.5,09:00:08.233575151
5,2332.3,8,2332.5,09:00:08.233581906
6,2332.3,8,2332.5,09:00:08.233667361
6,2332.3,2,2332.4,09:00:08.233780310
6,2332.3,2,2332.4,09:00:08.233797635
6,2332.3,2,2332.4,09:00:08.233953265
5,2332.3,2,2332.4,09:00:08.233971005
4,2332.3,2,2332.4,09:00:08.237144247
3,2332.3,2,2332.4,09:00:08.237255866
3,2332.3,2,2332.4,09:00:08.237269565
3,2332.3,2,2332.4,09:00:08.263509264
3,2332.3,3,2332.4,09:00:08.263665587
2,2332.3,3,2332.4,09:00:08.366510359
2,2332.3,4,2332.4,09:00:08.382458937
11,2332.2,4,2332.4,09:00:08.382675783
11,2332.2,4,2332.4,09:00:08.382675783
11,2332.2,5,2332.4,09:00:08.382812826
11,2332.2,6,2332.4,09:00:08.382849953
11,2332.2,7,2332.4,09:00:08.382941008
11,2332.2,1,2332.3,09:00:08.383377791
10,2332.2,1,2332.3,09:00:08.383554598
10,2332.2,1,2332.3,09:00:08.383572012
10,2332.2,8,2332.4,09:00:08.384174927
10,2332.2,8,2332.4,09:00:08.384174927
10,2332.2,7,2332.4,09:00:08.384290558
10,2332.2,6,2332.4,09:00:08.384504882
10,2332.2,6,2332.4,09:00:08.390864141
10,2332.2,7,2332.4,09:00:08.429407913
9,2332.2,7,2332.4,09:00:08.429540146
10,2332.2,7,2332.4,09:00:08.429556453
10,2332.2,6,2332.4,09:00:08.429994875
10,2332.2,7,2332.4,09:00:08.518198771
10,2332.2,8,2332.4,09:00:08.518329398
10,2332.2,1,2332.3,09:00:08.518480777
9,2332.2,1,2332.3,09:00:08.518650608
9,2332.2,1,2332.3,09:00:08.518668733
9,2332.2,1,2332.3,09:00:08.603193880
8,2332.2,1,2332.3,09:00:08.603862210
8,2332.2,2,2332.3,09:00:08.603973082
7,2332.2,2,2332.3,09:00:08.603988225
7,2332.2,3,2332.3,09:00:08.604099059
6,2332.2,3,2332.3,09:00:08.604204594
5,2332.2,3,2332.3,09:00:08.604278381
5,2332.2,4,2332.3,09:00:08.604615931
3,2332.2,4,2332.3,09:00:08.604812940
3,2332.2,5,2332.3,09:00:08.604860115
3,2332.2,5,2332.3,09:00:08.605121534
3,2332.2,6,2332.3,09:00:08.605209041
8,2332.1,6,2332.3,09:00:08.605768994
8,2332.1,6,2332.3,09:00:08.605768994
8,2332.1,6,2332.3,09:00:08.606015345
8,2332.1,2,2332.2,09:00:08.606076286
8,2332.1,2,2332.2,09:00:08.606101654
8,2332.1,2,2332.2,09:00:08.606181156
8,2332.1,2,2332.2,09:00:08.606346199
8,2332.1,2,2332.2,09:00:08.606353441
8,2332.1,2,2332.2,09:00:08.606353441
8,2332.1,2,2332.2,09:00:08.606371781
8,2332.1,2,2332.2,09:00:08.606391256
8,2332.1,2,2332.2,09:00:08.606461111
8,2332.1,2,2332.2,09:00:08.606461111
8,2332.1,2,2332.2,09:00:08.606503326
8,2332.1,2,2332.2,09:00:08.606531710
3,2332.1,2,2332.2,09:00:08.701175308
3,2332.1,3,2332.2,09:00:08.701292545
3,2332.1,4,2332.2,09:00:08.701464898
3,2332.1,2,2332.2,09:00:08.701514857
1,2332.1,2,2332.2,09:00:08.701547856
2,2332.1,2,2332.2,09:00:08.701650277
2,2332.1,1,2332.2,09:00:08.701682579
2,2332.1,7,2332.3,09:00:08.701701747
2,2332.1,7,2332.3,09:00:08.701701747
3,2332.1,7,2332.3,09:00:08.701760884
4,2332.1,7,2332.3,09:00:08.701987097
4,2332.1,6,2332.3,09:00:08.702090559
4,2332.1,5,2332.3,09:00:08.702143030
4,2332.1,7,2332.3,09:00:08.713691212
4,2332.1,1,2332.2,09:00:08.713832828
4,2332.1,3,2332.2,09:00:08.714053647
4,2332.1,3,2332.2,09:00:08.783643146
3,2332.1,3,2332.2,09:00:08.846774157
3,2332.1,1,2332.2,09:00:08.884692358
4,2332.1,1,2332.2,09:00:08.884821529
4,2332.1,7,2332.3,09:00:08.884950149
4,2332.1,7,2332.3,09:00:08.884950149
5,2332.1,7,2332.3,09:00:08.885118956
6,2332.1,7,2332.3,09:00:08.885194513
6,2332.1,6,2332.3,09:00:08.885213988
6,2332.1,6,2332.3,09:00:08.885354042
6,2332.1,7,2332.3,09:00:09.032682489
6,2332.1,8,2332.3,09:00:09.032699771
5,2332.1,8,2332.3,09:00:09.032795709
4,2332.1,8,2332.3,09:00:09.032827486
4,2332.1,1,2332.2,09:00:09.032929766
4,2332.1,2,2332.2,09:00:09.032945105
4,2332.1,2,2332.2,09:00:09.033072285
3,2332.1,2,2332.2,09:00:09.033094557
3,2332.1,2,2332.2,09:00:09.033106106
3,2332.1,4,2332.2,09:00:09.042307128
2,2332.1,4,2332.2,09:00:09.042450260
3,2332.1,4,2332.2,09:00:09.059679306
3,2332.1,3,2332.2,09:00:09.059789116
3,2332.1,4,2332.2,09:00:09.073248065
2,2332.1,4,2332.2,09:00:09.073391878
2,2332.1,3,2332.2,09:00:09.222961307
3,2332.1,3,2332.2,09:00:09.223071553
4,2332.1,3,2332.2,09:00:09.223219006
4,2332.1,2,2332.2,09:00:09.228847407
4,2332.1,2,2332.2,09:00:09.309450439
4,2332.1,1,2332.2,09:00:09.598982000
4,2332.1,9,2332.3,09:00:09.600506920
4,2332.1,9,2332.3,09:00:09.600506920
4,2332.1,8,2332.3,09:00:09.600557337
5,2332.1,8,2332.3,09:00:09.600731482
5,2332.1,7,2332.3,09:00:09.600753123
6,2332.1,7,2332.3,09:00:09.600788328
7,2332.1,7,2332.3,09:00:09.600821791
7,2332.1,7,2332.3,09:00:09.601045741
6,2332.1,7,2332.3,09:00:09.601064954
6,2332.1,7,2332.3,09:00:09.801403488
6,2332.1,8,2332.3,09:00:09.880035966
5,2332.1,8,2332.3,09:00:09.880139146
5,2332.1,1,2332.2,09:00:09.880826175
4,2332.1,1,2332.2,09:00:09.880882067
3,2332.1,1,2332.2,09:00:09.881003580
2,2332.1,1,2332.2,09:00:09.881193533
2,2332.1,1,2332.2,09:00:09.881243041
2,2332.1,1,2332.2,09:00:09.881255646
2,2332.1,2,2332.2,09:00:09.881332501
2,2332.1,4,2332.2,09:00:09.894137289
1,2332.1,4,2332.2,09:00:09.894276136
1,2332.1,3,2332.2,09:00:09.989690999
2,2332.1,3,2332.2,09:00:09.989834996
3,2332.1,3,2332.2,09:00:09.997747451
2,2332.1,3,2332.2,09:00:09.997804271
2,2332.1,2,2332.2,09:00:09.997865852
2,2332.1,3,2332.2,09:00:10.019861652
3,2332.1,3,2332.2,09:00:10.059241797
3,2332.1,2,2332.2,09:00:10.059267464
3,2332.1,3,2332.2,09:00:10.085946766
2,2332.1,3,2332.2,09:00:10.086378961
2,2332.1,1,2332.2,09:00:10.086413036
3,2332.1,1,2332.2,09:00:10.127180596
4,2332.1,1,2332.2,09:00:10.127200319
4,2332.1,9,2332.3,09:00:10.127438167
4,2332.1,9,2332.3,09:00:10.127438167
5,2332.1,9,2332.3,09:00:10.127573399
6,2332.1,9,2332.3,09:00:10.127666271
6,2332.1,8,2332.3,09:00:10.151283424
6,2332.1,7,2332.3,09:00:10.151300035
6,2332.1,1,2332.2,09:00:10.161722044
6,2332.1,1,2332.2,09:00:10.161995398
5,2332.1,1,2332.2,09:00:10.162045145
4,2332.1,1,2332.2,09:00:10.162066010
12,2332.0,1,2332.2,09:00:10.202443782
12,2332.0,1,2332.2,09:00:10.202443782
12,2332.0,2,2332.2,09:00:10.202524468
12,2332.0,3,2332.2,09:00:10.202581007
12,2332.0,4,2332.2,09:00:10.202601519
12,2332.0,5,2332.2,09:00:10.202668209
12,2332.0,6,2332.2,09:00:10.202735272
12,2332.0,6,2332.2,09:00:10.202748719
12,2332.0,5,2332.2,09:00:10.204063904
12,2332.0,5,2332.2,09:00:10.204063904
12,2332.0,7,2332.2,09:00:10.204098528
12,2332.0,8,2332.2,09:00:10.204216003
11,2332.0,8,2332.2,09:00:10.204230963
11,2332.0,9,2332.2,09:00:10.204282683
11,2332.0,9,2332.2,09:00:10.204296459
11,2332.0,9,2332.2,09:00:10.204309790
11,2332.0,9,2332.2,09:00:10.204323026
11,2332.0,9,2332.2,09:00:10.204336735
11,2332.0,9,2332.2,09:00:10.204362752
11,2332.0,9,2332.2,09:00:10.204375152
11,2332.0,8,2332.2,09:00:10.204402029
11,2332.0,1,2332.1,09:00:10.204518654
11,2332.0,1,2332.1,09:00:10.204544006
11,2332.0,1,2332.1,09:00:10.204556752
11,2332.0,8,2332.2,09:00:10.204651874
11,2332.0,8,2332.2,09:00:10.204651874
11,2332.0,8,2332.2,09:00:10.204693718
11,2332.0,8,2332.2,09:00:10.204706867
11,2332.0,9,2332.2,09:00:10.204725162
10,2332.0,9,2332.2,09:00:10.204746823
10,2332.0,10,2332.2,09:00:10.204778993
10,2332.0,10,2332.2,09:00:10.204810422
9,2332.0,10,2332.2,09:00:10.204826355
9,2332.0,10,2332.2,09:00:10.204910523
9,2332.0,9,2332.2,09:00:10.204927374
10,2332.0,9,2332.2,09:00:10.208790316
10,2332.0,9,2332.2,09:00:10.210643023
10,2332.0,8,2332.2,09:00:10.223781452
1,2332.1,8,2332.2,09:00:10.224045902
1,2332.1,7,2332.2,09:00:10.224100859
2,2332.1,7,2332.2,09:00:10.224193918
2,2332.1,7,2332.2,09:00:10.224231778
2,2332.1,7,2332.2,09:00:10.224249555
2,2332.1,5,2332.2,09:00:10.224268627
2,2332.1,4,2332.2,09:00:10.224430355
2,2332.1,3,2332.2,09:00:10.224453277
2,2332.1,2,2332.2,09:00:10.224486456
2,2332.1,1,2332.2,09:00:10.224513710
2,2332.1,1,2332.2,09:00:10.224537432
2,2332.1,1,2332.2,09:00:10.224553928
2,2332.1,2,2332.2,09:00:10.226141106
2,2332.1,3,2332.2,09:00:10.237814245
2,2332.1,4,2332.2,09:00:10.257815334
1,2332.1,4,2332.2,09:00:10.257960864
11,2332.0,4,2332.2,09:00:10.257989514
11,2332.0,4,2332.2,09:00:10.257989514
10,2332.0,4,2332.2,09:00:10.258105801
2,2332.1,4,2332.2,09:00:10.258142260
2,2332.1,4,2332.2,09:00:10.268263537
3,2332.1,4,2332.2,09:00:10.284628085
3,2332.1,3,2332.2,09:00:10.284784771
3,2332.1,2,2332.2,09:00:10.391056571
4,2332.1,2,2332.2,09:00:10.391171802
5,2332.1,2,2332.2,09:00:10.391187514
5,2332.1,1,2332.2,09:00:10.391350039
5,2332.1,8,2332.3,09:00:10.391352378
5,2332.1,8,2332.3,09:00:10.391352378
5,2332.1,1,2332.2,09:00:10.391389172
5,2332.1,8,2332.3,09:00:10.391456461
5,2332.1,8,2332.3,09:00:10.391456461
6,2332.1,8,2332.3,09:00:10.391479872
7,2332.1,8,2332.3,09:00:10.391521956
7,2332.1,8,2332.3,09:00:10.391561700
7,2332.1,8,2332.3,09:00:10.391590923
7,2332.1,8,2332.3,09:00:10.391651833
6,2332.1,8,2332.3,09:00:10.391673831
6,2332.1,7,2332.3,09:00:10.391742613
6,2332.1,5,2332.3,09:00:10.391764374
6,2332.1,6,2332.3,09:00:10.460079855
5,2332.1,6,2332.3,09:00:10.460366963
5,2332.1,6,2332.3,09:00:10.558970156
5,2332.1,7,2332.3,09:00:10.648186337
5,2332.1,9,2332.3,09:00:10.716458094
4,2332.1,9,2332.3,09:00:10.716595648
5,2332.1,9,2332.3,09:00:10.746583363
5,2332.1,8,2332.3,09:00:10.746733628
5,2332.1,7,2332.3,09:00:10.773279676
6,2332.1,7,2332.3,09:00:10.773429515
5,2332.1,7,2332.3,09:00:11.026015795
5,2332.1,8,2332.3,09:00:11.047650083
4,2332.1,8,2332.3,09:00:11.047709243
5,2332.1,8,2332.3,09:00:11.095950895
5,2332.1,9,2332.3,09:00:11.315927347
4,2332.1,9,2332.3,09:00:11.323551060
4,2332.1,1,2332.2,09:00:11.323685916
4,2332.1,2,2332.2,09:00:11.323817077
4,2332.1,2,2332.2,09:00:11.323847581
4,2332.1,3,2332.2,09:00:11.323881159
4,2332.1,4,2332.2,09:00:11.323984038
4,2332.1,3,2332.2,09:00:11.334098464
4,2332.1,2,2332.2,09:00:11.334209682
4,2332.1,1,2332.2,09:00:11.349661210
4,2332.1,10,2332.3,09:00:11.349815502
4,2332.1,10,2332.3,09:00:11.349815502
4,2332.1,10,2332.3,09:00:11.399865779
4,2332.1,10,2332.3,09:00:11.463093385
4,2332.1,10,2332.3,09:00:11.463093385
5,2332.1,10,2332.3,09:00:11.466315287
5,2332.1,9,2332.3,09:00:11.466432200
6,2332.1,9,2332.3,09:00:11.466446962
6,2332.1,1,2332.2,09:00:11.475381521
5,2332.1,1,2332.2,09:00:11.475613305
4,2332.1,1,2332.2,09:00:11.475629149
4,2332.1,2,2332.2,09:00:11.478088705
4,2332.1,3,2332.2,09:00:11.478237989
4,2332.1,2,2332.2,09:00:11.505023286
4,2332.1,1,2332.2,09:00:11.505164849
4,2332.1,9,2332.3,09:00:11.531996014
4,2332.1,9,2332.3,09:00:11.531996014
4,2332.1,8,2332.3,09:00:11.621971106
5,2332.1,8,2332.3,09:00:11.622114114
6,2332.1,8,2332.3,09:00:11.622147804
6,2332.1,7,2332.3,09:00:11.622186413
7,2332.1,7,2332.3,09:00:11.622222001
8,2332.1,7,2332.3,09:00:11.622253532
9,2332.1,7,2332.3,09:00:11.622271074
8,2332.1,7,2332.3,09:00:11.622308076
7,2332.1,7,2332.3,09:00:11.622342711
7,2332.1,7,2332.3,09:00:11.622390805
7,2332.1,1,2332.2,09:00:11.829168962
6,2332.1,1,2332.2,09:00:11.829317980
6,2332.1,1,2332.2,09:00:11.829353308
5,2332.1,1,2332.2,09:00:11.829374931
5,2332.1,1,2332.2,09:00:11.829401575
5,2332.1,1,2332.2,09:00:11.849033267
5,2332.1,2,2332.2,09:00:11.863484312
4,2332.1,2,2332.2,09:00:11.863582474
4,2332.1,3,2332.2,09:00:11.863662421
4,2332.1,4,2332.2,09:00:11.863714438
4,2332.1,5,2332.2,09:00:11.863794493
4,2332.1,4,2332.2,09:00:12.003280751
4,2332.1,3,2332.2,09:00:12.063876917
4,2332.1,2,2332.2,09:00:12.063896526
4,2332.1,3,2332.2,09:00:12.099779249
4,2332.1,4,2332.2,09:00:12.099859471
4,2332.1,3,2332.2,09:00:12.116384676
4,2332.1,2,2332.2,09:00:12.128163499
4,2332.1,1,2332.2,09:00:12.128545184
4,2332.1,7,2332.3,09:00:12.128768926
4,2332.1,7,2332.3,09:00:12.128768926
5,2332.1,7,2332.3,09:00:12.128890311
6,2332.1,7,2332.3,09:00:12.128939797
7,2332.1,7,2332.3,09:00:12.129062577
7,2332.1,1,2332.2,09:00:12.144929854
6,2332.1,1,2332.2,09:00:12.145093532
6,2332.1,7,2332.3,09:00:12.353963588
6,2332.1,7,2332.3,09:00:12.353963588
7,2332.1,7,2332.3,09:00:12.365843095
7,2332.1,7,2332.3,09:00:12.365958688
7,2332.1,1,2332.2,09:00:12.403410638
7,2332.1,7,2332.3,09:00:12.403654042
7,2332.1,7,2332.3,09:00:12.403654042
7,2332.1,7,2332.3,09:00:12.403676717
6,2332.1,7,2332.3,09:00:12.403687332
5,2332.1,7,2332.3,09:00:12.551142779
4,2332.1,7,2332.3,09:00:12.551241732
4,2332.1,8,2332.3,09:00:12.551261620
5,2332.1,8,2332.3,09:00:12.586497163
5,2332.1,7,2332.3,09:00:12.587166027
6,2332.1,7,2332.3,09:00:12.587186888
6,2332.1,7,2332.3,09:00:12.587441985
6,2332.1,7,2332.3,09:00:12.648827655
6,2332.1,7,2332.3,09:00:13.025351030
7,2332.1,7,2332.3,09:00:13.067248345
1,2332.2,7,2332.3,09:00:13.067415449
1,2332.2,7,2332.3,09:00:13.067542300
1,2332.2,7,2332.3,09:00:13.067581788
1,2332.2,7,2332.3,09:00:13.067640148
8,2332.1,7,2332.3,09:00:13.067758118
8,2332.1,7,2332.3,09:00:13.067758118
8,2332.1,6,2332.3,09:00:13.067791463
7,2332.1,6,2332.3,09:00:13.068018483
6,2332.1,6,2332.3,09:00:13.068034313
6,2332.1,6,2332.3,09:00:13.068095332
6,2332.1,7,2332.3,09:00:13.073311411
5,2332.1,7,2332.3,09:00:13.091815891
5,2332.1,8,2332.3,09:00:13.091834774
5,2332.1,1,2332.2,09:00:13.091876654
5,2332.1,1,2332.2,09:00:13.091942179
4,2332.1,1,2332.2,09:00:13.092148356
4,2332.1,2,2332.2,09:00:13.092176474
3,2332.1,2,2332.2,09:00:13.092226069
3,2332.1,2,2332.2,09:00:13.092256563
3,2332.1,2,2332.2,09:00:13.092335067
3,2332.1,3,2332.2,09:00:13.092501922
3,2332.1,4,2332.2,09:00:13.092597440
3,2332.1,2,2332.2,09:00:13.092636712
3,2332.1,2,2332.2,09:00:13.093045168
4,2332.1,2,2332.2,09:00:13.093086122
4,2332.1,1,2332.2,09:00:13.120589926
4,2332.1,9,2332.3,09:00:13.120771818
4,2332.1,9,2332.3,09:00:13.120771818
5,2332.1,9,2332.3,09:00:13.121429262
5,2332.1,1,2332.2,09:00:13.175616239
5,2332.1,2,2332.2,09:00:13.177676409
4,2332.1,2,2332.2,09:00:13.177879950
4,2332.1,3,2332.2,09:00:13.178032270
5,2332.1,3,2332.2,09:00:13.284965582
5,2332.1,2,2332.2,09:00:13.285115872
5,2332.1,2,2332.2,09:00:13.362300526
5,2332.1,8,2332.3,09:00:13.512550927
5,2332.1,7,2332.3,09:00:13.512550927
5,2332.1,7,2332.3,09:00:13.512550927
6,2332.1,7,2332.3,09:00:13.512768837
6,2332.1,1,2332.2,09:00:13.635096021
5,2332.1,1,2332.2,09:00:13.635266693
5,2332.1,7,2332.3,09:00:13.635749346
5,2332.1,7,2332.3,09:00:13.635749346
6,2332.1,7,2332.3,09:00:13.635894044
6,2332.1,6,2332.3,09:00:13.636000926
7,2332.1,6,2332.3,09:00:13.636018280
7,2332.1,6,2332.3,09:00:13.636049355
6,2332.1,6,2332.3,09:00:13.864026747
6,2332.1,7,2332.3,09:00:14.054719318
6,2332.1,8,2332.3,09:00:14.093401012
6,2332.1,9,2332.3,09:00:14.141231701
5,2332.1,9,2332.3,09:00:14.141343920
5,2332.1,10,2332.3,09:00:14.141368804
5,2332.1,1,2332.2,09:00:14.141489523
4,2332.1,1,2332.2,09:00:14.141641780
4,2332.1,1,2332.2,09:00:14.141688510
4,2332.1,2,2332.2,09:00:14.141907606
4,2332.1,1,2332.2,09:00:14.142055481
4,2332.1,2,2332.2,09:00:14.142089110
4,2332.1,1,2332.2,09:00:14.142166629
4,2332.1,10,2332.3,09:00:14.142323429
4,2332.1,10,2332.3,09:00:14.142323429
4,2332.1,11,2332.3,09:00:14.188102351
4,2332.1,10,2332.3,09:00:14.593841806
4,2332.1,11,2332.3,09:00:15.094984157
3,2332.1,11,2332.3,09:00:15.280234499
3,2332.1,1,2332.2,09:00:15.280365315
3,2332.1,2,2332.2,09:00:15.280411569
3,2332.1,3,2332.2,09:00:15.280569611
3,2332.1,2,2332.2,09:00:15.284678847
3,2332.1,1,2332.2,09:00:15.468346335
4,2332.1,1,2332.2,09:00:15.468432769
5,2332.1,1,2332.2,09:00:15.468484146
6,2332.1,1,2332.2,09:00:15.468501333
6,2332.1,11,2332.3,09:00:15.468600516
6,2332.1,11,2332.3,09:00:15.468600516
7,2332.1,11,2332.3,09:00:15.468630308
7,2332.1,10,2332.3,09:00:15.468707232
2,2332.2,10,2332.3,09:00:15.468877555
2,2332.2,10,2332.3,09:00:15.468930417
2,2332.2,10,2332.3,09:00:15.469016486
2,2332.2,10,2332.3,09:00:15.469041108
3,2332.2,10,2332.3,09:00:15.469100146
3,2332.2,10,2332.3,09:00:15.469630697
3,2332.2,10,2332.3,09:00:15.469646829
4,2332.2,10,2332.3,09:00:15.487106818
5,2332.2,10,2332.3,09:00:15.487208707
5,2332.2,9,2332.3,09:00:15.487396874
5,2332.2,8,2332.3,09:00:15.487472488
5,2332.2,7,2332.3,09:00:15.487870445
5,2332.2,4,2332.3,09:00:15.487908363
5,2332.2,4,2332.3,09:00:15.488062095
5,2332.2,2,2332.3,09:00:15.488181281
6,2332.2,2,2332.3,09:00:15.488358673
6,2332.2,7,2332.4,09:00:15.488570623
6,2332.2,7,2332.4,09:00:15.488570623
8,2332.2,7,2332.4,09:00:15.488910453
9,2332.2,7,2332.4,09:00:15.489055177
9,2332.2,6,2332.4,09:00:15.489077948
9,2332.2,6,2332.4,09:00:15.489301787
1,2332.3,6,2332.4,09:00:15.489566188
2,2332.3,6,2332.4,09:00:15.489603792
1,2332.3,6,2332.4,09:00:15.489850034
1,2332.3,5,2332.4,09:00:15.489891561
1,2332.3,5,2332.4,09:00:15.489907594
1,2332.3,5,2332.4,09:00:15.489926176
1,2332.3,5,2332.4,09:00:15.490116171
1,2332.3,5,2332.4,09:00:15.490203664
1,2332.3,5,2332.4,09:00:15.490418881
1,2332.3,3,2332.4,09:00:15.490442792
10,2332.2,3,2332.4,09:00:15.490467154
10,2332.2,3,2332.4,09:00:15.490467154
11,2332.2,3,2332.4,09:00:15.491819241
11,2332.2,3,2332.4,09:00:15.496367766
11,2332.2,3,2332.4,09:00:15.497402718
11,2332.2,5,2332.4,09:00:15.497614019
11,2332.2,6,2332.4,09:00:15.498718818
12,2332.2,6,2332.4,09:00:15.520075280
13,2332.2,6,2332.4,09:00:15.520092106
13,2332.2,5,2332.4,09:00:15.520254541
1,2332.3,5,2332.4,09:00:15.520390726
2,2332.3,5,2332.4,09:00:15.520437255
2,2332.3,5,2332.4,09:00:15.520560634
1,2332.3,5,2332.4,09:00:15.532108288
13,2332.2,5,2332.4,09:00:15.532299831
13,2332.2,5,2332.4,09:00:15.532299831
13,2332.2,6,2332.4,09:00:15.532423773
13,2332.2,5,2332.4,09:00:15.532832796
13,2332.2,3,2332.4,09:00:15.540130056
1,2332.3,3,2332.4,09:00:15.540236039
2,2332.3,3,2332.4,09:00:15.540263759
3,2332.3,3,2332.4,09:00:15.540326464
4,2332.3,3,2332.4,09:00:15.540371131
5,2332.3,3,2332.4,09:00:15.540428595
5,2332.3,3,2332.4,09:00:15.540475648
6,2332.3,3,2332.4,09:00:15.540494074
6,2332.3,7,2332.5,09:00:15.540863771
6,2332.3,7,2332.5,09:00:15.540863771
5,2332.3,7,2332.5,09:00:15.540903432
5,2332.3,1,2332.4,09:00:15.540930355
5,2332.3,1,2332.4,09:00:15.541023944
4,2332.3,1,2332.4,09:00:15.541266950
4,2332.3,1,2332.4,09:00:15.541341356
4,2332.3,6,2332.5,09:00:15.541395555
4,2332.3,6,2332.5,09:00:15.541395555
5,2332.3,6,2332.5,09:00:15.541431063
5,2332.3,6,2332.5,09:00:15.541543996
2,2332.4,6,2332.5,09:00:15.541636839
2,2332.4,5,2332.5,09:00:15.541660856
2,2332.4,5,2332.5,09:00:15.541695423
1,2332.4,5,2332.5,09:00:15.541873321
1,2332.4,5,2332.5,09:00:15.542043120
4,2332.3,5,2332.5,09:00:15.542100772
4,2332.3,5,2332.5,09:00:15.542100772
4,2332.3,6,2332.5,09:00:15.542265275
4,2332.3,6,2332.5,09:00:15.542387980
5,2332.3,6,2332.5,09:00:15.542407441
5,2332.3,5,2332.5,09:00:15.542427070
5,2332.3,5,2332.5,09:00:15.542442116
5,2332.3,6,2332.5,09:00:15.542502003
5,2332.3,6,2332.5,09:00:15.542646204
5,2332.3,6,2332.5,09:00:15.542646204
4,2332.3,6,2332.5,09:00:15.544686565
4,2332.3,5,2332.5,09:00:15.544820658
4,2332.3,1,2332.4,09:00:15.549508611
3,2332.3,1,2332.4,09:00:15.549640730
3,2332.3,2,2332.4,09:00:15.549667652
3,2332.3,3,2332.4,09:00:15.551820390
2,2332.3,3,2332.4,09:00:15.551970209
1,2332.3,3,2332.4,09:00:15.551992968
13,2332.2,3,2332.4,09:00:15.552039795
13,2332.2,3,2332.4,09:00:15.552039795
13,2332.2,4,2332.4,09:00:15.552239867
13,2332.2,4,2332.4,09:00:15.718972456
13,2332.2,1,2332.3,09:00:15.735757784
13,2332.2,1,2332.3,09:00:15.735954585
13,2332.2,1,2332.3,09:00:15.735986874
12,2332.2,1,2332.3,09:00:15.736052587
12,2332.2,1,2332.3,09:00:15.736086735
12,2332.2,5,2332.4,09:00:15.736211086
12,2332.2,5,2332.4,09:00:15.736211086
10,2332.2,5,2332.4,09:00:15.736230815
9,2332.2,5,2332.4,09:00:15.736230815
8,2332.2,5,2332.4,09:00:15.736239705
7,2332.2,5,2332.4,09:00:15.736247279
7,2332.2,6,2332.4,09:00:15.736396091
7,2332.2,4,2332.4,09:00:15.782703765
8,2332.2,4,2332.4,09:00:15.782900684
8,2332.2,4,2332.4,09:00:15.782926883
9,2332.2,4,2332.4,09:00:15.782961869
1,2332.3,4,2332.4,09:00:15.783041618
1,2332.3,5,2332.4,09:00:15.783081923
2,2332.3,5,2332.4,09:00:15.783167224
2,2332.3,5,2332.4,09:00:15.783183634
2,2332.3,4,2332.4,09:00:15.783191010
2,2332.3,3,2332.4,09:00:15.783222845
1,2332.3,3,2332.4,09:00:15.783245804
10,2332.2,3,2332.4,09:00:15.783290833
10,2332.2,3,2332.4,09:00:15.783290833
9,2332.2,3,2332.4,09:00:15.783618852
8,2332.2,3,2332.4,09:00:15.783632978
8,2332.2,4,2332.4,09:00:15.783769397
8,2332.2,5,2332.4,09:00:15.783880496
8,2332.2,5,2332.4,09:00:15.822849698
7,2332.2,5,2332.4,09:00:15.823295425
6,2332.2,5,2332.4,09:00:15.823490117
5,2332.2,5,2332.4,09:00:15.823510342
5,2332.2,1,2332.3,09:00:15.823579341
5,2332.2,1,2332.3,09:00:15.823604686
4,2332.2,1,2332.3,09:00:15.823738750
3,2332.2,1,2332.3,09:00:15.823841334
3,2332.2,2,2332.3,09:00:15.828756691
3,2332.2,3,2332.3,09:00:15.828909507
2,2332.2,3,2332.3,09:00:15.828968024
2,2332.2,4,2332.3,09:00:15.829054963
2,2332.2,4,2332.3,09:00:15.829198024
2,2332.2,3,2332.3,09:00:15.829269454
2,2332.2,4,2332.3,09:00:15.829342169
2,2332.2,4,2332.3,09:00:15.829449831
8,2332.1,4,2332.3,09:00:15.833720043
8,2332.1,4,2332.3,09:00:15.833720043
7,2332.1,4,2332.3,09:00:15.833869998
7,2332.1,5,2332.3,09:00:15.833943503
7,2332.1,6,2332.3,09:00:15.834028532
7,2332.1,7,2332.3,09:00:15.834099452
7,2332.1,7,2332.3,09:00:15.834112732
6,2332.1,7,2332.3,09:00:15.834166667
1,2332.2,7,2332.3,09:00:15.834226446
2,2332.2,7,2332.3,09:00:15.834253336
2,2332.2,6,2332.3,09:00:15.834315811
2,2332.2,6,2332.3,09:00:15.834362760
2,2332.2,6,2332.3,09:00:15.842253716
1,2332.2,6,2332.3,09:00:15.972546309
1,2332.2,6,2332.3,09:00:15.972636269
1,2332.2,6,2332.3,09:00:15.972652779
4,2332.1,6,2332.3,09:00:15.972759341
4,2332.1,6,2332.3,09:00:15.972759341
4,2332.1,6,2332.3,09:00:15.972831674
4,2332.1,7,2332.3,09:00:15.973608343
3,2332.1,7,2332.3,09:00:15.973768820
3,2332.1,7,2332.3,09:00:15.973890186
3,2332.1,7,2332.3,09:00:15.993226277
3,2332.1,7,2332.3,09:00:15.993226277
3,2332.1,7,2332.3,09:00:16.003520011
3,2332.1,7,2332.3,09:00:16.003721123
3,2332.1,7,2332.3,09:00:16.003869955
3,2332.1,6,2332.3,09:00:16.003889641
3,2332.1,6,2332.3,09:00:16.004028406
4,2332.1,6,2332.3,09:00:16.004143042
4,2332.1,6,2332.3,09:00:16.005935531
4,2332.1,5,2332.3,09:00:16.048684913
4,2332.1,4,2332.3,09:00:16.048695764
5,2332.1,4,2332.3,09:00:16.048806756
5,2332.1,4,2332.3,09:00:16.048886956
5,2332.1,3,2332.3,09:00:16.100231406
1,2332.2,3,2332.3,09:00:16.100697578
1,2332.2,3,2332.3,09:00:16.100764290
2,2332.2,3,2332.3,09:00:16.101185767
2,2332.2,2,2332.3,09:00:16.101276483
3,2332.2,2,2332.3,09:00:16.101342197
3,2332.2,1,2332.3,09:00:16.101553055
3,2332.2,2,2332.3,09:00:16.101636941
3,2332.2,1,2332.3,09:00:16.101834658
2,2332.2,1,2332.3,09:00:16.101859952
2,2332.2,2,2332.3,09:00:16.102957224
1,2332.2,2,2332.3,09:00:16.103472540
1,2332.2,1,2332.3,09:00:16.106530138
2,2332.2,1,2332.3,09:00:16.106674154
3,2332.2,1,2332.3,09:00:16.106700852
4,2332.2,1,2332.3,09:00:16.106723208
5,2332.2,1,2332.3,09:00:16.106803062
5,2332.2,6,2332.4,09:00:16.106869096
5,2332.2,6,2332.4,09:00:16.106869096
5,2332.2,6,2332.4,09:00:16.106988003
6,2332.2,6,2332.4,09:00:16.107038388
6,2332.2,5,2332.4,09:00:16.107058047
6,2332.2,5,2332.4,09:00:16.118965510
6,2332.2,1,2332.3,09:00:16.251088060
5,2332.2,1,2332.3,09:00:16.251241401
4,2332.2,1,2332.3,09:00:16.251276082
3,2332.2,1,2332.3,09:00:16.251389484
2,2332.2,1,2332.3,09:00:16.251415456
3,2332.2,1,2332.3,09:00:16.260723014
3,2332.2,5,2332.4,09:00:16.261005406
3,2332.2,5,2332.4,09:00:16.261005406
3,2332.2,4,2332.4,09:00:16.261066877
4,2332.2,4,2332.4,09:00:16.261133726
5,2332.2,4,2332.4,09:00:16.261151597
6,2332.2,4,2332.4,09:00:16.261206892
4,2332.3,4,2332.4,09:00:16.268964508
4,2332.3,3,2332.4,09:00:16.269139488
4,2332.3,2,2332.4,09:00:16.269159590
4,2332.3,2,2332.4,09:00:16.269188132
4,2332.3,2,2332.4,09:00:16.269201313
4,2332.3,1,2332.4,09:00:16.269251977
4,2332.3,2,2332.4,09:00:16.300595085
4,2332.3,3,2332.4,09:00:16.300708139
4,2332.3,3,2332.4,09:00:16.300724210
4,2332.3,4,2332.4,09:00:16.300750006
4,2332.3,3,2332.4,09:00:16.377665381
4,2332.3,2,2332.4,09:00:16.377828702
4,2332.3,3,2332.4,09:00:16.595529159
4,2332.3,4,2332.4,09:00:16.595930418
4,2332.3,3,2332.4,09:00:16.826369148
4,2332.3,4,2332.4,09:00:16.938399992
4,2332.3,3,2332.4,09:00:17.095550046
4,2332.3,2,2332.4,09:00:17.095606002
4,2332.3,1,2332.4,09:00:17.095654451
4,2332.3,7,2332.5,09:00:17.096008388
4,2332.3,7,2332.5,09:00:17.096008388
5,2332.3,7,2332.5,09:00:17.096264041
6,2332.3,7,2332.5,09:00:17.096281081
6,2332.3,7,2332.5,09:00:17.096346417
6,2332.3,7,2332.5,09:00:17.096362235
6,2332.3,6,2332.5,09:00:17.096381794
7,2332.3,6,2332.5,09:00:17.096519579
6,2332.3,6,2332.5,09:00:17.096549154
6,2332.3,1,2332.4,09:00:17.136895455
5,2332.3,1,2332.4,09:00:17.137064280
4,2332.3,1,2332.4,09:00:17.265040316
4,2332.3,2,2332.4,09:00:17.265164680
3,2332.3,2,2332.4,09:00:17.265213116
3,2332.3,1,2332.4,09:00:17.276656135
4,2332.3,1,2332.4,09:00:17.276901801
4,2332.3,2,2332.4,09:00:17.277881894
3,2332.3,2,2332.4,09:00:17.278034326
3,2332.3,2,2332.4,09:00:17.448810292
4,2332.3,2,2332.4,09:00:17.510322702
5,2332.3,2,2332.4,09:00:17.585394185
5,2332.3,1,2332.4,09:00:17.636241949
5,2332.3,2,2332.4,09:00:17.653116329
4,2332.3,2,2332.4,09:00:17.653265414
4,2332.3,6,2332.5,09:00:18.058775227
4,2332.3,8,2332.6,09:00:18.058775227
4,2332.3,7,2332.6,09:00:18.058775227
2,2332.5,7,2332.6,09:00:18.058775227
2,2332.5,7,2332.6,09:00:18.058775227
2,2332.5,7,2332.6,09:00:18.058775227
2,2332.5,7,2332.6,09:00:18.058831702
2,2332.5,7,2332.6,09:00:18.058864656
2,2332.5,7,2332.6,09:00:18.058937112
2,2332.5,7,2332.6,09:00:18.059178854
2,2332.5,7,2332.6,09:00:18.059265929
5,2332.5,7,2332.6,09:00:18.059403646
5,2332.5,7,2332.6,09:00:18.059432860
3,2332.5,7,2332.6,09:00:18.059466963
3,2332.5,6,2332.6,09:00:18.059537853
3,2332.5,6,2332.6,09:00:18.059549102
3,2332.5,6,2332.6,09:00:18.059565019
1,2332.5,6,2332.6,09:00:18.059600507
1,2332.5,6,2332.6,09:00:18.059651027
1,2332.5,6,2332.6,09:00:18.059685351
1,2332.5,6,2332.6,09:00:18.059711777
1,2332.5,6,2332.6,09:00:18.059729554
1,2332.5,6,2332.6,09:00:18.059770239
1,2332.5,8,2332.6,09:00:18.059983898
1,2332.5,8,2332.6,09:00:18.060338753
1,2332.5,8,2332.6,09:00:18.060353396
1,2332.5,8,2332.6,09:00:18.060413433
1,2332.5,7,2332.6,09:00:18.060583866
1,2332.5,6,2332.6,09:00:18.060749225
2,2332.5,6,2332.6,09:00:18.060779222
2,2332.5,6,2332.6,09:00:18.060803390
1,2332.5,6,2332.6,09:00:18.060830894
1,2332.5,6,2332.6,09:00:18.060863743
1,2332.5,6,2332.6,09:00:18.060863743
2,2332.5,6,2332.6,09:00:18.060901554
3,2332.5,6,2332.6,09:00:18.061388624
3,2332.5,7,2332.7,09:00:18.061510047
3,2332.5,7,2332.7,09:00:18.061510047
2,2332.5,7,2332.7,09:00:18.061621543
1,2332.5,7,2332.7,09:00:18.061641544
1,2332.5,7,2332.7,09:00:18.061656978
2,2332.5,7,2332.7,09:00:18.061963042
2,2332.5,6,2332.7,09:00:18.062075707
3,2332.5,6,2332.7,09:00:18.062097569
3,2332.5,5,2332.7,09:00:18.062150220
3,2332.5,5,2332.7,09:00:18.062210769
3,2332.5,4,2332.7,09:00:18.062245707
3,2332.5,5,2332.7,09:00:18.062263492
4,2332.5,5,2332.7,09:00:18.062300146
4,2332.5,6,2332.7,09:00:18.062316848
5,2332.5,6,2332.7,09:00:18.062337088
5,2332.5,1,2332.6,09:00:18.062358870
5,2332.5,2,2332.6,09:00:18.062451507
5,2332.5,1,2332.6,09:00:18.062558154
6,2332.5,1,2332.6,09:00:18.062589032
6,2332.5,1,2332.6,09:00:18.062708782
6,2332.5,1,2332.6,09:00:18.062722027
6,2332.5,1,2332.6,09:00:18.062736232
6,2332.5,1,2332.6,09:00:18.062765996
6,2332.5,1,2332.6,09:00:18.062780492
6,2332.5,1,2332.6,09:00:18.062792656
6,2332.5,1,2332.6,09:00:18.062820650
6,2332.5,1,2332.6,09:00:18.062917125
6,2332.5,1,2332.6,09:00:18.062930454
6,2332.5,1,2332.6,09:00:18.062930454
5,2332.5,1,2332.6,09:00:18.062969788
4,2332.5,1,2332.6,09:00:18.063103596
4,2332.5,2,2332.6,09:00:18.063252668
3,2332.5,2,2332.6,09:00:18.063497399
3,2332.5,1,2332.6,09:00:18.063660506
4,2332.5,1,2332.6,09:00:18.063833800
4,2332.5,2,2332.6,09:00:18.064245121
3,2332.5,2,2332.6,09:00:18.064403901
3,2332.5,3,2332.6,09:00:18.199270886
2,2332.5,3,2332.6,09:00:18.199412942
2,2332.5,3,2332.6,09:00:18.199429436
2,2332.5,3,2332.6,09:00:18.199444322
2,2332.5,3,2332.6,09:00:18.199457155
2,2332.5,3,2332.6,09:00:18.199470438
2,2332.5,3,2332.6,09:00:18.199535771
2,2332.5,4,2332.6,09:00:18.199572332
2,2332.5,4,2332.6,09:00:18.199694846
1,2332.5,4,2332.6,09:00:18.201736055
7,2332.4,4,2332.6,09:00:18.201984604
7,2332.4,4,2332.6,09:00:18.201984604
7,2332.4,5,2332.6,09:00:18.202056926
7,2332.4,5,2332.6,09:00:18.202072846
6,2332.4,5,2332.6,09:00:18.202103903
6,2332.4,5,2332.6,09:00:18.202154841
5,2332.4,5,2332.6,09:00:18.202181689
5,2332.4,6,2332.6,09:00:18.299329792
5,2332.4,6,2332.6,09:00:18.406941131
5,2332.4,6,2332.6,09:00:18.425778885
6,2332.4,6,2332.6,09:00:18.574204912
6,2332.4,6,2332.6,09:00:18.574311958
6,2332.4,5,2332.6,09:00:18.616492676
7,2332.4,5,2332.6,09:00:18.616655394
6,2332.4,5,2332.6,09:00:18.616882640
6,2332.4,6,2332.6,09:00:18.617156613
6,2332.4,5,2332.6,09:00:18.766784475
7,2332.4,5,2332.6,09:00:18.767065323
7,2332.4,4,2332.6,09:00:18.767180525
7,2332.4,4,2332.6,09:00:18.767192458
7,2332.4,3,2332.6,09:00:18.767381198
8,2332.4,3,2332.6,09:00:18.767406924
8,2332.4,4,2332.6,09:00:18.767520008
1,2332.5,4,2332.6,09:00:18.767633830
1,2332.5,4,2332.6,09:00:18.767794399
1,2332.5,4,2332.6,09:00:18.768996545
9,2332.4,4,2332.6,09:00:19.059230693
9,2332.4,4,2332.6,09:00:19.059230693
8,2332.4,4,2332.6,09:00:19.059502248
7,2332.4,4,2332.6,09:00:19.059604755
6,2332.4,4,2332.6,09:00:19.059640522
6,2332.4,4,2332.6,09:00:19.059640522
6,2332.4,4,2332.6,09:00:19.067591739
6,2332.4,4,2332.6,09:00:19.091148708
7,2332.4,4,2332.6,09:00:19.092734548
7,2332.4,4,2332.6,09:00:19.092734548
8,2332.4,4,2332.6,09:00:19.349867982
8,2332.4,3,2332.6,09:00:19.350140457
1,2332.5,3,2332.6,09:00:19.350275314
1,2332.5,2,2332.6,09:00:19.350301066
