bidVolume,bidPrice,askVolume,askPrice,timestamp
30,5053.75,24,5054.0,09:45:00.006762960
30,5053.75,15,5054.0,09:45:00.006891795
30,5053.75,11,5054.0,09:45:00.006891795
30,5053.75,9,5054.0,09:45:00.006981378
30,5053.75,8,5054.0,09:45:00.006981378
30,5053.75,7,5054.0,09:45:00.007043711
30,5053.75,49,5054.25,09:45:00.007091821
30,5053.75,49,5054.25,09:45:00.007091821
2,5054.0,49,5054.25,09:45:00.007103664
3,5054.0,49,5054.25,09:45:00.007156888
4,5054.0,49,5054.25,09:45:00.007163006
5,5054.0,49,5054.25,09:45:00.007180938
7,5054.0,49,5054.25,09:45:00.007190388
7,5054.0,49,5054.25,09:45:00.007332011
8,5054.0,49,5054.25,09:45:00.007362828
8,5054.0,48,5054.25,09:45:00.007385788
8,5054.0,48,5054.25,09:45:00.007390819
6,5054.0,48,5054.25,09:45:00.007397401
6,5054.0,48,5054.25,09:45:00.007402515
10,5054.0,48,5054.25,09:45:00.007408688
11,5054.0,48,5054.25,09:45:00.007418195
11,5054.0,48,5054.25,09:45:00.007426880
11,5054.0,48,5054.25,09:45:00.007438151
11,5054.0,49,5054.25,09:45:00.007445476
12,5054.0,49,5054.25,09:45:00.007450788
13,5054.0,49,5054.25,09:45:00.007460785
13,5054.0,49,5054.25,09:45:00.007482270
12,5054.0,49,5054.25,09:45:00.007497301
10,5054.0,49,5054.25,09:45:00.007624430
10,5054.0,49,5054.25,09:45:00.007624430
10,5054.0,49,5054.25,09:45:00.007721328
6,5054.0,49,5054.25,09:45:00.007727779
6,5054.0,49,5054.25,09:45:00.007792868
5,5054.0,49,5054.25,09:45:00.007842674
5,5054.0,49,5054.25,09:45:00.008357150
5,5054.0,49,5054.25,09:45:00.008390954
5,5054.0,47,5054.25,09:45:00.009557375
5,5054.0,47,5054.25,09:45:00.009616307
5,5054.0,47,5054.25,09:45:00.009625382
5,5054.0,47,5054.25,09:45:00.009634983
10,5054.0,47,5054.25,09:45:00.009645751
11,5054.0,47,5054.25,09:45:00.009657572
11,5054.0,48,5054.25,09:45:00.010906266
11,5054.0,48,5054.25,09:45:00.012654087
11,5054.0,48,5054.25,09:45:00.012654087
11,5054.0,48,5054.25,09:45:00.014756849
11,5054.0,48,5054.25,09:45:00.016250521
11,5054.0,47,5054.25,09:45:00.016366162
11,5054.0,47,5054.25,09:45:00.016419731
11,5054.0,47,5054.25,09:45:00.016419731
11,5054.0,47,5054.25,09:45:00.020007032
11,5054.0,47,5054.25,09:45:00.022025697
11,5054.0,47,5054.25,09:45:00.022025697
11,5054.0,47,5054.25,09:45:00.022226113
11,5054.0,47,5054.25,09:45:00.022233509
11,5054.0,47,5054.25,09:45:00.022241787
12,5054.0,47,5054.25,09:45:00.023206700
12,5054.0,46,5054.25,09:45:00.023344094
12,5054.0,45,5054.25,09:45:00.023349317
12,5054.0,41,5054.25,09:45:00.023360799
21,5054.0,41,5054.25,09:45:00.023373017
21,5054.0,41,5054.25,09:45:00.023433674
21,5054.0,40,5054.25,09:45:00.023467070
22,5054.0,40,5054.25,09:45:00.023606170
22,5054.0,40,5054.25,09:45:00.023758135
22,5054.0,40,5054.25,09:45:00.023758135
22,5054.0,40,5054.25,09:45:00.024056842
22,5054.0,40,5054.25,09:45:00.024056842
22,5054.0,38,5054.25,09:45:00.024207734
22,5054.0,38,5054.5,09:45:00.024601336
22,5054.0,38,5054.5,09:45:00.024601336
1,5054.25,38,5054.5,09:45:00.024631071
2,5054.25,38,5054.5,09:45:00.024674269
3,5054.25,38,5054.5,09:45:00.024714964
3,5054.25,38,5054.5,09:45:00.024725751
3,5054.25,38,5054.5,09:45:00.024764619
3,5054.25,37,5054.5,09:45:00.024771192
4,5054.25,37,5054.5,09:45:00.024776031
4,5054.25,36,5054.5,09:45:00.024786066
4,5054.25,36,5054.5,09:45:00.024797538
5,5054.25,36,5054.5,09:45:00.024803622
5,5054.25,35,5054.5,09:45:00.024809129
5,5054.25,35,5054.5,09:45:00.024816883
5,5054.25,36,5054.5,09:45:00.024845232
6,5054.25,36,5054.5,09:45:00.024853674
7,5054.25,36,5054.5,09:45:00.024865575
7,5054.25,36,5054.5,09:45:00.024879242
7,5054.25,36,5054.5,09:45:00.024885140
7,5054.25,36,5054.5,09:45:00.024893188
7,5054.25,36,5054.5,09:45:00.024899809
8,5054.25,36,5054.5,09:45:00.024904472
8,5054.25,35,5054.5,09:45:00.024924702
8,5054.25,35,5054.5,09:45:00.024929854
8,5054.25,35,5054.5,09:45:00.024986694
7,5054.25,35,5054.5,09:45:00.025090571
7,5054.25,35,5054.5,09:45:00.025743906
4,5054.25,35,5054.5,09:45:00.026514174
2,5054.25,35,5054.5,09:45:00.026703411
2,5054.25,35,5054.5,09:45:00.026703411
1,5054.25,35,5054.5,09:45:00.026788337
1,5054.25,35,5054.5,09:45:00.026983999
1,5054.25,35,5054.5,09:45:00.026983999
9,5054.25,35,5054.5,09:45:00.027792466
10,5054.25,35,5054.5,09:45:00.027901559
14,5054.25,35,5054.5,09:45:00.027907377
15,5054.25,35,5054.5,09:45:00.027913729
15,5054.25,35,5054.5,09:45:00.028278118
15,5054.25,35,5054.5,09:45:00.028278118
16,5054.25,35,5054.5,09:45:00.028473376
12,5054.25,35,5054.5,09:45:00.028481590
13,5054.25,35,5054.5,09:45:00.028567240
13,5054.25,35,5054.5,09:45:00.030457889
13,5054.25,35,5054.5,09:45:00.034341123
13,5054.25,35,5054.5,09:45:00.034341123
13,5054.25,35,5054.5,09:45:00.034805490
17,5054.25,35,5054.5,09:45:00.034906043
13,5054.25,35,5054.5,09:45:00.035565900
13,5054.25,35,5054.5,09:45:00.035839022
13,5054.25,35,5054.5,09:45:00.036658830
13,5054.25,35,5054.5,09:45:00.036755156
13,5054.25,35,5054.5,09:45:00.045662695
13,5054.25,35,5054.5,09:45:00.046567562
12,5054.25,35,5054.5,09:45:00.047254619
11,5054.25,35,5054.5,09:45:00.047347027
12,5054.25,35,5054.5,09:45:00.047582763
13,5054.25,35,5054.5,09:45:00.047692602
13,5054.25,35,5054.5,09:45:00.056576298
13,5054.25,35,5054.5,09:45:00.056576298
13,5054.25,35,5054.5,09:45:00.062834978
13,5054.25,35,5054.5,09:45:00.062834978
5,5054.25,35,5054.5,09:45:00.063147967
1,5054.25,35,5054.5,09:45:00.063147967
28,5054.0,35,5054.5,09:45:00.063175734
28,5054.0,35,5054.5,09:45:00.063175734
28,5054.0,35,5054.5,09:45:00.063183215
28,5054.0,2,5054.25,09:45:00.063196953
28,5054.0,3,5054.25,09:45:00.063213149
28,5054.0,5,5054.25,09:45:00.063213149
28,5054.0,6,5054.25,09:45:00.063274155
19,5054.0,6,5054.25,09:45:00.063292293
19,5054.0,7,5054.25,09:45:00.063299698
19,5054.0,7,5054.25,09:45:00.063310956
19,5054.0,7,5054.25,09:45:00.063318159
19,5054.0,8,5054.25,09:45:00.063327999
19,5054.0,8,5054.25,09:45:00.063332754
19,5054.0,7,5054.25,09:45:00.063339855
19,5054.0,5,5054.25,09:45:00.063551364
19,5054.0,9,5054.25,09:45:00.063551364
19,5054.0,9,5054.25,09:45:00.063551364
19,5054.0,10,5054.25,09:45:00.063551364
19,5054.0,10,5054.25,09:45:00.063551364
19,5054.0,10,5054.25,09:45:00.063551364
19,5054.0,11,5054.25,09:45:00.063551364
19,5054.0,13,5054.25,09:45:00.063551364
19,5054.0,13,5054.25,09:45:00.063577814
19,5054.0,13,5054.25,09:45:00.063621157
19,5054.0,12,5054.25,09:45:00.063630281
19,5054.0,8,5054.25,09:45:00.063645007
19,5054.0,9,5054.25,09:45:00.063671395
19,5054.0,13,5054.25,09:45:00.064483696
19,5054.0,22,5054.25,09:45:00.066483032
19,5054.0,24,5054.25,09:45:00.066599387
19,5054.0,25,5054.25,09:45:00.066606062
19,5054.0,26,5054.25,09:45:00.066697610
18,5054.0,26,5054.25,09:45:00.066705344
18,5054.0,26,5054.25,09:45:00.078242479
18,5054.0,26,5054.25,09:45:00.083604751
18,5054.0,27,5054.25,09:45:00.092899520
17,5054.0,27,5054.25,09:45:00.092923800
17,5054.0,27,5054.25,09:45:00.092930421
16,5054.0,27,5054.25,09:45:00.092984284
16,5054.0,28,5054.25,09:45:00.093001600
11,5054.0,28,5054.25,09:45:00.093019402
11,5054.0,30,5054.25,09:45:00.093077688
10,5054.0,30,5054.25,09:45:00.093083650
9,5054.0,30,5054.25,09:45:00.093094552
12,5054.0,30,5054.25,09:45:00.093241352
12,5054.0,30,5054.25,09:45:00.106270223
12,5054.0,30,5054.25,09:45:00.108905435
12,5054.0,30,5054.25,09:45:00.108905435
12,5054.0,30,5054.25,09:45:00.115065245
13,5054.0,30,5054.25,09:45:00.138938777
17,5054.0,30,5054.25,09:45:00.138955865
17,5054.0,30,5054.25,09:45:00.139034299
17,5054.0,30,5054.25,09:45:00.139044683
17,5054.0,30,5054.25,09:45:00.139044683
17,5054.0,30,5054.25,09:45:00.139058622
17,5054.0,29,5054.25,09:45:00.139073032
17,5054.0,28,5054.25,09:45:00.139078050
17,5054.0,24,5054.25,09:45:00.147679052
17,5054.0,22,5054.25,09:45:00.147776987
17,5054.0,21,5054.25,09:45:00.147871930
17,5054.0,20,5054.25,09:45:00.147878951
17,5054.0,11,5054.25,09:45:00.147976025
17,5054.0,15,5054.25,09:45:00.148486646
17,5054.0,11,5054.25,09:45:00.155415842
26,5054.0,11,5054.25,09:45:00.155971076
26,5054.0,15,5054.25,09:45:00.156074755
26,5054.0,14,5054.25,09:45:00.156082064
26,5054.0,15,5054.25,09:45:00.156186722
26,5054.0,15,5054.25,09:45:00.156755825
26,5054.0,15,5054.25,09:45:00.156755825
26,5054.0,16,5054.25,09:45:00.204510033
26,5054.0,16,5054.25,09:45:00.204510033
26,5054.0,17,5054.25,09:45:00.204622362
17,5054.0,17,5054.25,09:45:00.204715871
17,5054.0,17,5054.25,09:45:00.206252692
13,5054.0,17,5054.25,09:45:00.259282796
13,5054.0,26,5054.25,09:45:00.259385688
13,5054.0,27,5054.25,09:45:00.259479328
13,5054.0,28,5054.25,09:45:00.259487524
12,5054.0,28,5054.25,09:45:00.259566025
12,5054.0,29,5054.25,09:45:00.259574546
12,5054.0,29,5054.25,09:45:00.263559164
16,5054.0,29,5054.25,09:45:00.263765248
17,5054.0,29,5054.25,09:45:00.263854924
17,5054.0,28,5054.25,09:45:00.263897606
26,5054.0,28,5054.25,09:45:00.263957883
26,5054.0,27,5054.25,09:45:00.269690898
26,5054.0,18,5054.25,09:45:00.269790727
26,5054.0,17,5054.25,09:45:00.269899264
26,5054.0,18,5054.25,09:45:00.270206291
26,5054.0,18,5054.25,09:45:00.272351694
17,5054.0,18,5054.25,09:45:00.275249320
17,5054.0,18,5054.25,09:45:00.275795722
17,5054.0,17,5054.25,09:45:00.293574125
17,5054.0,17,5054.25,09:45:00.301372290
17,5054.0,17,5054.25,09:45:00.301372290
26,5054.0,17,5054.25,09:45:00.306318741
26,5054.0,13,5054.25,09:45:00.306419502
26,5054.0,12,5054.25,09:45:00.306427582
26,5054.0,16,5054.25,09:45:00.306435358
26,5054.0,15,5054.25,09:45:00.306521379
26,5054.0,11,5054.25,09:45:00.324224466
26,5054.0,9,5054.25,09:45:00.324326692
26,5054.0,7,5054.25,09:45:00.334744131
26,5054.0,6,5054.25,09:45:00.334959031
26,5054.0,3,5054.25,09:45:00.334959031
26,5054.0,36,5054.5,09:45:00.334997602
26,5054.0,36,5054.5,09:45:00.334997602
26,5054.0,35,5054.5,09:45:00.335121774
36,5054.0,35,5054.5,09:45:00.336371857
37,5054.0,35,5054.5,09:45:00.336474328
4,5054.25,35,5054.5,09:45:00.337184929
5,5054.25,35,5054.5,09:45:00.337299018
5,5054.25,34,5054.5,09:45:00.337306167
6,5054.25,34,5054.5,09:45:00.337315341
6,5054.25,34,5054.5,09:45:00.337388552
6,5054.25,33,5054.5,09:45:00.337433715
6,5054.25,33,5054.5,09:45:00.340286611
6,5054.25,33,5054.5,09:45:00.344381076
6,5054.25,33,5054.5,09:45:00.345774095
6,5054.25,33,5054.5,09:45:00.345774095
6,5054.25,33,5054.5,09:45:00.345878128
6,5054.25,32,5054.5,09:45:00.348495135
6,5054.25,32,5054.5,09:45:00.349211409
6,5054.25,32,5054.5,09:45:00.349211409
7,5054.25,32,5054.5,09:45:00.349329193
7,5054.25,28,5054.5,09:45:00.350175066
7,5054.25,32,5054.5,09:45:00.369695726
7,5054.25,28,5054.5,09:45:00.372590052
7,5054.25,32,5054.5,09:45:00.394124341
7,5054.25,33,5054.5,09:45:00.394247537
6,5054.25,33,5054.5,09:45:00.399430320
6,5054.25,33,5054.5,09:45:00.399430320
5,5054.25,33,5054.5,09:45:00.399430320
4,5054.25,33,5054.5,09:45:00.399550572
3,5054.25,33,5054.5,09:45:00.399550572
2,5054.25,33,5054.5,09:45:00.399550572
1,5054.25,33,5054.5,09:45:00.399644346
37,5054.0,33,5054.5,09:45:00.399819342
37,5054.0,33,5054.5,09:45:00.399819342
37,5054.0,34,5054.5,09:45:00.399912614
37,5054.0,35,5054.5,09:45:00.400135880
27,5054.0,35,5054.5,09:45:00.403082550
6,5054.25,35,5054.5,09:45:00.424942979
6,5054.25,34,5054.5,09:45:00.425049198
7,5054.25,34,5054.5,09:45:00.425055819
7,5054.25,33,5054.5,09:45:00.425182558
11,5054.25,33,5054.5,09:45:00.425239740
12,5054.25,33,5054.5,09:45:00.425349899
13,5054.25,33,5054.5,09:45:00.425361570
14,5054.25,33,5054.5,09:45:00.425458717
10,5054.25,33,5054.5,09:45:00.428823051
10,5054.25,33,5054.5,09:45:00.435162986
10,5054.25,33,5054.5,09:45:00.435208898
9,5054.25,33,5054.5,09:45:00.435567401
13,5054.25,33,5054.5,09:45:00.438728943
9,5054.25,33,5054.5,09:45:00.443981699
13,5054.25,33,5054.5,09:45:00.457405592
9,5054.25,33,5054.5,09:45:00.479050461
5,5054.25,33,5054.5,09:45:00.494903588
3,5054.25,33,5054.5,09:45:00.495124894
1,5054.25,33,5054.5,09:45:00.495124894
27,5054.0,33,5054.5,09:45:00.495264920
27,5054.0,33,5054.5,09:45:00.495264920
27,5054.0,34,5054.5,09:45:00.495360010
27,5054.0,35,5054.5,09:45:00.495568481
27,5054.0,35,5054.5,09:45:00.495981081
27,5054.0,35,5054.5,09:45:00.496027841
1,5054.25,35,5054.5,09:45:00.524262008
1,5054.25,35,5054.5,09:45:00.524262008
1,5054.25,34,5054.5,09:45:00.524366073
1,5054.25,33,5054.5,09:45:00.524576583
5,5054.25,33,5054.5,09:45:00.525641731
6,5054.25,33,5054.5,09:45:00.525748108
6,5054.25,32,5054.5,09:45:00.597445200
6,5054.25,33,5054.5,09:45:00.600352478
2,5054.25,33,5054.5,09:45:00.600358491
1,5054.25,33,5054.5,09:45:00.600468560
5,5054.25,33,5054.5,09:45:00.631492956
6,5054.25,33,5054.5,09:45:00.631594526
6,5054.25,33,5054.5,09:45:00.636668757
6,5054.25,33,5054.5,09:45:00.636668757
6,5054.25,33,5054.5,09:45:00.636774643
6,5054.25,33,5054.5,09:45:00.637818015
6,5054.25,33,5054.5,09:45:00.637843516
6,5054.25,33,5054.5,09:45:00.639985555
7,5054.25,33,5054.5,09:45:00.643821963
7,5054.25,33,5054.5,09:45:00.644145599
7,5054.25,33,5054.5,09:45:00.644145599
3,5054.25,33,5054.5,09:45:00.646300292
2,5054.25,33,5054.5,09:45:00.646407890
1,5054.25,33,5054.5,09:45:00.646514843
27,5054.0,33,5054.5,09:45:00.652250038
26,5054.0,33,5054.5,09:45:00.652250038
26,5054.0,33,5054.5,09:45:00.652250038
26,5054.0,1,5054.25,09:45:00.652353140
26,5054.0,1,5054.25,09:45:00.652358692
26,5054.0,2,5054.25,09:45:00.652368878
26,5054.0,2,5054.25,09:45:00.652377435
26,5054.0,2,5054.25,09:45:00.652405986
26,5054.0,1,5054.25,09:45:00.652561676
26,5054.0,2,5054.25,09:45:00.652561676
26,5054.0,3,5054.25,09:45:00.652561676
26,5054.0,2,5054.25,09:45:00.652769444
26,5054.0,1,5054.25,09:45:00.652769444
26,5054.0,35,5054.5,09:45:00.652800753
26,5054.0,35,5054.5,09:45:00.652800753
1,5054.25,35,5054.5,09:45:00.652810752
1,5054.25,35,5054.5,09:45:00.652825191
1,5054.25,35,5054.5,09:45:00.652833684
1,5054.25,34,5054.5,09:45:00.652906601
1,5054.25,33,5054.5,09:45:00.652914499
26,5054.0,33,5054.5,09:45:00.653013327
26,5054.0,33,5054.5,09:45:00.653013327
26,5054.0,33,5054.5,09:45:00.653070461
26,5054.0,33,5054.5,09:45:00.653070461
26,5054.0,34,5054.5,09:45:00.662837326
26,5054.0,19,5054.5,09:45:00.672592560
1,5054.25,19,5054.5,09:45:00.672645633
2,5054.25,19,5054.5,09:45:00.672650926
7,5054.25,19,5054.5,09:45:00.672661793
8,5054.25,19,5054.5,09:45:00.672669713
10,5054.25,19,5054.5,09:45:00.672677474
13,5054.25,19,5054.5,09:45:00.672721874
18,5054.25,19,5054.5,09:45:00.672729811
18,5054.25,19,5054.5,09:45:00.672738656
18,5054.25,19,5054.5,09:45:00.672752070
18,5054.25,20,5054.5,09:45:00.672757274
18,5054.25,21,5054.5,09:45:00.672768954
18,5054.25,21,5054.5,09:45:00.672778151
18,5054.25,21,5054.5,09:45:00.672796522
19,5054.25,21,5054.5,09:45:00.672802795
20,5054.25,21,5054.5,09:45:00.672808641
20,5054.25,20,5054.5,09:45:00.672814564
21,5054.25,20,5054.5,09:45:00.672833246
20,5054.25,20,5054.5,09:45:00.672851896
20,5054.25,21,5054.5,09:45:00.672873951
20,5054.25,20,5054.5,09:45:00.672920640
19,5054.25,20,5054.5,09:45:00.672997890
19,5054.25,20,5054.5,09:45:00.674141369
20,5054.25,20,5054.5,09:45:00.674255157
21,5054.25,20,5054.5,09:45:00.674344531
21,5054.25,19,5054.5,09:45:00.674451525
21,5054.25,18,5054.5,09:45:00.674545755
30,5054.25,18,5054.5,09:45:00.674848077
30,5054.25,34,5054.75,09:45:00.675383269
30,5054.25,34,5054.75,09:45:00.675383269
31,5054.25,34,5054.75,09:45:00.675383269
1,5054.5,34,5054.75,09:45:00.675396962
1,5054.5,34,5054.75,09:45:00.675396962
1,5054.5,34,5054.75,09:45:00.675396962
1,5054.5,34,5054.75,09:45:00.675396962
2,5054.5,34,5054.75,09:45:00.675396962
3,5054.5,34,5054.75,09:45:00.675411135
4,5054.5,34,5054.75,09:45:00.675419645
5,5054.5,34,5054.75,09:45:00.675419645
5,5054.5,34,5054.75,09:45:00.675448006
6,5054.5,34,5054.75,09:45:00.675453104
8,5054.5,34,5054.75,09:45:00.675483591
8,5054.5,34,5054.75,09:45:00.675510206
8,5054.5,33,5054.75,09:45:00.675543431
8,5054.5,33,5054.75,09:45:00.675550046
8,5054.5,34,5054.75,09:45:00.675556936
8,5054.5,33,5054.75,09:45:00.675580869
8,5054.5,33,5054.75,09:45:00.675611062
9,5054.5,33,5054.75,09:45:00.675648884
10,5054.5,33,5054.75,09:45:00.675653761
10,5054.5,32,5054.75,09:45:00.676022271
8,5054.5,32,5054.75,09:45:00.676028645
8,5054.5,31,5054.75,09:45:00.676113783
7,5054.5,31,5054.75,09:45:00.676133729
7,5054.5,31,5054.75,09:45:00.676548224
7,5054.5,31,5054.75,09:45:00.676548224
6,5054.5,31,5054.75,09:45:00.677116866
5,5054.5,31,5054.75,09:45:00.677356451
6,5054.5,31,5054.75,09:45:00.677930040
6,5054.5,31,5054.75,09:45:00.680670886
6,5054.5,31,5054.75,09:45:00.682165614
6,5054.5,31,5054.75,09:45:00.682171486
6,5054.5,31,5054.75,09:45:00.683880855
6,5054.5,31,5054.75,09:45:00.684343389
6,5054.5,31,5054.75,09:45:00.684343389
6,5054.5,31,5054.75,09:45:00.688072047
6,5054.5,31,5054.75,09:45:00.740406804
6,5054.5,34,5054.75,09:45:00.740518464
5,5054.5,34,5054.75,09:45:00.740629231
4,5054.5,34,5054.75,09:45:00.740715764
3,5054.5,34,5054.75,09:45:00.740724865
3,5054.5,34,5054.75,09:45:00.741025808
4,5054.5,34,5054.75,09:45:00.741130784
3,5054.5,34,5054.75,09:45:00.741640064
32,5054.25,34,5054.75,09:45:00.775429647
32,5054.25,34,5054.75,09:45:00.775429647
32,5054.25,1,5054.5,09:45:00.775522645
32,5054.25,1,5054.5,09:45:00.775542537
32,5054.25,4,5054.5,09:45:00.775652561
32,5054.25,4,5054.5,09:45:00.775658581
32,5054.25,3,5054.5,09:45:00.775776075
32,5054.25,7,5054.5,09:45:00.775776075
32,5054.25,8,5054.5,09:45:00.775776075
32,5054.25,9,5054.5,09:45:00.775776075
32,5054.25,9,5054.5,09:45:00.775784401
32,5054.25,8,5054.5,09:45:00.775996163
32,5054.25,7,5054.5,09:45:00.775996163
32,5054.25,4,5054.5,09:45:00.776082743
32,5054.25,3,5054.5,09:45:00.776146872
32,5054.25,2,5054.5,09:45:00.776146872
32,5054.25,3,5054.5,09:45:00.776146872
31,5054.25,3,5054.5,09:45:00.776146872
31,5054.25,3,5054.5,09:45:00.776146872
31,5054.25,3,5054.5,09:45:00.776146872
31,5054.25,33,5054.75,09:45:00.776223741
31,5054.25,33,5054.75,09:45:00.776223741
31,5054.25,33,5054.75,09:45:00.776227706
31,5054.25,33,5054.75,09:45:00.776241021
37,5054.25,33,5054.75,09:45:00.776541411
37,5054.25,33,5054.75,09:45:00.777503044
9,5054.5,33,5054.75,09:45:00.778739926
9,5054.5,32,5054.75,09:45:00.778836786
10,5054.5,32,5054.75,09:45:00.778846239
10,5054.5,31,5054.75,09:45:00.778864167
11,5054.5,31,5054.75,09:45:00.778866744
12,5054.5,31,5054.75,09:45:00.778961563
12,5054.5,21,5054.75,09:45:00.794949858
16,5054.5,21,5054.75,09:45:00.794993421
17,5054.5,21,5054.75,09:45:00.795000855
17,5054.5,20,5054.75,09:45:00.795052690
18,5054.5,20,5054.75,09:45:00.795060287
18,5054.5,19,5054.75,09:45:00.795068892
18,5054.5,23,5054.75,09:45:00.795168385
18,5054.5,24,5054.75,09:45:00.795209484
18,5054.5,25,5054.75,09:45:00.795268675
17,5054.5,25,5054.75,09:45:00.795492869
17,5054.5,26,5054.75,09:45:00.799950005
13,5054.5,26,5054.75,09:45:00.799956296
13,5054.5,27,5054.75,09:45:00.800053204
12,5054.5,27,5054.75,09:45:00.800059629
12,5054.5,28,5054.75,09:45:00.800149718
16,5054.5,28,5054.75,09:45:00.800949065
16,5054.5,27,5054.75,09:45:00.810270783
16,5054.5,26,5054.75,09:45:00.827490138
16,5054.5,26,5054.75,09:45:00.861512654
16,5054.5,26,5054.75,09:45:00.861616921
16,5054.5,26,5054.75,09:45:00.861714754
16,5054.5,27,5054.75,09:45:00.863929058
16,5054.5,29,5054.75,09:45:00.864390434
16,5054.5,31,5054.75,09:45:00.867627091
12,5054.5,31,5054.75,09:45:00.867720722
11,5054.5,31,5054.75,09:45:00.867808618
11,5054.5,33,5054.75,09:45:00.867837546
10,5054.5,33,5054.75,09:45:00.868064025
14,5054.5,33,5054.75,09:45:00.875403660
14,5054.5,33,5054.75,09:45:00.886570404
10,5054.5,33,5054.75,09:45:00.902135435
10,5054.5,31,5054.75,09:45:00.902243367
10,5054.5,27,5054.75,09:45:00.968927601
15,5054.5,27,5054.75,09:45:00.969035562
15,5054.5,28,5054.75,09:45:00.969052624
15,5054.5,29,5054.75,09:45:00.969056608
10,5054.5,29,5054.75,09:45:00.976956809
10,5054.5,29,5054.75,09:45:00.990707189
14,5054.5,29,5054.75,09:45:00.990808365
14,5054.5,29,5054.75,09:45:00.990989329
14,5054.5,29,5054.75,09:45:00.990989329
10,5054.5,29,5054.75,09:45:00.991199161
10,5054.5,29,5054.75,09:45:00.994204850
10,5054.5,29,5054.75,09:45:00.994724013
10,5054.5,29,5054.75,09:45:00.994724013
10,5054.5,29,5054.75,09:45:00.994831058
11,5054.5,29,5054.75,09:45:01.000293671
11,5054.5,29,5054.75,09:45:01.000293671
16,5054.5,29,5054.75,09:45:01.006272975
17,5054.5,29,5054.75,09:45:01.006365588
18,5054.5,29,5054.75,09:45:01.006390587
18,5054.5,28,5054.75,09:45:01.006397480
17,5054.5,28,5054.75,09:45:01.007297997
17,5054.5,29,5054.75,09:45:01.007413113
12,5054.5,29,5054.75,09:45:01.007509102
12,5054.5,28,5054.75,09:45:01.013000023
13,5054.5,28,5054.75,09:45:01.015688685
13,5054.5,28,5054.75,09:45:01.015688685
17,5054.5,28,5054.75,09:45:01.029217188
18,5054.5,28,5054.75,09:45:01.029309986
17,5054.5,28,5054.75,09:45:01.044427130
17,5054.5,29,5054.75,09:45:01.044516879
13,5054.5,29,5054.75,09:45:01.044615582
12,5054.5,29,5054.75,09:45:01.044724861
12,5054.5,29,5054.75,09:45:01.050237556
12,5054.5,29,5054.75,09:45:01.052225725
12,5054.5,28,5054.75,09:45:01.053052596
16,5054.5,28,5054.75,09:45:01.053064833
17,5054.5,28,5054.75,09:45:01.053171741
17,5054.5,29,5054.75,09:45:01.055332962
16,5054.5,29,5054.75,09:45:01.055419883
16,5054.5,30,5054.75,09:45:01.055507808
12,5054.5,30,5054.75,09:45:01.056537630
12,5054.5,31,5054.75,09:45:01.063478951
16,5054.5,31,5054.75,09:45:01.096486119
16,5054.5,30,5054.75,09:45:01.096506046
16,5054.5,30,5054.75,09:45:01.107733885
16,5054.5,31,5054.75,09:45:01.119962493
16,5054.5,32,5054.75,09:45:01.120060162
12,5054.5,32,5054.75,09:45:01.120068098
12,5054.5,33,5054.75,09:45:01.120155886
16,5054.5,33,5054.75,09:45:01.120677682
16,5054.5,32,5054.75,09:45:01.120683637
16,5054.5,33,5054.75,09:45:01.131008520
12,5054.5,33,5054.75,09:45:01.131109732
16,5054.5,33,5054.75,09:45:01.142073972
16,5054.5,32,5054.75,09:45:01.142166803
12,5054.5,32,5054.75,09:45:01.158751153
12,5054.5,33,5054.75,09:45:01.158836064
12,5054.5,33,5054.75,09:45:01.178320403
12,5054.5,33,5054.75,09:45:01.178320403
12,5054.5,32,5054.75,09:45:01.211886596
12,5054.5,33,5054.75,09:45:01.212929961
8,5054.5,33,5054.75,09:45:01.213333656
6,5054.5,33,5054.75,09:45:01.213333656
1,5054.5,33,5054.75,09:45:01.213417743
37,5054.25,33,5054.75,09:45:01.213487877
37,5054.25,33,5054.75,09:45:01.213487877
37,5054.25,1,5054.5,09:45:01.213495067
37,5054.25,3,5054.5,09:45:01.213539516
37,5054.25,3,5054.5,09:45:01.213607639
37,5054.25,4,5054.5,09:45:01.213618874
37,5054.25,5,5054.5,09:45:01.213628090
37,5054.25,6,5054.5,09:45:01.213734147
37,5054.25,6,5054.5,09:45:01.213743171
37,5054.25,6,5054.5,09:45:01.213833064
37,5054.25,7,5054.5,09:45:01.213839518
37,5054.25,2,5054.5,09:45:01.214046332
37,5054.25,34,5054.75,09:45:01.214162047
1,5054.5,34,5054.75,09:45:01.214162047
1,5054.5,34,5054.75,09:45:01.214162047
1,5054.5,34,5054.75,09:45:01.214168002
1,5054.5,34,5054.75,09:45:01.214180060
2,5054.5,34,5054.75,09:45:01.214259767
3,5054.5,34,5054.75,09:45:01.214268132
3,5054.5,34,5054.75,09:45:01.214338073
3,5054.5,34,5054.75,09:45:01.214338073
3,5054.5,35,5054.75,09:45:01.214518364
2,5054.5,35,5054.75,09:45:01.214618846
1,5054.5,35,5054.75,09:45:01.214628619
1,5054.5,35,5054.75,09:45:01.214831004
5,5054.5,35,5054.75,09:45:01.214873059
6,5054.5,35,5054.75,09:45:01.214970367
6,5054.5,34,5054.75,09:45:01.216270153
6,5054.5,35,5054.75,09:45:01.218998879
4,5054.5,35,5054.75,09:45:01.222092194
1,5054.5,35,5054.75,09:45:01.222189511
1,5054.5,35,5054.75,09:45:01.228784383
1,5054.5,35,5054.75,09:45:01.228784383
1,5054.5,35,5054.75,09:45:01.228790194
5,5054.5,35,5054.75,09:45:01.236156519
5,5054.5,34,5054.75,09:45:01.236259897
6,5054.5,34,5054.75,09:45:01.236271734
6,5054.5,34,5054.75,09:45:01.264572464
6,5054.5,35,5054.75,09:45:01.310116487
6,5054.5,34,5054.75,09:45:01.310125600
2,5054.5,34,5054.75,09:45:01.318933826
2,5054.5,35,5054.75,09:45:01.319031512
1,5054.5,35,5054.75,09:45:01.319038068
37,5054.25,35,5054.75,09:45:01.319043221
37,5054.25,35,5054.75,09:45:01.319043221
37,5054.25,36,5054.75,09:45:01.319191508
38,5054.25,36,5054.75,09:45:01.321270942
38,5054.25,4,5054.5,09:45:01.352380881
38,5054.25,5,5054.5,09:45:01.352501716
38,5054.25,6,5054.5,09:45:01.352508523
38,5054.25,6,5054.5,09:45:01.352508523
38,5054.25,7,5054.5,09:45:01.352517035
38,5054.25,3,5054.5,09:45:01.371934393
38,5054.25,2,5054.5,09:45:01.374658838
38,5054.25,1,5054.5,09:45:01.374658838
38,5054.25,35,5054.75,09:45:01.374658838
3,5054.5,35,5054.75,09:45:01.374658838
3,5054.5,35,5054.75,09:45:01.374658838
4,5054.5,35,5054.75,09:45:01.374686064
5,5054.5,35,5054.75,09:45:01.374706877
7,5054.5,35,5054.75,09:45:01.374758482
7,5054.5,35,5054.75,09:45:01.374775641
7,5054.5,35,5054.75,09:45:01.374775641
7,5054.5,35,5054.75,09:45:01.374785112
8,5054.5,35,5054.75,09:45:01.374797119
8,5054.5,34,5054.75,09:45:01.374808879
9,5054.5,34,5054.75,09:45:01.374817753
10,5054.5,34,5054.75,09:45:01.374900987
10,5054.5,33,5054.75,09:45:01.374907227
10,5054.5,34,5054.75,09:45:01.374966697
10,5054.5,33,5054.75,09:45:01.374988118
10,5054.5,34,5054.75,09:45:01.376305433
10,5054.5,34,5054.75,09:45:01.381173382
10,5054.5,34,5054.75,09:45:01.381173382
10,5054.5,34,5054.75,09:45:01.381179200
9,5054.5,34,5054.75,09:45:01.385028612
9,5054.5,35,5054.75,09:45:01.385115510
8,5054.5,35,5054.75,09:45:01.385461740
8,5054.5,35,5054.75,09:45:01.460161090
8,5054.5,34,5054.75,09:45:01.460394695
8,5054.5,33,5054.75,09:45:01.460442891
8,5054.5,33,5054.75,09:45:01.460647494
8,5054.5,33,5054.75,09:45:01.460647494
9,5054.5,33,5054.75,09:45:01.471068529
9,5054.5,32,5054.75,09:45:01.471394404
9,5054.5,31,5054.75,09:45:01.471465853
9,5054.5,31,5054.75,09:45:01.471465853
10,5054.5,31,5054.75,09:45:01.471558561
9,5054.5,31,5054.75,09:45:01.471619471
9,5054.5,31,5054.75,09:45:01.499843448
9,5054.5,31,5054.75,09:45:01.500840829
9,5054.5,31,5054.75,09:45:01.504267973
10,5054.5,31,5054.75,09:45:01.506304734
10,5054.5,30,5054.75,09:45:01.506322879
11,5054.5,30,5054.75,09:45:01.506421140
11,5054.5,31,5054.75,09:45:01.512606951
10,5054.5,31,5054.75,09:45:01.512667746
9,5054.5,31,5054.75,09:45:01.512706991
9,5054.5,30,5054.75,09:45:01.520415345
9,5054.5,31,5054.75,09:45:01.528700690
9,5054.5,31,5054.75,09:45:01.637750040
9,5054.5,31,5054.75,09:45:01.637750040
9,5054.5,31,5054.75,09:45:01.637858389
9,5054.5,30,5054.75,09:45:01.641684529
9,5054.5,26,5054.75,09:45:01.641691086
10,5054.5,26,5054.75,09:45:01.641784209
10,5054.5,26,5054.75,09:45:01.642021426
10,5054.5,26,5054.75,09:45:01.642050710
11,5054.5,26,5054.75,09:45:01.642164252
19,5054.5,26,5054.75,09:45:01.642325320
19,5054.5,26,5054.75,09:45:01.642336003
19,5054.5,26,5054.75,09:45:01.642336003
19,5054.5,26,5054.75,09:45:01.642343583
19,5054.5,26,5054.75,09:45:01.642869249
19,5054.5,26,5054.75,09:45:01.642869249
19,5054.5,26,5054.75,09:45:01.642877639
19,5054.5,26,5054.75,09:45:01.642877639
19,5054.5,26,5054.75,09:45:01.645761540
19,5054.5,26,5054.75,09:45:01.645774881
19,5054.5,26,5054.75,09:45:01.646186518
19,5054.5,30,5054.75,09:45:01.646233770
19,5054.5,31,5054.75,09:45:01.646242270
11,5054.5,31,5054.75,09:45:01.647040619
10,5054.5,31,5054.75,09:45:01.647156468
9,5054.5,31,5054.75,09:45:01.647257372
9,5054.5,31,5054.75,09:45:01.648395107
9,5054.5,31,5054.75,09:45:01.648395107
9,5054.5,31,5054.75,09:45:01.648401491
9,5054.5,31,5054.75,09:45:01.650412792
10,5054.5,31,5054.75,09:45:01.654039429
10,5054.5,32,5054.75,09:45:01.657360651
9,5054.5,32,5054.75,09:45:01.657454410
10,5054.5,32,5054.75,09:45:01.657584328
11,5054.5,32,5054.75,09:45:01.657678853
10,5054.5,32,5054.75,09:45:01.661232793
10,5054.5,32,5054.75,09:45:01.662627106
11,5054.5,32,5054.75,09:45:01.664394182
11,5054.5,28,5054.75,09:45:01.664767863
11,5054.5,27,5054.75,09:45:01.664780750
11,5054.5,27,5054.75,09:45:01.665117048
11,5054.5,27,5054.75,09:45:01.665154863
11,5054.5,27,5054.75,09:45:01.679988132
11,5054.5,27,5054.75,09:45:01.679988132
11,5054.5,27,5054.75,09:45:01.680255750
11,5054.5,27,5054.75,09:45:01.680255750
11,5054.5,31,5054.75,09:45:01.704506566
11,5054.5,32,5054.75,09:45:01.704513894
10,5054.5,32,5054.75,09:45:01.704594933
9,5054.5,32,5054.75,09:45:01.704703434
9,5054.5,28,5054.75,09:45:01.710305093
9,5054.5,27,5054.75,09:45:01.710338825
10,5054.5,27,5054.75,09:45:01.710392960
10,5054.5,27,5054.75,09:45:01.710896010
10,5054.5,27,5054.75,09:45:01.711800224
10,5054.5,27,5054.75,09:45:01.711947558
10,5054.5,27,5054.75,09:45:01.732773662
12,5054.5,27,5054.75,09:45:01.733227668
12,5054.5,28,5054.75,09:45:01.772774409
12,5054.5,32,5054.75,09:45:01.772871194
12,5054.5,33,5054.75,09:45:01.776878821
11,5054.5,33,5054.75,09:45:01.776884965
10,5054.5,33,5054.75,09:45:01.776891474
10,5054.5,32,5054.75,09:45:01.779502611
10,5054.5,28,5054.75,09:45:01.779509981
10,5054.5,28,5054.75,09:45:01.779535397
10,5054.5,28,5054.75,09:45:01.779535397
10,5054.5,27,5054.75,09:45:01.779542708
10,5054.5,27,5054.75,09:45:01.779560690
11,5054.5,27,5054.75,09:45:01.779595673
11,5054.5,27,5054.75,09:45:01.785548270
11,5054.5,27,5054.75,09:45:01.785548270
11,5054.5,27,5054.75,09:45:01.785555034
11,5054.5,27,5054.75,09:45:01.788255668
10,5054.5,27,5054.75,09:45:01.806663797
10,5054.5,31,5054.75,09:45:01.806775328
10,5054.5,32,5054.75,09:45:01.806781226
10,5054.5,28,5054.75,09:45:01.814022163
10,5054.5,27,5054.75,09:45:01.814031481
11,5054.5,27,5054.75,09:45:01.814114468
10,5054.5,27,5054.75,09:45:01.819473963
10,5054.5,28,5054.75,09:45:01.819580582
10,5054.5,32,5054.75,09:45:01.819684799
10,5054.5,33,5054.75,09:45:01.836648479
10,5054.5,33,5054.75,09:45:01.845116743
10,5054.5,33,5054.75,09:45:01.845124196
10,5054.5,33,5054.75,09:45:01.845474532
10,5054.5,33,5054.75,09:45:01.845981496
10,5054.5,34,5054.75,09:45:01.846092625
10,5054.5,34,5054.75,09:45:01.846092625
7,5054.5,34,5054.75,09:45:01.846279134
5,5054.5,34,5054.75,09:45:01.846563620
38,5054.25,34,5054.75,09:45:01.846870785
38,5054.25,34,5054.75,09:45:01.846870785
38,5054.25,1,5054.5,09:45:01.846924357
38,5054.25,1,5054.5,09:45:01.846998749
38,5054.25,1,5054.5,09:45:01.847006134
37,5054.25,1,5054.5,09:45:01.847012739
37,5054.25,2,5054.5,09:45:01.847042398
37,5054.25,1,5054.5,09:45:01.847174884
37,5054.25,1,5054.5,09:45:01.847174884
37,5054.25,1,5054.5,09:45:01.847174884
37,5054.25,1,5054.5,09:45:01.847174884
37,5054.25,37,5054.75,09:45:01.847367630
37,5054.25,37,5054.75,09:45:01.847367630
1,5054.5,37,5054.75,09:45:01.847367630
3,5054.5,37,5054.75,09:45:01.847367630
3,5054.5,37,5054.75,09:45:01.847367630
3,5054.5,37,5054.75,09:45:01.847367630
3,5054.5,37,5054.75,09:45:01.847373303
7,5054.5,37,5054.75,09:45:01.847477174
7,5054.5,36,5054.75,09:45:01.847516666
8,5054.5,36,5054.75,09:45:01.847580220
9,5054.5,36,5054.75,09:45:01.847690202
10,5054.5,36,5054.75,09:45:01.847799986
10,5054.5,35,5054.75,09:45:01.847887883
10,5054.5,34,5054.75,09:45:01.848572742
10,5054.5,34,5054.75,09:45:01.848643790
9,5054.5,34,5054.75,09:45:01.857910134
9,5054.5,35,5054.75,09:45:01.857999287
10,5054.5,35,5054.75,09:45:01.860373364
10,5054.5,34,5054.75,09:45:01.860459657
10,5054.5,33,5054.75,09:45:01.861900813
10,5054.5,29,5054.75,09:45:01.861908906
11,5054.5,29,5054.75,09:45:01.862006556
12,5054.5,29,5054.75,09:45:01.862015055
11,5054.5,29,5054.75,09:45:01.862207110
11,5054.5,33,5054.75,09:45:01.863436735
11,5054.5,34,5054.75,09:45:01.863443125
11,5054.5,34,5054.75,09:45:01.892564786
11,5054.5,34,5054.75,09:45:01.892564786
11,5054.5,34,5054.75,09:45:01.894065024
11,5054.5,34,5054.75,09:45:01.896865289
11,5054.5,34,5054.75,09:45:01.896865289
10,5054.5,34,5054.75,09:45:01.900780871
10,5054.5,35,5054.75,09:45:01.900902144
10,5054.5,34,5054.75,09:45:01.917323307
10,5054.5,35,5054.75,09:45:01.920152954
10,5054.5,34,5054.75,09:45:01.922180710
10,5054.5,35,5054.75,09:45:01.928275625
10,5054.5,34,5054.75,09:45:01.930525948
10,5054.5,34,5054.75,09:45:01.934997228
10,5054.5,34,5054.75,09:45:01.952383190
10,5054.5,34,5054.75,09:45:01.952383190
10,5054.5,30,5054.75,09:45:01.962712240
10,5054.5,29,5054.75,09:45:01.962733472
11,5054.5,29,5054.75,09:45:01.963054317
19,5054.5,29,5054.75,09:45:01.966273067
19,5054.5,29,5054.75,09:45:01.966745659
19,5054.5,29,5054.75,09:45:01.966745659
19,5054.5,30,5054.75,09:45:01.966833814
19,5054.5,29,5054.75,09:45:01.966844298
19,5054.5,29,5054.75,09:45:01.966844298
4,5054.5,29,5054.75,09:45:01.968404662
4,5054.5,30,5054.75,09:45:01.968435043
4,5054.5,34,5054.75,09:45:01.968452289
4,5054.5,35,5054.75,09:45:01.968471787
39,5054.25,35,5054.75,09:45:01.968484744
39,5054.25,35,5054.75,09:45:01.968484744
39,5054.25,36,5054.75,09:45:01.968537615
39,5054.25,37,5054.75,09:45:01.968613242
39,5054.25,38,5054.75,09:45:01.968706966
2,5054.5,38,5054.75,09:45:01.968804081
2,5054.5,37,5054.75,09:45:01.969094458
2,5054.5,36,5054.75,09:45:01.969188067
2,5054.5,37,5054.75,09:45:01.969237543
2,5054.5,37,5054.75,09:45:01.969237543
6,5054.5,37,5054.75,09:45:01.970672132
7,5054.5,37,5054.75,09:45:01.970770415
8,5054.5,37,5054.75,09:45:01.970792550
9,5054.5,37,5054.75,09:45:02.016510033
9,5054.5,33,5054.75,09:45:02.018410539
9,5054.5,32,5054.75,09:45:02.018419112
9,5054.5,31,5054.75,09:45:02.018513472
10,5054.5,31,5054.75,09:45:02.018522157
11,5054.5,31,5054.75,09:45:02.018536593
12,5054.5,31,5054.75,09:45:02.018619596
12,5054.5,31,5054.75,09:45:02.022096434
13,5054.5,31,5054.75,09:45:02.026657294
13,5054.5,35,5054.75,09:45:02.026730880
13,5054.5,36,5054.75,09:45:02.026743283
13,5054.5,37,5054.75,09:45:02.026754455
21,5054.5,37,5054.75,09:45:02.026762791
20,5054.5,37,5054.75,09:45:02.026817157
20,5054.5,36,5054.75,09:45:02.026872006
20,5054.5,35,5054.75,09:45:02.026957105
20,5054.5,36,5054.75,09:45:02.027017417
12,5054.5,36,5054.75,09:45:02.027937454
12,5054.5,37,5054.75,09:45:02.028040810
11,5054.5,37,5054.75,09:45:02.028046433
10,5054.5,37,5054.75,09:45:02.028730594
10,5054.5,33,5054.75,09:45:02.047406468
10,5054.5,32,5054.75,09:45:02.047552430
10,5054.5,31,5054.75,09:45:02.047663434
10,5054.5,35,5054.75,09:45:02.064258719
10,5054.5,31,5054.75,09:45:02.065583498
10,5054.5,31,5054.75,09:45:02.079592462
10,5054.5,35,5054.75,09:45:02.099730203
10,5054.5,31,5054.75,09:45:02.110837227
10,5054.5,30,5054.75,09:45:02.110943159
11,5054.5,30,5054.75,09:45:02.111057398
12,5054.5,30,5054.75,09:45:02.111075831
20,5054.5,30,5054.75,09:45:02.111119047
21,5054.5,30,5054.75,09:45:02.111167096
21,5054.5,23,5054.75,09:45:02.111538611
22,5054.5,23,5054.75,09:45:02.111638239
22,5054.5,22,5054.75,09:45:02.111664240
22,5054.5,22,5054.75,09:45:02.111664240
23,5054.5,22,5054.75,09:45:02.111728387
24,5054.5,22,5054.75,09:45:02.111831001
24,5054.5,22,5054.75,09:45:02.116678808
24,5054.5,18,5054.75,09:45:02.146029593
24,5054.5,16,5054.75,09:45:02.146029593
24,5054.5,13,5054.75,09:45:02.146171455
24,5054.5,11,5054.75,09:45:02.146171455
24,5054.5,10,5054.75,09:45:02.146171455
24,5054.5,7,5054.75,09:45:02.146241117
24,5054.5,6,5054.75,09:45:02.146241117
24,5054.5,4,5054.75,09:45:02.146303992
24,5054.5,3,5054.75,09:45:02.146303992
24,5054.5,55,5055.0,09:45:02.146355528
24,5054.5,55,5055.0,09:45:02.146355528
24,5054.5,55,5055.0,09:45:02.146380665
24,5054.5,55,5055.0,09:45:02.146380665
24,5054.5,55,5055.0,09:45:02.146380665
1,5054.75,55,5055.0,09:45:02.146388803
2,5054.75,55,5055.0,09:45:02.146393539
2,5054.75,55,5055.0,09:45:02.146405389
2,5054.75,55,5055.0,09:45:02.146405389
2,5054.75,55,5055.0,09:45:02.146414301
6,5054.75,55,5055.0,09:45:02.146419715
6,5054.75,55,5055.0,09:45:02.146484955
6,5054.75,54,5055.0,09:45:02.146494098
6,5054.75,54,5055.0,09:45:02.146503647
6,5054.75,53,5055.0,09:45:02.146512828
24,5054.5,53,5055.0,09:45:02.146694370
24,5054.5,53,5055.0,09:45:02.146694370
1,5054.75,53,5055.0,09:45:02.146694370
1,5054.75,53,5055.0,09:45:02.146707209
25,5054.5,53,5055.0,09:45:02.146878013
25,5054.5,53,5055.0,09:45:02.146878013
25,5054.5,53,5055.0,09:45:02.146888896
25,5054.5,53,5055.0,09:45:02.146888896
25,5054.5,53,5055.0,09:45:02.146888896
25,5054.5,54,5055.0,09:45:02.146897763
25,5054.5,55,5055.0,09:45:02.147069991
25,5054.5,4,5054.75,09:45:02.148543262
25,5054.5,5,5054.75,09:45:02.148652311
26,5054.5,5,5054.75,09:45:02.148659287
26,5054.5,6,5054.75,09:45:02.148670644
26,5054.5,7,5054.75,09:45:02.148679323
26,5054.5,5,5054.75,09:45:02.148783302
26,5054.5,3,5054.75,09:45:02.148873307
26,5054.5,3,5054.75,09:45:02.149260387
26,5054.5,3,5054.75,09:45:02.149260387
26,5054.5,1,5054.75,09:45:02.149384834
26,5054.5,55,5055.0,09:45:02.149563293
26,5054.5,55,5055.0,09:45:02.149563293
36,5054.5,55,5055.0,09:45:02.152213461
36,5054.5,56,5055.0,09:45:02.152329563
4,5054.75,56,5055.0,09:45:02.155100473
5,5054.75,56,5055.0,09:45:02.155206251
5,5054.75,55,5055.0,09:45:02.155214258
6,5054.75,55,5055.0,09:45:02.155222379
6,5054.75,54,5055.0,09:45:02.155362421
6,5054.75,54,5055.0,09:45:02.157314377
6,5054.75,54,5055.0,09:45:02.157314377
7,5054.75,54,5055.0,09:45:02.158764793
7,5054.75,50,5055.0,09:45:02.165156718
7,5054.75,49,5055.0,09:45:02.165170647
8,5054.75,49,5055.0,09:45:02.165268682
9,5054.75,49,5055.0,09:45:02.165367919
9,5054.75,48,5055.0,09:45:02.165819525
9,5054.75,48,5055.0,09:45:02.165819525
9,5054.75,48,5055.0,09:45:02.168795694
9,5054.75,48,5055.0,09:45:02.168795694
8,5054.75,48,5055.0,09:45:02.175493624
8,5054.75,49,5055.0,09:45:02.176000047
8,5054.75,53,5055.0,09:45:02.176342812
7,5054.75,53,5055.0,09:45:02.176454674
6,5054.75,53,5055.0,09:45:02.176559373
6,5054.75,54,5055.0,09:45:02.176748321
6,5054.75,54,5055.0,09:45:02.181547026
6,5054.75,54,5055.0,09:45:02.202432523
6,5054.75,54,5055.0,09:45:02.202432523
6,5054.75,54,5055.0,09:45:02.202571390
6,5054.75,54,5055.0,09:45:02.215417777
6,5054.75,54,5055.0,09:45:02.215441822
6,5054.75,50,5055.0,09:45:02.240596537
6,5054.75,49,5055.0,09:45:02.257372890
7,5054.75,49,5055.0,09:45:02.257484134
7,5054.75,50,5055.0,09:45:02.260391274
7,5054.75,49,5055.0,09:45:02.286019295
8,5054.75,49,5055.0,09:45:02.286118794
8,5054.75,49,5055.0,09:45:02.341697750
8,5054.75,49,5055.0,09:45:02.341697750
7,5054.75,49,5055.0,09:45:02.341894955
7,5054.75,50,5055.0,09:45:02.341907492
7,5054.75,55,5055.0,09:45:02.341984873
6,5054.75,55,5055.0,09:45:02.342086613
5,5054.75,55,5055.0,09:45:02.342176627
4,5054.75,55,5055.0,09:45:02.342275861
4,5054.75,55,5055.0,09:45:02.343926820
3,5054.75,55,5055.0,09:45:02.344138667
3,5054.75,50,5055.0,09:45:02.345025734
4,5054.75,50,5055.0,09:45:02.345128821
4,5054.75,50,5055.0,09:45:02.347514793
5,5054.75,50,5055.0,09:45:02.385059503
5,5054.75,49,5055.0,09:45:02.385079894
6,5054.75,49,5055.0,09:45:02.385171630
5,5054.75,49,5055.0,09:45:02.387147339
5,5054.75,50,5055.0,09:45:02.387160133
4,5054.75,50,5055.0,09:45:02.387273125
4,5054.75,54,5055.0,09:45:02.387376241
3,5054.75,54,5055.0,09:45:02.387484710
3,5054.75,50,5055.0,09:45:02.394909406
3,5054.75,54,5055.0,09:45:02.395469854
3,5054.75,54,5055.0,09:45:02.396324380
3,5054.75,54,5055.0,09:45:02.396411326
3,5054.75,54,5055.0,09:45:02.396418375
3,5054.75,54,5055.0,09:45:02.396499247
3,5054.75,50,5055.0,09:45:02.405801083
3,5054.75,50,5055.0,09:45:02.454158028
3,5054.75,50,5055.0,09:45:02.454158028
3,5054.75,54,5055.0,09:45:02.470106301
3,5054.75,50,5055.0,09:45:02.479473918
37,5054.5,50,5055.0,09:45:02.484855550
20,5054.5,50,5055.0,09:45:02.484855550
20,5054.5,50,5055.0,09:45:02.484855550
20,5054.5,1,5054.75,09:45:02.484855550
20,5054.5,1,5054.75,09:45:02.484859812
20,5054.5,4,5054.75,09:45:02.484902668
20,5054.5,5,5054.75,09:45:02.484966301
20,5054.5,5,5054.75,09:45:02.484974324
21,5054.5,5,5054.75,09:45:02.484979901
22,5054.5,5,5054.75,09:45:02.484988311
26,5054.5,5,5054.75,09:45:02.485015227
26,5054.5,6,5054.75,09:45:02.485025608
26,5054.5,1,5054.75,09:45:02.485223813
26,5054.5,1,5054.75,09:45:02.485257571
26,5054.5,1,5054.75,09:45:02.485281891
26,5054.5,55,5055.0,09:45:02.485419373
1,5054.75,55,5055.0,09:45:02.485419373
1,5054.75,55,5055.0,09:45:02.485419373
3,5054.75,55,5055.0,09:45:02.485440512
3,5054.75,54,5055.0,09:45:02.485522651
7,5054.75,54,5055.0,09:45:02.485536565
7,5054.75,54,5055.0,09:45:02.485546985
7,5054.75,54,5055.0,09:45:02.485592278
7,5054.75,54,5055.0,09:45:02.485598925
7,5054.75,54,5055.0,09:45:02.485611488
8,5054.75,54,5055.0,09:45:02.485635607
8,5054.75,50,5055.0,09:45:02.485641927
8,5054.75,50,5055.0,09:45:02.485714761
8,5054.75,50,5055.0,09:45:02.485714761
8,5054.75,54,5055.0,09:45:02.486509628
8,5054.75,54,5055.0,09:45:02.495070832
8,5054.75,50,5055.0,09:45:02.495181387
8,5054.75,50,5055.0,09:45:02.495202373
9,5054.75,50,5055.0,09:45:02.495208028
9,5054.75,49,5055.0,09:45:02.608949923
9,5054.75,50,5055.0,09:45:02.619218556
9,5054.75,54,5055.0,09:45:02.619456382
8,5054.75,54,5055.0,09:45:02.619565712
8,5054.75,55,5055.0,09:45:02.619630168
8,5054.75,55,5055.0,09:45:02.619630168
8,5054.75,55,5055.0,09:45:02.619814469
8,5054.75,55,5055.0,09:45:02.619814469
8,5054.75,55,5055.0,09:45:02.620158197
8,5054.75,55,5055.0,09:45:02.623639637
8,5054.75,55,5055.0,09:45:02.638939857
8,5054.75,55,5055.0,09:45:02.638939857
8,5054.75,55,5055.0,09:45:02.639045222
8,5054.75,55,5055.0,09:45:02.639678588
8,5054.75,51,5055.0,09:45:02.655906760
8,5054.75,51,5055.0,09:45:02.656007205
8,5054.75,51,5055.0,09:45:02.656045137
8,5054.75,51,5055.0,09:45:02.660241756
8,5054.75,50,5055.0,09:45:02.662980275
8,5054.75,51,5055.0,09:45:02.719841834
8,5054.75,56,5055.0,09:45:02.722434795
8,5054.75,51,5055.0,09:45:02.725617678
8,5054.75,51,5055.0,09:45:02.753285819
8,5054.75,51,5055.0,09:45:02.753309256
8,5054.75,55,5055.0,09:45:02.791273424
8,5054.75,51,5055.0,09:45:02.804551325
9,5054.75,51,5055.0,09:45:02.833572999
9,5054.75,50,5055.0,09:45:02.869695518
10,5054.75,50,5055.0,09:45:02.870901715
9,5054.75,50,5055.0,09:45:02.903712762
9,5054.75,51,5055.0,09:45:02.903722122
9,5054.75,52,5055.0,09:45:02.903836643
9,5054.75,56,5055.0,09:45:02.930179472
5,5054.75,56,5055.0,09:45:02.932017257
9,5054.75,56,5055.0,09:45:02.935885796
9,5054.75,52,5055.0,09:45:02.935986438
9,5054.75,46,5055.0,09:45:02.952405465
10,5054.75,46,5055.0,09:45:02.952497979
10,5054.75,49,5055.0,09:45:02.963158514
10,5054.75,50,5055.0,09:45:02.963262843
10,5054.75,51,5055.0,09:45:02.963327557
10,5054.75,51,5055.0,09:45:02.968440272
10,5054.75,50,5055.0,09:45:02.983478784
10,5054.75,50,5055.0,09:45:02.985953061
10,5054.75,50,5055.0,09:45:02.985953061
10,5054.75,51,5055.0,09:45:02.992020963
9,5054.75,51,5055.0,09:45:03.022561631
9,5054.75,51,5055.0,09:45:03.022690376
11,5054.75,51,5055.0,09:45:03.071231328
11,5054.75,52,5055.0,09:45:03.110030935
11,5054.75,56,5055.0,09:45:03.110133625
7,5054.75,56,5055.0,09:45:03.110676321
34,5054.5,56,5055.0,09:45:03.110890265
34,5054.5,56,5055.0,09:45:03.110890265
34,5054.5,1,5054.75,09:45:03.110931000
34,5054.5,2,5054.75,09:45:03.110968454
34,5054.5,2,5054.75,09:45:03.111054604
34,5054.5,2,5054.75,09:45:03.111059778
34,5054.5,3,5054.75,09:45:03.111066447
34,5054.5,2,5054.75,09:45:03.111196914
34,5054.5,2,5054.75,09:45:03.111196914
34,5054.5,2,5054.75,09:45:03.111196914
34,5054.5,60,5055.0,09:45:03.111393293
34,5054.5,60,5055.0,09:45:03.111393293
1,5054.75,60,5055.0,09:45:03.111402960
2,5054.75,60,5055.0,09:45:03.111402960
4,5054.75,60,5055.0,09:45:03.111402960
4,5054.75,59,5055.0,09:45:03.111507650
4,5054.75,58,5055.0,09:45:03.111517151
5,5054.75,58,5055.0,09:45:03.111532076
4,5054.75,58,5055.0,09:45:03.111675219
3,5054.75,58,5055.0,09:45:03.111675219
1,5054.75,58,5055.0,09:45:03.111725370
2,5054.75,58,5055.0,09:45:03.111725370
1,5054.75,58,5055.0,09:45:03.111802446
34,5054.5,58,5055.0,09:45:03.111885866
34,5054.5,58,5055.0,09:45:03.111885866
34,5054.5,59,5055.0,09:45:03.123684488
35,5054.5,59,5055.0,09:45:03.148831475
35,5054.5,60,5055.0,09:45:03.148932057
35,5054.5,60,5055.0,09:45:03.201146124
35,5054.5,60,5055.0,09:45:03.201146124
35,5054.5,60,5055.0,09:45:03.207398617
35,5054.5,1,5054.75,09:45:03.218932303
35,5054.5,5,5054.75,09:45:03.219046623
35,5054.5,6,5054.75,09:45:03.219053010
35,5054.5,7,5054.75,09:45:03.219153348
35,5054.5,8,5054.75,09:45:03.219166184
35,5054.5,8,5054.75,09:45:03.219178370
34,5054.5,8,5054.75,09:45:03.219196421
34,5054.5,9,5054.75,09:45:03.219271367
34,5054.5,10,5054.75,09:45:03.219277655
34,5054.5,10,5054.75,09:45:03.219324747
34,5054.5,10,5054.75,09:45:03.219324747
34,5054.5,5,5054.75,09:45:03.219514028
34,5054.5,6,5054.75,09:45:03.219890125
34,5054.5,1,5054.75,09:45:03.220043266
34,5054.5,60,5055.0,09:45:03.220050886
34,5054.5,60,5055.0,09:45:03.220050886
34,5054.5,59,5055.0,09:45:03.220197923
34,5054.5,4,5054.75,09:45:03.295622759
34,5054.5,5,5054.75,09:45:03.295730781
34,5054.5,6,5054.75,09:45:03.295738390
34,5054.5,7,5054.75,09:45:03.295841527
34,5054.5,9,5054.75,09:45:03.295960097
34,5054.5,10,5054.75,09:45:03.296054051
34,5054.5,6,5054.75,09:45:03.296149128
34,5054.5,6,5054.75,09:45:03.296219837
34,5054.5,5,5054.75,09:45:03.296256020
34,5054.5,4,5054.75,09:45:03.306169067
34,5054.5,8,5054.75,09:45:03.324854521
34,5054.5,9,5054.75,09:45:03.326286336
34,5054.5,10,5054.75,09:45:03.326400562
34,5054.5,10,5054.75,09:45:03.326708501
34,5054.5,10,5054.75,09:45:03.326708501
34,5054.5,11,5054.75,09:45:03.342025137
34,5054.5,12,5054.75,09:45:03.342132803
34,5054.5,13,5054.75,09:45:03.342227400
34,5054.5,13,5054.75,09:45:03.342236082
34,5054.5,21,5054.75,09:45:03.342265980
34,5054.5,21,5054.75,09:45:03.342312096
34,5054.5,22,5054.75,09:45:03.342372623
33,5054.5,22,5054.75,09:45:03.342847598
34,5054.5,22,5054.75,09:45:03.344811024
34,5054.5,21,5054.75,09:45:03.344817766
33,5054.5,21,5054.75,09:45:03.345717490
33,5054.5,22,5054.75,09:45:03.345828695
33,5054.5,22,5054.75,09:45:03.348249023
33,5054.5,22,5054.75,09:45:03.348249023
33,5054.5,21,5054.75,09:45:03.348561740
34,5054.5,21,5054.75,09:45:03.348645846
30,5054.5,21,5054.75,09:45:03.352062978
40,5054.25,21,5054.75,09:45:03.352444302
40,5054.25,21,5054.75,09:45:03.352444302
40,5054.25,4,5054.5,09:45:03.352489000
40,5054.25,3,5054.5,09:45:03.352489000
40,5054.25,4,5054.5,09:45:03.352495553
40,5054.25,5,5054.5,09:45:03.352519890
40,5054.25,5,5054.5,09:45:03.352574624
40,5054.25,5,5054.5,09:45:03.352581846
40,5054.25,6,5054.5,09:45:03.352623374
40,5054.25,3,5054.5,09:45:03.352639879
40,5054.25,3,5054.5,09:45:03.352741437
40,5054.25,3,5054.5,09:45:03.352816536
40,5054.25,2,5054.5,09:45:03.352843455
40,5054.25,2,5054.5,09:45:03.352970248
40,5054.25,2,5054.5,09:45:03.360353994
40,5054.25,2,5054.5,09:45:03.363738629
40,5054.25,25,5054.75,09:45:03.364328507
2,5054.5,25,5054.75,09:45:03.364328507
2,5054.5,25,5054.75,09:45:03.364328507
3,5054.5,25,5054.75,09:45:03.364396623
4,5054.5,25,5054.75,09:45:03.364406972
4,5054.5,24,5054.75,09:45:03.364425452
4,5054.5,24,5054.75,09:45:03.364476001
4,5054.5,24,5054.75,09:45:03.364476001
4,5054.5,24,5054.75,09:45:03.364485744
5,5054.5,24,5054.75,09:45:03.364498535
6,5054.5,24,5054.75,09:45:03.364518696
7,5054.5,24,5054.75,09:45:03.364617763
6,5054.5,24,5054.75,09:45:03.364723585
6,5054.5,24,5054.75,09:45:03.364761717
6,5054.5,24,5054.75,09:45:03.364782633
5,5054.5,24,5054.75,09:45:03.365918633
4,5054.5,24,5054.75,09:45:03.366004121
4,5054.5,25,5054.75,09:45:03.367776147
4,5054.5,25,5054.75,09:45:03.367776147
4,5054.5,25,5054.75,09:45:03.372588600
4,5054.5,25,5054.75,09:45:03.372588600
5,5054.5,25,5054.75,09:45:03.404674854
5,5054.5,24,5054.75,09:45:03.448606391
5,5054.5,24,5054.75,09:45:03.448641662
5,5054.5,23,5054.75,09:45:03.448694089
6,5054.5,23,5054.75,09:45:03.448721750
6,5054.5,23,5054.75,09:45:03.477060338
6,5054.5,23,5054.75,09:45:03.477104192
7,5054.5,23,5054.75,09:45:03.479894888
7,5054.5,23,5054.75,09:45:03.479991956
7,5054.5,23,5054.75,09:45:03.479991956
7,5054.5,23,5054.75,09:45:03.480000446
8,5054.5,23,5054.75,09:45:03.480011457
9,5054.5,23,5054.75,09:45:03.480050120
10,5054.5,23,5054.75,09:45:03.480145456
11,5054.5,23,5054.75,09:45:03.480151671
19,5054.5,23,5054.75,09:45:03.480230873
19,5054.5,15,5054.75,09:45:03.480241420
20,5054.5,15,5054.75,09:45:03.480324673
20,5054.5,11,5054.75,09:45:03.480344901
21,5054.5,11,5054.75,09:45:03.480433606
20,5054.5,11,5054.75,09:45:03.480442685
20,5054.5,11,5054.75,09:45:03.480455630
20,5054.5,11,5054.75,09:45:03.480455630
20,5054.5,11,5054.75,09:45:03.480463053
20,5054.5,10,5054.75,09:45:03.480504046
20,5054.5,9,5054.75,09:45:03.480654753
20,5054.5,8,5054.75,09:45:03.480874057
20,5054.5,8,5054.75,09:45:03.480874057
20,5054.5,12,5054.75,09:45:03.481619790
20,5054.5,13,5054.75,09:45:03.481715607
19,5054.5,13,5054.75,09:45:03.481815804
19,5054.5,13,5054.75,09:45:03.493853115
19,5054.5,13,5054.75,09:45:03.493872569
11,5054.5,13,5054.75,09:45:03.534228552
11,5054.5,15,5054.75,09:45:03.534341975
10,5054.5,15,5054.75,09:45:03.534345514
10,5054.5,16,5054.75,09:45:03.534358004
10,5054.5,17,5054.75,09:45:03.534466045
10,5054.5,18,5054.75,09:45:03.534561282
10,5054.5,17,5054.75,09:45:03.544681438
10,5054.5,16,5054.75,09:45:03.576350007
11,5054.5,16,5054.75,09:45:03.588353386
11,5054.5,16,5054.75,09:45:03.588353386
19,5054.5,16,5054.75,09:45:03.601145436
19,5054.5,12,5054.75,09:45:03.601253758
19,5054.5,11,5054.75,09:45:03.601366307
19,5054.5,12,5054.75,09:45:03.602822977
19,5054.5,16,5054.75,09:45:03.602928157
11,5054.5,16,5054.75,09:45:03.613913661
11,5054.5,16,5054.75,09:45:03.616814578
11,5054.5,24,5054.75,09:45:03.630539757
11,5054.5,24,5054.75,09:45:03.630600504
11,5054.5,25,5054.75,09:45:03.630650220
11,5054.5,25,5054.75,09:45:03.643792809
11,5054.5,25,5054.75,09:45:03.643792809
12,5054.5,25,5054.75,09:45:03.644303859
12,5054.5,24,5054.75,09:45:03.644689019
12,5054.5,25,5054.75,09:45:03.651240674
13,5054.5,25,5054.75,09:45:03.660020583
14,5054.5,25,5054.75,09:45:03.660122502
14,5054.5,24,5054.75,09:45:03.660225566
15,5054.5,24,5054.75,09:45:03.666208807
15,5054.5,16,5054.75,09:45:03.666304798
23,5054.5,16,5054.75,09:45:03.668813925
23,5054.5,12,5054.75,09:45:03.668924363
23,5054.5,16,5054.75,09:45:03.669021750
23,5054.5,15,5054.75,09:45:03.669028077
24,5054.5,15,5054.75,09:45:03.669040077
24,5054.5,14,5054.75,09:45:03.669094404
23,5054.5,14,5054.75,09:45:03.669104987
15,5054.5,14,5054.75,09:45:03.681018540
15,5054.5,15,5054.75,09:45:03.681110698
15,5054.5,15,5054.75,09:45:03.705429701
23,5054.5,15,5054.75,09:45:03.723508053
23,5054.5,11,5054.75,09:45:03.723514236
24,5054.5,11,5054.75,09:45:03.723616545
24,5054.5,10,5054.75,09:45:03.723703805
24,5054.5,10,5054.75,09:45:03.736734065
24,5054.5,10,5054.75,09:45:03.736734065
24,5054.5,14,5054.75,09:45:03.739869859
24,5054.5,15,5054.75,09:45:03.739945297
23,5054.5,15,5054.75,09:45:03.739953032
15,5054.5,15,5054.75,09:45:03.740055631
15,5054.5,17,5054.75,09:45:03.740168633
41,5054.25,17,5054.75,09:45:03.754567561
26,5054.25,17,5054.75,09:45:03.754567561
26,5054.25,17,5054.75,09:45:03.754567561
26,5054.25,1,5054.5,09:45:03.754577263
26,5054.25,2,5054.5,09:45:03.754599379
26,5054.25,3,5054.5,09:45:03.754616442
26,5054.25,4,5054.5,09:45:03.754677217
26,5054.25,5,5054.5,09:45:03.754686229
26,5054.25,5,5054.5,09:45:03.754703727
26,5054.25,5,5054.5,09:45:03.754708411
26,5054.25,5,5054.5,09:45:03.754716709
26,5054.25,7,5054.5,09:45:03.754747404
26,5054.25,7,5054.5,09:45:03.754781325
26,5054.25,8,5054.5,09:45:03.754787053
26,5054.25,9,5054.5,09:45:03.754794253
26,5054.25,9,5054.5,09:45:03.754913667
26,5054.25,9,5054.5,09:45:03.754954324
26,5054.25,9,5054.5,09:45:03.754962391
26,5054.25,9,5054.5,09:45:03.754975022
26,5054.25,9,5054.5,09:45:03.754990542
26,5054.25,8,5054.5,09:45:03.755175617
26,5054.25,8,5054.5,09:45:03.755236059
26,5054.25,7,5054.5,09:45:03.755340891
26,5054.25,7,5054.5,09:45:03.755410451
26,5054.25,7,5054.5,09:45:03.755472210
26,5054.25,7,5054.5,09:45:03.755472210
26,5054.25,7,5054.5,09:45:03.755479490
26,5054.25,7,5054.5,09:45:03.755479490
26,5054.25,7,5054.5,09:45:03.756506422
26,5054.25,7,5054.5,09:45:03.756506422
26,5054.25,5,5054.5,09:45:03.758550134
26,5054.25,5,5054.5,09:45:03.758550134
26,5054.25,27,5054.75,09:45:03.758782232
26,5054.25,27,5054.75,09:45:03.758782232
26,5054.25,27,5054.75,09:45:03.758877497
26,5054.25,28,5054.75,09:45:03.758885043
26,5054.25,28,5054.75,09:45:03.758885043
26,5054.25,29,5054.75,09:45:03.758930922
9,5054.5,29,5054.75,09:45:03.760932537
10,5054.5,29,5054.75,09:45:03.761040469
10,5054.5,28,5054.75,09:45:03.761046923
11,5054.5,28,5054.75,09:45:03.761052107
12,5054.5,28,5054.75,09:45:03.761062703
16,5054.5,28,5054.75,09:45:03.761166215
17,5054.5,28,5054.75,09:45:03.761265229
17,5054.5,28,5054.75,09:45:03.761719973
17,5054.5,28,5054.75,09:45:03.761719973
13,5054.5,28,5054.75,09:45:03.762759537
13,5054.5,28,5054.75,09:45:03.765013388
13,5054.5,28,5054.75,09:45:03.765141723
13,5054.5,28,5054.75,09:45:03.765147832
11,5054.5,28,5054.75,09:45:03.765935688
9,5054.5,28,5054.75,09:45:03.766100472
8,5054.5,28,5054.75,09:45:03.766100472
26,5054.25,28,5054.75,09:45:03.766227160
26,5054.25,28,5054.75,09:45:03.766227160
26,5054.25,1,5054.5,09:45:03.766295941
26,5054.25,2,5054.5,09:45:03.766311004
26,5054.25,3,5054.5,09:45:03.766317001
26,5054.25,2,5054.5,09:45:03.766550692
26,5054.25,28,5054.75,09:45:03.766736101
26,5054.25,28,5054.75,09:45:03.766736101
26,5054.25,29,5054.75,09:45:03.772211914
26,5054.25,30,5054.75,09:45:03.800170837
26,5054.25,31,5054.75,09:45:03.804282401
26,5054.25,32,5054.75,09:45:03.804392365
26,5054.25,32,5054.75,09:45:03.815288553
26,5054.25,32,5054.75,09:45:03.819567967
3,5054.5,32,5054.75,09:45:03.827955654
3,5054.5,32,5054.75,09:45:03.827955654
2,5054.5,32,5054.75,09:45:03.828179598
26,5054.25,32,5054.75,09:45:03.828179598
26,5054.25,32,5054.75,09:45:03.828179598
27,5054.25,32,5054.75,09:45:03.828179598
27,5054.25,31,5054.75,09:45:03.828179598
27,5054.25,31,5054.75,09:45:03.828564373
27,5054.25,31,5054.75,09:45:03.828564373
27,5054.25,31,5054.75,09:45:03.828620221
27,5054.25,32,5054.75,09:45:03.828984451
27,5054.25,33,5054.75,09:45:03.839293403
27,5054.25,33,5054.75,09:45:03.852703562
27,5054.25,33,5054.75,09:45:03.852703562
27,5054.25,34,5054.75,09:45:03.862487506
27,5054.25,33,5054.75,09:45:03.862593056
27,5054.25,31,5054.75,09:45:03.862603398
27,5054.25,29,5054.75,09:45:03.918956354
27,5054.25,30,5054.75,09:45:03.919066722
4,5054.5,30,5054.75,09:45:03.919936391
5,5054.5,30,5054.75,09:45:03.920039944
5,5054.5,29,5054.75,09:45:03.920048168
5,5054.5,28,5054.75,09:45:03.920057077
6,5054.5,28,5054.75,09:45:03.920067052
7,5054.5,28,5054.75,09:45:03.920152280
7,5054.5,29,5054.75,09:45:03.920801221
7,5054.5,28,5054.75,09:45:03.920944353
7,5054.5,29,5054.75,09:45:03.923317876
7,5054.5,29,5054.75,09:45:03.927718135
7,5054.5,29,5054.75,09:45:03.927722337
7,5054.5,29,5054.75,09:45:03.928093996
7,5054.5,29,5054.75,09:45:03.928093996
7,5054.5,28,5054.75,09:45:03.928347105
8,5054.5,28,5054.75,09:45:03.928722977
8,5054.5,28,5054.75,09:45:03.931249189
8,5054.5,29,5054.75,09:45:03.932459252
4,5054.5,29,5054.75,09:45:03.934174732
2,5054.5,29,5054.75,09:45:03.934384836
27,5054.25,29,5054.75,09:45:03.934389707
27,5054.25,29,5054.75,09:45:03.934389707
27,5054.25,4,5054.5,09:45:03.934404830
29,5054.25,4,5054.5,09:45:03.934503818
29,5054.25,4,5054.5,09:45:03.934514387
29,5054.25,4,5054.5,09:45:03.934523965
29,5054.25,5,5054.5,09:45:03.934545870
29,5054.25,6,5054.5,09:45:03.934554871
29,5054.25,2,5054.5,09:45:03.934606495
29,5054.25,2,5054.5,09:45:03.934683812
29,5054.25,2,5054.5,09:45:03.934683812
29,5054.25,1,5054.5,09:45:03.934711291
29,5054.25,1,5054.5,09:45:03.935303831
29,5054.25,28,5054.75,09:45:03.935407814
29,5054.25,28,5054.75,09:45:03.935407814
29,5054.25,29,5054.75,09:45:03.935539618
29,5054.25,30,5054.75,09:45:03.935555263
29,5054.25,28,5054.75,09:45:03.945020027
27,5054.25,28,5054.75,09:45:03.945020027
27,5054.25,27,5054.75,09:45:03.945020027
28,5054.25,27,5054.75,09:45:03.948594640
28,5054.25,28,5054.75,09:45:03.998183372
28,5054.25,4,5054.5,09:45:04.034227092
28,5054.25,4,5054.5,09:45:04.034335945
28,5054.25,5,5054.5,09:45:04.034342605
28,5054.25,6,5054.5,09:45:04.034351066
28,5054.25,2,5054.5,09:45:04.034459599
28,5054.25,27,5054.75,09:45:04.034659808
28,5054.25,27,5054.75,09:45:04.034659808
2,5054.5,27,5054.75,09:45:04.034666902
28,5054.25,27,5054.75,09:45:04.034697121
28,5054.25,27,5054.75,09:45:04.034697121
28,5054.25,28,5054.75,09:45:04.034703642
1,5054.5,28,5054.75,09:45:04.034781692
1,5054.5,27,5054.75,09:45:04.034786930
2,5054.5,27,5054.75,09:45:04.034811196
2,5054.5,28,5054.75,09:45:04.034826163
1,5054.5,28,5054.75,09:45:04.034833626
1,5054.5,27,5054.75,09:45:04.034878849
28,5054.25,27,5054.75,09:45:04.034936447
28,5054.25,27,5054.75,09:45:04.034936447
1,5054.5,27,5054.75,09:45:04.034947055
28,5054.25,27,5054.75,09:45:04.035055352
28,5054.25,27,5054.75,09:45:04.035055352
28,5054.25,27,5054.75,09:45:04.035184225
28,5054.25,27,5054.75,09:45:04.035184225
28,5054.25,28,5054.75,09:45:04.046689779
28,5054.25,4,5054.5,09:45:04.082988079
28,5054.25,4,5054.5,09:45:04.083089010
28,5054.25,5,5054.5,09:45:04.083096642
28,5054.25,6,5054.5,09:45:04.083108431
28,5054.25,6,5054.5,09:45:04.083168365
28,5054.25,7,5054.5,09:45:04.083218532
28,5054.25,3,5054.5,09:45:04.083296783
28,5054.25,7,5054.5,09:45:04.083641104
28,5054.25,8,5054.5,09:45:04.086697444
28,5054.25,9,5054.5,09:45:04.086855895
27,5054.25,9,5054.5,09:45:04.086931724
27,5054.25,9,5054.5,09:45:04.086958147
27,5054.25,9,5054.5,09:45:04.086958147
27,5054.25,8,5054.5,09:45:04.088662379
27,5054.25,9,5054.5,09:45:04.088868445
27,5054.25,9,5054.5,09:45:04.093632848
27,5054.25,9,5054.5,09:45:04.093639751
27,5054.25,9,5054.5,09:45:04.093651428
27,5054.25,9,5054.5,09:45:04.093659274
27,5054.25,9,5054.5,09:45:04.093666225
27,5054.25,9,5054.5,09:45:04.093673550
27,5054.25,9,5054.5,09:45:04.093738813
27,5054.25,9,5054.5,09:45:04.093753711
27,5054.25,9,5054.5,09:45:04.093768409
27,5054.25,9,5054.5,09:45:04.093780317
27,5054.25,9,5054.5,09:45:04.093797354
27,5054.25,9,5054.5,09:45:04.094058102
27,5054.25,8,5054.5,09:45:04.094602289
27,5054.25,4,5054.5,09:45:04.102024714
27,5054.25,3,5054.5,09:45:04.102145215
27,5054.25,2,5054.5,09:45:04.102264120
27,5054.25,1,5054.5,09:45:04.102371465
27,5054.25,28,5054.75,09:45:04.102378187
27,5054.25,28,5054.75,09:45:04.102378187
27,5054.25,1,5054.5,09:45:04.102501607
27,5054.25,1,5054.5,09:45:04.102548718
27,5054.25,1,5054.5,09:45:04.102664711
27,5054.25,28,5054.75,09:45:04.192590361
1,5054.5,28,5054.75,09:45:04.192590361
1,5054.5,28,5054.75,09:45:04.192590361
1,5054.5,30,5054.75,09:45:04.192693380
2,5054.5,30,5054.75,09:45:04.192700654
2,5054.5,31,5054.75,09:45:04.192715323
2,5054.5,31,5054.75,09:45:04.192740750
2,5054.5,30,5054.75,09:45:04.192824842
2,5054.5,29,5054.75,09:45:04.193298355
2,5054.5,28,5054.75,09:45:04.193904982
7,5054.5,28,5054.75,09:45:04.193997656
8,5054.5,28,5054.75,09:45:04.194105892
9,5054.5,28,5054.75,09:45:04.194115233
9,5054.5,27,5054.75,09:45:04.207520617
9,5054.5,26,5054.75,09:45:04.232265907
9,5054.5,26,5054.75,09:45:04.232512568
9,5054.5,26,5054.75,09:45:04.232512568
10,5054.5,26,5054.75,09:45:04.232738457
10,5054.5,26,5054.75,09:45:04.238439968
10,5054.5,26,5054.75,09:45:04.238439968
10,5054.5,24,5054.75,09:45:04.244897061
10,5054.5,23,5054.75,09:45:04.244903653
11,5054.5,23,5054.75,09:45:04.258842773
12,5054.5,23,5054.75,09:45:04.258944055
12,5054.5,23,5054.75,09:45:04.258955172
12,5054.5,24,5054.75,09:45:04.401132862
12,5054.5,24,5054.75,09:45:04.533654581
12,5054.5,25,5054.75,09:45:04.534049722
12,5054.5,25,5054.75,09:45:04.537051252
12,5054.5,25,5054.75,09:45:04.537051252
12,5054.5,24,5054.75,09:45:04.561171658
12,5054.5,25,5054.75,09:45:04.689703264
12,5054.5,25,5054.75,09:45:04.748042272
12,5054.5,25,5054.75,09:45:04.748051274
12,5054.5,25,5054.75,09:45:04.756524236
12,5054.5,25,5054.75,09:45:04.756524236
12,5054.5,25,5054.75,09:45:04.756778826
12,5054.5,25,5054.75,09:45:04.756819138
13,5054.5,25,5054.75,09:45:04.803306684
13,5054.5,25,5054.75,09:45:04.803699041
13,5054.5,25,5054.75,09:45:04.803707342
13,5054.5,25,5054.75,09:45:04.829896399
13,5054.5,25,5054.75,09:45:04.829896399
13,5054.5,25,5054.75,09:45:04.830142647
13,5054.5,25,5054.75,09:45:04.949383668
13,5054.5,25,5054.75,09:45:04.953046900
13,5054.5,25,5054.75,09:45:04.975169369
14,5054.5,25,5054.75,09:45:05.008392779
15,5054.5,25,5054.75,09:45:05.008523527
16,5054.5,25,5054.75,09:45:05.008531342
17,5054.5,25,5054.75,09:45:05.008541074
18,5054.5,25,5054.75,09:45:05.008645389
18,5054.5,21,5054.75,09:45:05.008652554
26,5054.5,21,5054.75,09:45:05.008660010
27,5054.5,21,5054.75,09:45:05.008673812
27,5054.5,20,5054.75,09:45:05.008681195
27,5054.5,19,5054.75,09:45:05.008885356
28,5054.5,19,5054.75,09:45:05.008885356
28,5054.5,11,5054.75,09:45:05.008885356
28,5054.5,10,5054.75,09:45:05.008885356
28,5054.5,9,5054.75,09:45:05.008885356
38,5054.5,9,5054.75,09:45:05.008885356
38,5054.5,8,5054.75,09:45:05.008885356
38,5054.5,7,5054.75,09:45:05.008885356
37,5054.5,7,5054.75,09:45:05.008967533
37,5054.5,63,5055.0,09:45:05.009171880
37,5054.5,63,5055.0,09:45:05.009171880
1,5054.75,63,5055.0,09:45:05.009171880
1,5054.75,63,5055.0,09:45:05.009179471
1,5054.75,63,5055.0,09:45:05.009179471
1,5054.75,63,5055.0,09:45:05.009329515
1,5054.75,62,5055.0,09:45:05.009337557
1,5054.75,61,5055.0,09:45:05.009350603
1,5054.75,61,5055.0,09:45:05.009372965
3,5054.75,61,5055.0,09:45:05.009381833
3,5054.75,61,5055.0,09:45:05.009381833
3,5054.75,60,5055.0,09:45:05.009391273
3,5054.75,59,5055.0,09:45:05.009399411
7,5054.75,59,5055.0,09:45:05.009405110
7,5054.75,59,5055.0,09:45:05.009411289
7,5054.75,59,5055.0,09:45:05.009417107
7,5054.75,59,5055.0,09:45:05.009417107
7,5054.75,60,5055.0,09:45:05.009436765
7,5054.75,60,5055.0,09:45:05.009460231
7,5054.75,60,5055.0,09:45:05.009471892
7,5054.75,60,5055.0,09:45:05.009484619
7,5054.75,56,5055.0,09:45:05.009494325
8,5054.75,56,5055.0,09:45:05.009503163
8,5054.75,56,5055.0,09:45:05.009774657
8,5054.75,56,5055.0,09:45:05.009984815
8,5054.75,56,5055.0,09:45:05.009984815
8,5054.75,57,5055.0,09:45:05.010167557
8,5054.75,61,5055.0,09:45:05.010209811
4,5054.75,61,5055.0,09:45:05.010264759
4,5054.75,61,5055.0,09:45:05.010297826
4,5054.75,61,5055.0,09:45:05.010326524
8,5054.75,61,5055.0,09:45:05.018606822
10,5054.75,61,5055.0,09:45:05.018707948
10,5054.75,57,5055.0,09:45:05.018714226
10,5054.75,57,5055.0,09:45:05.018797921
10,5054.75,56,5055.0,09:45:05.018816174
10,5054.75,57,5055.0,09:45:05.020858516
8,5054.75,57,5055.0,09:45:05.020974851
8,5054.75,57,5055.0,09:45:05.021872789
9,5054.75,57,5055.0,09:45:05.022157396
9,5054.75,61,5055.0,09:45:05.022222415
12,5054.75,61,5055.0,09:45:05.022244246
12,5054.75,57,5055.0,09:45:05.022547491
12,5054.75,57,5055.0,09:45:05.022854176
12,5054.75,57,5055.0,09:45:05.022854176
12,5054.75,56,5055.0,09:45:05.023069086
12,5054.75,56,5055.0,09:45:05.023069086
12,5054.75,56,5055.0,09:45:05.024268079
12,5054.75,56,5055.0,09:45:05.024288867
12,5054.75,56,5055.0,09:45:05.024335741
12,5054.75,56,5055.0,09:45:05.024375691
13,5054.75,56,5055.0,09:45:05.024385848
13,5054.75,55,5055.0,09:45:05.024499015
13,5054.75,55,5055.0,09:45:05.024514804
13,5054.75,55,5055.0,09:45:05.024521258
13,5054.75,55,5055.0,09:45:05.024526331
13,5054.75,54,5055.0,09:45:05.026592993
14,5054.75,54,5055.0,09:45:05.031808068
13,5054.75,54,5055.0,09:45:05.031849614
14,5054.75,54,5055.0,09:45:05.031908617
15,5054.75,54,5055.0,09:45:05.031917757
14,5054.75,54,5055.0,09:45:05.031946202
15,5054.75,54,5055.0,09:45:05.032014997
16,5054.75,54,5055.0,09:45:05.032577395
16,5054.75,54,5055.0,09:45:05.032658053
17,5054.75,54,5055.0,09:45:05.032683868
17,5054.75,54,5055.0,09:45:05.032796837
18,5054.75,54,5055.0,09:45:05.032851193
19,5054.75,54,5055.0,09:45:05.032953272
20,5054.75,54,5055.0,09:45:05.033055552
20,5054.75,54,5055.0,09:45:05.036534695
20,5054.75,54,5055.0,09:45:05.036962495
19,5054.75,54,5055.0,09:45:05.036998077
20,5054.75,54,5055.0,09:45:05.039586916
20,5054.75,53,5055.0,09:45:05.039671574
21,5054.75,53,5055.0,09:45:05.039765006
21,5054.75,52,5055.0,09:45:05.039772856
21,5054.75,52,5055.0,09:45:05.039841206
21,5054.75,52,5055.0,09:45:05.039851104
29,5054.75,52,5055.0,09:45:05.039880480
29,5054.75,51,5055.0,09:45:05.039949435
29,5054.75,51,5055.0,09:45:05.039963295
30,5054.75,51,5055.0,09:45:05.039973017
30,5054.75,51,5055.0,09:45:05.039992569
30,5054.75,51,5055.0,09:45:05.040018954
30,5054.75,51,5055.0,09:45:05.040497706
30,5054.75,51,5055.0,09:45:05.040497706
30,5054.75,51,5055.0,09:45:05.040560507
30,5054.75,51,5055.0,09:45:05.040560507
30,5054.75,51,5055.0,09:45:05.043351168
30,5054.75,51,5055.0,09:45:05.044898957
30,5054.75,51,5055.0,09:45:05.044898957
30,5054.75,51,5055.0,09:45:05.053342829
30,5054.75,52,5055.0,09:45:05.064362402
30,5054.75,52,5055.0,09:45:05.064473972
30,5054.75,52,5055.0,09:45:05.064479908
29,5054.75,52,5055.0,09:45:05.064497006
29,5054.75,52,5055.0,09:45:05.064502206
28,5054.75,52,5055.0,09:45:05.064582521
20,5054.75,52,5055.0,09:45:05.064597335
19,5054.75,52,5055.0,09:45:05.064690892
19,5054.75,53,5055.0,09:45:05.064703826
19,5054.75,52,5055.0,09:45:05.064735683
20,5054.75,52,5055.0,09:45:05.066020941
20,5054.75,52,5055.0,09:45:05.076230472
20,5054.75,55,5055.0,09:45:05.082268296
20,5054.75,56,5055.0,09:45:05.082358356
20,5054.75,56,5055.0,09:45:05.082378074
19,5054.75,56,5055.0,09:45:05.082446213
18,5054.75,56,5055.0,09:45:05.082548884
15,5054.75,56,5055.0,09:45:05.082653245
15,5054.75,56,5055.0,09:45:05.082847402
15,5054.75,57,5055.0,09:45:05.091449653
15,5054.75,58,5055.0,09:45:05.091559517
14,5054.75,58,5055.0,09:45:05.091568001
13,5054.75,58,5055.0,09:45:05.091673436
12,5054.75,58,5055.0,09:45:05.091682560
12,5054.75,59,5055.0,09:45:05.091693498
12,5054.75,59,5055.0,09:45:05.092695793
12,5054.75,59,5055.0,09:45:05.092695793
12,5054.75,63,5055.0,09:45:05.100819429
12,5054.75,63,5055.0,09:45:05.100921607
12,5054.75,63,5055.0,09:45:05.101027433
6,5054.75,63,5055.0,09:45:05.101421736
4,5054.75,63,5055.0,09:45:05.101421736
2,5054.75,63,5055.0,09:45:05.101585215
30,5054.5,63,5055.0,09:45:05.101593061
30,5054.5,63,5055.0,09:45:05.101593061
30,5054.5,1,5054.75,09:45:05.101604399
30,5054.5,2,5054.75,09:45:05.101604399
30,5054.5,3,5054.75,09:45:05.101604399
30,5054.5,4,5054.75,09:45:05.101639538
30,5054.5,6,5054.75,09:45:05.101653414
30,5054.5,7,5054.75,09:45:05.101679616
30,5054.5,7,5054.75,09:45:05.101698250
30,5054.5,7,5054.75,09:45:05.101742193
30,5054.5,7,5054.75,09:45:05.101773851
30,5054.5,11,5054.75,09:45:05.101782927
30,5054.5,12,5054.75,09:45:05.101791586
30,5054.5,12,5054.75,09:45:05.101818236
30,5054.5,11,5054.75,09:45:05.101823590
30,5054.5,12,5054.75,09:45:05.101829363
30,5054.5,13,5054.75,09:45:05.101840960
30,5054.5,14,5054.75,09:45:05.101846739
31,5054.5,14,5054.75,09:45:05.101921323
31,5054.5,14,5054.75,09:45:05.101962079
31,5054.5,14,5054.75,09:45:05.101972236
31,5054.5,14,5054.75,09:45:05.102287337
31,5054.5,14,5054.75,09:45:05.102315056
31,5054.5,15,5054.75,09:45:05.103019986
31,5054.5,17,5054.75,09:45:05.103109594
31,5054.5,17,5054.75,09:45:05.103133661
31,5054.5,17,5054.75,09:45:05.103139978
31,5054.5,18,5054.75,09:45:05.103196372
31,5054.5,17,5054.75,09:45:05.103214325
31,5054.5,18,5054.75,09:45:05.103287831
31,5054.5,18,5054.75,09:45:05.108543492
23,5054.5,18,5054.75,09:45:05.111896926
21,5054.5,18,5054.75,09:45:05.111903147
21,5054.5,19,5054.75,09:45:05.111990983
21,5054.5,17,5054.75,09:45:05.111997901
20,5054.5,17,5054.75,09:45:05.112005588
22,5054.5,17,5054.75,09:45:05.112091849
22,5054.5,16,5054.75,09:45:05.112099302
21,5054.5,16,5054.75,09:45:05.112108550
21,5054.5,15,5054.75,09:45:05.129030514
23,5054.5,15,5054.75,09:45:05.129127853
24,5054.5,15,5054.75,09:45:05.129135082
24,5054.5,11,5054.75,09:45:05.129143534
24,5054.5,10,5054.75,09:45:05.129237334
24,5054.5,8,5054.75,09:45:05.129243094
25,5054.5,8,5054.75,09:45:05.129331218
25,5054.5,7,5054.75,09:45:05.129445274
25,5054.5,7,5054.75,09:45:05.129454282
33,5054.5,7,5054.75,09:45:05.140649456
33,5054.5,5,5054.75,09:45:05.140877166
33,5054.5,4,5054.75,09:45:05.140877166
34,5054.5,4,5054.75,09:45:05.140877166
34,5054.5,3,5054.75,09:45:05.141094255
34,5054.5,65,5055.0,09:45:05.141110131
34,5054.5,65,5055.0,09:45:05.141110131
1,5054.75,65,5055.0,09:45:05.141110131
6,5054.75,65,5055.0,09:45:05.141110131
6,5054.75,65,5055.0,09:45:05.141110131
7,5054.75,65,5055.0,09:45:05.141110131
7,5054.75,65,5055.0,09:45:05.141118947
8,5054.75,65,5055.0,09:45:05.141126246
8,5054.75,64,5055.0,09:45:05.141228178
8,5054.75,63,5055.0,09:45:05.141235480
8,5054.75,65,5055.0,09:45:05.141251273
9,5054.75,65,5055.0,09:45:05.141262127
9,5054.75,61,5055.0,09:45:05.141271199
10,5054.75,61,5055.0,09:45:05.141283094
10,5054.75,60,5055.0,09:45:05.141288364
5,5054.75,60,5055.0,09:45:05.141403016
9,5054.75,60,5055.0,09:45:05.142945019
9,5054.75,64,5055.0,09:45:05.153461135
5,5054.75,64,5055.0,09:45:05.153564168
5,5054.75,63,5055.0,09:45:05.175782789
5,5054.75,64,5055.0,09:45:05.175818409
5,5054.75,64,5055.0,09:45:05.175959810
5,5054.75,63,5055.0,09:45:05.182676525
5,5054.75,62,5055.0,09:45:05.182685107
36,5054.5,62,5055.0,09:45:05.193513301
36,5054.5,62,5055.0,09:45:05.193513301
36,5054.5,1,5054.75,09:45:05.193628695
36,5054.5,1,5054.75,09:45:05.193635821
36,5054.5,1,5054.75,09:45:05.193730319
36,5054.5,5,5054.75,09:45:05.195302277
36,5054.5,6,5054.75,09:45:05.195416324
36,5054.5,8,5054.75,09:45:05.195518352
36,5054.5,9,5054.75,09:45:05.195607464
36,5054.5,10,5054.75,09:45:05.195626585
36,5054.5,11,5054.75,09:45:05.195699248
36,5054.5,11,5054.75,09:45:05.196886869
36,5054.5,12,5054.75,09:45:05.200334452
36,5054.5,12,5054.75,09:45:05.200438109
36,5054.5,12,5054.75,09:45:05.200547676
36,5054.5,12,5054.75,09:45:05.201897066
36,5054.5,12,5054.75,09:45:05.211926663
36,5054.5,8,5054.75,09:45:05.229774372
36,5054.5,7,5054.75,09:45:05.229882683
36,5054.5,7,5054.75,09:45:05.229911474
36,5054.5,5,5054.75,09:45:05.229921850
36,5054.5,4,5054.75,09:45:05.229993746
36,5054.5,4,5054.75,09:45:05.230006165
36,5054.5,3,5054.75,09:45:05.230501858
36,5054.5,64,5055.0,09:45:05.230601918
36,5054.5,64,5055.0,09:45:05.230601918
2,5054.75,64,5055.0,09:45:05.230601918
7,5054.75,64,5055.0,09:45:05.230678348
8,5054.75,64,5055.0,09:45:05.230688758
8,5054.75,64,5055.0,09:45:05.230698803
8,5054.75,63,5055.0,09:45:05.230722026
8,5054.75,62,5055.0,09:45:05.230726880
9,5054.75,62,5055.0,09:45:05.230735530
10,5054.75,62,5055.0,09:45:05.230785752
10,5054.75,58,5055.0,09:45:05.230802034
11,5054.75,58,5055.0,09:45:05.230881853
13,5054.75,58,5055.0,09:45:05.230978449
14,5054.75,58,5055.0,09:45:05.231086667
18,5054.75,58,5055.0,09:45:05.231093729
19,5054.75,58,5055.0,09:45:05.231186093
15,5054.75,58,5055.0,09:45:05.233329586
15,5054.75,62,5055.0,09:45:05.233336866
14,5054.75,62,5055.0,09:45:05.233446388
12,5054.75,62,5055.0,09:45:05.233455387
7,5054.75,62,5055.0,09:45:05.233552816
6,5054.75,62,5055.0,09:45:05.233558502
4,5054.75,62,5055.0,09:45:05.233656562
37,5054.5,62,5055.0,09:45:05.233824655
37,5054.5,62,5055.0,09:45:05.233824655
37,5054.5,1,5054.75,09:45:05.233895303
37,5054.5,2,5054.75,09:45:05.233938875
37,5054.5,2,5054.75,09:45:05.233945073
37,5054.5,2,5054.75,09:45:05.234033542
37,5054.5,6,5054.75,09:45:05.237658009
37,5054.5,7,5054.75,09:45:05.237760266
37,5054.5,3,5054.75,09:45:05.240412180
36,5054.5,3,5054.75,09:45:05.241246613
36,5054.5,7,5054.75,09:45:05.241352609
36,5054.5,8,5054.75,09:45:05.241460300
36,5054.5,10,5054.75,09:45:05.283416152
36,5054.5,11,5054.75,09:45:05.283422530
36,5054.5,19,5054.75,09:45:05.283459247
28,5054.5,19,5054.75,09:45:05.283468611
28,5054.5,20,5054.75,09:45:05.283508672
28,5054.5,21,5054.75,09:45:05.283547528
28,5054.5,11,5054.75,09:45:05.283776883
28,5054.5,12,5054.75,09:45:05.283776883
27,5054.5,12,5054.75,09:45:05.283776883
28,5054.5,12,5054.75,09:45:05.283797724
27,5054.5,12,5054.75,09:45:05.283832484
28,5054.5,12,5054.75,09:45:05.283841069
28,5054.5,12,5054.75,09:45:05.283865701
28,5054.5,12,5054.75,09:45:05.283865701
28,5054.5,11,5054.75,09:45:05.283882722
28,5054.5,10,5054.75,09:45:05.283893822
29,5054.5,10,5054.75,09:45:05.283908770
29,5054.5,11,5054.75,09:45:05.283914924
29,5054.5,10,5054.75,09:45:05.293853960
30,5054.5,10,5054.75,09:45:05.293942518
30,5054.5,2,5054.75,09:45:05.293956387
29,5054.5,2,5054.75,09:45:05.294004187
29,5054.5,1,5054.75,09:45:05.294058706
29,5054.5,65,5055.0,09:45:05.294166808
29,5054.5,65,5055.0,09:45:05.294166808
1,5054.75,65,5055.0,09:45:05.294194165
1,5054.75,65,5055.0,09:45:05.294274499
2,5054.75,65,5055.0,09:45:05.294302845
37,5054.5,65,5055.0,09:45:05.294448926
37,5054.5,65,5055.0,09:45:05.294448926
38,5054.5,65,5055.0,09:45:05.294460340
39,5054.5,65,5055.0,09:45:05.294460340
39,5054.5,64,5055.0,09:45:05.294460340
39,5054.5,1,5054.75,09:45:05.294552540
39,5054.5,2,5054.75,09:45:05.294559542
39,5054.5,6,5054.75,09:45:05.295832483
39,5054.5,7,5054.75,09:45:05.295932347
39,5054.5,8,5054.75,09:45:05.295938837
39,5054.5,9,5054.75,09:45:05.296038969
39,5054.5,7,5054.75,09:45:05.297433968
40,5054.5,7,5054.75,09:45:05.297499585
40,5054.5,3,5054.75,09:45:05.299343189
40,5054.5,64,5055.0,09:45:05.299592348
40,5054.5,64,5055.0,09:45:05.299592348
1,5054.75,64,5055.0,09:45:05.299677610
2,5054.75,64,5055.0,09:45:05.299711774
7,5054.75,64,5055.0,09:45:05.299727128
8,5054.75,64,5055.0,09:45:05.299733534
9,5054.75,64,5055.0,09:45:05.299771484
8,5054.75,64,5055.0,09:45:05.299959235
9,5054.75,64,5055.0,09:45:05.299959235
8,5054.75,64,5055.0,09:45:05.299959235
9,5054.75,64,5055.0,09:45:05.299959235
5,5054.75,64,5055.0,09:45:05.299994004
3,5054.75,64,5055.0,09:45:05.300219887
40,5054.5,64,5055.0,09:45:05.300219887
40,5054.5,64,5055.0,09:45:05.300219887
40,5054.5,1,5054.75,09:45:05.300242933
40,5054.5,2,5054.75,09:45:05.300254447
40,5054.5,3,5054.75,09:45:05.300264265
36,5054.5,3,5054.75,09:45:05.304669852
35,5054.5,3,5054.75,09:45:05.304669852
35,5054.5,5,5054.75,09:45:05.304754826
35,5054.5,10,5054.75,09:45:05.304762573
36,5054.5,10,5054.75,09:45:05.304772478
36,5054.5,11,5054.75,09:45:05.304799669
36,5054.5,12,5054.75,09:45:05.304858854
36,5054.5,13,5054.75,09:45:05.304864851
36,5054.5,14,5054.75,09:45:05.304882454
36,5054.5,15,5054.75,09:45:05.304887149
36,5054.5,14,5054.75,09:45:05.304922765
36,5054.5,15,5054.75,09:45:05.305280990
36,5054.5,16,5054.75,09:45:05.305481273
28,5054.5,16,5054.75,09:45:05.316802922
28,5054.5,17,5054.75,09:45:05.339924253
27,5054.5,17,5054.75,09:45:05.340027903
26,5054.5,17,5054.75,09:45:05.340056502
26,5054.5,18,5054.75,09:45:05.340128951
26,5054.5,26,5054.75,09:45:05.340275432
26,5054.5,27,5054.75,09:45:05.340374563
26,5054.5,28,5054.75,09:45:05.340393046
26,5054.5,29,5054.75,09:45:05.340463153
26,5054.5,30,5054.75,09:45:05.340480373
25,5054.5,30,5054.75,09:45:05.340566554
24,5054.5,30,5054.75,09:45:05.340578615
24,5054.5,30,5054.75,09:45:05.343442964
23,5054.5,30,5054.75,09:45:05.343876630
23,5054.5,30,5054.75,09:45:05.343886832
23,5054.5,29,5054.75,09:45:05.344002786
23,5054.5,30,5054.75,09:45:05.344015135
23,5054.5,30,5054.75,09:45:05.344126636
23,5054.5,30,5054.75,09:45:05.344126636
21,5054.5,30,5054.75,09:45:05.344146370
19,5054.5,30,5054.75,09:45:05.344267671
19,5054.5,30,5054.75,09:45:05.347477644
16,5054.5,30,5054.75,09:45:05.358203131
15,5054.5,30,5054.75,09:45:05.358306832
14,5054.5,30,5054.75,09:45:05.358322576
13,5054.5,30,5054.75,09:45:05.358333431
12,5054.5,30,5054.75,09:45:05.358410882
12,5054.5,30,5054.75,09:45:05.358467587
12,5054.5,33,5054.75,09:45:05.358487959
11,5054.5,33,5054.75,09:45:05.358518094
11,5054.5,33,5054.75,09:45:05.358727250
11,5054.5,33,5054.75,09:45:05.359736726
11,5054.5,33,5054.75,09:45:05.366048931
11,5054.5,34,5054.75,09:45:05.417180862
10,5054.5,34,5054.75,09:45:05.417338395
9,5054.5,34,5054.75,09:45:05.417344270
9,5054.5,34,5054.75,09:45:05.420805274
9,5054.5,34,5054.75,09:45:05.511190792
9,5054.5,34,5054.75,09:45:05.511190792
9,5054.5,43,5054.75,09:45:05.516161574
9,5054.5,44,5054.75,09:45:05.516259768
6,5054.5,44,5054.75,09:45:05.516452415
4,5054.5,44,5054.75,09:45:05.516452415
4,5054.5,45,5054.75,09:45:05.516452415
3,5054.5,45,5054.75,09:45:05.516633136
2,5054.5,45,5054.75,09:45:05.516633136
26,5054.25,45,5054.75,09:45:05.516687924
26,5054.25,45,5054.75,09:45:05.516687924
26,5054.25,1,5054.5,09:45:05.516687924
26,5054.25,1,5054.5,09:45:05.516692992
26,5054.25,3,5054.5,09:45:05.516743989
26,5054.25,3,5054.5,09:45:05.516750696
26,5054.25,3,5054.5,09:45:05.516788530
26,5054.25,4,5054.5,09:45:05.516863972
26,5054.25,5,5054.5,09:45:05.516875364
26,5054.25,5,5054.5,09:45:05.516884183
26,5054.25,5,5054.5,09:45:05.516943574
26,5054.25,6,5054.5,09:45:05.516961747
26,5054.25,10,5054.5,09:45:05.517153699
25,5054.25,10,5054.5,09:45:05.517216059
25,5054.25,11,5054.5,09:45:05.517261724
25,5054.25,13,5054.5,09:45:05.517306650
25,5054.25,13,5054.5,09:45:05.517317882
25,5054.25,13,5054.5,09:45:05.517421013
25,5054.25,13,5054.5,09:45:05.517520305
25,5054.25,13,5054.5,09:45:05.524589831
25,5054.25,13,5054.5,09:45:05.524589831
25,5054.25,13,5054.5,09:45:05.524691087
25,5054.25,12,5054.5,09:45:05.525479384
25,5054.25,13,5054.5,09:45:05.525500837
27,5054.25,13,5054.5,09:45:05.525549024
27,5054.25,11,5054.5,09:45:05.525555130
28,5054.25,11,5054.5,09:45:05.525565156
29,5054.25,11,5054.5,09:45:05.525570666
29,5054.25,11,5054.5,09:45:05.525577066
29,5054.25,2,5054.5,09:45:05.525749354
29,5054.25,3,5054.5,09:45:05.525760942
29,5054.25,2,5054.5,09:45:05.525772734
29,5054.25,1,5054.5,09:45:05.525912148
29,5054.25,46,5054.75,09:45:05.525912148
29,5054.25,46,5054.75,09:45:05.525912148
30,5054.25,46,5054.75,09:45:05.525977247
30,5054.25,46,5054.75,09:45:05.526018595
30,5054.25,47,5054.75,09:45:05.526026003
30,5054.25,48,5054.75,09:45:05.526189232
30,5054.25,48,5054.75,09:45:05.526363390
30,5054.25,48,5054.75,09:45:05.526363390
30,5054.25,48,5054.75,09:45:05.526469926
30,5054.25,4,5054.5,09:45:05.528004715
30,5054.25,5,5054.5,09:45:05.528113047
30,5054.25,5,5054.5,09:45:05.528119306
30,5054.25,5,5054.5,09:45:05.528128673
30,5054.25,6,5054.5,09:45:05.528242093
30,5054.25,6,5054.5,09:45:05.533838747
30,5054.25,6,5054.5,09:45:05.542363082
30,5054.25,6,5054.5,09:45:05.542363082
30,5054.25,2,5054.5,09:45:05.554238877
30,5054.25,1,5054.5,09:45:05.554344053
30,5054.25,1,5054.5,09:45:05.554355247
30,5054.25,48,5054.75,09:45:05.554862708
1,5054.5,48,5054.75,09:45:05.554862708
1,5054.5,48,5054.75,09:45:05.554862708
2,5054.5,48,5054.75,09:45:05.554919390
2,5054.5,47,5054.75,09:45:05.554996412
3,5054.5,47,5054.75,09:45:05.555034768
3,5054.5,47,5054.75,09:45:05.555089972
3,5054.5,47,5054.75,09:45:05.555190384
7,5054.5,47,5054.75,09:45:05.555210432
8,5054.5,47,5054.75,09:45:05.555312982
8,5054.5,47,5054.75,09:45:05.555366256
9,5054.5,47,5054.75,09:45:05.555407152
9,5054.5,47,5054.75,09:45:05.555555777
9,5054.5,46,5054.75,09:45:05.555564961
9,5054.5,46,5054.75,09:45:05.555915551
9,5054.5,46,5054.75,09:45:05.555915551
9,5054.5,46,5054.75,09:45:05.557884781
9,5054.5,46,5054.75,09:45:05.559447209
9,5054.5,46,5054.75,09:45:05.559545333
9,5054.5,46,5054.75,09:45:05.559567544
8,5054.5,46,5054.75,09:45:05.565523370
8,5054.5,45,5054.75,09:45:05.634902604
9,5054.5,45,5054.75,09:45:05.635001614
11,5054.5,45,5054.75,09:45:05.635092019
12,5054.5,45,5054.75,09:45:05.635103338
13,5054.5,45,5054.75,09:45:05.635210092
13,5054.5,45,5054.75,09:45:05.642582177
13,5054.5,45,5054.75,09:45:05.642582177
13,5054.5,45,5054.75,09:45:05.653359851
13,5054.5,46,5054.75,09:45:05.675474591
13,5054.5,45,5054.75,09:45:05.678785951
14,5054.5,45,5054.75,09:45:05.678872998
14,5054.5,45,5054.75,09:45:05.698360657
14,5054.5,46,5054.75,09:45:05.704329597
13,5054.5,46,5054.75,09:45:05.704460681
13,5054.5,46,5054.75,09:45:05.710660650
13,5054.5,46,5054.75,09:45:05.710660650
14,5054.5,46,5054.75,09:45:05.745553075
14,5054.5,45,5054.75,09:45:05.799575347
14,5054.5,45,5054.75,09:45:05.800539367
14,5054.5,45,5054.75,09:45:05.800539367
15,5054.5,45,5054.75,09:45:05.820484156
16,5054.5,45,5054.75,09:45:05.820589937
17,5054.5,45,5054.75,09:45:05.820596411
17,5054.5,44,5054.75,09:45:05.820610955
17,5054.5,43,5054.75,09:45:05.820618645
17,5054.5,42,5054.75,09:45:05.820699300
25,5054.5,42,5054.75,09:45:05.820716862
26,5054.5,42,5054.75,09:45:05.820811663
27,5054.5,42,5054.75,09:45:05.820835981
27,5054.5,37,5054.75,09:45:05.820848016
28,5054.5,37,5054.75,09:45:05.820856455
38,5054.5,37,5054.75,09:45:05.820875127
39,5054.5,37,5054.75,09:45:05.820968348
39,5054.5,29,5054.75,09:45:05.820987725
39,5054.5,28,5054.75,09:45:05.820993261
39,5054.5,27,5054.75,09:45:05.821080164
39,5054.5,26,5054.75,09:45:05.821088142
39,5054.5,17,5054.75,09:45:05.821097396
39,5054.5,16,5054.75,09:45:05.821103492
39,5054.5,15,5054.75,09:45:05.821122283
39,5054.5,13,5054.75,09:45:05.821131134
39,5054.5,62,5055.0,09:45:05.821488689
39,5054.5,62,5055.0,09:45:05.821488689
1,5054.75,62,5055.0,09:45:05.821515188
1,5054.75,62,5055.0,09:45:05.821533934
2,5054.75,62,5055.0,09:45:05.821540465
7,5054.75,62,5055.0,09:45:05.821547198
7,5054.75,62,5055.0,09:45:05.821562949
8,5054.75,62,5055.0,09:45:05.821572216
9,5054.75,62,5055.0,09:45:05.821580291
10,5054.75,62,5055.0,09:45:05.821580291
11,5054.75,62,5055.0,09:45:05.821586671
11,5054.75,61,5055.0,09:45:05.821593823
11,5054.75,61,5055.0,09:45:05.821599276
11,5054.75,57,5055.0,09:45:05.821605859
11,5054.75,67,5055.0,09:45:05.821624493
11,5054.75,67,5055.0,09:45:05.821630413
11,5054.75,66,5055.0,09:45:05.821637370
12,5054.75,66,5055.0,09:45:05.821648179
12,5054.75,66,5055.0,09:45:05.821662538
16,5054.75,66,5055.0,09:45:05.821667418
17,5054.75,66,5055.0,09:45:05.821678327
17,5054.75,66,5055.0,09:45:05.821755247
12,5054.75,66,5055.0,09:45:05.821821047
12,5054.75,66,5055.0,09:45:05.821875842
11,5054.75,66,5055.0,09:45:05.821886319
10,5054.75,66,5055.0,09:45:05.821960976
10,5054.75,66,5055.0,09:45:05.822342075
10,5054.75,66,5055.0,09:45:05.822444148
11,5054.75,66,5055.0,09:45:05.829661561
11,5054.75,65,5055.0,09:45:05.830126715
11,5054.75,65,5055.0,09:45:05.831437139
11,5054.75,65,5055.0,09:45:05.831437139
31,5054.5,65,5055.0,09:45:05.834779709
29,5054.5,65,5055.0,09:45:05.834779709
29,5054.5,65,5055.0,09:45:05.834779709
29,5054.5,66,5055.0,09:45:05.834870862
29,5054.5,1,5054.75,09:45:05.834876210
29,5054.5,2,5054.75,09:45:05.834886859
29,5054.5,3,5054.75,09:45:05.834895394
29,5054.5,4,5054.75,09:45:05.834909273
29,5054.5,4,5054.75,09:45:05.834917267
29,5054.5,4,5054.75,09:45:05.834965639
29,5054.5,3,5054.75,09:45:05.835085437
29,5054.5,4,5054.75,09:45:05.835085437
29,5054.5,5,5054.75,09:45:05.835153147
29,5054.5,3,5054.75,09:45:05.835295559
29,5054.5,2,5054.75,09:45:05.835329826
29,5054.5,4,5054.75,09:45:05.835329826
29,5054.5,4,5054.75,09:45:05.835329826
29,5054.5,1,5054.75,09:45:05.835517564
29,5054.5,1,5054.75,09:45:05.835517564
29,5054.5,69,5055.0,09:45:05.835517564
29,5054.5,69,5055.0,09:45:05.835517564
5,5054.75,69,5055.0,09:45:05.835538627
5,5054.75,69,5055.0,09:45:05.835538627
5,5054.75,69,5055.0,09:45:05.835538627
30,5054.5,69,5055.0,09:45:05.835657474
30,5054.5,69,5055.0,09:45:05.835657474
30,5054.5,1,5054.75,09:45:05.835657474
30,5054.5,69,5055.0,09:45:05.835657474
30,5054.5,69,5055.0,09:45:05.835657474
1,5054.75,69,5055.0,09:45:05.835657474
3,5054.75,69,5055.0,09:45:05.835664645
3,5054.75,68,5055.0,09:45:05.835664645
3,5054.75,67,5055.0,09:45:05.835670370
7,5054.75,67,5055.0,09:45:05.835682629
8,5054.75,67,5055.0,09:45:05.835687724
8,5054.75,66,5055.0,09:45:05.835724963
9,5054.75,66,5055.0,09:45:05.835752231
7,5054.75,66,5055.0,09:45:05.835793006
8,5054.75,66,5055.0,09:45:05.835845781
10,5054.75,66,5055.0,09:45:05.835947988
10,5054.75,66,5055.0,09:45:05.836040678
10,5054.75,66,5055.0,09:45:05.836093252
10,5054.75,66,5055.0,09:45:05.852285272
10,5054.75,65,5055.0,09:45:05.858039634
10,5054.75,65,5055.0,09:45:05.858164466
10,5054.75,65,5055.0,09:45:05.858171944
10,5054.75,66,5055.0,09:45:05.861954762
8,5054.75,66,5055.0,09:45:05.862089012
7,5054.75,66,5055.0,09:45:05.862184009
7,5054.75,66,5055.0,09:45:05.871901760
7,5054.75,66,5055.0,09:45:05.871932104
7,5054.75,66,5055.0,09:45:05.871974204
7,5054.75,66,5055.0,09:45:05.872896608
7,5054.75,65,5055.0,09:45:05.886689947
9,5054.75,65,5055.0,09:45:05.886793338
9,5054.75,66,5055.0,09:45:05.889933901
5,5054.75,66,5055.0,09:45:05.890050866
4,5054.75,66,5055.0,09:45:05.890222399
4,5054.75,66,5055.0,09:45:05.890222399
2,5054.75,66,5055.0,09:45:05.890222399
30,5054.5,66,5055.0,09:45:05.890414266
30,5054.5,66,5055.0,09:45:05.890414266
30,5054.5,71,5055.0,09:45:05.890501102
30,5054.5,71,5055.0,09:45:05.890508731
30,5054.5,72,5055.0,09:45:05.890517182
30,5054.5,73,5055.0,09:45:05.890686668
30,5054.5,68,5055.0,09:45:05.890785291
30,5054.5,68,5055.0,09:45:05.940429995
30,5054.5,68,5055.0,09:45:05.940429995
30,5054.5,68,5055.0,09:45:05.968665113
30,5054.5,68,5055.0,09:45:05.968665113
30,5054.5,68,5055.0,09:45:05.993958046
30,5054.5,68,5055.0,09:45:05.993958046
30,5054.5,69,5055.0,09:45:05.994057238
30,5054.5,62,5055.0,09:45:05.994073817
30,5054.5,66,5055.0,09:45:05.994487279
30,5054.5,66,5055.0,09:45:06.011390553
30,5054.5,66,5055.0,09:45:06.011573902
30,5054.5,66,5055.0,09:45:06.011573902
30,5054.5,66,5055.0,09:45:06.012584649
30,5054.5,66,5055.0,09:45:06.012610144
30,5054.5,66,5055.0,09:45:06.012916764
30,5054.5,66,5055.0,09:45:06.027995309
30,5054.5,66,5055.0,09:45:06.027995309
30,5054.5,66,5055.0,09:45:06.044037460
30,5054.5,66,5055.0,09:45:06.044037460
29,5054.5,66,5055.0,09:45:06.045534245
29,5054.5,66,5055.0,09:45:06.045947262
29,5054.5,66,5055.0,09:45:06.045947262
10,5054.5,66,5055.0,09:45:06.049020946
10,5054.5,1,5054.75,09:45:06.049020946
10,5054.5,2,5054.75,09:45:06.049020946
10,5054.5,6,5054.75,09:45:06.049024952
10,5054.5,7,5054.75,09:45:06.049040309
6,5054.5,7,5054.75,09:45:06.049079827
6,5054.5,13,5054.75,09:45:06.049098103
6,5054.5,13,5054.75,09:45:06.049105229
6,5054.5,14,5054.75,09:45:06.049121693
7,5054.5,14,5054.75,09:45:06.049132910
11,5054.5,14,5054.75,09:45:06.049154008
12,5054.5,14,5054.75,09:45:06.049160286
12,5054.5,15,5054.75,09:45:06.049171541
12,5054.5,16,5054.75,09:45:06.049196156
12,5054.5,24,5054.75,09:45:06.049200825
11,5054.5,24,5054.75,09:45:06.049212508
11,5054.5,27,5054.75,09:45:06.049225421
11,5054.5,27,5054.75,09:45:06.049225421
10,5054.5,27,5054.75,09:45:06.049237715
11,5054.5,27,5054.75,09:45:06.049253098
10,5054.5,27,5054.75,09:45:06.049263319
10,5054.5,28,5054.75,09:45:06.049288346
11,5054.5,28,5054.75,09:45:06.049298104
11,5054.5,29,5054.75,09:45:06.049307572
11,5054.5,31,5054.75,09:45:06.049335605
11,5054.5,32,5054.75,09:45:06.049341772
10,5054.5,32,5054.75,09:45:06.049441127
10,5054.5,33,5054.75,09:45:06.049510377
9,5054.5,33,5054.75,09:45:06.049649906
9,5054.5,33,5054.75,09:45:06.050603247
9,5054.5,34,5054.75,09:45:06.050708295
9,5054.5,35,5054.75,09:45:06.050813686
19,5054.5,35,5054.75,09:45:06.051259398
21,5054.5,35,5054.75,09:45:06.051346535
21,5054.5,34,5054.75,09:45:06.051363956
21,5054.5,32,5054.75,09:45:06.051458070
23,5054.5,32,5054.75,09:45:06.051546722
13,5054.5,32,5054.75,09:45:06.053530506
13,5054.5,31,5054.75,09:45:06.060923525
13,5054.5,27,5054.75,09:45:06.061072428
13,5054.5,27,5054.75,09:45:06.067263219
13,5054.5,27,5054.75,09:45:06.067263219
13,5054.5,27,5054.75,09:45:06.068617293
13,5054.5,28,5054.75,09:45:06.069484268
13,5054.5,30,5054.75,09:45:06.069570890
11,5054.5,30,5054.75,09:45:06.069627563
9,5054.5,30,5054.75,09:45:06.069635284
9,5054.5,31,5054.75,09:45:06.069727284
9,5054.5,31,5054.75,09:45:06.070073956
9,5054.5,31,5054.75,09:45:06.070101256
9,5054.5,31,5054.75,09:45:06.085776754
9,5054.5,31,5054.75,09:45:06.085776754
9,5054.5,31,5054.75,09:45:06.121066391
9,5054.5,31,5054.75,09:45:06.121073508
9,5054.5,30,5054.75,09:45:06.136212716
10,5054.5,30,5054.75,09:45:06.163739640
12,5054.5,30,5054.75,09:45:06.163834125
12,5054.5,28,5054.75,09:45:06.182654095
13,5054.5,28,5054.75,09:45:06.182752174
13,5054.5,30,5054.75,09:45:06.207687503
13,5054.5,31,5054.75,09:45:06.207694025
12,5054.5,31,5054.75,09:45:06.207702585
10,5054.5,31,5054.75,09:45:06.207721043
9,5054.5,31,5054.75,09:45:06.207878653
8,5054.5,31,5054.75,09:45:06.207878653
8,5054.5,32,5054.75,09:45:06.207899334
4,5054.5,32,5054.75,09:45:06.207910144
4,5054.5,33,5054.75,09:45:06.207915344
4,5054.5,33,5054.75,09:45:06.208012879
4,5054.5,33,5054.75,09:45:06.208012879
4,5054.5,33,5054.75,09:45:06.208509324
4,5054.5,33,5054.75,09:45:06.209051153
4,5054.5,33,5054.75,09:45:06.209051153
4,5054.5,33,5054.75,09:45:06.221792514
4,5054.5,33,5054.75,09:45:06.221844784
4,5054.5,33,5054.75,09:45:06.222358029
4,5054.5,33,5054.75,09:45:06.222365879
4,5054.5,33,5054.75,09:45:06.222378292
4,5054.5,33,5054.75,09:45:06.222389073
4,5054.5,33,5054.75,09:45:06.222395781
4,5054.5,33,5054.75,09:45:06.223210930
4,5054.5,33,5054.75,09:45:06.225081365
5,5054.5,33,5054.75,09:45:06.225136143
10,5054.5,33,5054.75,09:45:06.225142303
11,5054.5,33,5054.75,09:45:06.225243371
6,5054.5,33,5054.75,09:45:06.242600230
5,5054.5,33,5054.75,09:45:06.242723705
34,5054.25,33,5054.75,09:45:06.246293467
34,5054.25,8,5054.5,09:45:06.246293467
34,5054.25,8,5054.5,09:45:06.246293467
34,5054.25,9,5054.5,09:45:06.246406621
36,5054.25,9,5054.5,09:45:06.246416826
36,5054.25,10,5054.5,09:45:06.246423962
36,5054.25,10,5054.5,09:45:06.246437124
36,5054.25,10,5054.5,09:45:06.246443959
37,5054.25,10,5054.5,09:45:06.246451303
37,5054.25,11,5054.5,09:45:06.246462052
37,5054.25,11,5054.5,09:45:06.246502207
37,5054.25,13,5054.5,09:45:06.246510008
37,5054.25,13,5054.5,09:45:06.246581127
37,5054.25,12,5054.5,09:45:06.246849262
37,5054.25,10,5054.5,09:45:06.246923249
37,5054.25,11,5054.5,09:45:06.247888247
33,5054.25,11,5054.5,09:45:06.250220890
33,5054.25,14,5054.5,09:45:06.250309800
33,5054.25,19,5054.5,09:45:06.250315048
33,5054.25,20,5054.5,09:45:06.250327874
32,5054.25,20,5054.5,09:45:06.250354703
32,5054.25,21,5054.5,09:45:06.250400151
32,5054.25,22,5054.5,09:45:06.250494501
32,5054.25,22,5054.5,09:45:06.250558090
32,5054.25,22,5054.5,09:45:06.250558090
36,5054.25,22,5054.5,09:45:06.250632996
36,5054.25,21,5054.5,09:45:06.250693161
36,5054.25,22,5054.5,09:45:06.250714079
36,5054.25,23,5054.5,09:45:06.250912052
36,5054.25,23,5054.5,09:45:06.254480632
36,5054.25,23,5054.5,09:45:06.254690202
36,5054.25,23,5054.5,09:45:06.257557396
36,5054.25,23,5054.5,09:45:06.258294940
36,5054.25,23,5054.5,09:45:06.262003755
32,5054.25,23,5054.5,09:45:06.262040698
32,5054.25,24,5054.5,09:45:06.262081695
32,5054.25,25,5054.5,09:45:06.262131991
32,5054.25,26,5054.5,09:45:06.262225910
32,5054.25,27,5054.5,09:45:06.262236825
32,5054.25,28,5054.5,09:45:06.262323188
32,5054.25,36,5054.5,09:45:06.262426403
32,5054.25,37,5054.5,09:45:06.262519115
30,5054.25,37,5054.5,09:45:06.262525330
30,5054.25,37,5054.5,09:45:06.267472140
30,5054.25,38,5054.5,09:45:06.267610111
30,5054.25,39,5054.5,09:45:06.267704516
30,5054.25,40,5054.5,09:45:06.267814057
30,5054.25,40,5054.5,09:45:06.277215562
30,5054.25,40,5054.5,09:45:06.277215562
30,5054.25,39,5054.5,09:45:06.277816842
30,5054.25,40,5054.5,09:45:06.285441092
29,5054.25,40,5054.5,09:45:06.285531919
29,5054.25,39,5054.5,09:45:06.306746533
44,5054.0,39,5054.5,09:45:06.334558545
44,5054.0,39,5054.5,09:45:06.334558545
44,5054.0,2,5054.25,09:45:06.334562538
44,5054.0,3,5054.25,09:45:06.334571383
44,5054.0,4,5054.25,09:45:06.334578765
44,5054.0,7,5054.25,09:45:06.334588228
44,5054.0,8,5054.25,09:45:06.334598232
44,5054.0,8,5054.25,09:45:06.334601563
44,5054.0,9,5054.25,09:45:06.334646536
44,5054.0,10,5054.25,09:45:06.334652255
44,5054.0,11,5054.25,09:45:06.334743031
44,5054.0,11,5054.25,09:45:06.334750241
44,5054.0,11,5054.25,09:45:06.334770705
44,5054.0,12,5054.25,09:45:06.334783058
44,5054.0,12,5054.25,09:45:06.334794165
44,5054.0,12,5054.25,09:45:06.334801410
44,5054.0,12,5054.25,09:45:06.334831846
44,5054.0,13,5054.25,09:45:06.334840016
44,5054.0,13,5054.25,09:45:06.334846153
45,5054.0,13,5054.25,09:45:06.334867514
45,5054.0,14,5054.25,09:45:06.334872970
45,5054.0,14,5054.25,09:45:06.334883069
45,5054.0,12,5054.25,09:45:06.335039588
45,5054.0,13,5054.25,09:45:06.335039588
44,5054.0,13,5054.25,09:45:06.335039588
44,5054.0,13,5054.25,09:45:06.335039588
44,5054.0,15,5054.25,09:45:06.335039588
44,5054.0,16,5054.25,09:45:06.335039588
45,5054.0,16,5054.25,09:45:06.335039588
45,5054.0,16,5054.25,09:45:06.335039588
45,5054.0,16,5054.25,09:45:06.335039588
45,5054.0,16,5054.25,09:45:06.335039588
45,5054.0,16,5054.25,09:45:06.335042138
44,5054.0,16,5054.25,09:45:06.335047489
44,5054.0,15,5054.25,09:45:06.335053873
44,5054.0,13,5054.25,09:45:06.335120361
45,5054.0,13,5054.25,09:45:06.335127420
45,5054.0,13,5054.25,09:45:06.335137439
45,5054.0,13,5054.25,09:45:06.335317244
45,5054.0,13,5054.25,09:45:06.335323853
46,5054.0,13,5054.25,09:45:06.336204741
46,5054.0,14,5054.25,09:45:06.336210123
45,5054.0,14,5054.25,09:45:06.336220632
45,5054.0,16,5054.25,09:45:06.336301978
45,5054.0,16,5054.25,09:45:06.336310193
45,5054.0,16,5054.25,09:45:06.336310193
45,5054.0,16,5054.25,09:45:06.336378152
35,5054.0,16,5054.25,09:45:06.336982340
35,5054.0,17,5054.25,09:45:06.337080362
35,5054.0,17,5054.25,09:45:06.337091271
35,5054.0,18,5054.25,09:45:06.337178396
35,5054.0,19,5054.25,09:45:06.337269498
35,5054.0,20,5054.25,09:45:06.337359561
35,5054.0,20,5054.25,09:45:06.337542339
35,5054.0,20,5054.25,09:45:06.337542339
35,5054.0,24,5054.25,09:45:06.337784533
35,5054.0,25,5054.25,09:45:06.338237479
35,5054.0,34,5054.25,09:45:06.338245560
26,5054.0,34,5054.25,09:45:06.338254667
26,5054.0,34,5054.25,09:45:06.338292357
26,5054.0,35,5054.25,09:45:06.338343446
25,5054.0,35,5054.25,09:45:06.338403073
25,5054.0,36,5054.25,09:45:06.338454415
25,5054.0,42,5054.25,09:45:06.338506567
25,5054.0,42,5054.25,09:45:06.338506567
25,5054.0,42,5054.25,09:45:06.338741954
25,5054.0,42,5054.25,09:45:06.338741954
25,5054.0,42,5054.25,09:45:06.342663118
25,5054.0,42,5054.25,09:45:06.346875496
25,5054.0,42,5054.25,09:45:06.346875496
25,5054.0,42,5054.25,09:45:06.352908899
25,5054.0,42,5054.25,09:45:06.353017346
25,5054.0,42,5054.25,09:45:06.369980485
25,5054.0,42,5054.25,09:45:06.370057668
25,5054.0,42,5054.25,09:45:06.370066045
25,5054.0,38,5054.25,09:45:06.413111945
28,5054.0,38,5054.25,09:45:06.413212577
29,5054.0,38,5054.25,09:45:06.413221870
29,5054.0,37,5054.25,09:45:06.413227259
29,5054.0,37,5054.25,09:45:06.413254613
29,5054.0,37,5054.25,09:45:06.413262527
29,5054.0,37,5054.25,09:45:06.413311350
32,5054.0,37,5054.25,09:45:06.413332234
32,5054.0,36,5054.25,09:45:06.413351351
32,5054.0,27,5054.25,09:45:06.432006995
32,5054.0,27,5054.25,09:45:06.432110863
32,5054.0,27,5054.25,09:45:06.432119423
42,5054.0,27,5054.25,09:45:06.432130047
42,5054.0,26,5054.25,09:45:06.432258120
42,5054.0,25,5054.25,09:45:06.432264952
42,5054.0,23,5054.25,09:45:06.432277548
51,5054.0,23,5054.25,09:45:06.432367105
51,5054.0,17,5054.25,09:45:06.432374247
51,5054.0,16,5054.25,09:45:06.432383393
51,5054.0,14,5054.25,09:45:06.432600150
52,5054.0,14,5054.25,09:45:06.432600150
53,5054.0,14,5054.25,09:45:06.432600150
53,5054.0,13,5054.25,09:45:06.432600150
53,5054.0,12,5054.25,09:45:06.432600150
54,5054.0,12,5054.25,09:45:06.432653930
54,5054.0,11,5054.25,09:45:06.432662109
55,5054.0,11,5054.25,09:45:06.432705198
55,5054.0,10,5054.25,09:45:06.432715025
55,5054.0,9,5054.25,09:45:06.432720923
55,5054.0,6,5054.25,09:45:06.432784892
55,5054.0,5,5054.25,09:45:06.432815607
55,5054.0,4,5054.25,09:45:06.432822538
55,5054.0,4,5054.25,09:45:06.433351525
55,5054.0,4,5054.25,09:45:06.433351525
55,5054.0,3,5054.25,09:45:06.435081121
55,5054.0,44,5054.5,09:45:06.435417784
55,5054.0,44,5054.5,09:45:06.435417784
56,5054.0,44,5054.5,09:45:06.435503922
56,5054.0,43,5054.5,09:45:06.435513852
56,5054.0,44,5054.5,09:45:06.435525382
56,5054.0,51,5054.5,09:45:06.435541293
57,5054.0,51,5054.5,09:45:06.435598258
57,5054.0,51,5054.5,09:45:06.435620444
57,5054.0,52,5054.5,09:45:06.435672861
57,5054.0,52,5054.5,09:45:06.442209569
57,5054.0,52,5054.5,09:45:06.442219467
57,5054.0,52,5054.5,09:45:06.442236021
57,5054.0,52,5054.5,09:45:06.442244574
57,5054.0,52,5054.5,09:45:06.442250770
56,5054.0,52,5054.5,09:45:06.445715189
56,5054.0,52,5054.5,09:45:06.455439878
56,5054.0,52,5054.5,09:45:06.455880284
56,5054.0,52,5054.5,09:45:06.455880284
56,5054.0,52,5054.5,09:45:06.465275350
56,5054.0,52,5054.5,09:45:06.465275350
56,5054.0,52,5054.5,09:45:06.515995312
56,5054.0,52,5054.5,09:45:06.516107516
56,5054.0,52,5054.5,09:45:06.519743414
56,5054.0,52,5054.5,09:45:06.519743414
56,5054.0,55,5054.5,09:45:06.528160108
56,5054.0,55,5054.5,09:45:06.535750703
56,5054.0,55,5054.5,09:45:06.535750703
56,5054.0,54,5054.5,09:45:06.536794129
56,5054.0,54,5054.5,09:45:06.559297348
56,5054.0,54,5054.5,09:45:06.609308038
56,5054.0,55,5054.5,09:45:06.629589667
56,5054.0,1,5054.25,09:45:06.629616698
47,5054.0,1,5054.25,09:45:06.629631946
47,5054.0,1,5054.25,09:45:06.629722537
47,5054.0,2,5054.25,09:45:06.629728745
47,5054.0,1,5054.25,09:45:06.629869142
46,5054.0,1,5054.25,09:45:06.629869142
46,5054.0,2,5054.25,09:45:06.629869142
47,5054.0,2,5054.25,09:45:06.629947347
47,5054.0,1,5054.25,09:45:06.630065971
47,5054.0,56,5054.5,09:45:06.630065971
47,5054.0,56,5054.5,09:45:06.630065971
47,5054.0,1,5054.25,09:45:06.630065971
47,5054.0,1,5054.25,09:45:06.630065971
47,5054.0,57,5054.5,09:45:06.630090170
47,5054.0,57,5054.5,09:45:06.630090170
48,5054.0,57,5054.5,09:45:06.630130459
49,5054.0,57,5054.5,09:45:06.630198102
49,5054.0,57,5054.5,09:45:06.632137587
49,5054.0,57,5054.5,09:45:06.645353781
49,5054.0,57,5054.5,09:45:06.659311550
4,5054.25,57,5054.5,09:45:06.686395323
4,5054.25,56,5054.5,09:45:06.686489174
4,5054.25,56,5054.5,09:45:06.686502672
5,5054.25,56,5054.5,09:45:06.686520260
5,5054.25,56,5054.5,09:45:06.686526292
5,5054.25,56,5054.5,09:45:06.686541364
5,5054.25,56,5054.5,09:45:06.686549656
5,5054.25,55,5054.5,09:45:06.686556472
5,5054.25,54,5054.5,09:45:06.686576815
5,5054.25,54,5054.5,09:45:06.686737778
5,5054.25,54,5054.5,09:45:06.686764252
5,5054.25,54,5054.5,09:45:06.686816307
5,5054.25,55,5054.5,09:45:06.686841700
5,5054.25,54,5054.5,09:45:06.690853093
7,5054.25,54,5054.5,09:45:06.690946874
7,5054.25,53,5054.5,09:45:06.694802760
7,5054.25,53,5054.5,09:45:06.697825535
8,5054.25,53,5054.5,09:45:06.702990135
8,5054.25,53,5054.5,09:45:06.703046552
8,5054.25,53,5054.5,09:45:06.703046552
9,5054.25,53,5054.5,09:45:06.703079589
9,5054.25,54,5054.5,09:45:06.749013496
7,5054.25,54,5054.5,09:45:06.749137844
7,5054.25,53,5054.5,09:45:06.778624737
9,5054.25,53,5054.5,09:45:06.778713866
9,5054.25,53,5054.5,09:45:06.837160412
9,5054.25,53,5054.5,09:45:06.838260265
9,5054.25,53,5054.5,09:45:06.838285056
9,5054.25,53,5054.5,09:45:06.838386863
9,5054.25,54,5054.5,09:45:06.875050185
