bidVolume,bidPrice,askVolume,askPrice,timestamp
94,109.59,65,109.61,08:00:01.000389644
92,109.59,65,109.61,08:00:01.129561647
82,109.59,65,109.61,08:00:01.129800389
82,109.59,8,109.6,08:00:01.129883388
73,109.59,8,109.6,08:00:01.129991573
73,109.59,10,109.6,08:00:01.130128388
73,109.59,11,109.6,08:00:01.678197481
73,109.59,13,109.6,08:00:01.678812719
73,109.59,27,109.6,08:00:09.540228724
73,109.59,38,109.6,08:00:09.540332906
73,109.59,39,109.6,08:00:09.540441609
73,109.59,28,109.6,08:00:09.561166322
73,109.59,14,109.6,08:00:09.561166322
59,109.59,14,109.6,08:00:09.565515858
73,109.59,14,109.6,08:00:10.706934758
59,109.59,14,109.6,08:00:12.267409007
59,109.59,30,109.6,08:00:12.358917642
59,109.59,39,109.6,08:00:12.359220583
59,109.59,30,109.6,08:00:12.371447237
59,109.59,14,109.6,08:00:12.371506312
73,109.59,14,109.6,08:00:13.138077007
59,109.59,14,109.6,08:00:13.333453029
73,109.59,14,109.6,08:00:14.203693469
83,109.59,14,109.6,08:00:14.273889887
69,109.59,14,109.6,08:00:15.723175583
69,109.59,34,109.6,08:00:15.817416711
69,109.59,39,109.6,08:00:15.817416711
69,109.59,42,109.6,08:00:18.049196891
59,109.59,42,109.6,08:00:18.548568482
51,109.59,42,109.6,08:00:19.202269017
51,109.59,51,109.6,08:00:19.202340140
51,109.59,57,109.6,08:00:19.389178237
46,109.59,57,109.6,08:00:19.389626951
46,109.59,48,109.6,08:00:19.389800743
51,109.59,48,109.6,08:00:19.389800743
59,109.59,48,109.6,08:00:19.389914646
59,109.59,42,109.6,08:00:19.390045293
51,109.59,42,109.6,08:00:19.488802442
51,109.59,51,109.6,08:00:19.490742450
51,109.59,57,109.6,08:00:19.505289362
51,109.59,48,109.6,08:00:19.673483177
51,109.59,42,109.6,08:00:19.673569635
59,109.59,42,109.6,08:00:19.673569635
73,109.59,42,109.6,08:00:19.780840885
59,109.59,42,109.6,08:00:19.916123179
51,109.59,42,109.6,08:00:23.094566782
51,109.59,44,109.6,08:00:23.505948089
52,109.59,44,109.6,08:00:23.506073199
51,109.59,44,109.6,08:00:23.506367138
46,109.59,44,109.6,08:00:23.507871446
46,109.59,54,109.6,08:00:23.507871446
46,109.59,60,109.6,08:00:23.508178448
23,109.59,60,109.6,08:00:24.713575119
21,109.59,60,109.6,08:00:31.568156299
22,109.59,60,109.6,08:00:31.592353606
22,109.59,52,109.6,08:00:34.999147220
22,109.59,50,109.6,08:00:34.999282813
22,109.59,49,109.6,08:00:34.999282813
22,109.59,47,109.6,08:00:34.999297404
22,109.59,46,109.6,08:00:34.999297404
22,109.59,26,109.6,08:00:34.999297404
22,109.59,21,109.6,08:00:34.999499232
22,109.59,18,109.6,08:00:34.999516643
22,109.59,16,109.6,08:00:34.999516643
22,109.59,10,109.6,08:00:34.999516643
24,109.59,10,109.6,08:00:34.999823599
29,109.59,10,109.6,08:00:34.999845922
29,109.59,6,109.6,08:00:34.999845922
29,109.59,119,109.61,08:00:34.999845922
29,109.59,2,109.6,08:00:34.999845922
32,109.59,2,109.6,08:00:34.999869628
32,109.59,3,109.6,08:00:34.999869628
54,109.59,3,109.6,08:00:34.999869628
62,109.59,3,109.6,08:00:34.999939177
62,109.59,11,109.6,08:00:34.999954137
62,109.59,17,109.6,08:00:35.000123011
72,109.59,17,109.6,08:00:35.000159980
72,109.59,18,109.6,08:00:35.000178140
72,109.59,19,109.6,08:00:35.000178140
64,109.59,19,109.6,08:00:35.000279403
61,109.59,19,109.6,08:00:35.000279403
61,109.59,13,109.6,08:00:35.000294533
61,109.59,18,109.6,08:00:35.000554316
51,109.59,18,109.6,08:00:35.001349928
51,109.59,33,109.6,08:00:35.012268292
51,109.59,43,109.6,08:00:35.012371847
29,109.59,43,109.6,08:00:35.301693474
37,109.59,43,109.6,08:00:35.301871301
37,109.59,44,109.6,08:00:38.108660234
32,109.59,44,109.6,08:00:39.219838838
32,109.59,52,109.6,08:00:39.220183466
24,109.59,52,109.6,08:00:39.220183466
31,109.59,52,109.6,08:00:39.220199229
31,109.59,55,109.6,08:00:39.220529587
31,109.59,47,109.6,08:00:39.521180084
31,109.59,44,109.6,08:00:39.521245505
39,109.59,44,109.6,08:00:39.521351278
39,109.59,48,109.6,08:00:41.057067606
39,109.59,49,109.6,08:00:41.791664630
31,109.59,49,109.6,08:00:48.419655961
39,109.59,49,109.6,08:00:52.964592381
41,109.59,49,109.6,08:00:52.968985078
41,109.59,39,109.6,08:00:52.972696316
41,109.59,24,109.6,08:00:52.972890031
41,109.59,19,109.6,08:00:52.973323243
51,109.59,19,109.6,08:00:52.973479727
71,109.59,19,109.6,08:00:52.973479727
77,109.59,19,109.6,08:00:52.973479727
84,109.59,19,109.6,08:00:52.973610728
84,109.59,18,109.6,08:00:52.973890536
84,109.59,17,109.6,08:00:52.973994344
84,109.59,9,109.6,08:00:52.974011205
84,109.59,8,109.6,08:00:52.974065135
84,109.59,6,109.6,08:00:52.975359335
98,109.59,6,109.6,08:00:52.980587582
100,109.59,6,109.6,08:00:52.984780568
102,109.59,6,109.6,08:00:52.984780568
105,109.59,6,109.6,08:00:52.987327516
105,109.59,5,109.6,08:00:52.987567172
105,109.59,1,109.6,08:00:52.987960369
105,109.59,80,109.61,08:00:52.987960369
13,109.6,80,109.61,08:00:52.987960369
13,109.6,62,109.61,08:00:52.988111592
13,109.6,64,109.61,08:00:52.988194622
13,109.6,58,109.61,08:00:52.988556132
31,109.6,58,109.61,08:00:52.988779562
18,109.6,58,109.61,08:00:52.988949185
105,109.59,58,109.61,08:00:52.989442393
106,109.59,58,109.61,08:00:52.995694541
107,109.59,58,109.61,08:00:52.995768833
93,109.59,58,109.61,08:00:53.006221904
93,109.59,76,109.61,08:00:53.007552745
92,109.59,76,109.61,08:00:53.019263201
93,109.59,76,109.61,08:00:53.069578945
86,109.59,76,109.61,08:00:53.251321059
86,109.59,58,109.61,08:00:53.325211940
86,109.59,76,109.61,08:00:53.325487360
86,109.59,58,109.61,08:00:53.327352273
86,109.59,48,109.61,08:00:53.327596023
86,109.59,44,109.61,08:00:53.327596023
27,109.6,44,109.61,08:00:53.327596023
45,109.6,44,109.61,08:00:53.327758872
27,109.6,44,109.61,08:00:53.337438670
101,109.59,44,109.61,08:00:53.337627413
101,109.59,62,109.61,08:00:53.337789480
101,109.59,73,109.61,08:00:53.338177895
100,109.59,73,109.61,08:00:53.353598569
101,109.59,73,109.61,08:00:53.403934918
115,109.59,73,109.61,08:00:53.509711773
115,109.59,55,109.61,08:00:54.003983431
115,109.59,73,109.61,08:00:54.117867711
115,109.59,55,109.61,08:00:54.252571184
115,109.59,44,109.61,08:00:54.252701814
115,109.59,62,109.61,08:00:54.287435868
115,109.59,44,109.61,08:00:54.423847886
115,109.59,55,109.61,08:00:54.424187019
115,109.59,44,109.61,08:00:54.542853889
27,109.6,44,109.61,08:00:54.764019371
29,109.6,44,109.61,08:00:54.764235361
47,109.6,44,109.61,08:00:54.764343851
47,109.6,55,109.61,08:00:54.764397531
48,109.6,55,109.61,08:00:54.853343271
48,109.6,44,109.61,08:00:55.574820487
48,109.6,45,109.61,08:00:58.950493312
57,109.6,45,109.61,08:01:05.601189243
57,109.6,46,109.61,08:01:08.052771131
57,109.6,54,109.61,08:01:08.052960746
57,109.6,55,109.61,08:01:08.053078750
57,109.6,59,109.61,08:01:08.053098126
55,109.6,59,109.61,08:01:08.055852037
46,109.6,59,109.61,08:01:08.056142434
19,109.6,59,109.61,08:01:08.056503312
21,109.6,59,109.61,08:01:08.056919450
3,109.6,59,109.61,08:01:08.057150214
3,109.6,64,109.61,08:01:08.057407414
3,109.6,66,109.61,08:01:08.057602892
21,109.6,66,109.61,08:01:08.059318605
3,109.6,66,109.61,08:01:08.060696218
17,109.6,66,109.61,08:01:08.067731791
3,109.6,66,109.61,08:01:08.093349018
21,109.6,66,109.61,08:01:08.093516872
30,109.6,66,109.61,08:01:08.107271124
21,109.6,66,109.61,08:01:08.263528633
3,109.6,66,109.61,08:01:08.263693849
1,109.6,66,109.61,08:01:09.161621037
2,109.6,66,109.61,08:01:09.494216623
3,109.6,66,109.61,08:01:09.494444665
21,109.6,66,109.61,08:01:09.494654399
21,109.6,67,109.61,08:01:09.800399059
20,109.6,67,109.61,08:01:12.167256527
19,109.6,67,109.61,08:01:12.167270953
1,109.6,67,109.61,08:01:12.167511563
2,109.6,67,109.61,08:01:12.168218449
3,109.6,67,109.61,08:01:12.168308859
2,109.6,67,109.61,08:01:12.168765591
1,109.6,67,109.61,08:01:12.168875831
2,109.6,67,109.61,08:01:12.169105168
3,109.6,67,109.61,08:01:12.169258250
2,109.6,67,109.61,08:01:12.169329132
1,109.6,67,109.61,08:01:12.169440377
2,109.6,67,109.61,08:01:12.174063113
3,109.6,67,109.61,08:01:12.174171935
2,109.6,67,109.61,08:01:12.174553182
1,109.6,67,109.61,08:01:12.174745186
2,109.6,67,109.61,08:01:12.196959410
1,109.6,67,109.61,08:01:12.200334458
1,109.6,77,109.61,08:01:12.285523676
96,109.59,77,109.61,08:01:13.667753901
96,109.59,49,109.6,08:01:13.667753901
95,109.59,49,109.6,08:01:13.679038765
94,109.59,49,109.6,08:01:13.679112970
84,109.59,49,109.6,08:01:14.004945178
84,109.59,50,109.6,08:01:17.285553722
70,109.59,50,109.6,08:01:18.357167048
64,109.59,50,109.6,08:01:18.357345371
44,109.59,50,109.6,08:01:18.357420091
44,109.59,51,109.6,08:01:18.357695835
58,109.59,51,109.6,08:01:18.875802183
44,109.59,51,109.6,08:01:19.503532185
58,109.59,51,109.6,08:01:20.061010649
58,109.59,2,109.6,08:01:22.294677748
58,109.59,16,109.6,08:01:22.294980051
58,109.59,24,109.6,08:01:22.294980051
58,109.59,26,109.6,08:01:22.295070320
58,109.59,25,109.6,08:01:22.295190774
58,109.59,36,109.6,08:01:22.295190774
58,109.59,38,109.6,08:01:25.898805298
44,109.59,38,109.6,08:01:29.309692126
58,109.59,38,109.6,08:01:29.886360062
58,109.59,40,109.6,08:01:33.269133159
58,109.59,41,109.6,08:01:33.269504058
58,109.59,39,109.6,08:01:33.269880691
57,109.59,39,109.6,08:01:33.269951768
57,109.59,40,109.6,08:01:33.270212904
43,109.59,40,109.6,08:01:33.294622782
43,109.59,41,109.6,08:01:33.526384129
43,109.59,50,109.6,08:01:33.526834695
41,109.59,50,109.6,08:01:33.537639741
39,109.59,50,109.6,08:01:33.537708621
31,109.59,50,109.6,08:01:33.548654595
39,109.59,50,109.6,08:01:34.225036176
39,109.59,41,109.6,08:01:34.226447340
39,109.59,50,109.6,08:01:34.346690561
39,109.59,41,109.6,08:01:34.591610823
39,109.59,40,109.6,08:01:38.359488374
39,109.59,41,109.6,08:01:42.713572406
39,109.59,40,109.6,08:01:42.886812626
39,109.59,39,109.6,08:01:42.886986332
39,109.59,40,109.6,08:01:42.887417722
39,109.59,41,109.6,08:01:42.976007312
39,109.59,42,109.6,08:01:43.548974864
39,109.59,43,109.6,08:01:44.015572658
39,109.59,50,109.6,08:01:51.130014643
39,109.59,54,109.6,08:01:51.130163619
39,109.59,50,109.6,08:01:51.182672060
39,109.59,43,109.6,08:01:51.182739563
31,109.59,43,109.6,08:01:56.858093379
39,109.59,43,109.6,08:01:56.860346820
39,109.59,44,109.6,08:01:58.524213053
39,109.59,43,109.6,08:01:58.748794251
39,109.59,42,109.6,08:01:58.748975688
59,109.59,42,109.6,08:01:58.751456946
65,109.59,42,109.6,08:01:58.751619490
74,109.59,42,109.6,08:01:58.757203043
88,109.59,42,109.6,08:01:58.760113120
88,109.59,40,109.6,08:01:58.772525231
88,109.59,32,109.6,08:01:58.773466036
88,109.59,18,109.6,08:01:58.773702321
88,109.59,7,109.6,08:01:58.773702321
88,109.59,6,109.6,08:01:58.773926846
91,109.59,6,109.6,08:01:58.778058736
77,109.59,6,109.6,08:01:58.785674645
91,109.59,6,109.6,08:01:59.303231251
97,109.59,6,109.6,08:01:59.801791436
97,109.59,5,109.6,08:01:59.802237618
97,109.59,3,109.6,08:01:59.802260648
97,109.59,2,109.6,08:01:59.802260648
97,109.59,1,109.6,08:01:59.802260648
97,109.59,92,109.61,08:01:59.802260648
97,109.59,86,109.61,08:01:59.802346804
97,109.59,82,109.61,08:01:59.802346804
97,109.59,74,109.61,08:01:59.802448436
97,109.59,56,109.61,08:01:59.802561960
3,109.6,56,109.61,08:01:59.802637410
6,109.6,56,109.61,08:01:59.802957265
24,109.6,56,109.61,08:01:59.802957265
21,109.6,56,109.61,08:01:59.803253332
22,109.6,56,109.61,08:01:59.867585117
21,109.6,56,109.61,08:01:59.883597694
21,109.6,67,109.61,08:01:59.905434657
21,109.6,57,109.61,08:01:59.917867122
22,109.6,57,109.61,08:01:59.985357772
23,109.6,57,109.61,08:01:59.985723944
24,109.6,57,109.61,08:02:00.208510628
25,109.6,57,109.61,08:02:00.247293214
33,109.6,57,109.61,08:02:00.914839228
33,109.6,46,109.61,08:02:00.915383881
33,109.6,58,109.61,08:02:01.027475749
25,109.6,58,109.61,08:02:01.027819755
24,109.6,58,109.61,08:02:01.027877230
23,109.6,58,109.61,08:02:01.027948952
25,109.6,58,109.61,08:02:01.031315861
23,109.6,58,109.61,08:02:01.141503497
25,109.6,58,109.61,08:02:01.146542179
33,109.6,58,109.61,08:02:02.042812524
25,109.6,58,109.61,08:02:02.043632100
33,109.6,58,109.61,08:02:02.857984712
33,109.6,60,109.61,08:02:02.897473437
33,109.6,48,109.61,08:02:03.113351133
38,109.6,48,109.61,08:02:03.928083723
38,109.6,46,109.61,08:02:03.928508373
38,109.6,41,109.61,08:02:03.951514349
52,109.6,41,109.61,08:02:03.969368052
38,109.6,41,109.61,08:02:03.995058791
52,109.6,41,109.61,08:02:04.522889540
38,109.6,41,109.61,08:02:05.390381631
35,109.6,41,109.61,08:02:05.647805530
17,109.6,41,109.61,08:02:05.647938054
16,109.6,41,109.61,08:02:05.647958643
15,109.6,41,109.61,08:02:05.647958643
13,109.6,41,109.61,08:02:05.647958643
5,109.6,41,109.61,08:02:05.647958643
102,109.59,41,109.61,08:02:05.647972685
102,109.59,58,109.6,08:02:05.648183734
90,109.59,58,109.6,08:02:05.648755861
87,109.59,58,109.6,08:02:05.648755861
87,109.59,49,109.6,08:02:05.648774930
87,109.59,46,109.6,08:02:05.649382472
87,109.59,32,109.6,08:02:05.649400434
96,109.59,32,109.6,08:02:05.649868370
96,109.59,28,109.6,08:02:05.650979501
100,109.59,28,109.6,08:02:05.659261040
104,109.59,28,109.6,08:02:05.659329523
104,109.59,33,109.6,08:02:09.373400458
104,109.59,41,109.6,08:02:09.373400458
104,109.59,42,109.6,08:02:09.373611159
104,109.59,37,109.6,08:02:09.373718672
104,109.59,29,109.6,08:02:09.373718672
114,109.59,29,109.6,08:02:09.373897341
111,109.59,29,109.6,08:02:09.708373507
97,109.59,29,109.6,08:02:09.846101071
111,109.59,29,109.6,08:02:10.352961252
111,109.59,28,109.6,08:02:10.980525752
111,109.59,27,109.6,08:02:10.991115490
111,109.59,26,109.6,08:02:10.991202626
111,109.59,25,109.6,08:02:10.991365995
111,109.59,3,109.6,08:02:10.991494468
111,109.59,96,109.61,08:02:10.991508720
1,109.6,96,109.61,08:02:10.991580411
2,109.6,96,109.61,08:02:10.991737483
2,109.6,101,109.61,08:02:10.992024051
5,109.6,101,109.61,08:02:10.992024051
5,109.6,94,109.61,08:02:10.992141486
6,109.6,94,109.61,08:02:10.992141486
22,109.6,94,109.61,08:02:10.992160951
21,109.6,94,109.61,08:02:10.992160951
20,109.6,94,109.61,08:02:10.992160951
20,109.6,70,109.61,08:02:10.992318316
30,109.6,70,109.61,08:02:10.992846895
30,109.6,54,109.61,08:02:10.992846895
30,109.6,48,109.61,08:02:10.993149294
35,109.6,48,109.61,08:02:10.995531787
36,109.6,48,109.61,08:02:11.003606054
37,109.6,48,109.61,08:02:11.003748089
36,109.6,48,109.61,08:02:11.004454418
38,109.6,48,109.61,08:02:11.005934925
46,109.6,48,109.61,08:02:11.006214810
47,109.6,48,109.61,08:02:11.006285966
47,109.6,43,109.61,08:02:11.011309948
61,109.6,43,109.61,08:02:11.019042657
61,109.6,42,109.61,08:02:11.268844637
61,109.6,34,109.61,08:02:11.269193645
61,109.6,33,109.61,08:02:11.269216428
61,109.6,32,109.61,08:02:11.269216428
61,109.6,31,109.61,08:02:11.269216428
63,109.6,31,109.61,08:02:11.269293724
63,109.6,11,109.61,08:02:11.269515458
63,109.6,5,109.61,08:02:11.269515458
69,109.6,5,109.61,08:02:11.269636006
74,109.6,5,109.61,08:02:11.269636006
70,109.6,5,109.61,08:02:11.269825976
70,109.6,7,109.61,08:02:11.269924719
70,109.6,6,109.61,08:02:11.270014907
70,109.6,14,109.61,08:02:11.353420639
70,109.6,31,109.61,08:02:11.372216817
70,109.6,40,109.61,08:02:11.372288475
65,109.6,40,109.61,08:02:11.594535433
59,109.6,40,109.61,08:02:11.594594518
59,109.6,41,109.61,08:02:12.422954993
59,109.6,40,109.61,08:02:12.433693860
59,109.6,23,109.61,08:02:12.433865661
59,109.6,14,109.61,08:02:12.433929248
59,109.6,12,109.61,08:02:12.436259483
59,109.6,11,109.61,08:02:12.437684819
59,109.6,3,109.61,08:02:12.438086617
66,109.6,3,109.61,08:02:12.438086617
80,109.6,3,109.61,08:02:12.438228988
84,109.6,3,109.61,08:02:12.438360350
95,109.6,3,109.61,08:02:12.438374066
81,109.6,3,109.61,08:02:12.438702812
81,109.6,2,109.61,08:02:12.438975135
81,109.6,3,109.61,08:02:12.438975135
81,109.6,2,109.61,08:02:12.439217506
81,109.6,10,109.61,08:02:12.506655794
81,109.6,11,109.61,08:02:12.519879766
81,109.6,12,109.61,08:02:12.520841471
81,109.6,13,109.61,08:02:12.522088576
81,109.6,12,109.61,08:02:12.529150219
81,109.6,11,109.61,08:02:12.529280491
81,109.6,13,109.61,08:02:12.541097354
78,109.6,13,109.61,08:02:13.206246994
77,109.6,13,109.61,08:02:13.206391737
61,109.6,13,109.61,08:02:13.206415219
55,109.6,13,109.61,08:02:13.206415219
50,109.6,13,109.61,08:02:13.206415219
49,109.6,13,109.61,08:02:13.206415219
47,109.6,13,109.61,08:02:13.206415219
39,109.6,13,109.61,08:02:13.206415219
38,109.6,13,109.61,08:02:13.206440451
36,109.6,13,109.61,08:02:13.206440451
29,109.6,13,109.61,08:02:13.206440451
15,109.6,13,109.61,08:02:13.206440451
11,109.6,13,109.61,08:02:13.206440451
115,109.59,13,109.61,08:02:13.206440451
115,109.59,19,109.6,08:02:13.206440451
115,109.59,19,109.61,08:02:13.206996946
115,109.59,28,109.61,08:02:13.206996946
2,109.6,28,109.61,08:02:13.206996946
4,109.6,28,109.61,08:02:13.206996946
4,109.6,30,109.61,08:02:13.207243057
23,109.6,30,109.61,08:02:13.207243057
23,109.6,31,109.61,08:02:13.207418005
23,109.6,33,109.61,08:02:13.207418005
23,109.6,51,109.61,08:02:13.207469563
23,109.6,59,109.61,08:02:13.207470705
23,109.6,77,109.61,08:02:13.207557960
21,109.6,77,109.61,08:02:13.207599742
39,109.6,77,109.61,08:02:13.207599742
39,109.6,81,109.61,08:02:13.207599742
39,109.6,79,109.61,08:02:13.207678818
40,109.6,79,109.61,08:02:13.207782312
40,109.6,61,109.61,08:02:13.208081636
40,109.6,57,109.61,08:02:13.208422981
40,109.6,49,109.61,08:02:13.208422981
54,109.6,49,109.61,08:02:14.353502347
40,109.6,49,109.61,08:02:14.379123264
38,109.6,49,109.61,08:02:14.493963085
19,109.6,49,109.61,08:02:14.493976973
1,109.6,49,109.61,08:02:14.494074816
125,109.59,49,109.61,08:02:14.494074816
125,109.59,60,109.6,08:02:14.494074816
125,109.59,59,109.6,08:02:14.495245765
138,109.59,59,109.6,08:02:14.495358260
133,109.59,59,109.6,08:02:14.496034459
138,109.59,59,109.6,08:02:14.598125064
133,109.59,59,109.6,08:02:14.610471766
148,109.59,59,109.6,08:02:14.656230105
163,109.59,59,109.6,08:02:14.658207834
156,109.59,59,109.6,08:02:14.659871774
148,109.59,59,109.6,08:02:14.659986089
144,109.59,59,109.6,08:02:14.666745003
141,109.59,59,109.6,08:02:14.667470163
145,109.59,59,109.6,08:02:14.667819445
148,109.59,59,109.6,08:02:14.670290006
133,109.59,59,109.6,08:02:14.673446763
133,109.59,58,109.6,08:02:14.869556658
133,109.59,57,109.6,08:02:14.869656911
138,109.59,57,109.6,08:02:14.869807842
138,109.59,49,109.6,08:02:14.869939582
140,109.59,49,109.6,08:02:14.869939582
145,109.59,49,109.6,08:02:14.870392347
131,109.59,49,109.6,08:02:14.878032070
131,109.59,35,109.6,08:02:14.878032070
131,109.59,32,109.6,08:02:14.878305840
131,109.59,97,109.61,08:02:14.878517482
3,109.6,97,109.61,08:02:14.878517482
7,109.6,97,109.61,08:02:14.878535837
15,109.6,97,109.61,08:02:14.878535837
15,109.6,79,109.61,08:02:14.878914226
33,109.6,79,109.61,08:02:14.878933858
33,109.6,49,109.61,08:02:14.879092690
30,109.6,49,109.61,08:02:17.692783628
26,109.6,49,109.61,08:02:17.692783628
18,109.6,49,109.61,08:02:17.692880957
116,109.59,49,109.61,08:02:17.692896999
116,109.59,67,109.6,08:02:17.692896999
111,109.59,67,109.6,08:02:17.693294682
109,109.59,67,109.6,08:02:17.693496793
109,109.59,75,109.6,08:02:17.693496793
104,109.59,75,109.6,08:02:17.693767091
104,109.59,67,109.6,08:02:17.693852812
104,109.59,72,109.6,08:02:17.719598936
104,109.59,67,109.6,08:02:17.719752901
109,109.59,67,109.6,08:02:17.794016020
104,109.59,67,109.6,08:02:17.806479779
119,109.59,67,109.6,08:02:17.855159757
116,109.59,67,109.6,08:02:19.019467441
116,109.59,78,109.6,08:02:19.288022242
107,109.59,78,109.6,08:02:19.386884942
107,109.59,82,109.6,08:02:19.386961998
107,109.59,83,109.6,08:02:19.387131134
107,109.59,84,109.6,08:02:19.387553485
107,109.59,85,109.6,08:02:19.498258390
107,109.59,86,109.6,08:02:19.498325613
107,109.59,74,109.6,08:02:19.505072054
107,109.59,73,109.6,08:02:19.505240608
107,109.59,72,109.6,08:02:19.505317959
107,109.59,77,109.6,08:02:19.511781856
107,109.59,79,109.6,08:02:19.512041632
101,109.59,79,109.6,08:02:24.034153646
81,109.59,79,109.6,08:02:24.034153646
81,109.59,87,109.6,08:02:24.034618816
73,109.59,87,109.6,08:02:24.034633188
73,109.59,89,109.6,08:02:24.034883072
63,109.59,89,109.6,08:02:24.034906468
63,109.59,87,109.6,08:02:24.045788081
48,109.59,87,109.6,08:02:24.049725879
43,109.59,87,109.6,08:02:24.049863975
43,109.59,88,109.6,08:02:24.910622093
41,109.59,88,109.6,08:02:25.161127587
41,109.59,33,109.6,08:02:26.517729683
41,109.59,35,109.6,08:02:26.517952877
43,109.59,35,109.6,08:02:26.518053200
50,109.59,35,109.6,08:02:26.518067984
50,109.59,36,109.6,08:02:26.542859386
58,109.59,36,109.6,08:02:26.615270283
64,109.59,36,109.6,08:02:26.615705257
58,109.59,36,109.6,08:02:26.616066355
73,109.59,36,109.6,08:02:26.912060313
65,109.59,36,109.6,08:02:26.913609974
65,109.59,38,109.6,08:02:26.913720576
63,109.59,38,109.6,08:02:26.913826395
59,109.59,38,109.6,08:02:26.918286927
63,109.59,38,109.6,08:02:26.919210761
63,109.59,52,109.6,08:02:36.838066651
63,109.59,63,109.6,08:02:36.838140683
61,109.59,63,109.6,08:02:36.848518132
60,109.59,63,109.6,08:02:40.406155134
60,109.59,70,109.6,08:02:40.406310743
60,109.59,74,109.6,08:02:40.406591319
60,109.59,79,109.6,08:02:40.406745070
50,109.59,79,109.6,08:02:40.406770183
50,109.59,81,109.6,08:02:40.406770183
49,109.59,81,109.6,08:02:40.406770183
42,109.59,81,109.6,08:02:40.406787709
36,109.59,81,109.6,08:02:40.407286124
34,109.59,81,109.6,08:02:40.407286124
32,109.59,81,109.6,08:02:40.407286124
28,109.59,81,109.6,08:02:40.407301151
15,109.59,81,109.6,08:02:40.407301151
9,109.59,81,109.6,08:02:40.407301151
4,109.59,81,109.6,08:02:40.407803957
140,109.58,81,109.6,08:02:40.407803957
142,109.58,81,109.6,08:02:40.408008163
142,109.58,79,109.6,08:02:40.408025628
142,109.58,74,109.6,08:02:40.408025628
144,109.58,74,109.6,08:02:40.408348812
132,109.58,74,109.6,08:02:40.408854907
120,109.58,74,109.6,08:02:40.409173537
123,109.58,74,109.6,08:02:40.419105020
126,109.58,74,109.6,08:02:40.419182383
97,109.58,74,109.6,08:02:40.421631932
91,109.58,74,109.6,08:02:40.422253788
97,109.58,74,109.6,08:02:40.523037956
91,109.58,74,109.6,08:02:40.535622207
97,109.58,74,109.6,08:02:40.636290308
99,109.58,74,109.6,08:02:40.891966871
91,109.58,74,109.6,08:02:56.392331557
85,109.58,74,109.6,08:02:56.392921408
85,109.58,1,109.59,08:02:56.409829819
85,109.58,2,109.59,08:02:56.409929291
85,109.58,20,109.59,08:02:56.410121872
85,109.58,22,109.59,08:02:56.410237844
85,109.58,27,109.59,08:02:56.410258058
85,109.58,33,109.59,08:02:56.410258058
85,109.58,35,109.59,08:02:56.410258058
85,109.58,43,109.59,08:02:56.410346350
85,109.58,51,109.59,08:02:56.410363303
85,109.58,49,109.59,08:02:56.410457440
85,109.58,43,109.59,08:02:56.410548566
83,109.58,43,109.59,08:02:56.410760250
83,109.58,45,109.59,08:02:56.410887360
84,109.58,45,109.59,08:02:56.411057866
84,109.58,46,109.59,08:02:56.411610889
83,109.58,46,109.59,08:02:56.412187887
82,109.58,46,109.59,08:02:56.412886660
71,109.58,46,109.59,08:02:56.413045176
73,109.58,46,109.59,08:02:56.413203416
71,109.58,46,109.59,08:02:56.415716866
72,109.58,46,109.59,08:02:56.416615282
71,109.58,46,109.59,08:02:56.419558604
70,109.58,46,109.59,08:02:56.422827718
65,109.58,46,109.59,08:02:56.445257038
65,109.58,54,109.59,08:02:56.528880185
65,109.58,57,109.59,08:02:56.528880185
55,109.58,57,109.59,08:02:56.714477445
65,109.58,57,109.59,08:02:56.716672049
65,109.58,54,109.59,08:02:56.716746753
65,109.58,46,109.59,08:02:56.716746753
66,109.58,46,109.59,08:02:58.418015706
66,109.58,45,109.59,08:02:58.418127255
66,109.58,44,109.59,08:02:58.418142509
66,109.58,42,109.59,08:02:58.418142509
66,109.58,37,109.59,08:02:58.418502230
68,109.58,37,109.59,08:02:58.418502230
76,109.58,37,109.59,08:02:58.418518381
68,109.58,37,109.59,08:02:58.418652326
66,109.58,37,109.59,08:02:58.418764064
66,109.58,38,109.59,08:02:58.422599571
66,109.58,39,109.59,08:02:58.423130636
65,109.58,39,109.59,08:02:58.424202395
63,109.58,39,109.59,08:02:58.424287399
63,109.58,49,109.59,08:02:58.426360857
62,109.58,49,109.59,08:02:58.429380655
62,109.58,39,109.59,08:02:58.429493715
61,109.58,39,109.59,08:02:58.429569711
62,109.58,39,109.59,08:02:58.503057572
63,109.58,39,109.59,08:02:58.503467140
63,109.58,38,109.59,08:02:58.508561093
63,109.58,37,109.59,08:02:58.508631916
71,109.58,37,109.59,08:03:00.290038936
71,109.58,38,109.59,08:03:00.315160574
71,109.58,36,109.59,08:03:01.062700914
74,109.58,36,109.59,08:03:01.064411890
74,109.58,37,109.59,08:03:01.066464146
74,109.58,38,109.59,08:03:01.066612501
73,109.58,38,109.59,08:03:01.069262230
74,109.58,38,109.59,08:03:01.125469454
71,109.58,38,109.59,08:03:01.163686553
71,109.58,37,109.59,08:03:01.586983237
71,109.58,36,109.59,08:03:01.586983237
71,109.58,28,109.59,08:03:01.587181026
71,109.58,29,109.59,08:03:01.587339607
73,109.58,29,109.59,08:03:01.587439107
73,109.58,30,109.59,08:03:01.587459878
73,109.58,38,109.59,08:03:01.587620718
65,109.58,38,109.59,08:03:01.587866113
63,109.58,38,109.59,08:03:01.587967249
62,109.58,38,109.59,08:03:01.596956761
61,109.58,38,109.59,08:03:01.741965330
62,109.58,38,109.59,08:03:02.167270159
61,109.58,38,109.59,08:03:03.436169999
62,109.58,38,109.59,08:03:03.690871318
61,109.58,38,109.59,08:03:03.734312149
61,109.58,40,109.59,08:03:04.232238660
61,109.58,48,109.59,08:03:04.459121307
61,109.58,52,109.59,08:03:04.459647111
62,109.58,52,109.59,08:03:09.172749047
63,109.58,52,109.59,08:03:09.181599266
71,109.58,52,109.59,08:03:09.182563086
63,109.58,52,109.59,08:03:09.186369588
62,109.58,52,109.59,08:03:09.186513316
61,109.58,52,109.59,08:03:09.269243644
62,109.58,52,109.59,08:03:09.418904039
61,109.58,52,109.59,08:03:09.427799606
61,109.58,53,109.59,08:03:10.932878941
61,109.58,54,109.59,08:03:10.933858769
62,109.58,54,109.59,08:03:11.045956501
61,109.58,54,109.59,08:03:13.226349853
62,109.58,54,109.59,08:03:13.240355239
61,109.58,54,109.59,08:03:13.243365470
62,109.58,54,109.59,08:03:13.483660613
61,109.58,54,109.59,08:03:13.485633198
62,109.58,54,109.59,08:03:13.487459612
62,109.58,53,109.59,08:03:13.488193644
61,109.58,53,109.59,08:03:13.488923141
61,109.58,54,109.59,08:03:14.374215722
61,109.58,55,109.59,08:03:16.897623228
61,109.58,62,109.59,08:03:17.174151377
51,109.58,62,109.59,08:03:17.174254107
51,109.58,66,109.59,08:03:17.174269719
51,109.58,62,109.59,08:03:17.337396459
51,109.58,55,109.59,08:03:17.337414292
61,109.58,55,109.59,08:03:17.337690427
62,109.58,55,109.59,08:03:22.614460579
61,109.58,55,109.59,08:03:22.617949136
62,109.58,55,109.59,08:03:22.622410594
63,109.58,55,109.59,08:03:23.284369064
62,109.58,55,109.59,08:03:23.320247780
63,109.58,55,109.59,08:03:27.711925804
62,109.58,55,109.59,08:03:27.779061715
61,109.58,55,109.59,08:03:27.780184232
62,109.58,55,109.59,08:03:29.706198195
63,109.58,55,109.59,08:03:29.707172505
62,109.58,55,109.59,08:03:29.709337664
61,109.58,55,109.59,08:03:29.755497753
62,109.58,55,109.59,08:03:32.007566534
61,109.58,55,109.59,08:03:32.009870474
61,109.58,65,109.59,08:03:32.018837474
51,109.58,65,109.59,08:03:32.021023344
37,109.58,65,109.59,08:03:32.085911775
19,109.58,65,109.59,08:03:32.086076914
11,109.58,65,109.59,08:03:32.086091090
7,109.58,65,109.59,08:03:32.086091090
6,109.58,65,109.59,08:03:32.086104769
4,109.58,65,109.59,08:03:32.086104769
2,109.58,65,109.59,08:03:32.086119303
137,109.57,65,109.59,08:03:32.086119303
137,109.57,98,109.58,08:03:32.086136458
126,109.57,98,109.58,08:03:32.086526895
128,109.57,98,109.58,08:03:32.086674823
128,109.57,97,109.58,08:03:32.086772257
125,109.57,97,109.58,08:03:32.086790005
125,109.57,99,109.58,08:03:32.086790005
101,109.57,99,109.58,08:03:32.086875681
101,109.57,97,109.58,08:03:32.087204420
91,109.57,97,109.58,08:03:32.087204420
104,109.57,97,109.58,08:03:32.087275159
98,109.57,97,109.58,08:03:32.087403396
100,109.57,97,109.58,08:03:32.097291938
103,109.57,97,109.58,08:03:32.097404255
106,109.57,97,109.58,08:03:32.097489819
106,109.57,99,109.58,08:03:32.112613914
106,109.57,101,109.58,08:03:32.112794323
106,109.57,99,109.58,08:03:32.113088455
106,109.57,97,109.58,08:03:32.122071973
116,109.57,97,109.58,08:03:32.315629164
116,109.57,94,109.58,08:03:32.509323032
116,109.57,93,109.58,08:03:32.509607836
116,109.57,89,109.58,08:03:32.572763011
116,109.57,88,109.58,08:03:32.573030230
123,109.57,88,109.58,08:03:32.573030230
123,109.57,86,109.58,08:03:32.573135302
123,109.57,82,109.58,08:03:32.573304438
123,109.57,81,109.58,08:03:32.574149685
137,109.57,81,109.58,08:03:32.574222772
137,109.57,80,109.58,08:03:32.575739428
137,109.57,79,109.58,08:03:32.575968387
137,109.57,78,109.58,08:03:32.576075888
137,109.57,77,109.58,08:03:32.576368182
137,109.57,67,109.58,08:03:32.576383243
137,109.57,61,109.58,08:03:32.576485081
137,109.57,60,109.58,08:03:32.576666950
137,109.57,54,109.58,08:03:32.576780422
138,109.57,54,109.58,08:03:32.576780422
141,109.57,54,109.58,08:03:32.576954822
127,109.57,54,109.58,08:03:32.599846266
137,109.57,54,109.58,08:03:32.739763948
149,109.57,54,109.58,08:03:32.912265817
147,109.57,54,109.58,08:03:32.921439746
140,109.57,54,109.58,08:03:32.922121203
142,109.57,54,109.58,08:03:32.922399135
144,109.57,54,109.58,08:03:32.924989766
146,109.57,54,109.58,08:03:32.925790215
149,109.57,54,109.58,08:03:32.926521929
163,109.57,54,109.58,08:03:33.136274071
163,109.57,56,109.58,08:03:36.616305354
163,109.57,57,109.58,08:03:41.063556577
153,109.57,57,109.58,08:03:42.072350030
153,109.57,56,109.58,08:03:42.525197497
153,109.57,54,109.58,08:03:42.525444825
153,109.57,48,109.58,08:03:42.525561039
153,109.57,42,109.58,08:03:42.525561039
153,109.57,36,109.58,08:03:42.525674571
153,109.57,28,109.58,08:03:42.525674571
153,109.57,18,109.58,08:03:42.525854370
153,109.57,16,109.58,08:03:42.525976855
153,109.57,4,109.58,08:03:42.525976855
153,109.57,3,109.58,08:03:42.526134283
153,109.57,2,109.58,08:03:42.526134283
153,109.57,1,109.58,08:03:42.526134283
153,109.57,108,109.59,08:03:42.526134283
152,109.57,108,109.59,08:03:42.526236367
8,109.58,108,109.59,08:03:42.526401387
11,109.58,108,109.59,08:03:42.526401387
13,109.58,108,109.59,08:03:42.526401387
15,109.58,108,109.59,08:03:42.526401387
15,109.58,113,109.59,08:03:42.526652068
15,109.58,95,109.59,08:03:42.526677435
17,109.58,95,109.59,08:03:42.526677435
20,109.58,95,109.59,08:03:42.526677435
20,109.58,83,109.59,08:03:42.526677435
20,109.58,84,109.59,08:03:42.526694981
12,109.58,84,109.59,08:03:42.526762212
25,109.58,84,109.59,08:03:42.526781322
43,109.58,84,109.59,08:03:42.526940228
43,109.58,86,109.59,08:03:42.527009432
43,109.58,68,109.59,08:03:42.527208315
43,109.58,58,109.59,08:03:42.570522670
53,109.58,58,109.59,08:03:42.570715530
53,109.58,53,109.59,08:03:42.575355990
61,109.58,53,109.59,08:03:42.575355990
64,109.58,53,109.59,08:03:42.627373508
64,109.58,45,109.59,08:03:42.651007616
61,109.58,45,109.59,08:03:42.661234029
61,109.58,44,109.59,08:03:42.942925070
61,109.58,42,109.59,08:03:43.385241408
62,109.58,42,109.59,08:03:43.491164064
65,109.58,42,109.59,08:03:43.551846113
65,109.58,41,109.59,08:03:43.556542608
66,109.58,41,109.59,08:03:43.557154710
66,109.58,40,109.59,08:03:43.557294569
66,109.58,39,109.59,08:03:43.559730051
66,109.58,38,109.59,08:03:43.559795334
66,109.58,40,109.59,08:03:43.561350949
66,109.58,41,109.59,08:03:43.562585825
66,109.58,40,109.59,08:03:43.562862983
66,109.58,38,109.59,08:03:43.562971725
71,109.58,38,109.59,08:03:43.567751067
80,109.58,38,109.59,08:03:43.569605776
80,109.58,30,109.59,08:03:43.569829367
100,109.58,30,109.59,08:03:43.569829367
105,109.58,30,109.59,08:03:43.569941468
105,109.58,14,109.59,08:03:43.569960231
109,109.58,14,109.59,08:03:43.570079831
109,109.58,13,109.59,08:03:43.570184147
106,109.58,13,109.59,08:03:43.570324445
106,109.58,10,109.59,08:03:43.570324445
104,109.58,10,109.59,08:03:43.570324445
104,109.58,8,109.59,08:03:43.570324445
102,109.58,8,109.59,08:03:43.570452611
102,109.58,6,109.59,08:03:43.570473181
100,109.58,6,109.59,08:03:43.570473181
100,109.58,5,109.59,08:03:43.570473181
100,109.58,4,109.59,08:03:43.570473181
97,109.58,4,109.59,08:03:43.570487199
97,109.58,1,109.59,08:03:43.570487199
97,109.58,4,109.59,08:03:43.570631791
123,109.58,4,109.59,08:03:43.570741407
123,109.58,1,109.59,08:03:43.570924982
125,109.58,1,109.59,08:03:43.580742339
128,109.58,1,109.59,08:03:43.581167978
131,109.58,1,109.59,08:03:43.581242345
145,109.58,1,109.59,08:03:43.590242301
131,109.58,1,109.59,08:03:43.615854413
131,109.58,9,109.59,08:03:43.652690665
131,109.58,8,109.59,08:03:43.652975797
131,109.58,1,109.59,08:03:43.653067556
131,109.58,56,109.6,08:03:43.653223023
131,109.58,64,109.6,08:03:43.653310206
136,109.58,64,109.6,08:03:43.653384309
136,109.58,65,109.6,08:03:43.653384309
136,109.58,57,109.6,08:03:43.653594938
165,109.58,57,109.6,08:03:43.667684279
165,109.58,68,109.6,08:03:43.681756815
166,109.58,68,109.6,08:03:43.771829027
180,109.58,68,109.6,08:03:44.148843657
180,109.58,150,109.59,08:03:47.936122223
180,109.58,151,109.59,08:03:47.936677873
179,109.58,151,109.59,08:03:47.936862030
179,109.58,154,109.59,08:03:47.936862030
170,109.58,154,109.59,08:03:47.937144480
169,109.58,154,109.59,08:03:47.937406145
168,109.58,154,109.59,08:03:47.948473987
160,109.58,154,109.59,08:03:48.266533375
155,109.58,154,109.59,08:03:48.266685336
135,109.58,154,109.59,08:03:48.266831893
129,109.58,154,109.59,08:03:48.267720643
105,109.58,154,109.59,08:03:48.268193248
76,109.58,154,109.59,08:03:48.281689799
62,109.58,154,109.59,08:03:48.292442512
61,109.58,154,109.59,08:03:48.303746546
60,109.58,154,109.59,08:03:48.303814556
68,109.58,154,109.59,08:03:48.399786430
90,109.58,154,109.59,08:03:48.400141367
119,109.58,154,109.59,08:03:48.513196184
133,109.58,154,109.59,08:03:48.851595135
125,109.58,154,109.59,08:03:52.900571399
103,109.58,154,109.59,08:03:52.901003408
74,109.58,154,109.59,08:03:52.914329969
60,109.58,154,109.59,08:03:52.925493687
50,109.58,154,109.59,08:03:52.925674836
60,109.58,154,109.59,08:03:53.000733319
68,109.58,154,109.59,08:03:53.000929805
58,109.58,154,109.59,08:03:53.275319953
50,109.58,154,109.59,08:03:53.275505630
45,109.58,154,109.59,08:03:53.275679281
43,109.58,154,109.59,08:03:53.287882976
38,109.58,154,109.59,08:03:53.351424551
38,109.58,168,109.59,08:03:53.357236417
38,109.58,180,109.59,08:03:53.357311480
35,109.58,180,109.59,08:03:53.364176245
35,109.58,188,109.59,08:03:53.530412979
35,109.58,194,109.59,08:03:53.530427352
33,109.58,194,109.59,08:04:00.218520712
31,109.58,194,109.59,08:04:00.218697963
22,109.58,194,109.59,08:04:00.218697963
4,109.58,194,109.59,08:04:00.218712050
2,109.58,194,109.59,08:04:00.218712050
166,109.57,194,109.59,08:04:00.218797006
166,109.57,202,109.59,08:04:00.218797006
163,109.57,202,109.59,08:04:00.219066180
155,109.57,202,109.59,08:04:00.219066180
155,109.57,14,109.58,08:04:00.219066180
155,109.57,40,109.58,08:04:00.219313626
155,109.57,41,109.58,08:04:00.219436282
155,109.57,27,109.58,08:04:00.219528110
155,109.57,35,109.58,08:04:00.219528110
155,109.57,34,109.58,08:04:00.219804470
151,109.57,34,109.58,08:04:00.219902764
155,109.57,34,109.58,08:04:00.220083885
129,109.57,34,109.58,08:04:00.220407635
133,109.57,34,109.58,08:04:00.229984878
133,109.57,35,109.58,08:04:01.503895072
133,109.57,36,109.58,08:04:01.504069638
133,109.57,37,109.58,08:04:01.593189135
133,109.57,38,109.58,08:04:01.593289691
133,109.57,40,109.58,08:04:01.593289691
133,109.57,45,109.58,08:04:01.593416616
133,109.57,46,109.58,08:04:01.593416616
133,109.57,41,109.58,08:04:01.615125192
119,109.57,41,109.58,08:04:01.619335363
119,109.57,40,109.58,08:04:01.693978630
119,109.57,39,109.58,08:04:01.947268894
133,109.57,39,109.58,08:04:02.239345149
130,109.57,39,109.58,08:04:04.389069725
130,109.57,41,109.58,08:04:10.016952492
128,109.57,41,109.58,08:04:10.017149945
114,109.57,41,109.58,08:04:10.042674724
114,109.57,39,109.58,08:04:10.387172655
128,109.57,39,109.58,08:04:10.879390165
128,109.57,40,109.58,08:04:12.055477936
128,109.57,42,109.58,08:04:12.055556717
114,109.57,42,109.58,08:04:12.080480230
114,109.57,40,109.58,08:04:12.160948038
114,109.57,42,109.58,08:04:12.247781398
114,109.57,47,109.58,08:04:12.247874563
109,109.57,47,109.58,08:04:12.470670008
107,109.57,47,109.58,08:04:12.481959943
107,109.57,59,109.58,08:04:14.215024964
105,109.57,59,109.58,08:04:14.216955107
105,109.57,47,109.58,08:04:15.434769090
105,109.57,45,109.58,08:04:15.435282830
105,109.57,40,109.58,08:04:15.435328965
119,109.57,40,109.58,08:04:15.452117601
105,109.57,40,109.58,08:04:15.477721188
105,109.57,45,109.58,08:04:16.025266876
105,109.57,46,109.58,08:04:16.025471803
105,109.57,45,109.58,08:04:16.327286605
105,109.57,40,109.58,08:04:17.139356139
105,109.57,45,109.58,08:04:22.141346122
105,109.57,40,109.58,08:04:28.045553295
105,109.57,45,109.58,08:04:30.345284940
105,109.57,46,109.58,08:04:41.897816221
105,109.57,59,109.58,08:04:43.225602661
105,109.57,60,109.58,08:04:44.765364300
105,109.57,59,109.58,08:04:46.982089757
105,109.57,46,109.58,08:04:47.653829019
105,109.57,56,109.58,08:04:48.545005790
105,109.57,59,109.58,08:04:48.545074390
105,109.57,60,109.58,08:04:48.547145889
105,109.57,59,109.58,08:04:49.984957711
105,109.57,49,109.58,08:04:50.501638876
105,109.57,46,109.58,08:04:50.501703496
105,109.57,45,109.58,08:04:53.283987257
105,109.57,47,109.58,08:04:53.521979225
105,109.57,45,109.58,08:04:54.044231399
105,109.57,55,109.58,08:04:55.534768384
98,109.57,55,109.58,08:04:55.534997467
98,109.57,58,109.58,08:04:55.534997467
97,109.57,58,109.58,08:04:55.545889128
96,109.57,58,109.58,08:04:55.555859532
96,109.57,58,109.58,08:04:55.555859532
96,109.57,60,109.58,08:05:01.471549970
96,109.57,58,109.58,08:05:07.902253036
96,109.57,48,109.58,08:05:07.902436312
96,109.57,45,109.58,08:05:07.902503861
96,109.57,47,109.58,08:05:10.791716665
96,109.57,45,109.58,08:05:27.578838506
96,109.57,47,109.58,08:05:27.811656047
96,109.57,45,109.58,08:05:28.053851363
97,109.57,45,109.58,08:05:28.337086856
96,109.57,45,109.58,08:05:32.328595280
96,109.57,47,109.58,08:05:33.714991820
96,109.57,45,109.58,08:05:34.674978279
96,109.57,47,109.58,08:05:38.429806653
96,109.57,57,109.58,08:05:40.740271285
96,109.57,60,109.58,08:05:40.740271285
96,109.57,57,109.58,08:05:40.810610443
96,109.57,47,109.58,08:05:40.810669771
96,109.57,45,109.58,08:05:42.392835183
96,109.57,46,109.58,08:05:44.478147527
96,109.57,47,109.58,08:05:44.911363403
96,109.57,46,109.58,08:05:45.437520790
96,109.57,45,109.58,08:05:45.437584040
96,109.57,46,109.58,08:05:47.463526667
96,109.57,47,109.58,08:05:47.464232461
96,109.57,46,109.58,08:05:49.063785506
96,109.57,45,109.58,08:05:49.063858005
96,109.57,47,109.58,08:05:51.910308534
96,109.57,60,109.58,08:05:51.910442880
86,109.57,60,109.58,08:05:51.910873480
86,109.57,47,109.58,08:05:51.920973568
96,109.57,47,109.58,08:05:51.921076124
67,109.57,47,109.58,08:05:51.922942405
96,109.57,47,109.58,08:05:51.934712715
96,109.57,45,109.58,08:05:55.217710611
95,109.57,45,109.58,08:05:55.751297105
96,109.57,45,109.58,08:05:55.773452550
96,109.57,40,109.58,08:05:55.811008276
97,109.57,40,109.58,08:05:55.811255144
97,109.57,38,109.58,08:05:56.052901462
96,109.57,38,109.58,08:05:56.064161397
95,109.57,38,109.58,08:05:56.064236456
94,109.57,38,109.58,08:05:56.064311860
93,109.57,38,109.58,08:05:56.064393315
93,109.57,40,109.58,08:05:56.064393315
93,109.57,38,109.58,08:06:04.499594216
93,109.57,40,109.58,08:06:04.502789352
92,109.57,40,109.58,08:06:14.622431933
93,109.57,40,109.58,08:06:14.756205774
93,109.57,38,109.58,08:06:14.757185957
93,109.57,37,109.58,08:06:14.757370160
93,109.57,38,109.58,08:06:14.757635126
93,109.57,39,109.58,08:06:14.757744658
93,109.57,40,109.58,08:06:14.757818470
93,109.57,39,109.58,08:06:14.760253011
93,109.57,40,109.58,08:06:14.760486557
92,109.57,40,109.58,08:06:20.415076247
93,109.57,40,109.58,08:06:20.874666288
93,109.57,39,109.58,08:06:27.111695901
93,109.57,38,109.58,08:06:27.111896401
107,109.57,38,109.58,08:06:27.115990786
107,109.57,37,109.58,08:06:27.117329942
107,109.57,36,109.58,08:06:27.141725131
107,109.57,35,109.58,08:06:27.143909398
117,109.57,35,109.58,08:06:27.266383158
117,109.57,34,109.58,08:06:27.266553049
140,109.57,34,109.58,08:06:27.933975840
141,109.57,34,109.58,08:06:27.945264363
143,109.57,34,109.58,08:06:28.177072537
143,109.57,39,109.58,08:06:30.618203557
143,109.57,40,109.58,08:06:30.619794514
143,109.57,39,109.58,08:06:30.620971929
143,109.57,40,109.58,08:06:30.623047642
143,109.57,41,109.58,08:06:30.623345762
143,109.57,40,109.58,08:06:30.624124271
143,109.57,39,109.58,08:06:30.624267416
129,109.57,39,109.58,08:06:30.627209035
129,109.57,40,109.58,08:06:30.627395394
129,109.57,41,109.58,08:06:30.627472447
129,109.57,40,109.58,08:06:30.630565858
129,109.57,39,109.58,08:06:30.630691285
119,109.57,39,109.58,08:06:30.631247128
119,109.57,41,109.58,08:06:30.631377921
119,109.57,39,109.58,08:06:30.643633769
119,109.57,34,109.58,08:06:30.643804040
119,109.57,35,109.58,08:06:30.654570259
119,109.57,36,109.58,08:06:30.654736327
119,109.57,35,109.58,08:06:30.655616311
119,109.57,34,109.58,08:06:30.655821782
119,109.57,35,109.58,08:06:30.719094949
119,109.57,37,109.58,08:06:30.719304728
119,109.57,35,109.58,08:06:30.723561281
119,109.57,34,109.58,08:06:30.723704253
119,109.57,35,109.58,08:06:30.823655381
119,109.57,36,109.58,08:06:30.823758677
119,109.57,41,109.58,08:06:30.827913386
119,109.57,42,109.58,08:06:30.828111815
119,109.57,43,109.58,08:06:30.828181251
119,109.57,42,109.58,08:06:30.832398889
119,109.57,41,109.58,08:06:30.832548380
119,109.57,42,109.58,08:06:30.925568206
119,109.57,41,109.58,08:06:31.162954356
119,109.57,42,109.58,08:06:32.149939944
119,109.57,41,109.58,08:06:32.415739816
119,109.57,36,109.58,08:06:32.724196174
119,109.57,35,109.58,08:06:32.724264772
133,109.57,35,109.58,08:06:32.737330947
119,109.57,35,109.58,08:06:32.763066781
129,109.57,35,109.58,08:06:32.916947064
143,109.57,35,109.58,08:06:33.271478832
143,109.57,27,109.58,08:06:33.713174749
133,109.57,27,109.58,08:06:33.713413442
133,109.57,17,109.58,08:06:33.713413442
133,109.57,1,109.58,08:06:33.713678914
144,109.57,1,109.58,08:06:33.713783963
144,109.57,105,109.59,08:06:33.713798844
144,109.57,101,109.59,08:06:33.713905132
150,109.57,101,109.59,08:06:33.713905132
150,109.57,8,109.58,08:06:33.713983602
155,109.57,8,109.58,08:06:33.714140847
155,109.57,11,109.58,08:06:33.714304434
155,109.57,3,109.58,08:06:33.714304434
155,109.57,11,109.58,08:06:33.717937173
154,109.57,11,109.58,08:06:33.724660197
155,109.57,11,109.58,08:06:33.725059892
154,109.57,11,109.58,08:06:33.735900144
154,109.57,28,109.58,08:06:34.015342589
154,109.57,36,109.58,08:06:34.015438358
154,109.57,37,109.58,08:06:34.015539204
154,109.57,42,109.58,08:06:36.709034193
149,109.57,42,109.58,08:06:36.709437829
138,109.57,42,109.58,08:06:36.709509022
138,109.57,43,109.58,08:06:36.710170349
138,109.57,44,109.58,08:06:36.713698922
138,109.57,45,109.58,08:06:36.713808621
124,109.57,45,109.58,08:06:36.718004172
125,109.57,45,109.58,08:06:36.720705290
126,109.57,45,109.58,08:06:36.720782490
126,109.57,44,109.58,08:06:36.725508303
126,109.57,39,109.58,08:06:36.760967546
126,109.57,38,109.58,08:06:36.761524684
126,109.57,37,109.58,08:06:36.766359861
126,109.57,38,109.58,08:06:36.768722761
126,109.57,39,109.58,08:06:36.768865417
126,109.57,44,109.58,08:06:36.906170140
126,109.57,45,109.58,08:06:36.906237231
126,109.57,44,109.58,08:06:36.908192375
126,109.57,39,109.58,08:06:36.908847385
126,109.57,38,109.58,08:06:36.909058918
126,109.57,39,109.58,08:06:36.910378084
126,109.57,40,109.58,08:06:36.910527793
126,109.57,39,109.58,08:06:36.912514697
126,109.57,38,109.58,08:06:36.912652319
126,109.57,39,109.58,08:06:36.913599275
126,109.57,40,109.58,08:06:36.913740490
126,109.57,39,109.58,08:06:37.227529776
126,109.57,38,109.58,08:06:37.227669507
126,109.57,37,109.58,08:06:37.227825631
126,109.57,38,109.58,08:06:37.369448424
126,109.57,39,109.58,08:06:37.369586328
126,109.57,38,109.58,08:06:37.957860924
126,109.57,37,109.58,08:06:37.957996735
126,109.57,38,109.58,08:06:38.311988430
126,109.57,37,109.58,08:06:39.153225449
126,109.57,38,109.58,08:06:39.159520583
126,109.57,37,109.58,08:06:39.161732872
140,109.57,37,109.58,08:06:39.165785232
140,109.57,38,109.58,08:06:39.269683267
140,109.57,39,109.58,08:06:39.269822422
140,109.57,38,109.58,08:06:39.503502500
140,109.57,37,109.58,08:06:39.503582300
140,109.57,38,109.58,08:06:40.125344141
140,109.57,39,109.58,08:06:40.125494871
140,109.57,38,109.58,08:06:40.146888033
140,109.57,37,109.58,08:06:40.146963057
140,109.57,38,109.58,08:06:40.160995314
140,109.57,40,109.58,08:06:42.207560200
140,109.57,38,109.58,08:06:42.332777735
140,109.57,37,109.58,08:06:42.332921313
140,109.57,38,109.58,08:06:43.052896185
140,109.57,39,109.58,08:06:43.053045607
140,109.57,40,109.58,08:06:43.095751020
140,109.57,45,109.58,08:06:43.100266091
126,109.57,45,109.58,08:06:43.108331141
120,109.57,45,109.58,08:06:47.707419814
120,109.57,47,109.58,08:06:47.707618396
119,109.57,47,109.58,08:06:47.707637154
118,109.57,47,109.58,08:06:47.707637154
118,109.57,48,109.58,08:06:47.707669282
118,109.57,49,109.58,08:06:47.707703093
118,109.57,62,109.58,08:06:47.707703093
118,109.57,49,109.58,08:06:47.717951007
117,109.57,49,109.58,08:06:47.718686029
116,109.57,49,109.58,08:06:47.718761784
114,109.57,49,109.58,08:06:47.718837297
85,109.57,49,109.58,08:06:47.721652814
85,109.57,62,109.58,08:06:48.049443543
85,109.57,49,109.58,08:06:48.080827269
85,109.57,62,109.58,08:06:48.298016151
85,109.57,49,109.58,08:06:48.407875858
86,109.57,49,109.58,08:06:48.489424812
90,109.57,49,109.58,08:06:48.489892581
112,109.57,49,109.58,08:06:48.490368555
141,109.57,49,109.58,08:06:48.512939570
142,109.57,49,109.58,08:06:49.089397654
142,109.57,48,109.58,08:06:49.093709819
142,109.57,47,109.58,08:06:49.093782498
156,109.57,47,109.58,08:06:49.097997170
156,109.57,46,109.58,08:06:49.098627348
156,109.57,41,109.58,08:06:49.098776154
156,109.57,40,109.58,08:06:49.099003827
156,109.57,39,109.58,08:06:49.099003827
156,109.57,36,109.58,08:06:49.099355881
156,109.57,28,109.58,08:06:49.099462604
156,109.57,27,109.58,08:06:49.099482700
156,109.57,25,109.58,08:06:49.099482700
156,109.57,17,109.58,08:06:49.099482700
156,109.57,110,109.59,08:06:49.099607180
161,109.57,110,109.59,08:06:49.100062210
161,109.57,104,109.59,08:06:49.100062210
170,109.57,104,109.59,08:06:49.100244565
174,109.57,104,109.59,08:06:49.100414850
174,109.57,80,109.59,08:06:49.100505396
176,109.57,80,109.59,08:06:49.110581567
177,109.57,80,109.59,08:06:49.110646238
178,109.57,80,109.59,08:06:49.110754122
152,109.57,80,109.59,08:06:49.512837939
160,109.57,80,109.59,08:06:49.956836780
8,109.58,80,109.59,08:06:49.957741173
8,109.58,62,109.59,08:06:49.958547127
17,109.58,62,109.59,08:06:49.958565735
20,109.58,62,109.59,08:06:49.958688515
21,109.58,62,109.59,08:06:49.958791108
39,109.58,62,109.59,08:06:49.959038058
31,109.58,62,109.59,08:06:49.972004362
13,109.58,62,109.59,08:06:49.972197680
4,109.58,62,109.59,08:06:49.972218551
12,109.58,62,109.59,08:06:49.977746072
13,109.58,62,109.59,08:06:51.087487600
14,109.58,62,109.59,08:06:51.088224613
32,109.58,62,109.59,08:06:51.088366655
31,109.58,62,109.59,08:06:51.461631106
30,109.58,62,109.59,08:06:52.177683940
22,109.58,62,109.59,08:06:52.225451206
4,109.58,62,109.59,08:06:52.225919829
1,109.58,62,109.59,08:06:52.226240693
165,109.57,62,109.59,08:06:52.226240693
165,109.57,66,109.59,08:06:52.226240693
165,109.57,69,109.59,08:06:52.226336895
160,109.57,69,109.59,08:06:52.226446808
150,109.57,69,109.59,08:06:52.226446808
154,109.57,69,109.59,08:06:52.226587499
154,109.57,87,109.59,08:06:52.226587499
156,109.57,87,109.59,08:06:52.227000174
162,109.57,87,109.59,08:06:52.227327633
154,109.57,87,109.59,08:06:52.227437889
168,109.57,87,109.59,08:06:52.251632575
164,109.57,87,109.59,08:06:52.329256685
166,109.57,87,109.59,08:06:52.370464219
164,109.57,87,109.59,08:06:52.470824284
156,109.57,87,109.59,08:06:52.518967440
158,109.57,87,109.59,08:06:52.964458143
162,109.57,87,109.59,08:06:53.026307954
158,109.57,87,109.59,08:06:53.217902538
156,109.57,87,109.59,08:06:53.218335773
156,109.57,69,109.59,08:06:53.221231396
156,109.57,65,109.59,08:06:53.221354100
156,109.57,62,109.59,08:06:53.221354100
164,109.57,62,109.59,08:06:53.221452203
156,109.57,62,109.59,08:06:53.221805334
166,109.57,62,109.59,08:06:53.222206444
162,109.57,62,109.59,08:06:53.222555270
162,109.57,80,109.59,08:06:53.222987168
158,109.57,80,109.59,08:06:53.223152786
162,109.57,80,109.59,08:06:53.224216865
166,109.57,80,109.59,08:06:53.224575194
174,109.57,80,109.59,08:06:53.235591599
174,109.57,62,109.59,08:06:53.235982745
178,109.57,62,109.59,08:06:53.402867011
170,109.57,62,109.59,08:06:53.819223609
173,109.57,62,109.59,08:06:54.829228910
183,109.57,62,109.59,08:06:54.829653303
183,109.57,67,109.59,08:06:55.871334118
183,109.57,85,109.59,08:06:55.871357309
183,109.57,87,109.59,08:06:55.871374960
175,109.57,87,109.59,08:06:55.871496143
159,109.57,87,109.59,08:06:55.871959926
156,109.57,87,109.59,08:06:57.098303146
164,109.57,87,109.59,08:06:59.472482195
150,109.57,87,109.59,08:06:59.476205225
150,109.57,82,109.59,08:06:59.523655075
150,109.57,80,109.59,08:06:59.523655075
158,109.57,80,109.59,08:06:59.523817723
152,109.57,80,109.59,08:06:59.524189720
150,109.57,80,109.59,08:06:59.525401463
142,109.57,80,109.59,08:06:59.544946586
150,109.57,80,109.59,08:06:59.549849574
154,109.57,80,109.59,08:06:59.570800472
158,109.57,80,109.59,08:06:59.571163684
164,109.57,80,109.59,08:06:59.571518462
160,109.57,80,109.59,08:06:59.575322778
162,109.57,80,109.59,08:06:59.575676816
158,109.57,80,109.59,08:06:59.663739045
156,109.57,80,109.59,08:06:59.664111700
148,109.57,80,109.59,08:06:59.669173764
144,109.57,80,109.59,08:06:59.669345762
142,109.57,80,109.59,08:06:59.669728722
150,109.57,80,109.59,08:06:59.790305890
164,109.57,80,109.59,08:06:59.978694611
164,109.57,86,109.59,08:07:00.015616052
156,109.57,86,109.59,08:07:00.015753677
142,109.57,86,109.59,08:07:01.095195033
150,109.57,86,109.59,08:07:01.106676872
150,109.57,80,109.59,08:07:01.259104354
150,109.57,62,109.59,08:07:01.363641393
158,109.57,62,109.59,08:07:01.363860685
162,109.57,62,109.59,08:07:01.390623865
154,109.57,62,109.59,08:07:01.447283446
154,109.57,80,109.59,08:07:01.447624520
150,109.57,80,109.59,08:07:01.447727298
150,109.57,62,109.59,08:07:01.447940864
158,109.57,62,109.59,08:07:01.448250184
150,109.57,62,109.59,08:07:01.448577227
158,109.57,62,109.59,08:07:01.530907966
162,109.57,62,109.59,08:07:01.531281437
158,109.57,62,109.59,08:07:01.670642320
160,109.57,62,109.59,08:07:01.671039155
164,109.57,62,109.59,08:07:01.671402575
158,109.57,62,109.59,08:07:01.832059207
158,109.57,80,109.59,08:07:01.832059207
150,109.57,80,109.59,08:07:01.832331645
158,109.57,80,109.59,08:07:01.911410067
159,109.57,80,109.59,08:07:02.091558187
163,109.57,80,109.59,08:07:02.091727210
165,109.57,80,109.59,08:07:02.092251472
165,109.57,62,109.59,08:07:02.096352383
179,109.57,62,109.59,08:07:02.117515467
175,109.57,62,109.59,08:07:02.120639616
177,109.57,62,109.59,08:07:02.120991598
179,109.57,62,109.59,08:07:02.121372673
175,109.57,62,109.59,08:07:02.125640451
177,109.57,62,109.59,08:07:02.126012827
163,109.57,62,109.59,08:07:02.143155050
159,109.57,62,109.59,08:07:02.556933835
163,109.57,62,109.59,08:07:02.578662547
159,109.57,62,109.59,08:07:02.580848186
165,109.57,62,109.59,08:07:02.581318637
165,109.57,80,109.59,08:07:02.604665146
157,109.57,80,109.59,08:07:02.604665146
145,109.57,80,109.59,08:07:02.604784178
143,109.57,80,109.59,08:07:02.605173871
157,109.57,80,109.59,08:07:02.650785190
157,109.57,86,109.59,08:07:02.672288629
157,109.57,87,109.59,08:07:04.439804721
143,109.57,87,109.59,08:07:12.619244680
151,109.57,87,109.59,08:07:12.652458583
165,109.57,87,109.59,08:07:13.150924790
157,109.57,87,109.59,08:07:15.221757725
155,109.57,87,109.59,08:07:21.543892720
141,109.57,87,109.59,08:07:21.550618838
141,109.57,22,109.58,08:07:25.041377555
141,109.57,30,109.58,08:07:25.041482272
141,109.57,22,109.58,08:07:27.516381232
141,109.57,117,109.59,08:07:27.516466186
141,109.57,109,109.59,08:07:27.516994514
141,109.57,87,109.59,08:07:27.517432251
149,109.57,87,109.59,08:07:27.518273092
149,109.57,81,109.59,08:07:27.519419805
153,109.57,81,109.59,08:07:27.519508109
145,109.57,81,109.59,08:07:27.522341121
141,109.57,81,109.59,08:07:27.522557875
155,109.57,81,109.59,08:07:27.526079459
157,109.57,81,109.59,08:07:27.529538295
157,109.57,63,109.59,08:07:27.538688545
187,109.57,63,109.59,08:07:27.538959819
195,109.57,63,109.59,08:07:27.538959819
187,109.57,63,109.59,08:07:27.539161137
161,109.57,63,109.59,08:07:27.539403725
147,109.57,63,109.59,08:07:27.551683015
155,109.57,63,109.59,08:07:27.551842321
162,109.57,63,109.59,08:07:27.854698536
176,109.57,63,109.59,08:07:28.058070253
176,109.57,81,109.59,08:07:30.236799832
168,109.57,81,109.59,08:07:30.237057428
194,109.57,81,109.59,08:07:30.342900978
194,109.57,63,109.59,08:07:30.343065849
168,109.57,63,109.59,08:07:30.344078522
175,109.57,63,109.59,08:07:30.354234737
175,109.57,81,109.59,08:07:31.802312278
178,109.57,81,109.59,08:07:32.013197563
174,109.57,81,109.59,08:07:35.099116785
184,109.57,81,109.59,08:07:35.101798869
178,109.57,81,109.59,08:07:35.102183442
178,109.57,88,109.59,08:07:35.110313793
175,109.57,88,109.59,08:07:35.110330612
168,109.57,88,109.59,08:07:35.110330612
164,109.57,88,109.59,08:07:35.110330612
163,109.57,88,109.59,08:07:35.121613888
149,109.57,88,109.59,08:07:35.123820890
149,109.57,2,109.58,08:07:35.226344682
149,109.57,31,109.58,08:07:35.226632406
149,109.57,32,109.58,08:07:35.226730627
149,109.57,40,109.58,08:07:35.226745554
149,109.57,43,109.58,08:07:35.226838767
149,109.57,42,109.58,08:07:35.227046758
149,109.57,34,109.58,08:07:35.227163145
149,109.57,35,109.58,08:07:35.227541660
149,109.57,32,109.58,08:07:35.488382810
149,109.57,33,109.58,08:07:35.491547582
149,109.57,34,109.58,08:07:36.222340412
149,109.57,33,109.58,08:07:36.299616995
149,109.57,32,109.58,08:07:36.299764176
149,109.57,33,109.58,08:07:36.302790071
149,109.57,34,109.58,08:07:36.302955591
149,109.57,33,109.58,08:07:36.305071393
149,109.57,32,109.58,08:07:36.305209588
149,109.57,33,109.58,08:07:36.400065832
149,109.57,32,109.58,08:07:36.404065992
149,109.57,40,109.58,08:07:36.892527784
149,109.57,32,109.58,08:07:36.893289012
149,109.57,35,109.58,08:07:37.206223888
149,109.57,32,109.58,08:07:37.206403636
149,109.57,33,109.58,08:07:37.206674781
149,109.57,34,109.58,08:07:37.207578515
149,109.57,35,109.58,08:07:37.216119304
149,109.57,34,109.58,08:07:37.306660036
149,109.57,33,109.58,08:07:37.306726445
149,109.57,35,109.58,08:07:37.415566756
149,109.57,43,109.58,08:07:37.997248595
148,109.57,43,109.58,08:07:38.008797290
147,109.57,43,109.58,08:07:38.008873025
146,109.57,43,109.58,08:07:38.017274502
142,109.57,43,109.58,08:07:38.021147135
133,109.57,43,109.58,08:07:38.021209756
133,109.57,48,109.58,08:07:38.021314988
133,109.57,43,109.58,08:07:47.551534185
133,109.57,35,109.58,08:07:47.555646505
133,109.57,43,109.58,08:07:48.610620547
134,109.57,43,109.58,08:07:59.765749113
134,109.57,35,109.58,08:07:59.770613130
133,109.57,35,109.58,08:08:00.144804503
133,109.57,43,109.58,08:08:00.144973997
133,109.57,48,109.58,08:08:15.590533224
128,109.57,48,109.58,08:08:15.591294346
121,109.57,48,109.58,08:08:15.591434006
120,109.57,48,109.58,08:08:15.591527582
120,109.57,58,109.58,08:08:15.591527582
120,109.57,61,109.58,08:08:15.591527582
119,109.57,61,109.58,08:08:15.624820450
90,109.57,61,109.58,08:08:15.627232373
90,109.57,58,109.58,08:08:15.810076614
90,109.57,48,109.58,08:08:15.810154434
91,109.57,48,109.58,08:08:15.970626756
120,109.57,48,109.58,08:08:16.012906014
120,109.57,43,109.58,08:08:19.673390232
121,109.57,43,109.58,08:08:19.949462792
120,109.57,43,109.58,08:08:20.267324103
120,109.57,48,109.58,08:08:20.267324103
120,109.57,43,109.58,08:08:20.267665373
120,109.57,48,109.58,08:08:23.724709577
119,109.57,48,109.58,08:08:25.997771423
119,109.57,61,109.58,08:08:26.210053982
119,109.57,62,109.58,08:08:26.210299530
90,109.57,62,109.58,08:08:26.222050457
90,109.57,49,109.58,08:08:29.686508746
90,109.57,56,109.58,08:08:30.047761639
90,109.57,62,109.58,08:08:30.047909941
90,109.57,56,109.58,08:08:30.275618710
90,109.57,49,109.58,08:08:30.275633846
90,109.57,57,109.58,08:08:31.245649908
90,109.57,62,109.58,08:08:31.245785031
89,109.57,62,109.58,08:08:31.256913974
88,109.57,62,109.58,08:08:31.256983862
88,109.57,54,109.58,08:08:32.242100435
88,109.57,49,109.58,08:08:32.242171139
88,109.57,44,109.58,08:08:32.249303321
88,109.57,45,109.58,08:08:36.126075889
88,109.57,54,109.58,08:08:36.126487140
88,109.57,58,109.58,08:08:36.126554903
88,109.57,49,109.58,08:08:36.455639707
88,109.57,45,109.58,08:08:36.455706434
88,109.57,55,109.58,08:08:38.445103830
88,109.57,58,109.58,08:08:38.445199065
88,109.57,48,109.58,08:08:39.482992333
88,109.57,45,109.58,08:08:39.483057056
88,109.57,55,109.58,08:08:39.584435966
88,109.57,58,109.58,08:08:39.584566500
88,109.57,55,109.58,08:08:40.979991587
88,109.57,45,109.58,08:08:40.980058246
88,109.57,56,109.58,08:08:41.165347912
88,109.57,45,109.58,08:08:41.583572051
89,109.57,45,109.58,08:08:45.988889221
88,109.57,45,109.58,08:08:49.820935883
88,109.57,58,109.58,08:08:52.445724809
88,109.57,45,109.58,08:08:52.704811149
88,109.57,53,109.58,08:08:54.945354950
88,109.57,58,109.58,08:08:54.945412099
88,109.57,50,109.58,08:08:56.006141193
88,109.57,45,109.58,08:08:56.006195526
89,109.57,45,109.58,08:08:56.011932190
90,109.57,45,109.58,08:09:03.740642972
89,109.57,45,109.58,08:09:03.995865019
88,109.57,45,109.58,08:09:16.324277597
88,109.57,52,109.58,08:09:17.669338132
88,109.57,58,109.58,08:09:17.669441375
87,109.57,58,109.58,08:09:22.411604085
87,109.57,63,109.58,08:09:22.415880229
82,109.57,63,109.58,08:09:22.421736991
62,109.57,63,109.58,08:09:22.421823548
62,109.57,58,109.58,08:09:22.438458412
62,109.57,52,109.58,08:09:23.052163442
62,109.57,45,109.58,08:09:23.052226834
63,109.57,45,109.58,08:09:23.804340140
64,109.57,45,109.58,08:09:23.804587229
72,109.57,45,109.58,08:09:23.804643755
64,109.57,45,109.58,08:09:24.013349577
63,109.57,45,109.58,08:09:24.014289389
62,109.57,45,109.58,08:09:24.164700396
62,109.57,54,109.58,08:09:24.233462192
62,109.57,58,109.58,08:09:24.233531811
62,109.57,54,109.58,08:09:24.550770790
62,109.57,45,109.58,08:09:24.550842363
63,109.57,45,109.58,08:09:24.554746209
64,109.57,45,109.58,08:09:24.559081382
63,109.57,45,109.58,08:09:24.682072443
64,109.57,45,109.58,08:09:25.014675668
72,109.57,45,109.58,08:09:25.014803242
78,109.57,45,109.58,08:09:25.015017725
72,109.57,45,109.58,08:09:25.015668511
101,109.57,45,109.58,08:09:25.029345823
101,109.57,44,109.58,08:09:25.250666202
101,109.57,43,109.58,08:09:25.250949648
101,109.57,35,109.58,08:09:25.251099991
116,109.57,35,109.58,08:09:25.251798496
116,109.57,6,109.58,08:09:25.251924667
130,109.57,6,109.58,08:09:25.252008710
137,109.57,6,109.58,08:09:25.252026706
137,109.57,4,109.58,08:09:25.252026706
143,109.57,4,109.58,08:09:25.252026706
143,109.57,12,109.58,08:09:25.252208101
143,109.57,11,109.58,08:09:25.252321631
143,109.57,13,109.58,08:09:25.252321631
143,109.57,14,109.58,08:09:25.252552744
143,109.57,13,109.58,08:09:25.252630674
143,109.57,11,109.58,08:09:25.252817541
143,109.57,12,109.58,08:09:25.253007906
143,109.57,13,109.58,08:09:25.253133752
143,109.57,12,109.58,08:09:25.253392907
143,109.57,11,109.58,08:09:25.253540936
143,109.57,12,109.58,08:09:25.254764141
143,109.57,14,109.58,08:09:25.254908691
143,109.57,12,109.58,08:09:25.255067987
143,109.57,11,109.58,08:09:25.255203939
143,109.57,13,109.58,08:09:25.255396857
143,109.57,11,109.58,08:09:25.255909551
143,109.57,12,109.58,08:09:25.256545525
143,109.57,11,109.58,08:09:25.256863627
169,109.57,11,109.58,08:09:25.257383082
183,109.57,11,109.58,08:09:25.260597565
184,109.57,11,109.58,08:09:25.263103266
186,109.57,11,109.58,08:09:25.263181346
187,109.57,11,109.58,08:09:25.263256389
187,109.57,13,109.58,08:09:25.273210069
186,109.57,13,109.58,08:09:25.273959019
185,109.57,13,109.58,08:09:25.274122337
185,109.57,14,109.58,08:09:25.274189755
185,109.57,13,109.58,08:09:25.285592980
185,109.57,14,109.58,08:09:25.293504678
185,109.57,13,109.58,08:09:25.302450718
185,109.57,11,109.58,08:09:25.768330022
185,109.57,12,109.58,08:09:25.899450087
185,109.57,14,109.58,08:09:25.899621751
185,109.57,12,109.58,08:09:25.908354991
185,109.57,11,109.58,08:09:25.908560930
185,109.57,9,109.58,08:09:25.913381396
185,109.57,1,109.58,08:09:25.913580270
185,109.57,9,109.58,08:09:25.913665865
185,109.57,1,109.58,08:09:25.914258356
189,109.57,1,109.58,08:09:25.914489260
189,109.57,82,109.59,08:09:25.914581889
189,109.57,90,109.59,08:09:25.914581889
192,109.57,90,109.59,08:09:25.914669647
197,109.57,90,109.59,08:09:25.914995720
197,109.57,96,109.59,08:09:25.914995720
197,109.57,88,109.59,08:09:25.915198556
171,109.57,88,109.59,08:09:25.917661344
177,109.57,88,109.59,08:09:25.918040572
163,109.57,88,109.59,08:09:25.923791311
157,109.57,88,109.59,08:09:25.924478480
158,109.57,88,109.59,08:09:25.925852409
159,109.57,88,109.59,08:09:25.925943509
161,109.57,88,109.59,08:09:25.926923073
164,109.57,88,109.59,08:09:25.932375081
164,109.57,82,109.59,08:09:30.049919167
8,109.58,82,109.59,08:09:30.050299301
8,109.58,64,109.59,08:09:30.050325387
31,109.58,64,109.59,08:09:30.050325387
38,109.58,64,109.59,08:09:30.050370562
41,109.58,64,109.59,08:09:30.050568455
50,109.58,64,109.59,08:09:30.050568455
52,109.58,64,109.59,08:09:30.050584922
70,109.58,64,109.59,08:09:30.050691089
67,109.58,64,109.59,08:09:30.050968132
68,109.58,64,109.59,08:09:30.062985807
69,109.58,64,109.59,08:09:30.063216540
70,109.58,64,109.59,08:09:30.074174511
69,109.58,64,109.59,08:09:30.077517420
68,109.58,64,109.59,08:09:30.078598369
68,109.58,66,109.59,08:09:30.275112588
68,109.58,64,109.59,08:09:30.846674335
68,109.58,66,109.59,08:09:30.847097660
68,109.58,64,109.59,08:09:31.153714379
90,109.58,64,109.59,08:09:31.421486654
90,109.58,66,109.59,08:09:32.328252178
72,109.58,66,109.59,08:09:32.336076494
64,109.58,66,109.59,08:09:32.483850084
64,109.58,73,109.59,08:09:32.484279396
64,109.58,66,109.59,08:09:32.497191122
64,109.58,64,109.59,08:09:35.035702304
65,109.58,64,109.59,08:09:39.079424181
66,109.58,64,109.59,08:09:39.080540483
65,109.58,64,109.59,08:09:39.080696801
64,109.58,64,109.59,08:09:39.080765082
64,109.58,70,109.59,08:09:39.791662108
57,109.58,70,109.59,08:09:39.791863750
34,109.58,70,109.59,08:09:39.791880421
25,109.58,70,109.59,08:09:39.792181250
23,109.58,70,109.59,08:09:39.794849222
22,109.58,70,109.59,08:09:39.794942037
190,109.57,70,109.59,08:09:39.794957042
190,109.57,27,109.58,08:09:39.795151625
186,109.57,27,109.58,08:09:39.795341679
183,109.57,27,109.58,08:09:39.795370168
159,109.57,27,109.58,08:09:39.795483396
153,109.57,27,109.58,08:09:39.796032695
157,109.57,27,109.58,08:09:39.796138881
157,109.57,114,109.59,08:09:39.804535431
157,109.57,88,109.59,08:09:39.804887142
163,109.57,88,109.59,08:09:40.865298892
157,109.57,88,109.59,08:09:40.888786605
154,109.57,88,109.59,08:09:41.034032155
160,109.57,88,109.59,08:09:41.034979559
163,109.57,88,109.59,08:09:41.036667917
160,109.57,88,109.59,08:09:41.036859952
154,109.57,88,109.59,08:09:41.037373170
157,109.57,88,109.59,08:09:41.076298318
154,109.57,88,109.59,08:09:41.263997475
157,109.57,88,109.59,08:09:41.327104493
179,109.57,88,109.59,08:09:44.268434142
179,109.57,70,109.59,08:09:44.268764735
187,109.57,70,109.59,08:09:44.268951569
187,109.57,64,109.59,08:09:44.269049073
201,109.57,64,109.59,08:09:44.293593398
8,109.58,64,109.59,08:09:44.773591847
10,109.58,64,109.59,08:09:44.773752800
12,109.58,64,109.59,08:09:44.773831290
10,109.58,64,109.59,08:09:44.840068134
8,109.58,64,109.59,08:09:44.840154222
9,109.58,64,109.59,08:09:44.844023585
8,109.58,64,109.59,08:09:46.420475858
1,109.58,64,109.59,08:09:46.420649791
1,109.58,71,109.59,08:09:46.420714066
1,109.58,89,109.59,08:09:49.492066589
153,109.57,89,109.59,08:09:49.493353880
157,109.57,89,109.59,08:09:49.493909409
160,109.57,89,109.59,08:09:49.494696027
156,109.57,89,109.59,08:09:49.496517137
164,109.57,89,109.59,08:09:49.896507387
176,109.57,89,109.59,08:09:49.897000955
166,109.57,89,109.59,08:09:49.899366053
170,109.57,89,109.59,08:09:49.900557787
166,109.57,89,109.59,08:09:50.064380741
172,109.57,89,109.59,08:09:50.065616724
168,109.57,89,109.59,08:09:50.068281800
166,109.57,89,109.59,08:09:50.068700083
168,109.57,89,109.59,08:09:50.069077744
186,109.57,89,109.59,08:09:50.073982077
200,109.57,89,109.59,08:09:50.099110865
186,109.57,89,109.59,08:09:50.728376605
200,109.57,89,109.59,08:09:51.851876831
186,109.57,89,109.59,08:09:51.877515751
200,109.57,89,109.59,08:09:52.425786047
200,109.57,89,109.59,08:09:52.425786047
182,109.57,89,109.59,08:09:55.963074296
180,109.57,89,109.59,08:09:55.963762274
172,109.57,89,109.59,08:09:55.964239271
170,109.57,89,109.59,08:09:55.965813077
178,109.57,89,109.59,08:09:55.967067339
179,109.57,89,109.59,08:09:55.967466165
171,109.57,89,109.59,08:09:55.967547166
168,109.57,89,109.59,08:09:55.971216720
171,109.57,89,109.59,08:09:55.973025442
170,109.57,89,109.59,08:09:55.977495525
156,109.57,89,109.59,08:09:55.988158336
153,109.57,89,109.59,08:09:55.998976566
156,109.57,89,109.59,08:09:56.010272888
156,109.57,71,109.59,08:09:56.627763579
156,109.57,64,109.59,08:09:56.628069175
186,109.57,64,109.59,08:09:56.628069175
193,109.57,64,109.59,08:09:56.628183290
194,109.57,64,109.59,08:09:56.639105569
194,109.57,82,109.59,08:09:56.644703698
201,109.57,82,109.59,08:09:56.649835418
187,109.57,82,109.59,08:09:56.651550791
189,109.57,82,109.59,08:09:56.651999700
195,109.57,82,109.59,08:09:56.652335556
209,109.57,82,109.59,08:09:56.652820144
195,109.57,82,109.59,08:09:56.678415154
201,109.57,82,109.59,08:09:56.821951344
8,109.58,82,109.59,08:09:56.856239636
8,109.58,64,109.59,08:09:56.856488848
10,109.58,64,109.59,08:09:56.856531578
11,109.58,64,109.59,08:09:56.887622983
10,109.58,64,109.59,08:09:56.902256617
11,109.58,64,109.59,08:09:56.928482599
12,109.58,64,109.59,08:09:56.929545913
13,109.58,64,109.59,08:09:56.980629190
14,109.58,64,109.59,08:09:57.000500803
13,109.58,64,109.59,08:09:57.321972198
11,109.58,64,109.59,08:09:58.360434690
10,109.58,64,109.59,08:09:58.459705318
11,109.58,64,109.59,08:09:59.595570620
16,109.58,64,109.59,08:09:59.595654891
18,109.58,64,109.59,08:09:59.595654891
13,109.58,64,109.59,08:09:59.596300293
31,109.58,64,109.59,08:09:59.597524762
55,109.58,64,109.59,08:09:59.597874169
55,109.58,59,109.59,08:09:59.606986075
57,109.58,59,109.59,08:09:59.606986075
57,109.58,51,109.59,08:09:59.607208253
57,109.58,45,109.59,08:09:59.607321251
68,109.58,45,109.59,08:09:59.607321251
78,109.58,45,109.59,08:09:59.607321251
83,109.58,45,109.59,08:09:59.607461078
83,109.58,47,109.59,08:09:59.617945233
78,109.58,47,109.59,08:09:59.618065027
67,109.58,47,109.59,08:09:59.618085015
57,109.58,47,109.59,08:09:59.618442479
33,109.58,47,109.59,08:09:59.619022934
15,109.58,47,109.59,08:09:59.619173952
20,109.58,47,109.59,08:09:59.669271672
23,109.58,47,109.59,08:09:59.671197177
41,109.58,47,109.59,08:09:59.671561279
48,109.58,47,109.59,08:09:59.671561279
48,109.58,45,109.59,08:09:59.671836192
48,109.58,46,109.59,08:09:59.683009732
48,109.58,47,109.59,08:09:59.683114674
41,109.58,47,109.59,08:09:59.683237720
23,109.58,47,109.59,08:09:59.683237720
47,109.58,47,109.59,08:09:59.719928058
58,109.58,47,109.59,08:09:59.942673858
67,109.58,47,109.59,08:09:59.942768469
85,109.58,47,109.59,08:09:59.942768469
85,109.58,46,109.59,08:09:59.998328749
86,109.58,46,109.59,08:09:59.998544120
91,109.58,46,109.59,08:09:59.998613829
91,109.58,47,109.59,08:09:59.998691614
91,109.58,49,109.59,08:10:00.006262353
91,109.58,52,109.59,08:10:00.006332622
91,109.58,44,109.59,08:10:01.262646843
91,109.58,42,109.59,08:10:01.636803392
91,109.58,28,109.59,08:10:01.636915936
91,109.58,16,109.59,08:10:01.636915936
93,109.58,16,109.59,08:10:01.648803195
93,109.58,13,109.59,08:10:02.192293913
93,109.58,12,109.59,08:10:02.192566095
93,109.58,14,109.59,08:10:02.203317132
93,109.58,15,109.59,08:10:02.203477099
93,109.58,13,109.59,08:10:02.223751747
93,109.58,12,109.59,08:10:02.223824268
91,109.58,12,109.59,08:10:02.303739320
91,109.58,20,109.59,08:10:02.303885252
91,109.58,23,109.59,08:10:02.381236967
91,109.58,20,109.59,08:10:03.557546068
91,109.58,12,109.59,08:10:03.558450253
91,109.58,14,109.59,08:10:03.558940034
91,109.58,12,109.59,08:10:03.559460396
101,109.58,12,109.59,08:10:03.560264692
91,109.58,12,109.59,08:10:03.560621188
91,109.58,14,109.59,08:10:03.560819400
91,109.58,15,109.59,08:10:03.560900778
101,109.58,15,109.59,08:10:03.561348479
101,109.58,14,109.59,08:10:03.561524282
101,109.58,12,109.59,08:10:03.561657262
101,109.58,11,109.59,08:10:03.563930263
101,109.58,10,109.59,08:10:03.564615172
101,109.58,6,109.59,08:10:03.564629216
101,109.58,5,109.59,08:10:03.564643201
101,109.58,3,109.59,08:10:03.564643201
101,109.58,1,109.59,08:10:03.564669866
101,109.58,102,109.6,08:10:03.564731258
2,109.59,102,109.6,08:10:03.565139569
14,109.59,102,109.6,08:10:03.565255808
27,109.59,102,109.6,08:10:03.565271556
27,109.59,91,109.6,08:10:03.565290912
28,109.59,91,109.6,08:10:03.565476022
28,109.59,85,109.6,08:10:03.565585110
26,109.59,85,109.6,08:10:03.565623993
27,109.59,85,109.6,08:10:03.565639446
15,109.59,85,109.6,08:10:03.565770147
25,109.59,85,109.6,08:10:03.565790224
25,109.59,67,109.6,08:10:03.565989708
43,109.59,67,109.6,08:10:03.566029564
30,109.59,67,109.6,08:10:03.566180076
30,109.59,61,109.6,08:10:03.566302185
30,109.59,63,109.6,08:10:03.575990243
30,109.59,62,109.6,08:10:03.580141942
31,109.59,62,109.6,08:10:03.580222120
37,109.59,62,109.6,08:10:03.580396834
19,109.59,62,109.6,08:10:03.580625929
27,109.59,62,109.6,08:10:03.580827823
21,109.59,62,109.6,08:10:03.590596313
13,109.59,62,109.6,08:10:03.591979572
3,109.59,62,109.6,08:10:03.592165463
11,109.59,62,109.6,08:10:03.592315444
12,109.59,62,109.6,08:10:03.593232320
11,109.59,62,109.6,08:10:03.600026736
3,109.59,62,109.6,08:10:03.601857038
11,109.59,62,109.6,08:10:03.611255167
11,109.59,69,109.6,08:10:03.664596704
11,109.59,75,109.6,08:10:03.664742041
3,109.59,75,109.6,08:10:03.664971792
3,109.59,79,109.6,08:10:03.761631477
3,109.59,97,109.6,08:10:03.761729297
3,109.59,100,109.6,08:10:03.761844103
2,109.59,100,109.6,08:10:03.762506900
1,109.59,100,109.6,08:10:03.762521927
114,109.58,100,109.6,08:10:03.762521927
112,109.58,100,109.6,08:10:03.763004875
114,109.58,100,109.6,08:10:03.763931435
114,109.58,104,109.6,08:10:03.773762729
114,109.58,106,109.6,08:10:03.773843072
85,109.58,106,109.6,08:10:03.774345210
85,109.58,102,109.6,08:10:03.831247903
85,109.58,99,109.6,08:10:03.831314314
111,109.58,99,109.6,08:10:03.832910913
85,109.58,99,109.6,08:10:03.833454428
91,109.58,99,109.6,08:10:03.833811175
101,109.58,99,109.6,08:10:03.836880198
107,109.58,99,109.6,08:10:03.864496327
111,109.58,99,109.6,08:10:03.864762575
114,109.58,99,109.6,08:10:03.875103440
118,109.58,99,109.6,08:10:03.879061039
124,109.58,99,109.6,08:10:03.883417550
153,109.58,99,109.6,08:10:04.013869162
167,109.58,99,109.6,08:10:04.110106035
8,109.59,99,109.6,08:10:04.110251181
8,109.59,81,109.6,08:10:04.110529929
9,109.59,81,109.6,08:10:04.110529929
9,109.59,83,109.6,08:10:04.396983085
1,109.59,83,109.6,08:10:05.706502843
165,109.58,83,109.6,08:10:05.706775464
165,109.58,87,109.6,08:10:05.706851509
165,109.58,90,109.6,08:10:05.706962509
165,109.58,108,109.6,08:10:05.707064728
161,109.58,108,109.6,08:10:05.707612582
163,109.58,108,109.6,08:10:05.707937424
163,109.58,105,109.6,08:10:05.710716471
163,109.58,101,109.6,08:10:05.710830606
162,109.58,101,109.6,08:10:05.718206473
156,109.58,101,109.6,08:10:05.720444963
136,109.58,101,109.6,08:10:05.725887780
130,109.58,101,109.6,08:10:05.726082844
130,109.58,105,109.6,08:10:05.726318822
130,109.58,8,109.59,08:10:05.726476101
130,109.58,10,109.59,08:10:05.726716338
130,109.58,8,109.59,08:10:05.728608175
130,109.58,115,109.6,08:10:05.729784575
130,109.58,111,109.6,08:10:05.729878230
148,109.58,111,109.6,08:10:05.730293831
148,109.58,109,109.6,08:10:05.730293831
148,109.58,101,109.6,08:10:05.730688167
152,109.58,101,109.6,08:10:05.733297589
138,109.58,101,109.6,08:10:05.734046739
136,109.58,101,109.6,08:10:05.737610280
136,109.58,2,109.59,08:10:05.737777472
136,109.58,4,109.59,08:10:05.737849034
142,109.58,4,109.59,08:10:05.738051562
113,109.58,4,109.59,08:10:05.738365619
142,109.58,4,109.59,08:10:05.745315776
142,109.58,2,109.59,08:10:05.748647264
142,109.58,105,109.6,08:10:05.748722870
142,109.58,101,109.6,08:10:05.749168633
148,109.58,101,109.6,08:10:05.760288948
152,109.58,101,109.6,08:10:05.931844268
155,109.58,101,109.6,08:10:06.248136877
169,109.58,101,109.6,08:10:06.250516638
169,109.58,8,109.59,08:10:07.659005396
141,109.58,8,109.59,08:10:07.659111071
141,109.58,33,109.59,08:10:07.659146876
141,109.58,36,109.59,08:10:07.659146876
141,109.58,37,109.59,08:10:07.659146876
137,109.58,37,109.59,08:10:07.670029015
137,109.58,12,109.59,08:10:07.670161932
137,109.58,14,109.59,08:10:07.670287686
137,109.58,16,109.59,08:10:07.670365452
108,109.58,16,109.59,08:10:07.671280319
108,109.58,18,109.59,08:10:07.681315939
108,109.58,20,109.59,08:10:07.681397279
105,109.58,20,109.59,08:10:07.694409795
105,109.58,21,109.59,08:10:08.369968294
105,109.58,26,109.59,08:10:08.370066108
105,109.58,28,109.59,08:10:08.370066108
99,109.58,28,109.59,08:10:08.370213939
81,109.58,28,109.59,08:10:08.370213939
81,109.58,54,109.59,08:10:08.370213939
81,109.58,55,109.59,08:10:08.370372955
71,109.58,55,109.59,08:10:08.370459084
60,109.58,55,109.59,08:10:08.370624578
60,109.58,68,109.59,08:10:08.387197772
46,109.58,68,109.59,08:10:08.395403169
46,109.58,55,109.59,08:10:08.470681550
56,109.58,55,109.59,08:10:08.694792619
51,109.58,55,109.59,08:10:08.824264839
51,109.58,68,109.59,08:10:08.824458288
41,109.58,68,109.59,08:10:08.824726551
40,109.58,68,109.59,08:10:08.825181814
38,109.58,68,109.59,08:10:08.825984873
37,109.58,68,109.59,08:10:08.826218489
13,109.58,68,109.59,08:10:08.852222301
5,109.58,68,109.59,08:10:08.853956965
13,109.58,68,109.59,08:10:08.901774313
14,109.58,68,109.59,08:10:09.056184838
15,109.58,68,109.59,08:10:09.056346573
16,109.58,68,109.59,08:10:09.078400046
15,109.58,68,109.59,08:10:09.091912505
14,109.58,68,109.59,08:10:09.116940303
13,109.58,68,109.59,08:10:09.173123481
42,109.58,68,109.59,08:10:09.324660456
34,109.58,68,109.59,08:10:18.729812794
5,109.58,68,109.59,08:10:18.730494937
3,109.58,68,109.59,08:10:18.730589579
3,109.58,73,109.59,08:10:18.730589579
3,109.58,75,109.59,08:10:18.730708181
3,109.58,93,109.59,08:10:18.730877337
2,109.58,93,109.59,08:10:18.731293444
1,109.58,93,109.59,08:10:18.731368395
9,109.58,93,109.59,08:10:18.744254760
9,109.58,75,109.59,08:10:18.744445849
19,109.58,75,109.59,08:10:18.744533566
19,109.58,70,109.59,08:10:18.744651817
19,109.58,68,109.59,08:10:18.744724204
11,109.58,68,109.59,08:10:18.745108235
1,109.58,68,109.59,08:10:18.745308335
2,109.58,68,109.59,08:10:18.764344489
10,109.58,68,109.59,08:10:18.842805216
9,109.58,68,109.59,08:10:20.578975502
1,109.58,68,109.59,08:10:20.579128793
3,109.58,68,109.59,08:10:21.430266954
4,109.58,68,109.59,08:10:21.430378009
12,109.58,68,109.59,08:10:21.430598665
4,109.58,68,109.59,08:10:21.431338703
3,109.58,68,109.59,08:10:21.434099075
1,109.58,68,109.59,08:10:21.440407344
1,109.58,73,109.59,08:10:22.146342061
1,109.58,75,109.59,08:10:22.146489942
1,109.58,93,109.59,08:10:22.146510997
1,109.58,95,109.59,08:10:22.176418556
9,109.58,95,109.59,08:10:23.008557337
9,109.58,77,109.59,08:10:23.008897955
9,109.58,72,109.59,08:10:23.009052057
9,109.58,70,109.59,08:10:23.009052057
1,109.58,70,109.59,08:10:24.606853369
1,109.58,88,109.59,08:10:24.607119471
1,109.58,93,109.59,08:10:24.821205969
1,109.58,95,109.59,08:10:24.821205969
9,109.58,95,109.59,08:10:25.239519677
9,109.58,90,109.59,08:10:25.239715104
9,109.58,88,109.59,08:10:25.239792106
1,109.58,88,109.59,08:10:25.247884434
1,109.58,94,109.59,08:10:26.655487661
166,109.57,94,109.59,08:10:26.658933238
167,109.57,94,109.59,08:10:26.660111337
172,109.57,94,109.59,08:10:26.670306502
186,109.57,94,109.59,08:10:26.684562136
1,109.58,94,109.59,08:10:27.074863453
9,109.58,94,109.59,08:10:27.075196142
9,109.58,76,109.59,08:10:27.075370512
9,109.58,70,109.59,08:10:27.075370512
10,109.58,70,109.59,08:10:28.216031240
11,109.58,70,109.59,08:10:28.216840842
10,109.58,70,109.59,08:10:28.221046172
11,109.58,70,109.59,08:10:28.323086417
10,109.58,70,109.59,08:10:31.618470270
9,109.58,70,109.59,08:10:31.622672103
1,109.58,70,109.59,08:10:32.540553631
1,109.58,88,109.59,08:10:32.540734479
9,109.58,88,109.59,08:10:32.663840778
1,109.58,88,109.59,08:10:33.635318719
1,109.58,89,109.59,08:10:34.394080279
18,109.58,89,109.59,08:10:38.346586567
19,109.58,89,109.59,08:10:38.346637691
19,109.58,71,109.59,08:10:38.346831495
27,109.58,71,109.59,08:10:38.346847142
39,109.58,71,109.59,08:10:38.346990364
57,109.58,71,109.59,08:10:38.347085024
57,109.58,58,109.59,08:10:38.347179168
56,109.58,58,109.59,08:10:38.347277905
66,109.58,58,109.59,08:10:38.347277905
66,109.58,56,109.59,08:10:38.358431363
66,109.58,54,109.59,08:10:38.358505782
66,109.58,52,109.59,08:10:38.358578416
66,109.58,51,109.59,08:10:38.358656027
66,109.58,65,109.59,08:10:38.603012633
56,109.58,65,109.59,08:10:38.603216665
38,109.58,65,109.59,08:10:38.603303500
30,109.58,65,109.59,08:10:38.608760531
38,109.58,65,109.59,08:10:38.864884611
30,109.58,65,109.59,08:10:40.986212005
18,109.58,65,109.59,08:10:40.988031024
1,109.58,65,109.59,08:10:40.988031024
1,109.58,69,109.59,08:10:40.988054835
1,109.58,72,109.59,08:10:40.988147084
1,109.58,90,109.59,08:10:40.988251827
185,109.57,90,109.59,08:10:41.406340974
185,109.57,91,109.59,08:10:41.417616960
185,109.57,93,109.59,08:10:41.417693645
187,109.57,93,109.59,08:10:41.417771917
185,109.57,93,109.59,08:10:42.028724782
185,109.57,2,109.58,08:10:50.780102240
185,109.57,27,109.58,08:10:50.780799871
179,109.57,27,109.58,08:10:50.780836140
179,109.57,35,109.58,08:10:50.780997426
172,109.57,35,109.58,08:10:50.781013340
172,109.57,36,109.58,08:10:50.781030642
172,109.57,39,109.58,08:10:50.781030642
172,109.57,40,109.58,08:10:50.781185304
172,109.57,32,109.58,08:10:50.781444161
172,109.57,33,109.58,08:10:50.781444161
172,109.57,38,109.58,08:10:50.782214326
166,109.57,38,109.58,08:10:50.782332106
166,109.57,46,109.58,08:10:50.783009938
162,109.57,46,109.58,08:10:50.783697413
146,109.57,46,109.58,08:10:50.784168891
146,109.57,38,109.58,08:10:50.785266213
146,109.57,33,109.58,08:10:50.785451841
146,109.57,41,109.58,08:10:50.785779979
146,109.57,33,109.58,08:10:50.786778998
146,109.57,30,109.58,08:10:50.787546908
146,109.57,31,109.58,08:10:50.788016218
146,109.57,32,109.58,08:10:50.788093218
146,109.57,31,109.58,08:10:50.788729701
146,109.57,32,109.58,08:10:50.788999848
146,109.57,40,109.58,08:10:50.789162372
146,109.57,39,109.58,08:10:50.789228843
146,109.57,38,109.58,08:10:50.789355044
146,109.57,39,109.58,08:10:50.789522804
146,109.57,38,109.58,08:10:50.789807142
146,109.57,39,109.58,08:10:50.790080051
146,109.57,38,109.58,08:10:50.790500152
146,109.57,40,109.58,08:10:50.790872633
146,109.57,32,109.58,08:10:50.790964377
132,109.57,32,109.58,08:10:50.791104783
132,109.57,30,109.58,08:10:50.791272616
132,109.57,38,109.58,08:10:50.791361960
132,109.57,39,109.58,08:10:50.791361960
130,109.57,39,109.58,08:10:50.791448552
130,109.57,40,109.58,08:10:50.791542623
130,109.57,41,109.58,08:10:50.791542623
130,109.57,40,109.58,08:10:50.791542623
130,109.57,32,109.58,08:10:50.792198787
130,109.57,33,109.58,08:10:50.792808622
130,109.57,34,109.58,08:10:50.793277924
130,109.57,33,109.58,08:10:50.793904462
101,109.57,33,109.58,08:10:50.794423109
101,109.57,35,109.58,08:10:50.794578246
98,109.57,35,109.58,08:10:50.801405419
98,109.57,36,109.58,08:10:50.802379162
98,109.57,37,109.58,08:10:50.802451937
124,109.57,37,109.58,08:10:50.888896901
153,109.57,37,109.58,08:10:51.015758707
167,109.57,37,109.58,08:10:51.303664104
167,109.57,36,109.58,08:10:51.424980412
167,109.57,35,109.58,08:10:51.425522876
167,109.57,33,109.58,08:10:52.691756915
167,109.57,31,109.58,08:10:52.695970194
167,109.57,32,109.58,08:10:52.700238391
167,109.57,33,109.58,08:10:52.700472929
167,109.57,32,109.58,08:10:52.700647348
167,109.57,31,109.58,08:10:52.700766477
167,109.57,33,109.58,08:10:52.702813800
167,109.57,31,109.58,08:10:52.705445894
167,109.57,30,109.58,08:10:52.705592527
167,109.57,5,109.58,08:10:52.706313759
169,109.57,5,109.58,08:10:52.717484199
169,109.57,4,109.58,08:10:52.717604449
169,109.57,3,109.58,08:10:52.717604449
169,109.57,5,109.58,08:10:52.785646776
169,109.57,6,109.58,08:10:52.806393291
169,109.57,5,109.58,08:10:52.810262727
169,109.57,6,109.58,08:10:52.914574831
169,109.57,5,109.58,08:10:52.991602064
169,109.57,6,109.58,08:10:52.994378144
169,109.57,4,109.58,08:10:53.228764325
169,109.57,3,109.58,08:10:53.228764325
169,109.57,4,109.58,08:10:53.302921667
169,109.57,5,109.58,08:10:53.303076834
169,109.57,4,109.58,08:10:53.303444482
169,109.57,3,109.58,08:10:53.303589835
169,109.57,2,109.58,08:10:54.888206131
169,109.57,1,109.58,08:10:54.899508612
169,109.57,90,109.59,08:10:54.899580571
169,109.57,86,109.59,08:10:54.900163213
171,109.57,86,109.59,08:10:55.157058356
171,109.57,8,109.58,08:11:00.259383545
171,109.57,11,109.58,08:11:00.259680463
171,109.57,12,109.58,08:11:00.259680463
171,109.57,27,109.58,08:11:00.259782920
171,109.57,28,109.58,08:11:00.259962178
171,109.57,42,109.58,08:11:00.260602846
171,109.57,44,109.58,08:11:00.270699306
171,109.57,46,109.58,08:11:00.270772502
169,109.57,46,109.58,08:11:00.271320317
169,109.57,31,109.58,08:11:00.283177054
169,109.57,17,109.58,08:11:00.283177054
169,109.57,16,109.58,08:11:00.283443620
169,109.57,13,109.58,08:11:00.411910564
169,109.57,14,109.58,08:11:00.601320501
169,109.57,15,109.58,08:11:00.601461214
169,109.57,16,109.58,08:11:00.620012127
169,109.57,32,109.58,08:11:01.217662489
169,109.57,45,109.58,08:11:01.217762243
155,109.57,45,109.58,08:11:01.810164437
169,109.57,45,109.58,08:11:02.425113754
169,109.57,29,109.58,08:11:05.656335231
169,109.57,16,109.58,08:11:05.656609869
169,109.57,8,109.58,08:11:05.656852350
169,109.57,7,109.58,08:11:05.658761340
169,109.57,8,109.58,08:11:05.660447895
169,109.57,7,109.58,08:11:05.660671313
169,109.57,6,109.58,08:11:05.662174774
169,109.57,7,109.58,08:11:05.664721424
169,109.57,8,109.58,08:11:05.664866038
169,109.57,7,109.58,08:11:05.668147430
169,109.57,6,109.58,08:11:05.668225282
169,109.57,5,109.58,08:11:05.670255979
169,109.57,4,109.58,08:11:05.670436730
169,109.57,5,109.58,08:11:05.670584807
169,109.57,4,109.58,08:11:05.670899335
169,109.57,3,109.58,08:11:05.671031091
169,109.57,5,109.58,08:11:05.779124779
169,109.57,6,109.58,08:11:05.779197512
169,109.57,5,109.58,08:11:05.780917555
169,109.57,3,109.58,08:11:05.781103334
169,109.57,5,109.58,08:11:05.799576193
169,109.57,6,109.58,08:11:05.799724298
169,109.57,5,109.58,08:11:06.089512106
169,109.57,6,109.58,08:11:06.143100038
169,109.57,5,109.58,08:11:06.576464516
169,109.57,3,109.58,08:11:08.050466161
169,109.57,5,109.58,08:11:08.172745459
169,109.57,3,109.58,08:11:08.271903636
169,109.57,5,109.58,08:11:08.460878056
169,109.57,3,109.58,08:11:08.862094505
169,109.57,4,109.58,08:11:09.557656110
169,109.57,5,109.58,08:11:09.557803690
169,109.57,4,109.58,08:11:09.629859818
169,109.57,5,109.58,08:11:09.838335286
169,109.57,6,109.58,08:11:09.838505538
169,109.57,14,109.58,08:11:09.838748053
169,109.57,39,109.58,08:11:15.028601244
169,109.57,14,109.58,08:11:15.096620317
169,109.57,6,109.58,08:11:15.280001354
169,109.57,5,109.58,08:11:15.280453357
169,109.57,4,109.58,08:11:15.280658262
169,109.57,5,109.58,08:11:15.705713770
169,109.57,6,109.58,08:11:15.705888809
169,109.57,14,109.58,08:11:15.705957818
169,109.57,13,109.58,08:11:18.276082120
169,109.57,14,109.58,08:11:18.704330769
169,109.57,13,109.58,08:11:22.427707345
169,109.57,14,109.58,08:11:22.439015216
169,109.57,15,109.58,08:11:22.439092960
169,109.57,16,109.58,08:11:22.439168454
169,109.57,18,109.58,08:11:28.500669648
169,109.57,23,109.58,08:11:28.500782230
169,109.57,43,109.58,08:11:28.500803791
169,109.57,52,109.58,08:11:28.500803791
154,109.57,52,109.58,08:11:28.500803791
140,109.57,52,109.58,08:11:28.501270635
140,109.57,62,109.58,08:11:28.501636459
140,109.57,65,109.58,08:11:28.501636459
140,109.57,67,109.58,08:11:28.501658049
135,109.57,67,109.58,08:11:28.501658049
134,109.57,67,109.58,08:11:28.501789358
133,109.57,67,109.58,08:11:28.501789358
107,109.57,67,109.58,08:11:28.502186209
99,109.57,67,109.58,08:11:28.504830556
85,109.57,67,109.58,08:11:28.509096969
83,109.57,67,109.58,08:11:28.512343531
54,109.57,67,109.58,08:11:28.515089425
55,109.57,67,109.58,08:11:28.515214028
63,109.57,67,109.58,08:11:28.515294802
63,109.57,57,109.58,08:11:29.813048101
63,109.57,54,109.58,08:11:29.813114533
64,109.57,54,109.58,08:11:32.173526938
64,109.57,52,109.58,08:11:32.173596281
64,109.57,43,109.58,08:11:32.173857805
64,109.57,23,109.58,08:11:32.173875475
64,109.57,18,109.58,08:11:32.174273459
81,109.57,18,109.58,08:11:32.174473010
93,109.57,18,109.58,08:11:32.174473010
93,109.57,16,109.58,08:11:32.174700131
93,109.57,17,109.58,08:11:32.177373565
95,109.57,17,109.58,08:11:32.185930004
109,109.57,17,109.58,08:11:32.199293338
138,109.57,17,109.58,08:11:32.215026415
138,109.57,16,109.58,08:11:32.587879803
138,109.57,8,109.58,08:11:32.942998940
138,109.57,7,109.58,08:11:32.944780032
138,109.57,8,109.58,08:11:32.946636331
138,109.57,16,109.58,08:11:32.947403070
138,109.57,8,109.58,08:11:32.948327747
138,109.57,16,109.58,08:11:32.951540839
140,109.57,16,109.58,08:11:32.954575741
140,109.57,8,109.58,08:11:32.955000903
140,109.57,16,109.58,08:11:32.956464274
140,109.57,8,109.58,08:11:32.958646246
140,109.57,16,109.58,08:11:32.958901360
140,109.57,8,109.58,08:11:32.976584113
140,109.57,16,109.58,08:11:32.983676536
140,109.57,8,109.58,08:11:33.292104403
140,109.57,16,109.58,08:11:33.502589931
138,109.57,16,109.58,08:11:37.009168562
138,109.57,15,109.58,08:11:37.246623961
138,109.57,14,109.58,08:11:37.247371234
164,109.57,14,109.58,08:11:37.247994859
164,109.57,15,109.58,08:11:37.646026105
164,109.57,16,109.58,08:11:37.646105596
164,109.57,15,109.58,08:11:37.826836095
164,109.57,16,109.58,08:11:37.827129139
164,109.57,15,109.58,08:11:40.063090437
164,109.57,16,109.58,08:11:40.143713135
164,109.57,15,109.58,08:11:42.234113647
164,109.57,14,109.58,08:11:42.234268015
164,109.57,13,109.58,08:11:42.234751623
164,109.57,5,109.58,08:11:42.234903745
166,109.57,5,109.58,08:11:42.246561666
166,109.57,4,109.58,08:11:42.246730303
166,109.57,5,109.58,08:11:42.251314512
166,109.57,4,109.58,08:11:42.252376316
152,109.57,4,109.58,08:11:42.256066296
152,109.57,5,109.58,08:11:42.256981675
152,109.57,6,109.58,08:11:42.257106100
152,109.57,7,109.58,08:11:42.257261742
152,109.57,6,109.58,08:11:42.257839492
152,109.57,5,109.58,08:11:42.257914487
152,109.57,4,109.58,08:11:42.260803991
152,109.57,3,109.58,08:11:42.260874311
152,109.57,2,109.58,08:11:42.260950589
163,109.57,2,109.58,08:11:42.261060416
163,109.57,4,109.58,08:11:42.261648803
163,109.57,2,109.58,08:11:42.263519707
163,109.57,3,109.58,08:11:42.266182824
163,109.57,4,109.58,08:11:42.266334696
163,109.57,3,109.58,08:11:42.269664824
163,109.57,2,109.58,08:11:42.269800510
163,109.57,1,109.58,08:11:42.272260622
163,109.57,97,109.59,08:11:42.272339224
168,109.57,97,109.59,08:11:42.272551912
168,109.57,93,109.59,08:11:42.272710682
168,109.57,8,109.58,08:11:42.353003329
168,109.57,9,109.58,08:11:42.353280439
168,109.57,12,109.58,08:11:42.353353604
168,109.57,9,109.58,08:11:42.353663648
168,109.57,11,109.58,08:11:42.364290961
168,109.57,13,109.58,08:11:42.364370872
168,109.57,14,109.58,08:11:42.463094961
168,109.57,13,109.58,08:11:42.468700118
168,109.57,14,109.58,08:11:42.521821220
168,109.57,15,109.58,08:11:42.521955972
168,109.57,16,109.58,08:11:42.547719581
168,109.57,15,109.58,08:11:42.554779917
168,109.57,16,109.58,08:11:42.570819117
182,109.57,16,109.58,08:11:42.819994447
182,109.57,15,109.58,08:11:42.820142445
182,109.57,16,109.58,08:11:42.841890247
195,109.57,16,109.58,08:11:43.929820017
195,109.57,15,109.58,08:11:44.027706608
195,109.57,16,109.58,08:11:44.031855490
195,109.57,15,109.58,08:11:44.750620711
195,109.57,14,109.58,08:11:44.750715677
195,109.57,13,109.58,08:11:44.750715677
195,109.57,5,109.58,08:11:44.751511196
195,109.57,13,109.58,08:11:45.029372943
195,109.57,14,109.58,08:11:47.673163515
195,109.57,13,109.58,08:11:47.674451346
195,109.57,14,109.58,08:11:48.039058410
195,109.57,13,109.58,08:11:48.050059066
195,109.57,5,109.58,08:11:49.556296165
181,109.57,5,109.58,08:11:49.561005847
181,109.57,6,109.58,08:11:51.017502894
181,109.57,7,109.58,08:11:51.017566449
181,109.57,6,109.58,08:11:51.017824635
181,109.57,5,109.58,08:11:51.017972182
186,109.57,5,109.58,08:11:53.202170751
188,109.57,5,109.58,08:11:53.202260233
188,109.57,4,109.58,08:11:53.202437042
188,109.57,3,109.58,08:11:53.213551558
188,109.57,2,109.58,08:11:53.213621696
188,109.57,1,109.58,08:11:53.224480263
188,109.57,97,109.59,08:11:53.224549368
188,109.57,93,109.59,08:11:53.225032584
188,109.57,8,109.58,08:11:53.410123683
188,109.57,9,109.58,08:11:53.410381846
188,109.57,11,109.58,08:11:53.421379409
188,109.57,13,109.58,08:11:53.421454436
188,109.57,18,109.58,08:11:57.782799389
188,109.57,21,109.58,08:11:57.782882909
188,109.57,40,109.58,08:11:57.783095280
188,109.57,50,109.58,08:11:57.783261789
177,109.57,50,109.58,08:11:57.784316814
191,109.57,50,109.58,08:11:57.793596066
189,109.57,50,109.58,08:11:57.795233835
175,109.57,50,109.58,08:11:57.819235106
175,109.57,40,109.58,08:11:57.996934960
175,109.57,37,109.58,08:11:57.996934960
175,109.57,18,109.58,08:11:57.996999910
175,109.57,13,109.58,08:11:57.997153999
175,109.57,15,109.58,08:11:57.997466181
175,109.57,13,109.58,08:11:57.997685829
175,109.57,15,109.58,08:11:57.997983589
175,109.57,13,109.58,08:11:57.998155517
175,109.57,14,109.58,08:11:58.017944056
175,109.57,15,109.58,08:11:58.018092305
175,109.57,16,109.58,08:11:58.021212212
175,109.57,15,109.58,08:11:58.024069451
175,109.57,14,109.58,08:11:58.024205643
175,109.57,13,109.58,08:11:58.029444719
177,109.57,13,109.58,08:11:58.121140769
177,109.57,14,109.58,08:11:58.273640881
177,109.57,13,109.58,08:11:58.274176442
191,109.57,13,109.58,08:11:58.325976886
191,109.57,5,109.58,08:11:58.483973319
202,109.57,5,109.58,08:11:58.483973319
188,109.57,5,109.58,08:11:58.490540953
183,109.57,5,109.58,08:12:00.000956009
183,109.57,6,109.58,08:12:00.007488848
183,109.57,5,109.58,08:12:00.007724341
183,109.57,4,109.58,08:12:00.018772756
183,109.57,3,109.58,08:12:00.018843470
183,109.57,4,109.58,08:12:00.266545197
183,109.57,12,109.58,08:12:00.266700915
183,109.57,11,109.58,08:12:00.276324941
183,109.57,10,109.58,08:12:00.276348947
183,109.57,9,109.58,08:12:00.276348947
183,109.57,8,109.58,08:12:00.276348947
183,109.57,96,109.59,08:12:00.276348947
183,109.57,100,109.59,08:12:00.276444813
184,109.57,100,109.59,08:12:00.276529056
184,109.57,88,109.59,08:12:00.276755513
184,109.57,1,109.58,08:12:00.287587196
184,109.57,2,109.58,08:12:00.287664012
184,109.57,1,109.58,08:12:00.298460288
184,109.57,92,109.59,08:12:00.298530947
184,109.57,90,109.59,08:12:00.298940314
160,109.57,90,109.59,08:12:00.371297145
180,109.57,90,109.59,08:12:00.371633414
182,109.57,90,109.59,08:12:00.372007007
184,109.57,90,109.59,08:12:00.381743565
191,109.57,90,109.59,08:12:00.393837563
191,109.57,91,109.59,08:12:02.161824765
191,109.57,73,109.59,08:12:03.384928640
8,109.58,73,109.59,08:12:03.385437052
9,109.58,73,109.59,08:12:04.516687608
10,109.58,73,109.59,08:12:04.516962436
9,109.58,73,109.59,08:12:04.520814970
31,109.58,73,109.59,08:12:04.523231089
38,109.58,73,109.59,08:12:04.523301281
39,109.58,73,109.59,08:12:04.523372216
40,109.58,73,109.59,08:12:04.523452542
39,109.58,73,109.59,08:12:04.523529927
38,109.58,73,109.59,08:12:04.525338366
56,109.58,73,109.59,08:12:05.291161504
38,109.58,73,109.59,08:12:05.302159875
39,109.58,73,109.59,08:12:07.023161335
38,109.58,73,109.59,08:12:07.029166672
39,109.58,73,109.59,08:12:08.711807232
57,109.58,73,109.59,08:12:08.724068416
59,109.58,73,109.59,08:12:08.725043177
59,109.58,69,109.59,08:12:08.725120707
59,109.58,55,109.59,08:12:08.725120707
70,109.58,55,109.59,08:12:08.725468792
80,109.58,55,109.59,08:12:08.725568776
81,109.58,55,109.59,08:12:08.729165480
82,109.58,55,109.59,08:12:08.729413973
88,109.58,55,109.59,08:12:08.731109401
87,109.58,55,109.59,08:12:08.733573972
86,109.58,55,109.59,08:12:08.733713123
80,109.58,55,109.59,08:12:08.748208382
69,109.58,55,109.59,08:12:08.748208382
70,109.58,55,109.59,08:12:08.769422356
73,109.58,55,109.59,08:12:08.769776371
74,109.58,55,109.59,08:12:08.783181590
73,109.58,55,109.59,08:12:08.834902895
72,109.58,55,109.59,08:12:08.834988764
54,109.58,55,109.59,08:12:08.836019368
53,109.58,55,109.59,08:12:08.836195938
50,109.58,55,109.59,08:12:08.836897898
68,109.58,55,109.59,08:12:08.936318434
50,109.58,55,109.59,08:12:10.100279509
40,109.58,55,109.59,08:12:10.100821685
58,109.58,55,109.59,08:12:10.205827121
59,109.58,55,109.59,08:12:10.757926589
58,109.58,55,109.59,08:12:10.796075029
68,109.58,55,109.59,08:12:10.806091953
69,109.58,55,109.59,08:12:10.806266455
68,109.58,55,109.59,08:12:10.811142281
69,109.58,55,109.59,08:12:10.847679087
70,109.58,55,109.59,08:12:12.696191640
71,109.58,55,109.59,08:12:12.696676215
84,109.58,55,109.59,08:12:12.696752689
84,109.58,52,109.59,08:12:12.697314215
90,109.58,52,109.59,08:12:12.697497728
90,109.58,26,109.59,08:12:12.697770921
90,109.58,18,109.59,08:12:12.698412806
90,109.58,17,109.59,08:12:12.698576066
90,109.58,16,109.59,08:12:12.698589868
90,109.58,14,109.59,08:12:12.698602850
90,109.58,13,109.59,08:12:12.698631698
90,109.58,11,109.59,08:12:12.698631698
90,109.58,10,109.59,08:12:12.698644552
90,109.58,3,109.59,08:12:12.698657784
90,109.58,2,109.59,08:12:12.698657784
90,109.58,1,109.59,08:12:12.698673678
90,109.58,116,109.6,08:12:12.698783480
90,109.58,98,109.6,08:12:12.699240418
110,109.58,98,109.6,08:12:12.699240418
112,109.58,98,109.6,08:12:12.699260616
112,109.58,102,109.6,08:12:12.699427058
115,109.58,102,109.6,08:12:12.699623012
115,109.58,90,109.6,08:12:12.699721835
117,109.58,90,109.6,08:12:12.699809947
121,109.58,90,109.6,08:12:12.700528280
121,109.58,7,109.59,08:12:12.709481493
107,109.58,7,109.59,08:12:12.710210963
107,109.58,8,109.59,08:12:12.710210963
107,109.58,10,109.59,08:12:12.710321158
117,109.58,10,109.59,08:12:12.710600115
117,109.58,8,109.59,08:12:12.710676211
121,109.58,8,109.59,08:12:12.719713561
121,109.58,11,109.59,08:12:12.720355181
121,109.58,19,109.59,08:12:12.720355181
99,109.58,19,109.59,08:12:12.720656845
95,109.58,19,109.59,08:12:12.721003854
97,109.58,19,109.59,08:12:12.722977542
95,109.58,19,109.59,08:12:12.723319686
109,109.58,19,109.59,08:12:12.725198199
110,109.58,19,109.59,08:12:12.749487536
96,109.58,19,109.59,08:12:12.750874513
96,109.58,20,109.59,08:12:13.111192060
96,109.58,24,109.59,08:12:13.111547893
96,109.58,49,109.59,08:12:13.111615967
95,109.58,49,109.59,08:12:13.113017847
95,109.58,51,109.59,08:12:13.113334279
96,109.58,51,109.59,08:12:13.114874228
95,109.58,51,109.59,08:12:13.116145092
94,109.58,51,109.59,08:12:13.122258695
94,109.58,53,109.59,08:12:13.122881286
94,109.58,55,109.59,08:12:13.122952396
95,109.58,55,109.59,08:12:13.126247175
95,109.58,53,109.59,08:12:13.237490385
94,109.58,53,109.59,08:12:13.976745006
81,109.58,53,109.59,08:12:13.976857658
80,109.58,53,109.59,08:12:13.976857658
62,109.58,53,109.59,08:12:13.977168945
63,109.58,53,109.59,08:12:13.977328973
64,109.58,53,109.59,08:12:13.981645596
63,109.58,53,109.59,08:12:14.041269863
64,109.58,53,109.59,08:12:14.059448459
65,109.58,53,109.59,08:12:14.059756041
83,109.58,53,109.59,08:12:14.063534699
80,109.58,53,109.59,08:12:14.110161321
79,109.58,53,109.59,08:12:14.159557269
78,109.58,53,109.59,08:12:14.163743502
80,109.58,53,109.59,08:12:15.661034168
93,109.58,53,109.59,08:12:15.662908992
91,109.58,53,109.59,08:12:19.526067617
78,109.58,53,109.59,08:12:19.526248098
60,109.58,53,109.59,08:12:19.526418533
61,109.58,53,109.59,08:12:19.526610481
60,109.58,53,109.59,08:12:19.529186085
61,109.58,53,109.59,08:12:19.529491906
60,109.58,53,109.59,08:12:19.531525299
61,109.58,53,109.59,08:12:20.280627569
69,109.58,53,109.59,08:12:20.281607389
74,109.58,53,109.59,08:12:20.281709459
73,109.58,53,109.59,08:12:20.308575683
74,109.58,53,109.59,08:12:20.574631336
75,109.58,53,109.59,08:12:20.575011502
75,109.58,28,109.59,08:12:22.184121551
75,109.58,24,109.59,08:12:24.004163622
75,109.58,23,109.59,08:12:24.089992010
74,109.58,23,109.59,08:12:24.968065650
74,109.58,27,109.59,08:12:24.968170908
74,109.58,29,109.59,08:12:24.968170908
74,109.58,31,109.59,08:12:24.968187931
74,109.58,48,109.59,08:12:24.968187931
73,109.58,48,109.59,08:12:24.968328103
73,109.58,60,109.59,08:12:24.968328103
74,109.58,60,109.59,08:12:24.968584133
69,109.58,60,109.59,08:12:24.968924888
61,109.58,60,109.59,08:12:24.968924888
62,109.58,60,109.59,08:12:24.969243815
61,109.58,60,109.59,08:12:24.978403549
62,109.58,60,109.59,08:12:24.989152212
61,109.58,60,109.59,08:12:25.001312177
62,109.58,60,109.59,08:12:25.014417434
61,109.58,60,109.59,08:12:25.283610629
61,109.58,61,109.59,08:12:25.380832862
62,109.58,61,109.59,08:12:25.687081862
72,109.58,61,109.59,08:12:26.761985534
75,109.58,61,109.59,08:12:26.762071477
93,109.58,61,109.59,08:12:26.762186952
93,109.58,44,109.59,08:12:27.728645049
93,109.58,32,109.59,08:12:27.728714544
101,109.58,32,109.59,08:12:27.754701756
130,109.58,32,109.59,08:12:27.755909815
130,109.58,30,109.59,08:12:28.695370375
130,109.58,28,109.59,08:12:29.103851180
130,109.58,24,109.59,08:12:29.104033178
130,109.58,16,109.59,08:12:29.115798037
130,109.58,13,109.59,08:12:29.117614102
160,109.58,13,109.59,08:12:29.162777116
156,109.58,13,109.59,08:12:29.163157938
130,109.58,13,109.59,08:12:29.163540564
156,109.58,13,109.59,08:12:29.165822869
156,109.58,12,109.59,08:12:29.165994687
132,109.58,12,109.59,08:12:29.167064590
134,109.58,12,109.59,08:12:29.167217044
138,109.58,12,109.59,08:12:29.171839209
152,109.58,12,109.59,08:12:29.171918700
144,109.58,12,109.59,08:12:29.173086344
173,109.58,12,109.59,08:12:29.175082899
144,109.58,12,109.59,08:12:29.184890809
157,109.58,12,109.59,08:12:29.280452544
157,109.58,13,109.59,08:12:29.290305732
