bidVolume,bidPrice,askVolume,askPrice,timestamp
3,2317.5,5,2317.7,10:00:00.007862271
3,2317.5,1,2317.6,10:00:00.008000277
2,2317.5,1,2317.6,10:00:00.008035516
2,2317.5,1,2317.6,10:00:00.008119930
2,2317.5,1,2317.6,10:00:00.008253639
1,2317.5,1,2317.6,10:00:00.008280980
1,2317.5,1,2317.6,10:00:00.008322178
1,2317.5,7,2317.7,10:00:00.008527184
1,2317.5,7,2317.7,10:00:00.008527184
1,2317.5,6,2317.7,10:00:00.008658230
2,2317.5,6,2317.7,10:00:00.008709885
3,2317.5,6,2317.7,10:00:00.008953397
4,2317.5,6,2317.7,10:00:00.008971295
4,2317.5,5,2317.7,10:00:00.018324565
1,2317.6,5,2317.7,10:00:00.058432591
2,2317.6,5,2317.7,10:00:00.058596445
3,2317.6,5,2317.7,10:00:00.058662904
3,2317.6,3,2317.7,10:00:00.058765236
3,2317.6,3,2317.7,10:00:00.058774855
3,2317.6,3,2317.7,10:00:00.058792603
3,2317.6,5,2317.8,10:00:00.058841324
3,2317.6,5,2317.8,10:00:00.058841324
3,2317.6,5,2317.8,10:00:00.058962251
4,2317.6,5,2317.8,10:00:00.059075508
4,2317.6,4,2317.8,10:00:00.059333363
1,2317.7,4,2317.8,10:00:00.059396512
1,2317.7,4,2317.8,10:00:00.059457899
1,2317.7,3,2317.8,10:00:00.059492690
1,2317.7,2,2317.8,10:00:00.059515670
1,2317.7,2,2317.8,10:00:00.059688311
1,2317.7,2,2317.8,10:00:00.059784255
2,2317.7,2,2317.8,10:00:00.059904324
2,2317.7,1,2317.8,10:00:00.059940911
2,2317.7,1,2317.8,10:00:00.059947849
2,2317.7,1,2317.8,10:00:00.059961158
2,2317.7,1,2317.8,10:00:00.059975036
2,2317.7,1,2317.8,10:00:00.060099727
2,2317.7,1,2317.8,10:00:00.060158838
2,2317.7,5,2317.9,10:00:00.060485591
2,2317.7,1,2317.9,10:00:00.060485591
2,2317.7,1,2317.9,10:00:00.060485591
2,2317.7,1,2317.9,10:00:00.060517198
3,2317.7,1,2317.9,10:00:00.060678128
3,2317.7,1,2317.9,10:00:00.060692526
3,2317.7,3,2318.0,10:00:00.060844791
3,2317.7,3,2318.0,10:00:00.060844791
4,2317.7,3,2318.0,10:00:00.060869275
4,2317.7,3,2318.0,10:00:00.060951357
4,2317.7,3,2318.0,10:00:00.060965274
6,2317.7,3,2318.0,10:00:00.061366242
1,2317.8,3,2318.0,10:00:00.061414869
1,2317.8,3,2318.0,10:00:00.061535173
1,2317.8,4,2318.0,10:00:00.061559945
6,2317.7,4,2318.0,10:00:00.061814801
6,2317.7,4,2318.0,10:00:00.061814801
1,2317.8,4,2318.0,10:00:00.061907042
2,2317.8,4,2318.0,10:00:00.061938995
3,2317.8,4,2318.0,10:00:00.061962490
3,2317.8,4,2318.0,10:00:00.061976673
3,2317.8,1,2317.9,10:00:00.062092678
2,2317.8,1,2317.9,10:00:00.062190719
2,2317.8,2,2317.9,10:00:00.062219219
1,2317.8,2,2317.9,10:00:00.062256346
1,2317.8,1,2317.9,10:00:00.063047135
7,2317.7,1,2317.9,10:00:00.063140789
7,2317.7,1,2317.9,10:00:00.063140789
7,2317.7,1,2317.9,10:00:00.063358954
7,2317.7,1,2317.9,10:00:00.063358954
7,2317.7,1,2317.9,10:00:00.063555765
7,2317.7,1,2317.9,10:00:00.063555765
6,2317.7,1,2317.9,10:00:00.063707965
6,2317.7,2,2317.9,10:00:00.063881044
6,2317.7,2,2317.9,10:00:00.064503966
6,2317.7,2,2317.9,10:00:00.064686932
6,2317.7,2,2317.9,10:00:00.066830099
6,2317.7,2,2317.9,10:00:00.066830099
6,2317.7,2,2317.9,10:00:00.067038960
6,2317.7,2,2317.9,10:00:00.067050206
6,2317.7,2,2317.9,10:00:00.067639493
6,2317.7,2,2317.9,10:00:00.070322227
6,2317.7,2,2317.9,10:00:00.070322227
6,2317.7,2,2317.9,10:00:00.114806688
6,2317.7,4,2317.9,10:00:00.128796255
5,2317.7,4,2317.9,10:00:00.128940358
5,2317.7,5,2317.9,10:00:00.146873147
5,2317.6,5,2317.9,10:00:00.282510857
5,2317.5,5,2317.9,10:00:00.282510857
5,2317.5,5,2317.9,10:00:00.282510857
5,2317.5,5,2317.9,10:00:00.282510857
5,2317.5,1,2317.8,10:00:00.282563577
5,2317.5,2,2317.8,10:00:00.282814155
5,2317.5,1,2317.7,10:00:00.282895283
5,2317.5,1,2317.7,10:00:00.283012671
5,2317.5,1,2317.7,10:00:00.283127134
5,2317.5,1,2317.7,10:00:00.283261697
4,2317.5,1,2317.7,10:00:00.283533884
4,2317.5,1,2317.7,10:00:00.283581738
4,2317.5,1,2317.7,10:00:00.283617116
4,2317.5,1,2317.7,10:00:00.283664706
4,2317.5,1,2317.7,10:00:00.283723722
4,2317.5,1,2317.7,10:00:00.283768453
4,2317.5,1,2317.7,10:00:00.283826230
4,2317.5,2,2317.7,10:00:00.283949698
3,2317.5,2,2317.7,10:00:00.284112997
3,2317.5,2,2317.7,10:00:00.284126316
3,2317.5,2,2317.7,10:00:00.284139456
3,2317.5,2,2317.7,10:00:00.284383256
3,2317.5,2,2317.7,10:00:00.284577106
3,2317.5,2,2317.7,10:00:00.284603555
3,2317.5,2,2317.7,10:00:00.284603555
3,2317.5,3,2317.7,10:00:00.284628208
3,2317.5,3,2317.7,10:00:00.284638448
3,2317.5,3,2317.7,10:00:00.284638448
3,2317.5,3,2317.7,10:00:00.284651782
3,2317.5,3,2317.7,10:00:00.284664759
3,2317.5,2,2317.7,10:00:00.284703965
3,2317.5,1,2317.7,10:00:00.285486218
3,2317.5,8,2317.8,10:00:00.285644791
3,2317.5,8,2317.8,10:00:00.285644791
4,2317.5,8,2317.8,10:00:00.285673854
4,2317.5,7,2317.8,10:00:00.285805985
5,2317.5,7,2317.8,10:00:00.286176082
1,2317.6,7,2317.8,10:00:00.286203516
1,2317.6,7,2317.8,10:00:00.286245331
1,2317.6,7,2317.8,10:00:00.286298424
2,2317.6,7,2317.8,10:00:00.286409673
3,2317.6,7,2317.8,10:00:00.286432199
3,2317.6,6,2317.8,10:00:00.286628171
3,2317.6,6,2317.8,10:00:00.286658389
3,2317.6,5,2317.8,10:00:00.286778229
3,2317.6,5,2317.8,10:00:00.286788994
3,2317.6,5,2317.8,10:00:00.291449269
3,2317.6,5,2317.8,10:00:00.304575024
4,2317.6,5,2317.8,10:00:00.332665560
4,2317.6,5,2317.8,10:00:00.332787409
4,2317.6,5,2317.8,10:00:00.332804161
4,2317.6,4,2317.8,10:00:00.333090557
4,2317.6,4,2317.8,10:00:00.333210771
4,2317.6,4,2317.8,10:00:00.506902084
4,2317.6,4,2317.8,10:00:00.506902084
4,2317.6,4,2317.8,10:00:00.507461261
4,2317.6,4,2317.8,10:00:00.517872243
4,2317.6,4,2317.8,10:00:00.614331992
3,2317.6,4,2317.8,10:00:00.652892403
4,2317.6,4,2317.8,10:00:00.760473311
4,2317.6,4,2317.8,10:00:00.760473311
3,2317.6,4,2317.8,10:00:01.004086200
3,2317.6,4,2317.8,10:00:01.026342077
3,2317.6,4,2317.8,10:00:01.137209286
4,2317.6,4,2317.8,10:00:01.147927579
4,2317.6,5,2317.8,10:00:01.152381406
4,2317.6,5,2317.8,10:00:01.816475046
4,2317.6,5,2317.8,10:00:02.056080091
4,2317.6,4,2317.8,10:00:02.217270389
5,2317.6,4,2317.8,10:00:02.217364512
5,2317.6,3,2317.8,10:00:02.217423854
5,2317.6,3,2317.8,10:00:02.219661998
5,2317.6,3,2317.8,10:00:02.219674578
5,2317.6,3,2317.8,10:00:02.219693273
6,2317.6,3,2317.8,10:00:02.223430733
6,2317.6,2,2317.8,10:00:02.325585464
1,2317.7,2,2317.8,10:00:02.325725639
2,2317.7,2,2317.8,10:00:02.325859171
2,2317.7,1,2317.8,10:00:02.325903387
3,2317.7,1,2317.8,10:00:02.326518250
3,2317.7,1,2317.8,10:00:02.326533092
3,2317.7,5,2317.9,10:00:02.333009344
3,2317.7,5,2317.9,10:00:02.333009344
3,2317.7,5,2317.9,10:00:02.333189872
3,2317.7,5,2317.9,10:00:02.341935904
3,2317.7,5,2317.9,10:00:02.342044466
3,2317.7,6,2317.9,10:00:02.358473002
3,2317.7,6,2317.9,10:00:02.358597468
4,2317.7,6,2317.9,10:00:02.370848790
4,2317.7,6,2317.9,10:00:02.370861167
4,2317.7,6,2317.9,10:00:02.370875501
4,2317.7,6,2317.9,10:00:02.370888458
4,2317.7,6,2317.9,10:00:02.537270575
4,2317.7,6,2317.9,10:00:02.549819288
4,2317.7,6,2317.9,10:00:02.549833478
4,2317.7,7,2317.9,10:00:03.093868017
3,2317.7,7,2317.9,10:00:04.096881421
3,2317.7,1,2317.8,10:00:04.097148217
2,2317.7,1,2317.8,10:00:04.097318649
2,2317.7,1,2317.8,10:00:04.116423447
5,2317.6,1,2317.8,10:00:04.423843049
5,2317.6,1,2317.8,10:00:04.423843049
4,2317.6,1,2317.8,10:00:04.423988089
4,2317.6,2,2317.8,10:00:04.424024726
4,2317.6,3,2317.8,10:00:04.424072378
4,2317.6,3,2317.8,10:00:04.424082478
3,2317.6,3,2317.8,10:00:04.424127445
7,2317.5,3,2317.8,10:00:04.424304873
7,2317.5,3,2317.8,10:00:04.424304873
7,2317.5,4,2317.8,10:00:04.424359050
7,2317.5,4,2317.8,10:00:04.424366803
7,2317.5,1,2317.7,10:00:04.424704458
7,2317.5,2,2317.7,10:00:04.424817142
7,2317.5,3,2317.7,10:00:04.424849598
7,2317.5,3,2317.7,10:00:04.424922297
6,2317.5,3,2317.7,10:00:04.424941436
6,2317.5,4,2317.7,10:00:04.425190206
6,2317.5,5,2317.7,10:00:04.425211349
5,2317.5,5,2317.7,10:00:04.425256805
5,2317.5,5,2317.7,10:00:04.425292544
4,2317.5,5,2317.7,10:00:04.425313879
4,2317.5,4,2317.7,10:00:04.425357810
4,2317.5,5,2317.7,10:00:04.425455885
3,2317.5,5,2317.7,10:00:04.425510699
3,2317.5,5,2317.7,10:00:04.425525368
3,2317.5,5,2317.7,10:00:04.425525368
3,2317.5,5,2317.7,10:00:04.427221866
3,2317.5,5,2317.7,10:00:04.427647292
3,2317.5,5,2317.7,10:00:04.427647292
3,2317.5,5,2317.7,10:00:04.433795691
3,2317.5,5,2317.7,10:00:04.433808392
3,2317.5,5,2317.7,10:00:04.441010592
3,2317.5,5,2317.7,10:00:04.441351735
3,2317.5,5,2317.7,10:00:04.441351735
3,2317.5,5,2317.7,10:00:04.442658436
3,2317.5,5,2317.7,10:00:04.442658436
4,2317.5,5,2317.7,10:00:04.486218056
5,2317.5,5,2317.7,10:00:04.561866329
6,2317.5,5,2317.7,10:00:04.595416642
6,2317.5,4,2317.7,10:00:04.595982142
7,2317.5,4,2317.7,10:00:04.596110906
7,2317.5,1,2317.6,10:00:04.645532435
7,2317.5,1,2317.6,10:00:04.645745963
6,2317.5,1,2317.6,10:00:04.645766118
5,2317.5,1,2317.6,10:00:04.645784116
5,2317.5,4,2317.7,10:00:04.672292228
5,2317.5,4,2317.7,10:00:04.672292228
6,2317.5,4,2317.7,10:00:05.220845340
6,2317.5,3,2317.7,10:00:05.220890013
1,2317.6,3,2317.7,10:00:05.221057072
2,2317.6,3,2317.7,10:00:05.221173689
2,2317.6,2,2317.7,10:00:05.221352473
2,2317.6,5,2317.8,10:00:05.221889672
2,2317.6,5,2317.8,10:00:05.221889672
2,2317.6,4,2317.8,10:00:05.221912321
3,2317.6,4,2317.8,10:00:05.221987201
4,2317.6,4,2317.8,10:00:05.222024523
5,2317.6,4,2317.8,10:00:05.222289312
6,2317.6,4,2317.8,10:00:05.222338222
6,2317.6,4,2317.8,10:00:05.222375812
3,2317.7,4,2317.8,10:00:05.222432142
3,2317.7,3,2317.8,10:00:05.222656571
3,2317.7,3,2317.8,10:00:05.222729327
3,2317.7,3,2317.8,10:00:05.222814270
3,2317.7,3,2317.8,10:00:05.222831560
3,2317.7,3,2317.8,10:00:05.222842773
3,2317.7,3,2317.8,10:00:05.223111546
3,2317.7,3,2317.8,10:00:05.223359241
3,2317.7,3,2317.8,10:00:05.223377907
3,2317.7,2,2317.8,10:00:05.223402659
3,2317.7,1,2317.8,10:00:05.223474970
3,2317.7,1,2317.8,10:00:05.223537644
3,2317.7,1,2317.8,10:00:05.223537644
3,2317.7,1,2317.8,10:00:05.230046659
3,2317.7,1,2317.8,10:00:05.230046659
3,2317.7,1,2317.8,10:00:05.230089274
3,2317.7,7,2317.9,10:00:05.230567642
3,2317.7,7,2317.9,10:00:05.230567642
3,2317.7,7,2317.9,10:00:05.230679222
3,2317.7,7,2317.9,10:00:05.230705638
3,2317.7,7,2317.9,10:00:05.230722873
3,2317.7,7,2317.9,10:00:05.272505561
1,2317.7,7,2317.9,10:00:05.560545669
1,2317.7,1,2317.8,10:00:05.560670648
1,2317.7,2,2317.8,10:00:05.560820404
1,2317.7,3,2317.8,10:00:05.560839758
1,2317.7,2,2317.8,10:00:05.560957940
1,2317.7,1,2317.8,10:00:05.562327993
5,2317.6,1,2317.8,10:00:05.562441221
5,2317.6,1,2317.8,10:00:05.562441221
4,2317.6,1,2317.8,10:00:05.562551204
4,2317.6,2,2317.8,10:00:05.562576900
4,2317.6,3,2317.8,10:00:05.562631071
3,2317.6,3,2317.8,10:00:05.562765785
3,2317.6,3,2317.8,10:00:05.563792602
3,2317.6,3,2317.8,10:00:05.563792602
3,2317.6,3,2317.8,10:00:05.565520022
3,2317.6,2,2317.8,10:00:05.565633301
3,2317.6,3,2317.8,10:00:05.597450328
4,2317.6,3,2317.8,10:00:05.637868891
4,2317.6,1,2317.7,10:00:05.665488591
4,2317.6,1,2317.7,10:00:05.665641221
4,2317.6,1,2317.7,10:00:05.665659183
3,2317.6,1,2317.7,10:00:05.737352800
2,2317.6,1,2317.7,10:00:05.737580759
2,2317.6,2,2317.7,10:00:05.737595255
2,2317.6,2,2317.7,10:00:05.737620081
1,2317.6,2,2317.7,10:00:05.737648120
1,2317.6,3,2317.7,10:00:05.738020631
6,2317.5,3,2317.7,10:00:05.738145488
6,2317.5,3,2317.7,10:00:05.738145488
6,2317.5,4,2317.7,10:00:05.738168212
6,2317.5,3,2317.7,10:00:05.738168212
6,2317.5,3,2317.7,10:00:05.738292326
5,2317.5,3,2317.7,10:00:05.738360849
5,2317.5,3,2317.7,10:00:05.738371531
5,2317.5,4,2317.7,10:00:05.738505006
4,2317.5,4,2317.7,10:00:05.738577986
4,2317.5,4,2317.7,10:00:05.739436452
4,2317.5,4,2317.7,10:00:05.739436452
4,2317.5,5,2317.7,10:00:05.844218615
4,2317.5,5,2317.7,10:00:05.844370202
5,2317.5,5,2317.7,10:00:06.032455741
5,2317.5,4,2317.7,10:00:06.690883417
6,2317.5,4,2317.7,10:00:06.691046809
6,2317.5,5,2317.7,10:00:06.691064240
6,2317.5,6,2317.7,10:00:06.765405012
6,2317.5,6,2317.7,10:00:07.315089784
5,2317.5,6,2317.7,10:00:07.599083438
5,2317.5,1,2317.6,10:00:07.599593235
5,2317.5,2,2317.6,10:00:07.599710796
5,2317.5,3,2317.6,10:00:07.599729133
5,2317.5,4,2317.6,10:00:07.599772442
5,2317.5,4,2317.6,10:00:07.599821067
5,2317.5,4,2317.6,10:00:07.599837826
4,2317.5,4,2317.6,10:00:07.599908775
6,2317.4,4,2317.6,10:00:07.600053687
6,2317.4,4,2317.6,10:00:07.600053687
6,2317.4,4,2317.6,10:00:07.600074925
6,2317.4,3,2317.6,10:00:07.600137610
6,2317.4,3,2317.6,10:00:07.600152075
6,2317.4,3,2317.6,10:00:07.600297688
6,2317.4,1,2317.5,10:00:07.600347929
5,2317.4,1,2317.5,10:00:07.600407076
4,2317.4,1,2317.5,10:00:07.600438184
2,2317.4,1,2317.5,10:00:07.600464837
2,2317.4,2,2317.5,10:00:07.600564000
2,2317.4,2,2317.5,10:00:07.600672553
2,2317.4,2,2317.5,10:00:07.600687533
2,2317.4,2,2317.5,10:00:07.600725684
2,2317.4,1,2317.5,10:00:07.600781058
2,2317.4,2,2317.5,10:00:07.600833875
2,2317.4,2,2317.5,10:00:07.600843126
2,2317.4,2,2317.5,10:00:07.600856253
2,2317.4,2,2317.5,10:00:07.600870698
2,2317.4,2,2317.5,10:00:07.600882094
2,2317.4,1,2317.5,10:00:07.600949516
2,2317.4,1,2317.5,10:00:07.600960524
2,2317.4,1,2317.5,10:00:07.601001050
2,2317.4,1,2317.5,10:00:07.601018160
2,2317.4,2,2317.5,10:00:07.601077003
2,2317.4,2,2317.5,10:00:07.601120684
2,2317.4,2,2317.5,10:00:07.601134723
2,2317.4,2,2317.5,10:00:07.601234730
2,2317.4,2,2317.5,10:00:07.601268228
2,2317.4,2,2317.5,10:00:07.602467083
2,2317.4,2,2317.5,10:00:07.602467083
3,2317.4,2,2317.5,10:00:07.608000131
3,2317.4,2,2317.5,10:00:07.608142899
3,2317.4,2,2317.5,10:00:07.608289110
3,2317.4,2,2317.5,10:00:07.612711301
3,2317.4,3,2317.5,10:00:07.612962788
2,2317.4,3,2317.5,10:00:07.613168744
2,2317.4,3,2317.5,10:00:07.615326218
2,2317.4,4,2317.5,10:00:07.615399746
2,2317.4,5,2317.5,10:00:07.728463192
8,2317.3,5,2317.5,10:00:07.728831248
5,2317.3,5,2317.5,10:00:07.728831248
5,2317.3,5,2317.5,10:00:07.728831248
5,2317.3,6,2317.5,10:00:07.729031716
4,2317.3,6,2317.5,10:00:07.729031716
4,2317.3,6,2317.5,10:00:07.729071367
4,2317.3,6,2317.5,10:00:07.729271042
4,2317.3,6,2317.5,10:00:07.729285887
4,2317.3,7,2317.5,10:00:07.729442028
4,2317.3,7,2317.5,10:00:07.729595253
4,2317.3,7,2317.5,10:00:07.729902901
4,2317.3,6,2317.5,10:00:07.730243273
4,2317.3,6,2317.5,10:00:07.730386533
4,2317.3,6,2317.5,10:00:07.730386533
4,2317.3,6,2317.5,10:00:07.766255367
5,2317.3,6,2317.5,10:00:07.869213479
5,2317.3,6,2317.5,10:00:08.069653583
5,2317.3,7,2317.5,10:00:08.100360874
5,2317.3,1,2317.4,10:00:08.194430346
5,2317.3,2,2317.4,10:00:08.194559840
5,2317.3,2,2317.4,10:00:08.194613634
5,2317.3,2,2317.4,10:00:08.194654447
5,2317.3,2,2317.4,10:00:08.194665581
5,2317.3,2,2317.4,10:00:08.194696317
5,2317.3,2,2317.4,10:00:08.194732263
4,2317.3,2,2317.4,10:00:08.194779109
4,2317.3,2,2317.4,10:00:08.194933775
3,2317.3,2,2317.4,10:00:08.194956226
3,2317.3,3,2317.4,10:00:08.195032971
3,2317.3,4,2317.4,10:00:08.195101470
3,2317.3,5,2317.4,10:00:08.195118841
7,2317.2,5,2317.4,10:00:08.195387588
7,2317.2,5,2317.4,10:00:08.195387588
7,2317.2,6,2317.4,10:00:08.195547995
6,2317.2,6,2317.4,10:00:08.195608878
6,2317.2,6,2317.4,10:00:08.195672528
6,2317.2,6,2317.4,10:00:08.195855624
6,2317.2,6,2317.4,10:00:08.195868715
5,2317.2,6,2317.4,10:00:08.195890709
4,2317.2,6,2317.4,10:00:08.195906252
3,2317.2,6,2317.4,10:00:08.196295261
3,2317.2,6,2317.4,10:00:08.196325230
3,2317.2,6,2317.4,10:00:08.196325230
3,2317.2,6,2317.4,10:00:08.196450880
3,2317.2,6,2317.4,10:00:08.196500737
3,2317.2,6,2317.4,10:00:08.197180639
3,2317.2,6,2317.4,10:00:08.197180639
3,2317.2,7,2317.4,10:00:08.197538998
3,2317.2,7,2317.4,10:00:08.197538998
3,2317.2,7,2317.4,10:00:08.203571980
3,2317.2,7,2317.4,10:00:08.205347562
3,2317.2,1,2317.3,10:00:08.205488905
3,2317.2,2,2317.3,10:00:08.205625820
3,2317.2,2,2317.3,10:00:08.205653360
2,2317.2,2,2317.3,10:00:08.205680036
2,2317.2,2,2317.3,10:00:08.205692451
2,2317.2,2,2317.3,10:00:08.205703754
2,2317.2,2,2317.3,10:00:08.205720676
2,2317.2,2,2317.3,10:00:08.205735915
2,2317.2,2,2317.3,10:00:08.205749646
2,2317.2,2,2317.3,10:00:08.205769291
2,2317.2,2,2317.3,10:00:08.205837514
1,2317.2,2,2317.3,10:00:08.205898587
1,2317.2,3,2317.3,10:00:08.205979303
1,2317.2,4,2317.3,10:00:08.205999242
1,2317.2,4,2317.3,10:00:08.206438819
1,2317.2,5,2317.3,10:00:08.207124199
1,2317.2,5,2317.3,10:00:08.212634237
1,2317.2,5,2317.3,10:00:08.212634237
1,2317.2,5,2317.3,10:00:08.214025590
1,2317.2,5,2317.3,10:00:08.214025590
1,2317.2,5,2317.3,10:00:08.224273712
1,2317.2,5,2317.3,10:00:08.263441819
2,2317.2,5,2317.3,10:00:08.298806521
2,2317.2,5,2317.3,10:00:08.298962354
2,2317.2,5,2317.3,10:00:08.656448910
2,2317.2,5,2317.3,10:00:08.675657882
1,2317.2,5,2317.3,10:00:08.952220984
6,2317.1,5,2317.3,10:00:08.952504123
6,2317.1,5,2317.3,10:00:08.952504123
5,2317.1,5,2317.3,10:00:08.952545768
4,2317.1,5,2317.3,10:00:08.952582576
4,2317.1,6,2317.3,10:00:08.952622193
4,2317.1,7,2317.3,10:00:08.952776926
4,2317.1,7,2317.3,10:00:08.952793399
4,2317.1,7,2317.3,10:00:08.952806203
4,2317.1,7,2317.3,10:00:08.952845607
4,2317.1,7,2317.3,10:00:08.953021740
5,2317.1,7,2317.3,10:00:08.953150478
5,2317.1,7,2317.3,10:00:08.954630288
5,2317.1,7,2317.3,10:00:08.954630288
5,2317.1,6,2317.3,10:00:08.957335763
6,2317.1,6,2317.3,10:00:08.957479198
7,2317.1,6,2317.3,10:00:08.963376620
7,2317.1,6,2317.3,10:00:08.999162873
7,2317.1,6,2317.3,10:00:08.999162873
7,2317.1,7,2317.3,10:00:09.045421378
7,2317.1,7,2317.3,10:00:09.529534394
7,2317.1,7,2317.3,10:00:09.529546465
7,2317.1,7,2317.3,10:00:09.911053723
7,2317.1,7,2317.3,10:00:09.911053723
1,2317.2,7,2317.3,10:00:10.060188064
7,2317.1,7,2317.3,10:00:10.060426741
7,2317.1,7,2317.3,10:00:10.060426741
7,2317.1,7,2317.3,10:00:10.060477648
6,2317.1,7,2317.3,10:00:10.060583033
3,2317.1,7,2317.3,10:00:10.060740168
2,2317.1,7,2317.3,10:00:10.060864721
3,2317.1,7,2317.3,10:00:10.060988082
1,2317.2,7,2317.3,10:00:10.061058587
1,2317.2,7,2317.3,10:00:10.061218194
2,2317.1,7,2317.3,10:00:10.061346923
2,2317.1,7,2317.3,10:00:10.061346923
2,2317.1,1,2317.2,10:00:10.062076780
2,2317.1,2,2317.2,10:00:10.062212127
2,2317.1,2,2317.2,10:00:10.062235613
2,2317.1,2,2317.2,10:00:10.062249114
2,2317.1,2,2317.2,10:00:10.062266461
2,2317.1,3,2317.2,10:00:10.062445847
2,2317.1,3,2317.2,10:00:10.064035976
2,2317.1,3,2317.2,10:00:10.064035976
2,2317.1,3,2317.2,10:00:10.069603950
2,2317.1,3,2317.2,10:00:10.069603950
3,2317.1,3,2317.2,10:00:10.478734408
3,2317.1,1,2317.2,10:00:10.478998320
3,2317.1,5,2317.3,10:00:10.479026961
3,2317.1,5,2317.3,10:00:10.479026961
2,2317.2,5,2317.3,10:00:10.479042331
2,2317.2,4,2317.3,10:00:10.479074031
2,2317.2,4,2317.3,10:00:10.479093580
2,2317.2,4,2317.3,10:00:10.479329370
2,2317.2,4,2317.3,10:00:10.479375848
1,2317.2,4,2317.3,10:00:10.479506321
1,2317.2,3,2317.3,10:00:10.479676052
1,2317.2,4,2317.3,10:00:10.479750533
1,2317.2,5,2317.3,10:00:10.479952647
4,2317.1,5,2317.3,10:00:10.480046370
4,2317.1,5,2317.3,10:00:10.480046370
3,2317.1,5,2317.3,10:00:10.480088598
3,2317.1,5,2317.3,10:00:10.480845561
3,2317.1,5,2317.3,10:00:10.480845561
3,2317.1,5,2317.3,10:00:10.482574466
3,2317.1,5,2317.3,10:00:10.482574466
3,2317.1,5,2317.3,10:00:10.573791297
3,2317.1,6,2317.3,10:00:10.605845123
2,2317.1,6,2317.3,10:00:10.605975247
7,2317.0,6,2317.3,10:00:10.606260036
7,2317.0,6,2317.3,10:00:10.606260036
7,2317.0,6,2317.3,10:00:10.606281208
7,2317.0,1,2317.2,10:00:10.606425495
6,2317.0,1,2317.2,10:00:10.606483088
6,2317.0,2,2317.2,10:00:10.606568046
6,2317.0,2,2317.2,10:00:10.606788383
6,2317.0,2,2317.2,10:00:10.606832067
5,2317.0,2,2317.2,10:00:10.606853894
5,2317.0,2,2317.2,10:00:10.606883191
4,2317.0,2,2317.2,10:00:10.606912229
4,2317.0,3,2317.2,10:00:10.607015927
4,2317.0,3,2317.2,10:00:10.607129452
4,2317.0,3,2317.2,10:00:10.607185834
4,2317.0,4,2317.2,10:00:10.607253702
4,2317.0,3,2317.2,10:00:10.607320166
5,2317.0,3,2317.2,10:00:10.607380957
5,2317.0,3,2317.2,10:00:10.607576761
5,2317.0,3,2317.2,10:00:10.607576761
5,2317.0,3,2317.2,10:00:10.703360279
5,2317.0,3,2317.2,10:00:10.703371671
5,2317.0,3,2317.2,10:00:10.709862854
4,2317.0,3,2317.2,10:00:10.820224018
4,2317.0,3,2317.2,10:00:10.869878226
4,2317.0,4,2317.2,10:00:10.869952279
3,2317.0,4,2317.2,10:00:10.870103261
4,2317.0,4,2317.2,10:00:10.943086929
4,2317.0,4,2317.2,10:00:11.065302924
4,2317.0,1,2317.1,10:00:11.065409869
4,2317.0,1,2317.1,10:00:11.065557681
4,2317.0,1,2317.1,10:00:11.065572234
4,2317.0,1,2317.1,10:00:11.065589469
4,2317.0,1,2317.1,10:00:11.067239292
4,2317.0,1,2317.1,10:00:11.068149515
4,2317.0,1,2317.1,10:00:11.084184001
4,2317.0,1,2317.1,10:00:11.085323431
4,2317.0,2,2317.1,10:00:11.085468161
4,2317.0,2,2317.1,10:00:11.085595981
4,2317.0,2,2317.1,10:00:11.252271714
3,2317.0,2,2317.1,10:00:11.302012905
2,2317.0,2,2317.1,10:00:11.302381198
2,2317.0,3,2317.1,10:00:11.302415903
7,2316.9,3,2317.1,10:00:11.302699985
7,2316.9,3,2317.1,10:00:11.302699985
7,2316.9,4,2317.1,10:00:11.302813382
6,2316.9,4,2317.1,10:00:11.302933641
6,2316.9,4,2317.1,10:00:11.302962076
6,2316.9,4,2317.1,10:00:11.303000228
5,2316.9,4,2317.1,10:00:11.303023530
5,2316.9,4,2317.1,10:00:11.303123753
5,2316.9,4,2317.1,10:00:11.303139360
5,2316.9,4,2317.1,10:00:11.303154535
5,2316.9,6,2317.1,10:00:11.304577469
5,2316.9,6,2317.1,10:00:11.323320499
5,2316.9,6,2317.1,10:00:11.323320499
5,2316.9,6,2317.1,10:00:11.407356520
6,2316.9,6,2317.1,10:00:11.468771197
6,2316.9,5,2317.1,10:00:11.589957956
1,2317.0,5,2317.1,10:00:11.590120554
1,2317.0,5,2317.1,10:00:11.590590138
2,2317.0,5,2317.1,10:00:11.681013908
2,2317.0,5,2317.1,10:00:11.681139949
1,2317.0,5,2317.1,10:00:11.691347408
1,2317.0,5,2317.1,10:00:11.691475375
1,2317.0,5,2317.1,10:00:11.864237744
5,2316.9,5,2317.1,10:00:12.133578992
1,2316.9,5,2317.1,10:00:12.133578992
1,2316.9,5,2317.1,10:00:12.133578992
1,2316.9,6,2317.1,10:00:12.133678031
1,2316.9,1,2317.0,10:00:12.133898691
2,2316.9,1,2317.0,10:00:12.133917392
2,2316.9,1,2317.0,10:00:12.134039340
3,2316.9,1,2317.0,10:00:12.134066109
4,2316.9,1,2317.0,10:00:12.134112132
4,2316.9,6,2317.1,10:00:12.134288939
4,2316.9,6,2317.1,10:00:12.134288939
4,2316.9,6,2317.1,10:00:12.134355068
4,2316.9,6,2317.1,10:00:12.134368492
4,2316.9,1,2317.0,10:00:12.134393366
5,2316.9,1,2317.0,10:00:12.134428980
5,2316.9,1,2317.0,10:00:12.134428980
5,2316.9,1,2317.0,10:00:12.134454228
5,2316.9,1,2317.0,10:00:12.134473864
5,2316.9,6,2317.1,10:00:12.134575664
5,2316.9,6,2317.1,10:00:12.134575664
5,2316.9,5,2317.1,10:00:12.134671353
1,2317.0,5,2317.1,10:00:12.134726505
1,2317.0,5,2317.1,10:00:12.134803400
6,2316.9,5,2317.1,10:00:12.134832434
6,2316.9,5,2317.1,10:00:12.134832434
7,2316.9,5,2317.1,10:00:12.134887929
1,2317.0,5,2317.1,10:00:12.134986799
1,2317.0,4,2317.1,10:00:12.135108786
7,2316.9,4,2317.1,10:00:12.135726811
7,2316.9,4,2317.1,10:00:12.135726811
6,2316.9,4,2317.1,10:00:12.135866452
5,2316.9,4,2317.1,10:00:12.142190998
5,2316.9,5,2317.1,10:00:12.142210516
4,2316.9,5,2317.1,10:00:12.254474491
5,2316.9,5,2317.1,10:00:12.254612516
2,2316.9,5,2317.1,10:00:12.385576079
2,2316.9,1,2317.0,10:00:12.385736642
3,2316.9,1,2317.0,10:00:12.385854927
3,2316.9,1,2317.0,10:00:12.385958109
3,2316.9,6,2317.1,10:00:12.385996574
3,2316.9,6,2317.1,10:00:12.385996574
3,2316.9,1,2317.0,10:00:12.387538413
3,2316.9,1,2317.0,10:00:12.406899846
3,2316.9,1,2317.0,10:00:12.406899846
3,2316.9,1,2317.0,10:00:12.453265677
3,2316.9,1,2317.0,10:00:12.497268748
4,2316.9,1,2317.0,10:00:12.527461051
4,2316.9,6,2317.1,10:00:12.527692153
4,2316.9,6,2317.1,10:00:12.527692153
4,2316.9,6,2317.1,10:00:12.527710586
1,2317.0,6,2317.1,10:00:12.527827026
1,2317.0,5,2317.1,10:00:12.527843481
1,2317.0,4,2317.1,10:00:12.527944994
1,2317.0,4,2317.1,10:00:12.528001782
1,2317.0,4,2317.1,10:00:12.528047210
1,2317.0,4,2317.1,10:00:12.528316940
1,2317.0,4,2317.1,10:00:12.578427756
1,2317.0,4,2317.1,10:00:12.653467678
1,2317.0,4,2317.1,10:00:12.653467678
1,2317.0,5,2317.1,10:00:12.786618370
3,2316.9,5,2317.1,10:00:12.786747451
3,2316.9,5,2317.1,10:00:12.786747451
3,2316.9,5,2317.1,10:00:12.788650078
3,2316.9,5,2317.1,10:00:12.788650078
4,2316.9,5,2317.1,10:00:13.024987004
4,2316.9,5,2317.1,10:00:13.077662195
4,2316.9,6,2317.1,10:00:13.106057675
4,2316.9,6,2317.1,10:00:13.478920621
4,2316.9,6,2317.1,10:00:13.691511110
57,2316.8,6,2317.1,10:00:14.106568313
57,2316.8,6,2317.1,10:00:14.106568313
57,2316.8,7,2317.1,10:00:14.106645288
57,2316.8,8,2317.1,10:00:14.106959358
57,2316.8,1,2317.0,10:00:14.107032818
57,2316.8,2,2317.0,10:00:14.107170998
57,2316.8,2,2317.0,10:00:14.107249524
1,2316.9,2,2317.0,10:00:14.107282887
1,2316.9,1,2317.0,10:00:14.107459486
2,2316.9,1,2317.0,10:00:14.107489010
2,2316.9,9,2317.1,10:00:14.107706669
2,2316.9,9,2317.1,10:00:14.107706669
3,2316.9,9,2317.1,10:00:14.107999302
3,2316.9,8,2317.1,10:00:14.108013648
3,2316.9,1,2317.0,10:00:14.108975247
3,2316.9,8,2317.1,10:00:14.109206776
3,2316.9,8,2317.1,10:00:14.109206776
3,2316.9,7,2317.1,10:00:14.109312538
3,2316.9,6,2317.1,10:00:14.109594569
4,2316.9,6,2317.1,10:00:14.294918972
5,2316.9,6,2317.1,10:00:14.295059918
1,2317.0,6,2317.1,10:00:14.295203223
2,2317.0,6,2317.1,10:00:14.295396504
2,2317.0,6,2317.1,10:00:14.295526452
2,2317.0,6,2317.1,10:00:14.295526452
2,2317.0,6,2317.1,10:00:14.295609085
1,2317.0,6,2317.1,10:00:14.297302760
1,2317.0,6,2317.1,10:00:14.323490305
1,2317.0,6,2317.1,10:00:14.323490305
2,2317.0,6,2317.1,10:00:14.323644205
1,2317.0,6,2317.1,10:00:14.406685856
2,2317.0,6,2317.1,10:00:14.469812306
2,2317.0,6,2317.1,10:00:14.470168733
2,2317.0,6,2317.1,10:00:14.484044448
2,2317.0,6,2317.1,10:00:14.484044448
2,2317.0,6,2317.1,10:00:15.308120621
2,2317.0,3,2317.1,10:00:16.864216184
2,2317.0,6,2317.2,10:00:16.864307171
2,2317.0,6,2317.2,10:00:16.864307171
3,2317.0,6,2317.2,10:00:16.864863790
4,2317.0,6,2317.2,10:00:16.864945663
5,2317.0,6,2317.2,10:00:16.865249494
5,2317.0,5,2317.2,10:00:16.865286951
6,2317.0,5,2317.2,10:00:16.865306426
7,2317.0,5,2317.2,10:00:16.865338830
7,2317.0,4,2317.2,10:00:16.865396198
7,2317.0,3,2317.2,10:00:16.865456585
6,2317.0,3,2317.2,10:00:16.865918454
7,2317.0,3,2317.2,10:00:16.865937300
6,2317.0,3,2317.2,10:00:16.866007838
1,2317.1,3,2317.2,10:00:16.866054639
6,2317.0,3,2317.2,10:00:16.866175762
6,2317.0,3,2317.2,10:00:16.866175762
6,2317.0,3,2317.2,10:00:16.866498380
7,2317.0,3,2317.2,10:00:16.866517641
1,2317.1,3,2317.2,10:00:16.866706230
2,2317.1,3,2317.2,10:00:16.867962249
2,2317.1,3,2317.2,10:00:16.868134192
2,2317.1,3,2317.2,10:00:16.872439984
2,2317.1,3,2317.2,10:00:16.872452259
1,2317.1,3,2317.2,10:00:16.878982758
1,2317.1,3,2317.2,10:00:16.891049756
1,2317.1,4,2317.2,10:00:16.898890127
6,2317.0,4,2317.2,10:00:16.899124974
6,2317.0,4,2317.2,10:00:16.899124974
6,2317.0,5,2317.2,10:00:16.899296472
5,2317.0,5,2317.2,10:00:16.899316005
4,2317.0,5,2317.2,10:00:16.899395210
3,2317.0,5,2317.2,10:00:16.899457483
2,2317.0,5,2317.2,10:00:16.899535273
1,2317.0,5,2317.2,10:00:16.899779883
1,2317.0,1,2317.1,10:00:16.899933227
2,2317.0,1,2317.1,10:00:16.899967954
2,2317.0,1,2317.1,10:00:16.900104133
2,2317.0,6,2317.2,10:00:16.900146476
2,2317.0,6,2317.2,10:00:16.900146476
2,2317.0,5,2317.2,10:00:16.900331232
2,2317.0,4,2317.2,10:00:17.005715363
2,2317.0,4,2317.2,10:00:17.043483754
2,2317.0,4,2317.2,10:00:17.047832386
3,2317.0,4,2317.2,10:00:17.236779224
4,2317.0,4,2317.2,10:00:17.236815681
5,2317.0,4,2317.2,10:00:17.354577256
5,2317.0,3,2317.2,10:00:17.842090748
5,2317.0,3,2317.2,10:00:17.842090748
5,2317.0,5,2317.2,10:00:17.909760243
4,2317.0,5,2317.2,10:00:18.713303642
3,2317.0,5,2317.2,10:00:18.713569818
3,2317.0,6,2317.2,10:00:18.715305363
3,2317.0,5,2317.2,10:00:19.341804592
1,2317.1,5,2317.2,10:00:19.341918312
1,2317.1,5,2317.2,10:00:19.341934726
1,2317.1,4,2317.2,10:00:19.341959033
2,2317.1,4,2317.2,10:00:19.341990154
2,2317.1,4,2317.2,10:00:19.342213125
2,2317.1,4,2317.2,10:00:19.342241020
3,2317.1,4,2317.2,10:00:19.342380969
3,2317.1,4,2317.2,10:00:19.342568633
3,2317.1,6,2317.3,10:00:19.342754685
3,2317.1,6,2317.3,10:00:19.342754685
1,2317.2,6,2317.3,10:00:19.342810388
2,2317.2,6,2317.3,10:00:19.342827205
2,2317.2,6,2317.3,10:00:19.342926701
2,2317.2,6,2317.3,10:00:19.342939565
2,2317.2,6,2317.3,10:00:19.342963863
2,2317.2,6,2317.3,10:00:19.342981716
2,2317.2,5,2317.3,10:00:19.343058137
2,2317.2,5,2317.3,10:00:19.343137278
2,2317.2,5,2317.3,10:00:19.343226320
2,2317.2,4,2317.3,10:00:19.343245930
2,2317.2,4,2317.3,10:00:19.343258708
2,2317.2,4,2317.3,10:00:19.343297003
2,2317.2,3,2317.3,10:00:19.343318526
1,2317.2,3,2317.3,10:00:19.343402349
1,2317.2,2,2317.3,10:00:19.343432225
1,2317.2,4,2317.3,10:00:19.343450666
1,2317.2,4,2317.3,10:00:19.343510009
1,2317.2,4,2317.3,10:00:19.343524306
1,2317.2,4,2317.3,10:00:19.343988214
1,2317.2,4,2317.3,10:00:19.343988214
1,2317.2,4,2317.3,10:00:19.344337159
1,2317.2,4,2317.3,10:00:19.344337159
6,2317.1,4,2317.3,10:00:19.345259081
6,2317.1,4,2317.3,10:00:19.345259081
6,2317.1,5,2317.3,10:00:19.345425382
5,2317.1,5,2317.3,10:00:19.345443389
5,2317.1,5,2317.3,10:00:19.346821836
5,2317.1,5,2317.3,10:00:19.346821836
5,2317.1,5,2317.3,10:00:19.350948894
5,2317.1,5,2317.3,10:00:19.350961979
5,2317.1,3,2317.3,10:00:19.364084527
4,2317.1,3,2317.3,10:00:19.364213307
4,2317.1,3,2317.3,10:00:19.364230140
4,2317.1,3,2317.3,10:00:19.364244812
4,2317.1,3,2317.3,10:00:19.364274611
4,2317.1,3,2317.3,10:00:19.364274611
4,2317.1,2,2317.3,10:00:19.403514919
5,2317.1,2,2317.3,10:00:19.403632669
1,2317.2,2,2317.3,10:00:19.403776418
1,2317.2,2,2317.3,10:00:19.405143058
1,2317.2,2,2317.3,10:00:19.405143058
1,2317.2,2,2317.3,10:00:19.405330853
4,2317.1,2,2317.3,10:00:19.429306538
4,2317.1,2,2317.3,10:00:19.429306538
4,2317.1,2,2317.3,10:00:19.430553354
4,2317.1,2,2317.3,10:00:19.430553354
5,2317.1,2,2317.3,10:00:19.824831506
5,2317.1,3,2317.3,10:00:19.885744935
5,2317.1,4,2317.3,10:00:19.885877420
4,2317.1,4,2317.3,10:00:19.885925860
3,2317.1,4,2317.3,10:00:19.886026496
3,2317.1,1,2317.2,10:00:19.886159797
2,2317.1,1,2317.2,10:00:19.886345510
2,2317.1,4,2317.3,10:00:20.286257818
2,2317.1,4,2317.3,10:00:20.286257818
3,2317.1,4,2317.3,10:00:20.286282958
2,2317.1,4,2317.3,10:00:20.631175248
3,2317.1,4,2317.3,10:00:20.756092797
3,2317.1,3,2317.3,10:00:20.925891617
3,2317.1,3,2317.3,10:00:21.415379585
3,2317.1,3,2317.3,10:00:21.415379585
3,2317.1,2,2317.2,10:00:21.745427807
3,2317.1,3,2317.3,10:00:21.745805223
3,2317.1,3,2317.3,10:00:21.745805223
2,2317.1,3,2317.3,10:00:21.745823873
3,2317.2,3,2317.3,10:00:21.745831405
3,2317.2,3,2317.3,10:00:21.745960259
3,2317.2,3,2317.3,10:00:21.746016820
3,2317.2,2,2317.3,10:00:21.746085968
4,2317.2,2,2317.3,10:00:21.746997848
4,2317.2,2,2317.3,10:00:21.747168005
4,2317.2,2,2317.3,10:00:21.748513165
4,2317.2,2,2317.3,10:00:21.748513165
4,2317.2,2,2317.3,10:00:21.768833401
4,2317.2,2,2317.3,10:00:21.768833401
4,2317.2,2,2317.3,10:00:21.983000940
4,2317.2,5,2317.4,10:00:22.063491516
4,2317.2,5,2317.4,10:00:22.063491516
4,2317.2,5,2317.4,10:00:22.063765029
5,2317.2,5,2317.4,10:00:22.063771585
5,2317.2,5,2317.4,10:00:22.063871721
5,2317.2,5,2317.4,10:00:22.063886944
5,2317.2,5,2317.4,10:00:22.208274456
2,2317.2,5,2317.4,10:00:22.208405832
2,2317.2,6,2317.4,10:00:22.208535281
2,2317.2,6,2317.4,10:00:22.208580860
2,2317.2,1,2317.3,10:00:22.383240570
1,2317.2,1,2317.3,10:00:22.383399398
1,2317.2,1,2317.3,10:00:22.402285788
1,2317.2,2,2317.3,10:00:22.478151233
1,2317.2,2,2317.3,10:00:22.478298734
1,2317.2,3,2317.3,10:00:22.506557462
1,2317.1,3,2317.3,10:00:22.506844562
1,2317.1,3,2317.3,10:00:22.506844562
2,2317.1,3,2317.3,10:00:22.507550170
2,2317.1,4,2317.3,10:00:22.510110835
2,2317.1,4,2317.3,10:00:22.510542445
2,2317.1,4,2317.3,10:00:22.510542445
2,2317.1,3,2317.3,10:00:22.511335785
3,2317.1,3,2317.3,10:00:22.521296412
4,2317.1,3,2317.3,10:00:22.875152572
4,2317.1,2,2317.3,10:00:22.875174317
4,2317.1,1,2317.3,10:00:22.875263055
1,2317.2,1,2317.3,10:00:22.875402711
2,2317.2,1,2317.3,10:00:22.876305402
2,2317.2,1,2317.3,10:00:22.876312548
2,2317.2,6,2317.4,10:00:22.876546751
2,2317.2,6,2317.4,10:00:22.876546751
3,2317.2,6,2317.4,10:00:22.876666965
3,2317.2,5,2317.4,10:00:22.876803691
4,2317.2,5,2317.4,10:00:22.876825998
4,2317.2,5,2317.4,10:00:22.876872278
4,2317.2,5,2317.4,10:00:22.876872278
4,2317.2,5,2317.4,10:00:22.884665609
4,2317.2,1,2317.3,10:00:22.885845949
4,2317.2,1,2317.3,10:00:22.885845949
4,2317.2,1,2317.3,10:00:22.947123677
3,2317.2,1,2317.3,10:00:23.178243877
3,2317.2,1,2317.3,10:00:23.817453970
2,2317.2,1,2317.3,10:00:23.820698326
2,2317.2,2,2317.3,10:00:23.820803019
1,2317.2,2,2317.3,10:00:23.820829503
3,2317.1,2,2317.3,10:00:23.821119432
3,2317.1,2,2317.3,10:00:23.821119432
3,2317.1,3,2317.3,10:00:23.821157251
3,2317.1,4,2317.3,10:00:23.821263970
3,2317.1,4,2317.3,10:00:23.821276408
3,2317.1,5,2317.3,10:00:23.821296984
3,2317.1,6,2317.3,10:00:23.821333923
3,2317.1,5,2317.3,10:00:23.821398733
3,2317.1,4,2317.3,10:00:23.821546027
3,2317.1,3,2317.3,10:00:23.821664873
4,2317.1,3,2317.3,10:00:24.076147049
4,2317.1,2,2317.3,10:00:24.076316929
1,2317.2,2,2317.3,10:00:24.076456496
1,2317.2,2,2317.3,10:00:24.126426481
2,2317.2,2,2317.3,10:00:24.212826606
2,2317.2,1,2317.3,10:00:24.212975559
2,2317.2,5,2317.4,10:00:25.005512070
2,2317.2,5,2317.4,10:00:25.005512070
3,2317.2,5,2317.4,10:00:25.005644592
4,2317.2,5,2317.4,10:00:25.005664550
5,2317.2,5,2317.4,10:00:25.005737253
6,2317.2,5,2317.4,10:00:25.005775705
5,2317.2,5,2317.4,10:00:25.006494344
5,2317.2,4,2317.4,10:00:25.006533055
5,2317.2,1,2317.3,10:00:25.008327116
4,2317.2,1,2317.3,10:00:25.008534390
3,2317.2,1,2317.3,10:00:25.008714218
3,2317.2,4,2317.4,10:00:25.260850901
3,2317.2,4,2317.4,10:00:25.260850901
3,2317.2,4,2317.4,10:00:25.261042124
3,2317.2,1,2317.3,10:00:25.263589516
3,2317.2,1,2317.3,10:00:25.263746751
3,2317.2,1,2317.3,10:00:25.269590433
3,2317.2,1,2317.3,10:00:25.272216659
3,2317.2,4,2317.4,10:00:25.504617176
3,2317.2,4,2317.4,10:00:25.504617176
4,2317.2,4,2317.4,10:00:25.505178675
4,2317.2,5,2317.4,10:00:25.505567169
5,2317.2,5,2317.4,10:00:25.505652409
4,2317.2,5,2317.4,10:00:25.505787350
6,2317.2,5,2317.4,10:00:25.505819900
6,2317.2,6,2317.4,10:00:25.510474046
6,2317.2,5,2317.4,10:00:25.516848311
6,2317.2,4,2317.4,10:00:25.563488589
1,2317.3,4,2317.4,10:00:25.623367315
1,2317.3,3,2317.4,10:00:25.623446715
1,2317.3,2,2317.4,10:00:25.623650966
1,2317.3,2,2317.4,10:00:25.623650966
2,2317.3,2,2317.4,10:00:25.623797019
3,2317.3,2,2317.4,10:00:25.624489991
3,2317.3,1,2317.4,10:00:25.624729990
3,2317.3,1,2317.4,10:00:25.624732960
3,2317.3,4,2317.5,10:00:25.624960711
3,2317.3,4,2317.5,10:00:25.624960711
3,2317.3,3,2317.5,10:00:25.625016283
3,2317.3,2,2317.5,10:00:25.625112874
3,2317.3,2,2317.5,10:00:25.625140791
3,2317.3,1,2317.5,10:00:25.625171243
3,2317.3,1,2317.5,10:00:25.625179490
3,2317.3,1,2317.5,10:00:25.625213145
3,2317.3,2,2317.5,10:00:25.625260585
3,2317.3,2,2317.5,10:00:25.625291182
4,2317.3,2,2317.5,10:00:25.625315813
4,2317.3,2,2317.5,10:00:25.625392876
4,2317.3,2,2317.5,10:00:25.625420947
4,2317.3,2,2317.5,10:00:25.628179528
4,2317.3,2,2317.5,10:00:25.628179528
4,2317.3,3,2317.5,10:00:25.628845838
4,2317.3,3,2317.5,10:00:25.628962667
4,2317.3,3,2317.5,10:00:25.628973604
4,2317.3,4,2317.5,10:00:26.095285174
3,2317.3,4,2317.5,10:00:26.095645012
2,2317.3,4,2317.5,10:00:26.095763027
2,2317.3,1,2317.4,10:00:26.095918857
1,2317.3,1,2317.4,10:00:26.095969536
1,2317.3,1,2317.4,10:00:26.096173416
1,2317.3,5,2317.5,10:00:26.117001515
1,2317.3,5,2317.5,10:00:26.117001515
2,2317.3,5,2317.5,10:00:26.117037678
2,2317.3,4,2317.5,10:00:26.117209916
3,2317.3,4,2317.5,10:00:26.117209916
4,2317.3,4,2317.5,10:00:26.117492002
4,2317.3,3,2317.5,10:00:26.236184860
3,2317.3,3,2317.5,10:00:26.236356054
4,2317.3,3,2317.5,10:00:26.236442741
1,2317.4,3,2317.5,10:00:26.719452692
1,2317.4,3,2317.5,10:00:26.719585917
1,2317.4,3,2317.5,10:00:26.719600055
1,2317.4,3,2317.5,10:00:26.719614532
1,2317.4,2,2317.5,10:00:26.719644775
1,2317.4,2,2317.5,10:00:26.719662251
2,2317.4,2,2317.5,10:00:26.720313016
2,2317.4,2,2317.5,10:00:26.720480331
2,2317.4,2,2317.5,10:00:26.721059995
2,2317.4,2,2317.5,10:00:26.721059995
2,2317.4,2,2317.5,10:00:26.749098341
2,2317.4,1,2317.5,10:00:26.844360157
3,2317.4,1,2317.5,10:00:26.844525124
3,2317.4,4,2317.6,10:00:26.844619215
3,2317.4,4,2317.6,10:00:26.844619215
3,2317.4,4,2317.6,10:00:26.844653596
3,2317.4,4,2317.6,10:00:26.844666506
3,2317.4,3,2317.6,10:00:26.844756597
3,2317.4,3,2317.6,10:00:26.844820541
3,2317.4,3,2317.6,10:00:26.844986159
3,2317.4,4,2317.6,10:00:26.847258482
2,2317.4,4,2317.6,10:00:26.847434926
2,2317.4,4,2317.6,10:00:26.852814455
2,2317.4,4,2317.6,10:00:26.852827121
2,2317.4,4,2317.6,10:00:26.858218986
2,2317.4,4,2317.6,10:00:26.863367717
2,2317.4,4,2317.6,10:00:26.865177475
2,2317.4,4,2317.6,10:00:26.865177475
2,2317.4,5,2317.6,10:00:26.919804603
1,2317.4,5,2317.6,10:00:27.201165575
1,2317.4,1,2317.5,10:00:27.201275107
1,2317.4,2,2317.5,10:00:27.201330564
1,2317.4,2,2317.5,10:00:27.201633713
1,2317.4,3,2317.5,10:00:27.201882009
3,2317.3,3,2317.5,10:00:27.733488188
6,2317.2,3,2317.5,10:00:27.733488188
4,2317.1,3,2317.5,10:00:27.733488188
4,2317.1,3,2317.5,10:00:27.733488188
4,2317.1,3,2317.5,10:00:27.733488188
4,2317.1,3,2317.5,10:00:27.733488188
4,2317.1,1,2317.4,10:00:27.733621225
4,2317.1,2,2317.4,10:00:27.733702943
4,2317.1,3,2317.4,10:00:27.733883804
4,2317.1,3,2317.4,10:00:27.733945376
4,2317.1,3,2317.4,10:00:27.733972116
4,2317.1,3,2317.4,10:00:27.734044773
4,2317.1,4,2317.4,10:00:27.734319704
4,2317.1,5,2317.4,10:00:27.734387769
4,2317.1,6,2317.4,10:00:27.734414634
2,2317.2,6,2317.4,10:00:27.734524882
2,2317.2,6,2317.4,10:00:27.734549155
2,2317.2,6,2317.4,10:00:27.734626912
2,2317.2,6,2317.4,10:00:27.734691058
2,2317.2,6,2317.4,10:00:27.734713644
2,2317.2,7,2317.4,10:00:27.734755623
2,2317.2,7,2317.4,10:00:27.734796942
2,2317.2,7,2317.4,10:00:27.734824677
2,2317.2,8,2317.4,10:00:27.734846156
3,2317.2,8,2317.4,10:00:27.734898887
3,2317.2,8,2317.4,10:00:27.734938395
3,2317.2,8,2317.4,10:00:27.734964434
3,2317.2,8,2317.4,10:00:27.735008246
1,2317.2,8,2317.4,10:00:27.735058583
1,2317.2,7,2317.4,10:00:27.735166031
1,2317.2,6,2317.4,10:00:27.735183469
1,2317.2,7,2317.4,10:00:27.735257813
1,2317.2,7,2317.4,10:00:27.735270671
1,2317.2,7,2317.4,10:00:27.735270671
2,2317.2,7,2317.4,10:00:27.735312092
2,2317.2,6,2317.4,10:00:27.735333456
3,2317.2,6,2317.4,10:00:27.735429185
3,2317.2,6,2317.4,10:00:27.735514772
4,2317.2,6,2317.4,10:00:27.735771435
4,2317.2,7,2317.4,10:00:27.737675557
5,2317.2,7,2317.4,10:00:27.737821857
5,2317.2,7,2317.4,10:00:27.741728167
5,2317.2,7,2317.4,10:00:27.741747335
5,2317.2,7,2317.4,10:00:27.744732272
5,2317.2,7,2317.4,10:00:27.746162957
5,2317.2,7,2317.4,10:00:27.750895120
5,2317.2,7,2317.4,10:00:27.750895120
5,2317.2,7,2317.4,10:00:27.758345423
7,2317.2,7,2317.4,10:00:27.758582420
7,2317.2,6,2317.4,10:00:27.758709805
7,2317.2,5,2317.4,10:00:27.758981298
1,2317.3,5,2317.4,10:00:27.759116142
1,2317.3,5,2317.4,10:00:27.759274277
3,2317.3,5,2317.4,10:00:27.759325126
3,2317.3,4,2317.4,10:00:27.759428306
3,2317.3,3,2317.4,10:00:27.759478185
3,2317.3,8,2317.5,10:00:27.759649936
3,2317.3,8,2317.5,10:00:27.759649936
3,2317.3,7,2317.5,10:00:27.759769823
4,2317.3,7,2317.5,10:00:27.759896799
4,2317.3,7,2317.5,10:00:27.759908865
4,2317.3,6,2317.5,10:00:27.759928460
4,2317.3,5,2317.5,10:00:27.759959216
4,2317.3,4,2317.5,10:00:27.760074536
5,2317.3,4,2317.5,10:00:27.771295444
5,2317.3,4,2317.5,10:00:27.771295444
5,2317.3,4,2317.5,10:00:27.786071022
5,2317.3,4,2317.5,10:00:27.897035050
5,2317.3,4,2317.5,10:00:27.939467342
5,2317.3,4,2317.5,10:00:27.983176199
5,2317.3,4,2317.5,10:00:27.998007986
6,2317.3,4,2317.5,10:00:28.034383070
1,2317.4,4,2317.5,10:00:28.034523348
1,2317.4,4,2317.5,10:00:28.034577257
1,2317.4,4,2317.5,10:00:28.034607424
1,2317.4,3,2317.5,10:00:28.034639277
1,2317.4,3,2317.5,10:00:28.034666839
1,2317.4,2,2317.5,10:00:28.034710236
1,2317.4,2,2317.5,10:00:28.034726290
1,2317.4,4,2317.6,10:00:28.034983694
1,2317.4,4,2317.6,10:00:28.034983694
2,2317.4,4,2317.6,10:00:28.035146749
3,2317.4,4,2317.6,10:00:28.035189426
4,2317.4,4,2317.6,10:00:28.035497282
4,2317.4,4,2317.6,10:00:28.036159081
4,2317.4,4,2317.6,10:00:28.036159081
5,2317.4,4,2317.6,10:00:28.041228495
5,2317.4,4,2317.6,10:00:28.041228495
5,2317.4,4,2317.6,10:00:28.043119972
5,2317.4,4,2317.6,10:00:28.043175330
5,2317.4,3,2317.6,10:00:28.046443822
1,2317.5,3,2317.6,10:00:28.046582048
1,2317.5,3,2317.6,10:00:28.046737101
1,2317.5,3,2317.6,10:00:28.046755284
1,2317.5,2,2317.6,10:00:28.046786715
1,2317.5,2,2317.6,10:00:28.047004925
5,2317.4,2,2317.6,10:00:28.047160729
5,2317.4,2,2317.6,10:00:28.047160729
5,2317.4,3,2317.6,10:00:28.047221991
5,2317.4,3,2317.6,10:00:28.047783459
5,2317.4,3,2317.6,10:00:28.047783459
5,2317.4,3,2317.6,10:00:28.049135214
5,2317.4,3,2317.6,10:00:28.049135214
5,2317.4,2,2317.6,10:00:28.054950879
5,2317.4,2,2317.6,10:00:28.068565928
5,2317.4,2,2317.6,10:00:28.071055035
5,2317.4,3,2317.6,10:00:28.094895511
5,2317.4,4,2317.6,10:00:28.094912613
4,2317.4,4,2317.6,10:00:28.094943393
4,2317.4,5,2317.6,10:00:28.094963087
4,2317.4,5,2317.6,10:00:28.187295902
4,2317.4,5,2317.6,10:00:28.213700277
4,2317.4,5,2317.6,10:00:28.269527040
4,2317.4,4,2317.6,10:00:28.342168684
4,2317.4,4,2317.6,10:00:28.425603568
5,2317.4,4,2317.6,10:00:28.530995390
5,2317.4,3,2317.6,10:00:28.531139617
5,2317.4,3,2317.6,10:00:28.659142414
5,2317.4,2,2317.6,10:00:28.688465186
1,2317.5,2,2317.6,10:00:28.688606049
1,2317.5,3,2317.6,10:00:28.688812952
1,2317.5,2,2317.6,10:00:28.688832877
5,2317.4,2,2317.6,10:00:28.688937768
5,2317.4,2,2317.6,10:00:28.688937768
4,2317.4,2,2317.6,10:00:28.689089736
4,2317.4,3,2317.6,10:00:28.689205140
4,2317.4,3,2317.6,10:00:28.689959008
4,2317.4,3,2317.6,10:00:28.689959008
4,2317.4,3,2317.6,10:00:28.691344492
4,2317.4,3,2317.6,10:00:28.691344492
4,2317.4,2,2317.6,10:00:28.696670484
4,2317.4,2,2317.6,10:00:28.697160215
4,2317.4,2,2317.6,10:00:29.495076007
4,2317.4,2,2317.6,10:00:29.735247504
4,2317.4,2,2317.6,10:00:29.792456412
4,2317.4,2,2317.6,10:00:29.792456412
4,2317.4,2,2317.6,10:00:29.881182010
4,2317.4,3,2317.6,10:00:30.021101433
4,2317.4,4,2317.6,10:00:30.021140633
4,2317.4,5,2317.6,10:00:30.021159332
5,2317.4,5,2317.6,10:00:30.021828388
5,2317.4,4,2317.6,10:00:30.035196424
5,2317.4,3,2317.6,10:00:30.039696588
5,2317.4,2,2317.6,10:00:30.039832459
1,2317.5,2,2317.6,10:00:30.039973108
1,2317.5,2,2317.6,10:00:30.041373415
1,2317.5,2,2317.6,10:00:30.041373415
2,2317.5,2,2317.6,10:00:30.050449689
2,2317.5,6,2317.7,10:00:30.050704342
2,2317.5,6,2317.7,10:00:30.050704342
3,2317.5,6,2317.7,10:00:30.050868108
4,2317.5,6,2317.7,10:00:30.051073659
4,2317.5,6,2317.7,10:00:30.051097889
4,2317.5,6,2317.7,10:00:30.051143593
4,2317.5,5,2317.7,10:00:30.051193843
4,2317.5,5,2317.7,10:00:30.051206282
4,2317.5,5,2317.7,10:00:30.051264244
4,2317.5,5,2317.7,10:00:30.051276136
5,2317.5,5,2317.7,10:00:30.051295496
6,2317.5,5,2317.7,10:00:30.051331721
6,2317.5,5,2317.7,10:00:30.051331721
6,2317.5,5,2317.7,10:00:30.051816458
6,2317.5,5,2317.7,10:00:30.051816458
6,2317.5,6,2317.7,10:00:30.053259069
6,2317.5,6,2317.7,10:00:30.058899112
6,2317.5,6,2317.7,10:00:30.059054445
5,2317.5,6,2317.7,10:00:30.062393694
5,2317.5,6,2317.7,10:00:30.071907389
4,2317.5,6,2317.7,10:00:30.093953522
4,2317.5,6,2317.7,10:00:30.176261171
5,2317.5,6,2317.7,10:00:30.440491616
3,2317.4,6,2317.7,10:00:30.712220057
5,2317.3,6,2317.7,10:00:30.712220057
5,2317.3,6,2317.7,10:00:30.712220057
5,2317.3,6,2317.7,10:00:30.712220057
5,2317.3,1,2317.6,10:00:30.712253792
5,2317.3,2,2317.6,10:00:30.712492994
5,2317.3,2,2317.6,10:00:30.712569853
6,2317.3,2,2317.6,10:00:30.712797397
2,2317.4,2,2317.6,10:00:30.712845318
2,2317.4,2,2317.6,10:00:30.712925147
2,2317.4,2,2317.6,10:00:30.712962353
2,2317.4,3,2317.6,10:00:30.712985929
2,2317.4,4,2317.6,10:00:30.713020071
2,2317.4,5,2317.6,10:00:30.713144623
2,2317.4,5,2317.6,10:00:30.713217700
2,2317.4,6,2317.6,10:00:30.713398398
2,2317.4,6,2317.6,10:00:30.713415535
3,2317.4,6,2317.6,10:00:30.713439442
3,2317.4,5,2317.6,10:00:30.713493059
3,2317.4,4,2317.6,10:00:30.713555607
1,2317.4,4,2317.6,10:00:30.713865326
2,2317.4,4,2317.6,10:00:30.714249860
2,2317.4,4,2317.6,10:00:30.718998034
2,2317.4,4,2317.6,10:00:30.718998034
2,2317.4,4,2317.6,10:00:30.720487405
2,2317.4,4,2317.6,10:00:30.725080972
2,2317.4,4,2317.6,10:00:30.725080972
3,2317.4,4,2317.6,10:00:30.729703647
3,2317.4,4,2317.6,10:00:30.730334544
3,2317.4,4,2317.6,10:00:30.730334544
5,2317.4,4,2317.6,10:00:30.738404318
5,2317.4,4,2317.6,10:00:30.738624688
6,2317.4,4,2317.6,10:00:30.738642707
1,2317.5,4,2317.6,10:00:30.738777177
1,2317.5,3,2317.6,10:00:30.738803478
1,2317.5,2,2317.6,10:00:30.738968403
1,2317.5,1,2317.6,10:00:30.739050321
3,2317.5,1,2317.6,10:00:30.739089433
3,2317.5,8,2317.7,10:00:30.739287405
3,2317.5,8,2317.7,10:00:30.739287405
3,2317.5,8,2317.7,10:00:30.739624548
3,2317.5,7,2317.7,10:00:30.739644193
3,2317.5,7,2317.7,10:00:30.751930210
3,2317.5,7,2317.7,10:00:30.818561943
6,2317.4,7,2317.7,10:00:30.864530535
7,2317.3,7,2317.7,10:00:30.864530535
7,2317.2,7,2317.7,10:00:30.864530535
8,2317.1,7,2317.7,10:00:30.864530535
10,2317.0,7,2317.7,10:00:30.864530535
1,2317.0,7,2317.7,10:00:30.864530535
1,2317.0,7,2317.7,10:00:30.864530535
1,2317.0,7,2317.7,10:00:30.864530535
1,2317.0,7,2317.7,10:00:30.864530535
1,2317.0,7,2317.7,10:00:30.864530535
1,2317.0,7,2317.7,10:00:30.864530535
1,2317.0,1,2317.6,10:00:30.864561518
1,2317.0,1,2317.5,10:00:30.865076977
1,2317.0,1,2317.5,10:00:30.865138339
1,2317.0,1,2317.5,10:00:30.865179582
1,2317.0,2,2317.5,10:00:30.865263286
1,2317.0,2,2317.5,10:00:30.865301565
1,2317.0,2,2317.5,10:00:30.865523509
1,2317.0,2,2317.5,10:00:30.865609923
1,2317.0,1,2317.4,10:00:30.865658170
2,2317.3,1,2317.4,10:00:30.865761667
2,2317.3,1,2317.4,10:00:30.865847627
2,2317.3,1,2317.4,10:00:30.865931501
2,2317.3,1,2317.4,10:00:30.866114865
2,2317.3,1,2317.4,10:00:30.866172728
2,2317.3,1,2317.4,10:00:30.866186300
2,2317.3,1,2317.4,10:00:30.866234342
2,2317.3,1,2317.4,10:00:30.866251511
2,2317.3,1,2317.4,10:00:30.866293224
2,2317.3,1,2317.4,10:00:30.866336584
2,2317.3,2,2317.4,10:00:30.866414113
1,2317.3,2,2317.4,10:00:30.866498236
1,2317.3,2,2317.4,10:00:30.866512530
1,2317.3,2,2317.4,10:00:30.866604993
1,2317.3,2,2317.4,10:00:30.866646142
1,2317.3,1,2317.4,10:00:30.866693567
1,2317.3,1,2317.4,10:00:30.866804607
1,2317.3,1,2317.4,10:00:30.866821570
1,2317.3,1,2317.4,10:00:30.866833094
1,2317.2,1,2317.4,10:00:30.866871075
1,2317.2,1,2317.4,10:00:30.866871075
1,2317.2,1,2317.4,10:00:30.866901354
1,2317.2,1,2317.4,10:00:30.866909306
1,2317.2,1,2317.4,10:00:30.866925201
1,2317.1,1,2317.4,10:00:30.866959323
1,2317.1,1,2317.4,10:00:30.866959323
2,2317.1,1,2317.4,10:00:30.866995305
2,2317.1,1,2317.4,10:00:30.867021808
2,2317.1,1,2317.4,10:00:30.867100024
2,2317.1,1,2317.4,10:00:30.867389853
2,2317.1,2,2317.4,10:00:30.867439432
2,2317.1,3,2317.4,10:00:30.867456716
2,2317.1,3,2317.4,10:00:30.867471884
2,2317.1,3,2317.4,10:00:30.867493922
2,2317.1,3,2317.4,10:00:30.867531620
2,2317.1,3,2317.4,10:00:30.867578043
2,2317.1,4,2317.4,10:00:30.867611973
2,2317.1,5,2317.4,10:00:30.867666397
2,2317.1,6,2317.4,10:00:30.868046385
2,2317.1,7,2317.4,10:00:30.868101346
2,2317.1,7,2317.4,10:00:30.868231560
2,2317.1,7,2317.4,10:00:30.868437609
2,2317.1,1,2317.3,10:00:30.868504671
2,2317.1,1,2317.3,10:00:30.868528810
2,2317.1,2,2317.3,10:00:30.868528810
2,2317.1,2,2317.3,10:00:30.868620000
2,2317.1,2,2317.3,10:00:30.868690948
2,2317.1,2,2317.3,10:00:30.868723081
2,2317.1,2,2317.3,10:00:30.868806145
1,2317.2,2,2317.3,10:00:30.868850148
1,2317.2,2,2317.3,10:00:30.868883310
1,2317.2,2,2317.3,10:00:30.868904313
1,2317.2,2,2317.3,10:00:30.869029208
1,2317.2,2,2317.3,10:00:30.869275469
4,2317.1,2,2317.3,10:00:30.869368818
4,2317.1,2,2317.3,10:00:30.869368818
4,2317.1,3,2317.3,10:00:30.869426401
4,2317.1,4,2317.3,10:00:30.869444292
4,2317.1,4,2317.3,10:00:30.869454733
5,2317.1,4,2317.3,10:00:30.869519221
5,2317.1,3,2317.3,10:00:30.869538911
5,2317.1,1,2317.3,10:00:30.869663409
5,2317.1,8,2317.4,10:00:30.869681580
5,2317.1,8,2317.4,10:00:30.869681580
1,2317.2,8,2317.4,10:00:30.869726642
1,2317.2,7,2317.4,10:00:30.869918624
1,2317.2,6,2317.4,10:00:30.869953345
2,2317.2,6,2317.4,10:00:30.870024924
2,2317.2,6,2317.4,10:00:30.870148063
2,2317.2,6,2317.4,10:00:30.870161967
2,2317.2,6,2317.4,10:00:30.870175282
1,2317.2,6,2317.4,10:00:30.870202537
5,2317.1,6,2317.4,10:00:30.870245024
5,2317.1,6,2317.4,10:00:30.870245024
1,2317.2,6,2317.4,10:00:30.870332271
2,2317.2,6,2317.4,10:00:30.870382189
3,2317.2,6,2317.4,10:00:30.870415438
4,2317.2,6,2317.4,10:00:30.870452725
5,2317.2,6,2317.4,10:00:30.870468529
6,2317.2,6,2317.4,10:00:30.870517721
6,2317.2,1,2317.3,10:00:30.870574695
6,2317.2,1,2317.3,10:00:30.870574695
6,2317.2,1,2317.3,10:00:30.870596295
6,2317.2,1,2317.3,10:00:30.870656630
6,2317.2,5,2317.4,10:00:30.870782580
6,2317.2,5,2317.4,10:00:30.870782580
6,2317.2,5,2317.4,10:00:30.872537071
6,2317.2,6,2317.4,10:00:30.872747420
6,2317.2,6,2317.4,10:00:30.872747420
5,2317.2,6,2317.4,10:00:30.872857243
1,2317.3,6,2317.4,10:00:30.872919228
1,2317.3,6,2317.4,10:00:30.872984523
1,2317.3,6,2317.4,10:00:30.873030921
4,2317.2,6,2317.4,10:00:30.874465554
4,2317.2,6,2317.4,10:00:30.874465554
4,2317.2,6,2317.4,10:00:30.874642947
4,2317.2,6,2317.4,10:00:30.878035143
4,2317.2,6,2317.4,10:00:30.879231656
4,2317.2,7,2317.4,10:00:30.879974254
3,2317.2,7,2317.4,10:00:30.880102823
4,2317.2,7,2317.4,10:00:30.907037019
5,2317.2,7,2317.4,10:00:30.907203630
5,2317.2,7,2317.4,10:00:30.983247695
1,2317.3,7,2317.4,10:00:30.983313503
1,2317.3,7,2317.4,10:00:30.983341498
1,2317.3,7,2317.4,10:00:30.983367085
1,2317.3,7,2317.4,10:00:30.983761103
1,2317.3,7,2317.4,10:00:30.984122787
1,2317.3,7,2317.4,10:00:30.984122787
4,2317.2,7,2317.4,10:00:30.984535877
4,2317.2,6,2317.4,10:00:30.984535877
4,2317.2,6,2317.4,10:00:30.984535877
5,2317.2,6,2317.4,10:00:31.132299548
5,2317.2,1,2317.3,10:00:31.541948396
4,2317.2,1,2317.3,10:00:31.541998522
3,2317.2,1,2317.3,10:00:31.542082480
3,2317.2,2,2317.3,10:00:31.542082480
3,2317.2,2,2317.3,10:00:31.542217545
3,2317.2,2,2317.3,10:00:31.542233731
3,2317.2,3,2317.3,10:00:31.542277478
3,2317.2,4,2317.3,10:00:31.542491036
3,2317.2,3,2317.3,10:00:31.542558259
2,2317.2,3,2317.3,10:00:31.542581191
1,2317.2,3,2317.3,10:00:31.542708892
5,2317.1,3,2317.3,10:00:31.542756692
5,2317.1,3,2317.3,10:00:31.542756692
4,2317.1,3,2317.3,10:00:31.542853955
4,2317.1,4,2317.3,10:00:31.543023517
3,2317.1,4,2317.3,10:00:31.543101418
3,2317.1,4,2317.3,10:00:31.543116939
3,2317.1,3,2317.3,10:00:31.543148815
2,2317.1,3,2317.3,10:00:31.543433893
2,2317.1,3,2317.3,10:00:31.543444872
2,2317.1,4,2317.3,10:00:31.543581646
2,2317.1,3,2317.3,10:00:31.543903297
1,2317.1,3,2317.3,10:00:31.543934632
2,2317.1,3,2317.3,10:00:31.544350935
1,2317.1,3,2317.3,10:00:31.544591621
1,2317.1,4,2317.3,10:00:31.544645127
2,2317.1,4,2317.3,10:00:31.544889746
2,2317.1,4,2317.3,10:00:31.546938066
1,2317.1,4,2317.3,10:00:31.548379457
2,2317.1,4,2317.3,10:00:31.549373462
1,2317.1,4,2317.3,10:00:31.550243392
2,2317.1,4,2317.3,10:00:31.556077264
1,2317.1,4,2317.3,10:00:31.556647249
2,2317.1,4,2317.3,10:00:31.558591324
3,2317.1,4,2317.3,10:00:31.559828404
3,2317.1,3,2317.3,10:00:31.560359366
2,2317.1,3,2317.3,10:00:31.586430556
1,2317.1,3,2317.3,10:00:31.586599227
1,2317.1,4,2317.3,10:00:31.586693681
1,2317.1,1,2317.2,10:00:31.586723710
1,2317.1,1,2317.2,10:00:31.586795440
1,2317.1,2,2317.2,10:00:31.586880853
1,2317.1,2,2317.2,10:00:31.586944185
1,2317.1,2,2317.2,10:00:31.586957434
1,2317.1,2,2317.2,10:00:31.586976282
7,2317.0,2,2317.2,10:00:31.587006212
7,2317.0,2,2317.2,10:00:31.587006212
7,2317.0,2,2317.2,10:00:31.587030812
7,2317.0,2,2317.2,10:00:31.587195330
7,2317.0,2,2317.2,10:00:31.587290823
7,2317.0,2,2317.2,10:00:31.587462458
7,2317.0,2,2317.2,10:00:31.587848498
7,2317.0,2,2317.2,10:00:31.587848498
7,2317.0,3,2317.2,10:00:31.588418391
7,2317.0,3,2317.2,10:00:31.588579825
7,2317.0,4,2317.2,10:00:31.597648743
7,2317.0,4,2317.2,10:00:31.605726093
7,2317.0,4,2317.2,10:00:31.607525243
7,2317.0,4,2317.2,10:00:31.607525243
7,2317.0,3,2317.2,10:00:31.614053492
1,2317.1,3,2317.2,10:00:31.614159958
1,2317.1,3,2317.2,10:00:31.782488519
7,2317.0,3,2317.2,10:00:31.785508502
7,2317.0,3,2317.2,10:00:31.785508502
7,2317.0,3,2317.2,10:00:32.109478396
7,2317.0,5,2317.2,10:00:32.158963554
6,2317.0,5,2317.2,10:00:32.159131849
5,2317.0,5,2317.2,10:00:32.159221566
4,2317.0,5,2317.2,10:00:32.159357863
3,2317.0,5,2317.2,10:00:32.159464642
2,2317.0,5,2317.2,10:00:32.159484076
3,2317.0,5,2317.2,10:00:32.159595372
3,2317.0,6,2317.2,10:00:32.159612051
4,2317.0,6,2317.2,10:00:32.159781170
4,2317.0,6,2317.2,10:00:32.554541745
4,2317.0,6,2317.2,10:00:32.554554648
4,2317.0,5,2317.3,10:00:32.721085753
4,2317.0,5,2317.3,10:00:32.721085753
2,2317.1,5,2317.3,10:00:32.721106663
2,2317.1,3,2317.3,10:00:32.721134964
4,2317.0,3,2317.3,10:00:32.721134964
4,2317.0,3,2317.3,10:00:32.721134964
1,2317.1,3,2317.3,10:00:32.721435825
1,2317.1,3,2317.3,10:00:32.721465813
1,2317.1,1,2317.2,10:00:32.721813653
1,2317.1,1,2317.2,10:00:32.721859002
1,2317.1,1,2317.2,10:00:32.721876804
2,2317.1,1,2317.2,10:00:32.721934891
3,2317.1,1,2317.2,10:00:32.721991334
3,2317.1,1,2317.2,10:00:32.722022839
3,2317.1,1,2317.2,10:00:32.722069880
3,2317.1,1,2317.2,10:00:32.722214877
4,2317.1,1,2317.2,10:00:32.722325216
5,2317.1,1,2317.2,10:00:32.722380628
5,2317.1,4,2317.3,10:00:32.722484288
5,2317.1,4,2317.3,10:00:32.722484288
5,2317.1,4,2317.3,10:00:32.722509840
5,2317.1,4,2317.3,10:00:32.722509840
4,2317.1,4,2317.3,10:00:32.722509840
3,2317.1,4,2317.3,10:00:32.722697259
3,2317.1,1,2317.2,10:00:32.723718005
3,2317.1,3,2317.2,10:00:32.727455108
5,2317.0,3,2317.2,10:00:32.727786366
5,2317.0,3,2317.2,10:00:32.727786366
5,2317.0,4,2317.2,10:00:32.728038392
5,2317.0,5,2317.2,10:00:32.728079107
5,2317.0,1,2317.1,10:00:32.728126222
4,2317.0,1,2317.1,10:00:32.728222644
3,2317.0,1,2317.1,10:00:32.728409813
2,2317.0,1,2317.1,10:00:32.728457989
2,2317.0,1,2317.1,10:00:32.728469673
2,2317.0,1,2317.1,10:00:32.728501242
2,2317.0,1,2317.1,10:00:32.728526295
2,2317.0,1,2317.1,10:00:32.728541642
2,2317.0,3,2317.1,10:00:32.728569672
2,2317.0,4,2317.1,10:00:32.728712792
1,2317.0,4,2317.1,10:00:32.728794508
1,2317.0,4,2317.1,10:00:32.728855479
1,2317.0,4,2317.1,10:00:32.728997376
11,2316.9,4,2317.1,10:00:32.729051457
11,2316.9,4,2317.1,10:00:32.729051457
10,2316.9,4,2317.1,10:00:32.729266521
10,2316.9,4,2317.1,10:00:32.729276921
9,2316.9,4,2317.1,10:00:32.729314733
9,2316.9,4,2317.1,10:00:32.729327645
9,2316.9,4,2317.1,10:00:32.729341511
9,2316.9,4,2317.1,10:00:32.729523051
9,2316.9,4,2317.1,10:00:32.729536974
9,2316.9,7,2317.1,10:00:32.730542092
9,2316.9,7,2317.1,10:00:32.730542092
9,2316.9,8,2317.1,10:00:32.768066025
10,2316.9,8,2317.1,10:00:32.772647500
10,2316.9,8,2317.1,10:00:32.849976746
11,2316.9,8,2317.1,10:00:33.112558997
59,2316.8,8,2317.1,10:00:33.405489672
59,2316.8,8,2317.1,10:00:33.405489672
59,2316.8,1,2317.0,10:00:33.405543331
59,2316.8,2,2317.0,10:00:33.405590286
58,2316.8,2,2317.0,10:00:33.405604760
58,2316.8,2,2317.0,10:00:33.405780206
58,2316.8,2,2317.0,10:00:33.405835625
58,2316.8,2,2317.0,10:00:33.405990508
58,2316.8,2,2317.0,10:00:33.406073015
58,2316.8,3,2317.0,10:00:33.406110206
58,2316.8,4,2317.0,10:00:33.406136377
58,2316.8,4,2317.0,10:00:33.406147292
58,2316.8,4,2317.0,10:00:33.406160697
58,2316.8,4,2317.0,10:00:33.406174230
58,2316.8,4,2317.0,10:00:33.406185795
58,2316.8,4,2317.0,10:00:33.406222823
58,2316.8,5,2317.0,10:00:33.406243749
58,2316.8,7,2317.0,10:00:33.406273593
58,2316.8,8,2317.0,10:00:33.406357347
58,2316.8,8,2317.0,10:00:33.406451196
58,2316.8,8,2317.0,10:00:33.406524177
58,2316.8,8,2317.0,10:00:33.413251442
58,2316.8,8,2317.0,10:00:33.413266520
58,2316.8,8,2317.0,10:00:33.413726907
58,2316.8,7,2317.0,10:00:33.423009482
58,2316.8,6,2317.0,10:00:33.423133017
58,2316.8,6,2317.0,10:00:33.423152953
58,2316.8,5,2317.0,10:00:33.423289638
58,2316.8,6,2317.0,10:00:33.423406942
58,2316.8,6,2317.0,10:00:33.424395781
58,2316.8,6,2317.0,10:00:33.424406668
57,2316.8,6,2317.0,10:00:34.249742881
57,2316.8,1,2316.9,10:00:34.249889268
57,2316.8,1,2316.9,10:00:34.249906529
57,2316.8,6,2317.0,10:00:34.250452275
57,2316.8,6,2317.0,10:00:34.250452275
57,2316.8,2,2316.9,10:00:34.250482560
56,2316.8,2,2316.9,10:00:34.250518317
56,2316.8,1,2316.9,10:00:34.250579624
56,2316.8,6,2317.0,10:00:34.250701451
56,2316.8,6,2317.0,10:00:34.250701451
2,2316.9,6,2317.0,10:00:34.250723512
2,2316.9,6,2317.0,10:00:34.250928284
2,2316.9,6,2317.0,10:00:34.250946070
2,2316.9,5,2317.0,10:00:34.258214210
3,2316.9,5,2317.0,10:00:34.258347435
3,2316.9,4,2317.0,10:00:34.258474906
3,2316.9,3,2317.0,10:00:34.258741379
4,2316.9,3,2317.0,10:00:34.258876012
4,2316.9,3,2317.0,10:00:34.258921722
4,2316.9,3,2317.0,10:00:34.261237423
4,2316.9,3,2317.0,10:00:34.292423535
4,2316.9,1,2317.0,10:00:34.292674218
4,2316.9,8,2317.1,10:00:34.292902070
4,2316.9,8,2317.1,10:00:34.292902070
4,2316.9,8,2317.1,10:00:34.293034504
6,2316.9,8,2317.1,10:00:34.300793019
6,2316.9,8,2317.1,10:00:34.409278556
4,2316.9,8,2317.1,10:00:34.594992358
4,2316.9,8,2317.1,10:00:34.654377927
4,2316.9,7,2317.1,10:00:34.861812744
4,2316.9,6,2317.1,10:00:34.862011686
5,2316.9,6,2317.1,10:00:34.862031289
5,2316.9,6,2317.1,10:00:35.096207189
5,2316.9,6,2317.1,10:00:35.099555602
5,2316.9,5,2317.1,10:00:35.238541478
6,2316.9,5,2317.1,10:00:35.240922518
1,2317.0,5,2317.1,10:00:35.241066454
1,2317.0,5,2317.1,10:00:35.241217801
3,2317.0,5,2317.1,10:00:35.241712688
3,2317.0,5,2317.1,10:00:35.241723389
3,2317.0,5,2317.1,10:00:35.241851350
3,2317.0,5,2317.1,10:00:35.241866473
3,2317.0,5,2317.1,10:00:35.255296881
3,2317.0,4,2317.1,10:00:35.296985502
3,2317.0,4,2317.1,10:00:35.296985502
3,2317.0,3,2317.1,10:00:35.297056127
3,2317.0,6,2317.2,10:00:35.297244918
3,2317.0,6,2317.2,10:00:35.297244918
1,2317.1,6,2317.2,10:00:35.297264221
1,2317.1,5,2317.2,10:00:35.297376089
1,2317.1,5,2317.2,10:00:35.297387468
1,2317.1,4,2317.2,10:00:35.297407152
1,2317.1,4,2317.2,10:00:35.297440292
1,2317.1,4,2317.2,10:00:35.297470503
1,2317.1,3,2317.2,10:00:35.297491044
1,2317.1,3,2317.2,10:00:35.297526008
1,2317.1,3,2317.2,10:00:35.297640446
1,2317.1,3,2317.2,10:00:35.307219186
1,2317.1,3,2317.2,10:00:35.315057807
3,2317.0,3,2317.2,10:00:35.355269435
3,2317.0,3,2317.2,10:00:35.355269435
2,2317.0,3,2317.2,10:00:35.355524068
2,2317.0,4,2317.2,10:00:35.355543159
2,2317.0,5,2317.2,10:00:35.355579838
1,2317.0,5,2317.2,10:00:35.355733873
1,2317.0,3,2317.2,10:00:35.356777261
1,2317.1,3,2317.2,10:00:35.356906249
1,2317.1,3,2317.2,10:00:35.356940323
1,2317.1,2,2317.2,10:00:35.356940323
1,2317.1,2,2317.2,10:00:35.357001527
1,2317.1,1,2317.2,10:00:35.357028312
1,2317.1,1,2317.2,10:00:35.357112858
1,2317.1,5,2317.3,10:00:35.357284474
1,2317.1,5,2317.3,10:00:35.357284474
2,2317.1,5,2317.3,10:00:35.357410857
2,2317.1,5,2317.3,10:00:35.357607789
2,2317.1,5,2317.3,10:00:35.357620676
2,2317.1,5,2317.3,10:00:35.357773408
2,2317.1,5,2317.3,10:00:35.514318563
4,2317.1,5,2317.3,10:00:35.606451897
4,2317.1,5,2317.3,10:00:35.702307141
24,2317.1,5,2317.3,10:00:35.805675316
1,2317.2,5,2317.3,10:00:35.805826160
1,2317.2,4,2317.3,10:00:35.805883195
2,2317.2,4,2317.3,10:00:35.805939963
2,2317.2,3,2317.3,10:00:35.805975379
2,2317.2,6,2317.4,10:00:35.806105900
2,2317.2,6,2317.4,10:00:35.806105900
2,2317.2,6,2317.4,10:00:35.806138668
2,2317.2,6,2317.4,10:00:35.806262150
3,2317.2,6,2317.4,10:00:35.806323748
4,2317.2,6,2317.4,10:00:35.806405054
5,2317.2,6,2317.4,10:00:35.806422463
5,2317.2,6,2317.4,10:00:35.806616438
5,2317.2,6,2317.4,10:00:35.806649181
5,2317.2,6,2317.4,10:00:35.806662814
5,2317.2,5,2317.4,10:00:35.806697163
5,2317.2,5,2317.4,10:00:35.806839444
5,2317.2,5,2317.4,10:00:35.807018350
5,2317.2,5,2317.4,10:00:35.808209616
5,2317.2,6,2317.4,10:00:35.808589307
4,2317.2,6,2317.4,10:00:35.808718554
4,2317.2,6,2317.4,10:00:35.808736071
4,2317.2,6,2317.4,10:00:35.809870485
4,2317.2,6,2317.4,10:00:35.813123801
4,2317.2,6,2317.4,10:00:35.815009573
4,2317.2,6,2317.4,10:00:35.825386326
4,2317.2,7,2317.4,10:00:35.842626398
3,2317.2,7,2317.4,10:00:35.842754995
2,2317.2,7,2317.4,10:00:35.864186626
2,2317.2,1,2317.3,10:00:35.864293274
2,2317.2,2,2317.3,10:00:35.864346498
2,2317.2,3,2317.3,10:00:35.864424518
1,2317.2,3,2317.3,10:00:35.864621425
1,2317.2,4,2317.3,10:00:35.865907755
1,2317.2,4,2317.3,10:00:35.895367851
1,2317.2,3,2317.3,10:00:35.917119620
1,2317.2,2,2317.3,10:00:35.917232602
1,2317.2,1,2317.3,10:00:35.917395152
2,2317.2,1,2317.3,10:00:35.917515221
2,2317.2,2,2317.3,10:00:36.112620097
4,2317.2,2,2317.3,10:00:36.113091940
4,2317.2,1,2317.3,10:00:36.113335806
4,2317.2,1,2317.3,10:00:36.229476642
4,2317.2,2,2317.3,10:00:36.234667390
22,2317.1,2,2317.3,10:00:36.461026436
21,2317.1,2,2317.3,10:00:36.461026436
21,2317.1,2,2317.3,10:00:36.461026436
21,2317.1,3,2317.3,10:00:36.461054596
21,2317.1,4,2317.3,10:00:36.461082476
21,2317.1,5,2317.3,10:00:36.461103573
21,2317.1,6,2317.3,10:00:36.461124680
21,2317.1,1,2317.2,10:00:36.461320657
21,2317.1,1,2317.2,10:00:36.461341517
21,2317.1,1,2317.2,10:00:36.461341517
21,2317.1,1,2317.2,10:00:36.461357832
20,2317.1,1,2317.2,10:00:36.461391557
20,2317.1,1,2317.2,10:00:36.461406054
20,2317.1,1,2317.2,10:00:36.461585183
20,2317.1,1,2317.2,10:00:36.461601590
20,2317.1,1,2317.2,10:00:36.461614022
20,2317.1,1,2317.2,10:00:36.461821988
20,2317.1,3,2317.2,10:00:36.471627968
20,2317.1,3,2317.2,10:00:36.471775318
20,2317.1,3,2317.2,10:00:36.471789168
20,2317.1,3,2317.2,10:00:36.471801533
20,2317.1,2,2317.2,10:00:36.523302632
20,2317.1,8,2317.3,10:00:36.523613346
20,2317.1,8,2317.3,10:00:36.523613346
1,2317.2,8,2317.3,10:00:36.523631711
1,2317.2,7,2317.3,10:00:36.523838224
1,2317.2,7,2317.3,10:00:36.523855411
1,2317.2,7,2317.3,10:00:36.523873223
1,2317.2,6,2317.3,10:00:36.523892862
1,2317.2,5,2317.3,10:00:36.524078286
21,2317.1,5,2317.3,10:00:36.524122911
21,2317.1,5,2317.3,10:00:36.524122911
21,2317.1,7,2317.3,10:00:36.524148230
21,2317.1,7,2317.3,10:00:36.524207009
2,2317.2,7,2317.3,10:00:36.524603064
1,2317.2,7,2317.3,10:00:36.524848839
21,2317.1,7,2317.3,10:00:36.525093312
21,2317.1,7,2317.3,10:00:36.525093312
21,2317.1,1,2317.2,10:00:36.525479386
21,2317.1,2,2317.2,10:00:36.525607222
21,2317.1,4,2317.2,10:00:36.548360928
20,2317.1,4,2317.2,10:00:36.548858554
19,2317.1,4,2317.2,10:00:36.549002420
14,2317.1,4,2317.2,10:00:36.967294732
12,2317.1,4,2317.2,10:00:36.967560483
11,2317.1,4,2317.2,10:00:36.967560483
9,2317.1,4,2317.2,10:00:36.967762914
7,2317.1,4,2317.2,10:00:36.968029486
6,2317.1,4,2317.2,10:00:36.968029486
4,2317.1,4,2317.2,10:00:36.968029486
4,2317.1,4,2317.2,10:00:36.968158698
6,2317.1,4,2317.2,10:00:36.969078089
6,2317.1,6,2317.2,10:00:36.969435239
6,2317.1,5,2317.2,10:00:36.983877055
6,2317.1,5,2317.2,10:00:37.192087051
6,2317.1,4,2317.2,10:00:37.249545937
6,2317.1,2,2317.2,10:00:37.249603644
6,2317.1,1,2317.2,10:00:37.249684923
6,2317.1,7,2317.3,10:00:37.249737547
6,2317.1,7,2317.3,10:00:37.249737547
6,2317.1,6,2317.3,10:00:37.249931724
6,2317.1,2,2317.2,10:00:37.250673287
6,2317.1,6,2317.3,10:00:37.250932429
6,2317.1,6,2317.3,10:00:37.250932429
6,2317.1,6,2317.3,10:00:37.257788442
6,2317.1,7,2317.3,10:00:37.260229535
6,2317.1,8,2317.3,10:00:37.260247077
6,2317.1,9,2317.3,10:00:37.260335729
6,2317.1,1,2317.2,10:00:37.260375537
6,2317.1,2,2317.2,10:00:37.260573864
6,2317.1,3,2317.2,10:00:37.260711551
6,2317.1,5,2317.2,10:00:37.283316811
6,2317.1,6,2317.2,10:00:37.283463199
2,2317.0,6,2317.2,10:00:37.283611105
2,2317.0,6,2317.2,10:00:37.283611105
2,2317.0,1,2317.1,10:00:37.283901924
1,2317.0,1,2317.1,10:00:37.284019372
1,2317.0,2,2317.1,10:00:37.284099685
2,2317.0,2,2317.1,10:00:37.284154946
2,2317.0,2,2317.1,10:00:37.284267679
1,2317.0,2,2317.1,10:00:37.284293653
1,2317.0,3,2317.1,10:00:37.284441881
1,2317.0,4,2317.1,10:00:37.284528688
1,2317.0,4,2317.1,10:00:37.284558331
1,2317.0,4,2317.1,10:00:37.284573522
1,2317.0,5,2317.1,10:00:37.284655293
1,2317.0,6,2317.1,10:00:37.284671809
1,2317.0,7,2317.1,10:00:37.284759321
1,2317.0,6,2317.1,10:00:37.284913653
1,2317.0,5,2317.1,10:00:37.284948876
1,2317.0,5,2317.1,10:00:37.285173530
1,2317.0,4,2317.1,10:00:37.285227595
2,2317.0,4,2317.1,10:00:37.285258700
2,2317.0,3,2317.1,10:00:37.285558930
2,2317.0,4,2317.1,10:00:37.285636996
2,2317.0,4,2317.1,10:00:37.285636996
2,2317.0,4,2317.1,10:00:37.291813171
2,2317.0,3,2317.1,10:00:37.292003674
1,2317.0,3,2317.1,10:00:37.294973689
1,2317.0,4,2317.1,10:00:37.295378766
1,2317.0,3,2317.1,10:00:37.319875207
1,2317.0,4,2317.1,10:00:37.405411069
5,2316.9,4,2317.1,10:00:37.405907978
5,2316.9,4,2317.1,10:00:37.405907978
5,2316.9,4,2317.1,10:00:37.406191820
4,2316.9,4,2317.1,10:00:37.408327402
4,2316.9,4,2317.1,10:00:37.408457900
4,2316.9,4,2317.1,10:00:37.428773442
4,2316.9,4,2317.1,10:00:37.537222068
3,2316.9,4,2317.1,10:00:37.597945711
3,2316.9,1,2317.0,10:00:37.598229060
3,2316.9,1,2317.0,10:00:37.598369297
2,2316.9,1,2317.0,10:00:37.598425858
2,2316.9,1,2317.0,10:00:37.598442912
2,2316.9,5,2317.1,10:00:37.598575829
2,2316.9,5,2317.1,10:00:37.598575829
3,2316.9,5,2317.1,10:00:37.598702261
4,2316.9,5,2317.1,10:00:37.598828839
2,2316.9,5,2317.1,10:00:37.598912912
2,2316.9,4,2317.1,10:00:37.598972493
2,2316.9,1,2317.0,10:00:37.599025578
1,2316.9,1,2317.0,10:00:37.599072748
1,2316.9,1,2317.0,10:00:37.599107761
1,2316.9,1,2317.0,10:00:37.599173467
1,2316.9,6,2317.1,10:00:37.599216386
1,2316.9,6,2317.1,10:00:37.599216386
1,2316.9,1,2317.0,10:00:37.599262220
1,2316.9,2,2317.0,10:00:37.599399798
1,2316.9,3,2317.0,10:00:37.599977543
1,2316.9,3,2317.0,10:00:37.599977543
1,2316.9,3,2317.0,10:00:37.600093041
1,2316.9,3,2317.0,10:00:37.617621456
1,2316.9,3,2317.0,10:00:37.617634068
1,2316.9,3,2317.0,10:00:37.646267941
56,2316.8,3,2317.0,10:00:37.700379054
56,2316.8,3,2317.0,10:00:37.700379054
56,2316.8,3,2317.0,10:00:37.700505629
56,2316.8,3,2317.0,10:00:37.700536699
56,2316.8,3,2317.0,10:00:37.700550107
56,2316.8,3,2317.0,10:00:37.700564613
56,2316.8,3,2317.0,10:00:37.700668509
56,2316.8,4,2317.0,10:00:37.701854168
56,2316.8,5,2317.0,10:00:37.701984796
56,2316.8,7,2317.0,10:00:37.708317524
56,2316.8,7,2317.0,10:00:37.708433987
55,2316.8,7,2317.0,10:00:37.708555411
55,2316.8,7,2317.0,10:00:37.756359981
55,2316.8,7,2317.0,10:00:37.904313792
55,2316.8,7,2317.0,10:00:37.904353273
55,2316.8,7,2317.0,10:00:38.313447708
55,2316.8,7,2317.0,10:00:38.582404885
55,2316.8,1,2316.9,10:00:38.732506555
55,2316.8,3,2316.9,10:00:38.732710221
55,2316.8,3,2316.9,10:00:38.733451884
55,2316.8,3,2316.9,10:00:38.733451884
55,2316.8,3,2316.9,10:00:38.751583976
54,2316.8,3,2316.9,10:00:39.139616681
54,2316.8,4,2316.9,10:00:39.139737799
54,2316.8,5,2316.9,10:00:39.139778960
53,2316.8,5,2316.9,10:00:39.139838273
53,2316.8,4,2316.9,10:00:39.194966458
53,2316.8,3,2316.9,10:00:39.194984529
53,2316.8,2,2316.9,10:00:39.195247594
53,2316.8,7,2317.0,10:00:39.196081370
53,2316.8,7,2317.0,10:00:39.196081370
53,2316.8,6,2317.0,10:00:39.196266478
53,2316.8,6,2317.0,10:00:39.204265995
53,2316.8,5,2317.0,10:00:39.704808653
53,2316.8,5,2317.0,10:00:40.126685113
56,2316.8,5,2317.0,10:00:40.275638670
1,2316.9,5,2317.0,10:00:40.275793821
2,2316.9,5,2317.0,10:00:40.275940928
2,2316.9,5,2317.0,10:00:40.276015577
2,2316.9,4,2317.0,10:00:40.276038579
2,2316.9,4,2317.0,10:00:40.276051699
2,2316.9,2,2317.0,10:00:40.276593057
4,2316.9,2,2317.0,10:00:40.276614724
5,2316.9,2,2317.0,10:00:40.276643733
5,2316.9,2,2317.0,10:00:40.276768561
6,2316.9,2,2317.0,10:00:40.276914759
7,2316.9,2,2317.0,10:00:40.276956719
7,2316.9,2,2317.0,10:00:40.276994726
8,2316.9,2,2317.0,10:00:40.277016969
8,2316.9,1,2317.0,10:00:40.277080920
8,2316.9,1,2317.0,10:00:40.277092443
9,2316.9,1,2317.0,10:00:40.277166000
10,2316.9,1,2317.0,10:00:40.277183431
10,2316.9,4,2317.1,10:00:40.277223902
10,2316.9,4,2317.1,10:00:40.277223902
10,2316.9,3,2317.1,10:00:40.277329072
11,2316.9,3,2317.1,10:00:40.277411823
10,2316.9,3,2317.1,10:00:40.277605068
9,2316.9,3,2317.1,10:00:40.277652800
1,2317.0,3,2317.1,10:00:40.277798095
1,2317.0,3,2317.1,10:00:40.278039323
1,2317.0,3,2317.1,10:00:40.278076216
1,2317.0,2,2317.1,10:00:40.278102169
2,2317.0,2,2317.1,10:00:40.278126089
2,2317.0,2,2317.1,10:00:40.278164180
1,2317.0,2,2317.1,10:00:40.279465626
1,2317.0,3,2317.1,10:00:40.279599158
1,2317.0,3,2317.1,10:00:40.279616132
9,2316.9,3,2317.1,10:00:40.279684143
9,2316.9,3,2317.1,10:00:40.279684143
9,2316.9,3,2317.1,10:00:40.284556993
9,2316.9,2,2317.1,10:00:40.750815850
1,2317.0,2,2317.1,10:00:40.750957804
1,2317.0,1,2317.1,10:00:40.750990442
2,2317.0,1,2317.1,10:00:40.751163062
4,2317.0,1,2317.1,10:00:40.751594707
4,2317.0,1,2317.1,10:00:40.751608716
4,2317.0,1,2317.1,10:00:40.867858265
4,2317.0,1,2317.1,10:00:40.883255695
4,2317.0,1,2317.1,10:00:40.986582607
4,2317.0,6,2317.2,10:00:40.986672611
4,2317.0,6,2317.2,10:00:40.986672611
4,2317.0,5,2317.2,10:00:40.986831508
4,2317.0,4,2317.2,10:00:40.986875512
4,2317.0,4,2317.2,10:00:40.986942147
5,2317.0,4,2317.2,10:00:40.987015149
1,2317.1,4,2317.2,10:00:40.987015149
2,2317.1,4,2317.2,10:00:40.987101045
2,2317.1,4,2317.2,10:00:40.987249660
2,2317.1,3,2317.2,10:00:40.987270345
2,2317.1,3,2317.2,10:00:40.987296643
2,2317.1,3,2317.2,10:00:40.987326292
2,2317.1,3,2317.2,10:00:40.987566857
2,2317.1,3,2317.2,10:00:40.987770394
2,2317.1,3,2317.2,10:00:40.987770394
2,2317.1,3,2317.2,10:00:40.989473769
2,2317.1,3,2317.2,10:00:40.990322468
2,2317.1,3,2317.2,10:00:40.995378258
2,2317.1,3,2317.2,10:00:41.003863229
2,2317.1,1,2317.2,10:00:41.027424643
2,2317.1,6,2317.3,10:00:41.027724668
2,2317.1,6,2317.3,10:00:41.027724668
2,2317.1,6,2317.3,10:00:41.027747056
3,2317.1,6,2317.3,10:00:41.027850751
3,2317.1,5,2317.3,10:00:41.027885270
3,2317.1,5,2317.3,10:00:41.027925981
3,2317.1,5,2317.3,10:00:41.027969861
3,2317.1,5,2317.3,10:00:41.027969861
4,2317.1,5,2317.3,10:00:41.027993442
4,2317.1,5,2317.3,10:00:41.028055760
1,2317.2,5,2317.3,10:00:41.028133082
1,2317.2,5,2317.3,10:00:41.028157106
1,2317.2,5,2317.3,10:00:41.028248061
1,2317.2,4,2317.3,10:00:41.028346646
1,2317.2,3,2317.3,10:00:41.028477999
1,2317.2,3,2317.3,10:00:41.028546662
2,2317.2,3,2317.3,10:00:41.028610059
2,2317.2,2,2317.3,10:00:41.028783198
2,2317.2,2,2317.3,10:00:41.036077475
2,2317.2,1,2317.3,10:00:41.040232309
2,2317.2,1,2317.3,10:00:41.040367674
2,2317.2,1,2317.3,10:00:41.040382856
3,2317.2,1,2317.3,10:00:41.040406882
3,2317.2,1,2317.3,10:00:41.040501424
3,2317.2,6,2317.4,10:00:41.040691971
3,2317.2,6,2317.4,10:00:41.040691971
3,2317.2,6,2317.4,10:00:41.040884632
3,2317.2,6,2317.4,10:00:41.040892024
3,2317.2,5,2317.4,10:00:41.040913027
3,2317.2,5,2317.4,10:00:41.040925222
3,2317.2,5,2317.4,10:00:41.041044302
3,2317.2,5,2317.4,10:00:41.041103936
3,2317.2,5,2317.4,10:00:41.041261238
5,2317.2,5,2317.4,10:00:41.041284643
1,2317.3,5,2317.4,10:00:41.041434851
1,2317.3,5,2317.4,10:00:41.041737523
1,2317.3,4,2317.4,10:00:41.041764311
2,2317.3,4,2317.4,10:00:41.042835151
2,2317.3,3,2317.4,10:00:41.043417288
2,2317.3,2,2317.4,10:00:41.043590187
2,2317.3,2,2317.4,10:00:41.043688660
2,2317.3,2,2317.4,10:00:41.043688660
2,2317.3,2,2317.4,10:00:41.044098754
1,2317.3,2,2317.4,10:00:41.044292700
6,2317.2,2,2317.4,10:00:41.044578354
6,2317.2,2,2317.4,10:00:41.044578354
6,2317.2,3,2317.4,10:00:41.044606394
6,2317.2,4,2317.4,10:00:41.044875618
6,2317.2,3,2317.4,10:00:41.044985306
6,2317.2,4,2317.4,10:00:41.045244229
6,2317.2,4,2317.4,10:00:41.049119012
6,2317.2,4,2317.4,10:00:41.060026607
6,2317.2,5,2317.4,10:00:41.062999547
6,2317.2,5,2317.4,10:00:41.078658864
6,2317.2,5,2317.4,10:00:41.087494166
6,2317.2,5,2317.4,10:00:41.132254187
7,2317.2,5,2317.4,10:00:41.158216558
1,2317.3,5,2317.4,10:00:41.158504803
1,2317.3,4,2317.4,10:00:41.158650317
1,2317.3,4,2317.4,10:00:41.159202312
1,2317.3,4,2317.4,10:00:41.177599229
1,2317.3,5,2317.4,10:00:41.177747509
1,2317.3,5,2317.4,10:00:41.208324048
1,2317.3,4,2317.4,10:00:41.306859574
2,2317.3,4,2317.4,10:00:41.307000152
2,2317.3,5,2317.4,10:00:41.390945996
1,2317.3,5,2317.4,10:00:41.391177326
4,2317.2,5,2317.4,10:00:41.391230051
4,2317.2,5,2317.4,10:00:41.391230051
6,2317.2,5,2317.4,10:00:41.537630930
6,2317.2,4,2317.4,10:00:41.580686522
1,2317.3,4,2317.4,10:00:41.580825164
2,2317.3,4,2317.4,10:00:41.581016227
2,2317.3,4,2317.4,10:00:41.587918603
3,2317.3,4,2317.4,10:00:41.614790676
3,2317.3,3,2317.4,10:00:41.614920953
3,2317.3,2,2317.4,10:00:41.627194234
3,2317.3,2,2317.4,10:00:41.630216582
4,2317.3,2,2317.4,10:00:41.981342717
4,2317.3,5,2317.5,10:00:41.981618377
4,2317.3,5,2317.5,10:00:41.981618377
4,2317.3,5,2317.5,10:00:41.981642464
4,2317.3,4,2317.5,10:00:41.981878212
4,2317.3,4,2317.5,10:00:41.981891579
5,2317.3,4,2317.5,10:00:41.981964543
5,2317.3,4,2317.5,10:00:41.981977258
5,2317.3,4,2317.5,10:00:41.982082319
5,2317.3,5,2317.5,10:00:41.982101952
5,2317.3,5,2317.5,10:00:41.982112646
6,2317.3,5,2317.5,10:00:41.982131631
1,2317.4,5,2317.5,10:00:41.982290639
1,2317.4,5,2317.5,10:00:41.982313008
1,2317.4,5,2317.5,10:00:41.982319347
1,2317.4,5,2317.5,10:00:41.982514676
1,2317.4,5,2317.5,10:00:41.982528667
1,2317.4,4,2317.5,10:00:41.982563650
1,2317.4,4,2317.5,10:00:41.982579071
1,2317.4,4,2317.5,10:00:41.983328280
1,2317.4,4,2317.5,10:00:41.983346309
1,2317.4,5,2317.5,10:00:41.983487336
1,2317.4,5,2317.5,10:00:41.983533855
6,2317.3,5,2317.5,10:00:41.983610413
6,2317.3,5,2317.5,10:00:41.983610413
5,2317.3,5,2317.5,10:00:41.983739356
4,2317.3,5,2317.5,10:00:41.992562897
5,2317.3,5,2317.5,10:00:42.063895248
6,2317.3,5,2317.5,10:00:42.384740157
5,2317.3,5,2317.5,10:00:42.662687214
5,2317.3,5,2317.5,10:00:42.729097239
5,2317.3,6,2317.5,10:00:42.937728157
5,2317.3,1,2317.4,10:00:43.071879863
5,2317.3,1,2317.4,10:00:43.072038344
4,2317.3,1,2317.4,10:00:43.088881690
4,2317.3,1,2317.4,10:00:43.724352961
4,2317.3,2,2317.4,10:00:43.724681872
3,2317.3,2,2317.4,10:00:43.724852807
3,2317.3,3,2317.4,10:00:43.725048641
3,2317.3,2,2317.4,10:00:43.893201573
3,2317.3,1,2317.4,10:00:43.893357393
4,2317.3,1,2317.4,10:00:43.893434563
4,2317.3,9,2317.5,10:00:43.914576818
4,2317.3,9,2317.5,10:00:43.914576818
5,2317.3,9,2317.5,10:00:43.914761977
6,2317.3,9,2317.5,10:00:43.914898981
6,2317.3,9,2317.5,10:00:43.914913437
6,2317.3,9,2317.5,10:00:43.914913437
6,2317.3,9,2317.5,10:00:43.916035193
5,2317.3,9,2317.5,10:00:45.001175595
4,2317.3,9,2317.5,10:00:45.001323602
3,2317.3,9,2317.5,10:00:45.001444948
3,2317.3,10,2317.5,10:00:45.015688783
3,2317.3,9,2317.5,10:00:45.416164057
4,2317.3,9,2317.5,10:00:45.416304259
5,2317.3,9,2317.5,10:00:45.416322146
6,2317.3,9,2317.5,10:00:45.416437717
7,2317.3,9,2317.5,10:00:45.416501651
7,2317.3,8,2317.5,10:00:45.416619753
1,2317.4,8,2317.5,10:00:45.416758033
1,2317.4,7,2317.5,10:00:45.416955413
1,2317.4,7,2317.5,10:00:45.416973830
2,2317.4,7,2317.5,10:00:45.417099403
2,2317.4,6,2317.5,10:00:45.417228965
2,2317.4,5,2317.5,10:00:45.417358958
2,2317.4,5,2317.5,10:00:45.417358958
2,2317.4,9,2317.6,10:00:45.417497428
2,2317.4,9,2317.6,10:00:45.417497428
3,2317.4,9,2317.6,10:00:45.417589673
3,2317.4,9,2317.6,10:00:45.417647652
3,2317.4,9,2317.6,10:00:45.417663156
3,2317.4,8,2317.6,10:00:45.417684766
4,2317.4,8,2317.6,10:00:45.417711819
5,2317.4,8,2317.6,10:00:45.417743154
5,2317.4,7,2317.6,10:00:45.417893912
5,2317.4,7,2317.6,10:00:45.417998379
5,2317.4,7,2317.6,10:00:45.418027288
5,2317.4,6,2317.6,10:00:45.418046281
5,2317.4,6,2317.6,10:00:45.418074668
6,2317.4,6,2317.6,10:00:45.418115216
7,2317.4,6,2317.6,10:00:45.418191407
7,2317.4,6,2317.6,10:00:45.418207884
7,2317.4,6,2317.6,10:00:45.418218505
7,2317.4,6,2317.6,10:00:45.418218505
7,2317.4,4,2317.6,10:00:45.418238694
7,2317.4,4,2317.6,10:00:45.418250297
7,2317.4,4,2317.6,10:00:45.418263373
7,2317.4,4,2317.6,10:00:45.418309130
9,2317.4,4,2317.6,10:00:45.418326510
9,2317.4,4,2317.6,10:00:45.418340715
1,2317.5,4,2317.6,10:00:45.418369643
1,2317.5,4,2317.6,10:00:45.418392563
1,2317.5,4,2317.6,10:00:45.418403043
1,2317.5,4,2317.6,10:00:45.418414873
1,2317.5,4,2317.6,10:00:45.418430167
1,2317.5,4,2317.6,10:00:45.418443469
1,2317.5,4,2317.6,10:00:45.418486939
1,2317.5,3,2317.6,10:00:45.418510559
1,2317.5,3,2317.6,10:00:45.418524021
1,2317.5,2,2317.6,10:00:45.418566604
1,2317.5,2,2317.6,10:00:45.418581773
1,2317.5,2,2317.6,10:00:45.418595053
1,2317.5,2,2317.6,10:00:45.418610423
2,2317.5,2,2317.6,10:00:45.418634119
2,2317.5,1,2317.6,10:00:45.418665419
1,2317.5,1,2317.6,10:00:45.418765110
1,2317.5,1,2317.6,10:00:45.418782211
1,2317.5,5,2317.7,10:00:45.418824613
1,2317.5,5,2317.7,10:00:45.418824613
2,2317.5,5,2317.7,10:00:45.418905376
2,2317.5,1,2317.6,10:00:45.418977307
2,2317.5,2,2317.6,10:00:45.419028860
1,2317.5,2,2317.6,10:00:45.419080122
1,2317.5,2,2317.6,10:00:45.419203737
1,2317.5,1,2317.6,10:00:45.419261393
8,2317.4,1,2317.6,10:00:45.419300018
8,2317.4,1,2317.6,10:00:45.419300018
1,2317.5,1,2317.6,10:00:45.419349004
1,2317.5,1,2317.6,10:00:45.419373171
8,2317.4,1,2317.6,10:00:45.419452693
8,2317.4,1,2317.6,10:00:45.419452693
8,2317.4,4,2317.7,10:00:45.419479711
8,2317.4,4,2317.7,10:00:45.419479711
7,2317.4,4,2317.7,10:00:45.419584490
7,2317.4,5,2317.7,10:00:45.419604190
7,2317.4,6,2317.7,10:00:45.419621826
7,2317.4,1,2317.6,10:00:45.419736061
7,2317.4,2,2317.6,10:00:45.419864872
7,2317.4,3,2317.6,10:00:45.419883402
8,2317.4,3,2317.6,10:00:45.419931361
8,2317.4,2,2317.6,10:00:45.420089063
8,2317.4,2,2317.6,10:00:45.424439849
8,2317.4,2,2317.6,10:00:45.425687589
8,2317.4,2,2317.6,10:00:45.425701810
7,2317.4,2,2317.6,10:00:45.438344966
7,2317.4,2,2317.6,10:00:45.438461251
7,2317.4,2,2317.6,10:00:45.438472102
6,2317.4,2,2317.6,10:00:45.438640093
6,2317.4,2,2317.6,10:00:45.438754661
6,2317.4,2,2317.6,10:00:45.614249405
6,2317.4,2,2317.6,10:00:46.002462528
6,2317.4,2,2317.6,10:00:46.150944117
6,2317.4,3,2317.6,10:00:46.250652121
5,2317.4,3,2317.6,10:00:46.250810421
5,2317.4,3,2317.6,10:00:46.250879729
5,2317.4,3,2317.6,10:00:46.250948917
5,2317.4,4,2317.6,10:00:46.250970768
5,2317.4,1,2317.5,10:00:46.251102619
4,2317.4,1,2317.5,10:00:46.251118806
4,2317.4,2,2317.5,10:00:46.251638173
5,2317.3,2,2317.5,10:00:46.251734869
5,2317.3,2,2317.5,10:00:46.251734869
1,2317.4,2,2317.5,10:00:46.251804704
1,2317.4,3,2317.5,10:00:46.251832715
1,2317.4,3,2317.5,10:00:46.251907000
5,2317.3,3,2317.5,10:00:46.251965923
5,2317.3,3,2317.5,10:00:46.251965923
5,2317.3,4,2317.5,10:00:46.251991793
5,2317.3,5,2317.5,10:00:46.252066946
5,2317.3,6,2317.5,10:00:46.252085071
5,2317.3,6,2317.5,10:00:46.252096668
5,2317.3,7,2317.5,10:00:46.252116010
5,2317.3,1,2317.4,10:00:46.252213630
5,2317.3,1,2317.4,10:00:46.252240137
5,2317.3,1,2317.4,10:00:46.252331751
4,2317.3,1,2317.4,10:00:46.252430124
4,2317.3,1,2317.4,10:00:46.252460055
4,2317.3,1,2317.4,10:00:46.252474228
3,2317.3,1,2317.4,10:00:46.252496171
3,2317.3,1,2317.4,10:00:46.252528296
3,2317.3,1,2317.4,10:00:46.252654123
3,2317.3,1,2317.4,10:00:46.252695240
3,2317.3,9,2317.5,10:00:46.252787616
3,2317.3,9,2317.5,10:00:46.252787616
2,2317.3,9,2317.5,10:00:46.252846427
2,2317.3,9,2317.5,10:00:46.252886825
2,2317.3,8,2317.5,10:00:46.252905305
2,2317.3,9,2317.5,10:00:46.252922557
2,2317.3,8,2317.5,10:00:46.252986958
1,2317.3,8,2317.5,10:00:46.253013240
1,2317.3,8,2317.5,10:00:46.253028428
1,2317.3,8,2317.5,10:00:46.253058173
1,2317.3,8,2317.5,10:00:46.253072470
5,2317.2,8,2317.5,10:00:46.253141966
5,2317.2,8,2317.5,10:00:46.253141966
5,2317.2,7,2317.5,10:00:46.253179803
6,2317.2,7,2317.5,10:00:46.253314321
6,2317.2,8,2317.5,10:00:46.253564486
6,2317.2,1,2317.4,10:00:46.256518161
6,2317.2,2,2317.4,10:00:46.256659679
6,2317.2,3,2317.4,10:00:46.256704386
6,2317.2,4,2317.4,10:00:46.256761025
6,2317.2,4,2317.4,10:00:46.256805665
6,2317.2,4,2317.4,10:00:46.259965575
6,2317.2,4,2317.4,10:00:46.264213001
6,2317.2,3,2317.4,10:00:46.319521802
6,2317.2,3,2317.4,10:00:46.319731999
6,2317.2,3,2317.4,10:00:46.319749717
6,2317.2,3,2317.4,10:00:46.319768127
1,2317.3,3,2317.4,10:00:46.319798505
6,2317.2,3,2317.4,10:00:46.319927635
6,2317.2,3,2317.4,10:00:46.319927635
6,2317.2,4,2317.4,10:00:46.321214989
6,2317.2,5,2317.4,10:00:46.526418828
8,2317.2,5,2317.4,10:00:46.552921293
1,2317.3,5,2317.4,10:00:46.553105015
2,2317.3,5,2317.4,10:00:46.559105206
2,2317.3,4,2317.4,10:00:46.559241980
2,2317.3,4,2317.4,10:00:46.578699456
2,2317.3,4,2317.4,10:00:46.603174739
3,2317.3,4,2317.4,10:00:46.645701590
5,2317.3,4,2317.4,10:00:46.671729133
5,2317.3,9,2317.5,10:00:46.672039015
5,2317.3,9,2317.5,10:00:46.672039015
5,2317.3,8,2317.5,10:00:46.672237387
5,2317.3,7,2317.5,10:00:46.672418196
1,2317.4,7,2317.5,10:00:46.672470626
1,2317.4,6,2317.5,10:00:46.672497382
1,2317.4,6,2317.5,10:00:46.672508545
1,2317.4,6,2317.5,10:00:46.672521582
1,2317.4,5,2317.5,10:00:46.672541137
1,2317.4,4,2317.5,10:00:46.672559323
1,2317.4,4,2317.5,10:00:46.672595359
1,2317.4,3,2317.5,10:00:46.672615797
1,2317.4,3,2317.5,10:00:46.672904658
1,2317.4,3,2317.5,10:00:46.672922777
1,2317.4,3,2317.5,10:00:46.673161082
2,2317.4,3,2317.5,10:00:46.673206241
1,2317.4,3,2317.5,10:00:46.674310859
5,2317.3,3,2317.5,10:00:46.674507302
5,2317.3,3,2317.5,10:00:46.674507302
5,2317.3,4,2317.5,10:00:46.674534528
5,2317.3,5,2317.5,10:00:46.674572592
5,2317.3,6,2317.5,10:00:46.674590363
5,2317.3,7,2317.5,10:00:46.674695509
5,2317.3,8,2317.5,10:00:46.674785726
4,2317.3,8,2317.5,10:00:46.674811061
4,2317.3,7,2317.5,10:00:46.674863718
5,2317.3,7,2317.5,10:00:46.947488973
5,2317.3,6,2317.5,10:00:46.947619271
5,2317.3,5,2317.5,10:00:46.947635444
6,2317.3,5,2317.5,10:00:46.947771290
5,2317.3,5,2317.5,10:00:47.007055668
5,2317.3,6,2317.5,10:00:47.394019437
5,2317.3,7,2317.5,10:00:47.402448442
5,2317.3,1,2317.4,10:00:47.402583964
5,2317.3,1,2317.4,10:00:47.402607920
5,2317.3,2,2317.4,10:00:47.402668030
5,2317.3,3,2317.4,10:00:47.402687480
5,2317.3,4,2317.4,10:00:47.402788423
4,2317.3,4,2317.4,10:00:47.402824141
4,2317.3,4,2317.4,10:00:47.444100405
4,2317.3,4,2317.4,10:00:47.662701293
4,2317.3,5,2317.4,10:00:47.676616123
3,2317.3,5,2317.4,10:00:47.922180592
3,2317.3,4,2317.4,10:00:47.928241847
3,2317.3,3,2317.4,10:00:47.928362041
3,2317.3,2,2317.4,10:00:47.928428154
3,2317.3,2,2317.4,10:00:47.928570439
7,2317.2,2,2317.4,10:00:48.027284369
5,2317.2,2,2317.4,10:00:48.027284369
5,2317.2,2,2317.4,10:00:48.027284369
5,2317.2,3,2317.4,10:00:48.027372860
5,2317.2,4,2317.4,10:00:48.028415960
5,2317.2,5,2317.4,10:00:48.028437227
5,2317.2,6,2317.4,10:00:48.028437227
4,2317.2,6,2317.4,10:00:48.028462891
4,2317.2,7,2317.4,10:00:48.028462891
4,2317.2,8,2317.4,10:00:48.028475445
4,2317.2,8,2317.4,10:00:48.028532845
4,2317.2,9,2317.4,10:00:48.028532845
4,2317.2,10,2317.4,10:00:48.028546836
4,2317.2,9,2317.4,10:00:48.028584942
3,2317.2,9,2317.4,10:00:48.028608322
3,2317.2,9,2317.4,10:00:48.028755486
3,2317.2,9,2317.4,10:00:48.028770309
3,2317.2,9,2317.4,10:00:48.028783721
3,2317.2,8,2317.4,10:00:48.028914401
3,2317.2,7,2317.4,10:00:48.029012214
4,2317.2,7,2317.4,10:00:48.029070479
4,2317.2,6,2317.4,10:00:48.029124864
4,2317.2,6,2317.4,10:00:48.029194548
4,2317.2,6,2317.4,10:00:48.036282497
6,2317.2,6,2317.4,10:00:48.037847189
6,2317.2,5,2317.4,10:00:48.037959531
6,2317.2,4,2317.4,10:00:48.037977790
6,2317.2,3,2317.4,10:00:48.038022149
6,2317.2,2,2317.4,10:00:48.038141041
1,2317.3,2,2317.4,10:00:48.038185691
2,2317.3,2,2317.4,10:00:48.038380358
4,2317.3,2,2317.4,10:00:48.038438958
4,2317.3,7,2317.5,10:00:48.038731610
4,2317.3,7,2317.5,10:00:48.038731610
4,2317.3,7,2317.5,10:00:48.039036944
4,2317.3,6,2317.5,10:00:48.039097173
4,2317.3,6,2317.5,10:00:48.039125621
4,2317.3,5,2317.5,10:00:48.039162489
4,2317.3,5,2317.5,10:00:48.039178460
4,2317.3,5,2317.5,10:00:48.039202477
4,2317.3,5,2317.5,10:00:48.039220071
4,2317.3,4,2317.5,10:00:48.039304207
5,2317.3,4,2317.5,10:00:48.039467932
7,2317.3,4,2317.5,10:00:48.115117091
1,2317.4,4,2317.5,10:00:48.115409564
1,2317.4,3,2317.5,10:00:48.115527774
1,2317.4,3,2317.5,10:00:48.115539061
1,2317.4,2,2317.5,10:00:48.115589462
1,2317.4,2,2317.5,10:00:48.115604713
1,2317.4,1,2317.5,10:00:48.136422950
2,2317.4,1,2317.5,10:00:48.136628934
2,2317.4,1,2317.5,10:00:48.165203215
2,2317.4,1,2317.5,10:00:48.207826600
2,2317.4,2,2317.5,10:00:48.380882564
4,2317.4,2,2317.5,10:00:48.465856093
4,2317.4,2,2317.5,10:00:48.947808339
4,2317.4,2,2317.5,10:00:49.200491394
3,2317.4,2,2317.5,10:00:50.072784277
3,2317.4,2,2317.5,10:00:50.072963378
4,2317.4,2,2317.5,10:00:50.073556561
2,2317.4,2,2317.5,10:00:50.493047176
2,2317.4,3,2317.5,10:00:50.493167767
3,2317.4,3,2317.5,10:00:50.493800961
3,2317.4,2,2317.5,10:00:50.493994731
4,2317.4,2,2317.5,10:00:50.494080096
4,2317.4,4,2317.6,10:00:50.494340206
4,2317.4,4,2317.6,10:00:50.494340206
4,2317.4,4,2317.6,10:00:50.494570973
4,2317.4,3,2317.6,10:00:50.494595044
4,2317.4,3,2317.6,10:00:50.494707779
4,2317.4,3,2317.6,10:00:50.494737389
4,2317.4,3,2317.6,10:00:50.494784590
1,2317.5,3,2317.6,10:00:50.494982514
1,2317.5,3,2317.6,10:00:50.495015692
1,2317.5,2,2317.6,10:00:50.495159654
1,2317.5,2,2317.6,10:00:50.495194899
4,2317.4,2,2317.6,10:00:50.495248580
4,2317.4,2,2317.6,10:00:50.495248580
4,2317.4,2,2317.6,10:00:50.495346044
4,2317.4,1,2317.6,10:00:50.495376877
6,2317.4,1,2317.6,10:00:50.495471868
1,2317.5,1,2317.6,10:00:50.495515340
1,2317.5,2,2317.6,10:00:50.495598974
1,2317.5,1,2317.6,10:00:50.495646953
2,2317.5,1,2317.6,10:00:50.495659993
1,2317.5,1,2317.6,10:00:50.495734980
1,2317.5,7,2317.7,10:00:50.495752181
1,2317.5,7,2317.7,10:00:50.495752181
1,2317.5,7,2317.7,10:00:50.495784396
2,2317.5,7,2317.7,10:00:50.495809912
2,2317.5,6,2317.7,10:00:50.495932370
2,2317.5,5,2317.7,10:00:50.495949970
2,2317.5,5,2317.7,10:00:50.496009789
2,2317.5,4,2317.7,10:00:50.496145197
3,2317.5,4,2317.7,10:00:50.496324458
4,2317.5,4,2317.7,10:00:50.496600508
4,2317.5,4,2317.7,10:00:50.496801469
4,2317.5,1,2317.6,10:00:50.496902047
4,2317.5,1,2317.6,10:00:50.496981850
3,2317.5,1,2317.6,10:00:50.497057036
4,2317.5,1,2317.6,10:00:50.498006268
4,2317.5,1,2317.6,10:00:50.502541760
4,2317.5,1,2317.6,10:00:50.544101975
4,2317.5,1,2317.6,10:00:50.544119380
4,2317.5,4,2317.7,10:00:50.674286935
4,2317.5,4,2317.7,10:00:50.674286935
4,2317.5,4,2317.7,10:00:50.674543603
4,2317.5,3,2317.7,10:00:50.674593460
3,2317.5,3,2317.7,10:00:50.674613070
5,2317.5,3,2317.7,10:00:50.674963678
5,2317.5,4,2317.7,10:00:50.676942003
6,2317.5,4,2317.7,10:00:50.677437536
5,2317.5,4,2317.7,10:00:50.678797688
6,2317.5,4,2317.7,10:00:50.681066280
6,2317.5,4,2317.7,10:00:50.683004861
6,2317.5,4,2317.7,10:00:50.683311727
6,2317.5,5,2317.7,10:00:50.949332090
5,2317.5,5,2317.7,10:00:50.950888364
5,2317.5,4,2317.7,10:00:51.443270290
5,2317.5,5,2317.7,10:00:52.532415426
5,2317.5,6,2317.7,10:00:52.532677419
5,2317.5,1,2317.6,10:00:52.532849073
4,2317.5,1,2317.6,10:00:52.532864437
4,2317.5,2,2317.6,10:00:52.533064482
4,2317.5,3,2317.6,10:00:52.533931555
4,2317.5,3,2317.6,10:00:52.533944167
4,2317.5,2,2317.6,10:00:52.743609033
7,2317.5,2,2317.6,10:00:52.901938717
7,2317.5,5,2317.7,10:00:52.902209030
7,2317.5,5,2317.7,10:00:52.902209030
7,2317.5,4,2317.7,10:00:52.902568586
7,2317.5,5,2317.7,10:00:52.923291598
7,2317.5,6,2317.7,10:00:53.315161556
7,2317.5,1,2317.6,10:00:53.315316269
7,2317.5,1,2317.6,10:00:53.365442490
7,2317.5,2,2317.6,10:00:53.792944197
7,2317.5,2,2317.6,10:00:54.502725961
4,2317.5,2,2317.6,10:00:54.503135578
3,2317.5,2,2317.6,10:00:54.503189161
3,2317.5,2,2317.6,10:00:54.503189161
3,2317.5,3,2317.6,10:00:54.503270478
3,2317.5,4,2317.6,10:00:54.503289512
3,2317.4,4,2317.6,10:00:54.503428321
3,2317.4,4,2317.6,10:00:54.503428321
3,2317.4,5,2317.6,10:00:54.503455226
3,2317.4,6,2317.6,10:00:54.503559226
3,2317.4,7,2317.6,10:00:54.503577204
3,2317.4,8,2317.6,10:00:54.503649906
3,2317.4,8,2317.6,10:00:54.503715978
3,2317.4,8,2317.6,10:00:54.504067847
2,2317.4,8,2317.6,10:00:54.504156969
2,2317.4,1,2317.5,10:00:54.504271575
2,2317.4,2,2317.5,10:00:54.504303954
2,2317.4,2,2317.5,10:00:54.504315392
2,2317.4,3,2317.5,10:00:54.504491516
2,2317.4,4,2317.5,10:00:54.504649066
7,2317.3,4,2317.5,10:00:54.504678131
7,2317.3,4,2317.5,10:00:54.504678131
7,2317.3,5,2317.5,10:00:54.504705364
7,2317.3,6,2317.5,10:00:54.504719544
7,2317.3,6,2317.5,10:00:54.504749266
7,2317.3,7,2317.5,10:00:54.504806470
7,2317.3,6,2317.5,10:00:54.504903870
7,2317.3,5,2317.5,10:00:54.504938908
6,2317.3,5,2317.5,10:00:54.505016493
5,2317.3,5,2317.5,10:00:54.505058094
5,2317.3,6,2317.5,10:00:54.506645054
5,2317.3,6,2317.5,10:00:54.506825813
5,2317.3,6,2317.5,10:00:54.511599947
5,2317.3,6,2317.5,10:00:54.512528817
5,2317.3,6,2317.5,10:00:54.523425907
5,2317.3,6,2317.5,10:00:54.523438531
5,2317.3,6,2317.5,10:00:54.634331458
5,2317.3,5,2317.5,10:00:54.634628450
5,2317.3,4,2317.5,10:00:54.634758254
5,2317.3,4,2317.5,10:00:54.634769374
5,2317.3,4,2317.5,10:00:54.634782172
5,2317.3,5,2317.5,10:00:54.634891211
5,2317.3,5,2317.5,10:00:54.635009171
6,2317.3,5,2317.5,10:00:54.731096870
8,2317.3,5,2317.5,10:00:54.960154376
1,2317.4,5,2317.5,10:00:54.960296199
1,2317.4,4,2317.5,10:00:54.960354233
1,2317.4,3,2317.5,10:00:54.960560112
1,2317.4,2,2317.5,10:00:54.960758654
2,2317.4,2,2317.5,10:00:54.960971342
2,2317.4,2,2317.5,10:00:54.960994905
2,2317.4,1,2317.5,10:00:55.007786848
2,2317.4,1,2317.5,10:00:55.010246629
2,2317.4,2,2317.5,10:00:55.072747934
2,2317.4,2,2317.5,10:00:55.139825237
4,2317.4,2,2317.5,10:00:55.331772612
4,2317.4,1,2317.5,10:00:55.331964330
4,2317.4,1,2317.5,10:00:55.404782575
4,2317.4,6,2317.6,10:00:55.405048513
4,2317.4,6,2317.6,10:00:55.405048513
4,2317.4,5,2317.6,10:00:55.405071909
4,2317.4,4,2317.6,10:00:55.405071909
5,2317.4,4,2317.6,10:00:55.405194675
5,2317.4,3,2317.6,10:00:55.405216234
5,2317.4,3,2317.6,10:00:55.413620247
5,2317.4,3,2317.6,10:00:55.413634123
5,2317.4,2,2317.6,10:00:55.589604510
1,2317.5,2,2317.6,10:00:55.589735901
1,2317.5,2,2317.6,10:00:55.589762696
1,2317.5,2,2317.6,10:00:55.589861927
3,2317.5,2,2317.6,10:00:55.590496515
4,2317.5,2,2317.6,10:00:55.590507326
4,2317.5,2,2317.6,10:00:55.590524084
4,2317.5,2,2317.6,10:00:55.590540929
4,2317.5,1,2317.6,10:00:55.590669575
4,2317.5,1,2317.6,10:00:55.590724840
4,2317.5,1,2317.6,10:00:55.590743439
5,2317.5,1,2317.6,10:00:55.590797420
5,2317.5,5,2317.7,10:00:55.590858452
5,2317.5,5,2317.7,10:00:55.590858452
5,2317.5,5,2317.7,10:00:55.590934982
5,2317.5,5,2317.7,10:00:55.591045541
5,2317.5,4,2317.7,10:00:55.591079807
5,2317.5,4,2317.7,10:00:55.608471488
5,2317.5,5,2317.7,10:00:55.615944749
5,2317.5,1,2317.6,10:00:55.616077999
4,2317.5,1,2317.6,10:00:55.616194904
4,2317.5,2,2317.6,10:00:55.616276166
3,2317.5,2,2317.6,10:00:55.616321524
3,2317.5,2,2317.6,10:00:55.666037290
3,2317.5,3,2317.6,10:00:55.989502737
3,2317.5,2,2317.6,10:00:57.028350937
4,2317.5,2,2317.6,10:00:57.028643149
3,2317.5,2,2317.6,10:00:57.432426536
4,2317.5,2,2317.6,10:00:58.145819106
4,2317.5,2,2317.6,10:00:58.381611818
4,2317.5,3,2317.7,10:00:58.381763177
4,2317.5,3,2317.7,10:00:58.381763177
1,2317.6,3,2317.7,10:00:58.381951158
1,2317.6,3,2317.7,10:00:58.381975517
1,2317.6,3,2317.7,10:00:58.382211177
1,2317.6,3,2317.7,10:00:58.382259248
1,2317.6,2,2317.7,10:00:58.382352828
2,2317.6,2,2317.7,10:00:58.382823886
2,2317.6,2,2317.7,10:00:58.383180230
2,2317.6,2,2317.7,10:00:58.383180230
4,2317.6,2,2317.7,10:00:58.383204864
4,2317.6,2,2317.7,10:00:58.383309730
5,2317.6,2,2317.7,10:00:58.383471941
5,2317.6,1,2317.7,10:00:58.383508467
5,2317.6,1,2317.7,10:00:58.383520384
5,2317.6,1,2317.7,10:00:58.383728100
5,2317.6,5,2317.8,10:00:58.384008301
5,2317.6,5,2317.8,10:00:58.384008301
5,2317.6,4,2317.8,10:00:58.384342906
5,2317.6,4,2317.8,10:00:58.384354279
5,2317.6,4,2317.8,10:00:58.384596646
1,2317.7,4,2317.8,10:00:58.384627161
1,2317.7,4,2317.8,10:00:58.384677252
1,2317.7,4,2317.8,10:00:58.384690193
1,2317.7,4,2317.8,10:00:58.384747269
1,2317.7,4,2317.8,10:00:58.384786070
2,2317.7,4,2317.8,10:00:58.384846019
2,2317.7,4,2317.8,10:00:58.384867853
2,2317.7,4,2317.8,10:00:58.384909116
2,2317.7,4,2317.8,10:00:58.385168990
2,2317.7,3,2317.8,10:00:58.385519797
2,2317.7,3,2317.8,10:00:58.386767409
2,2317.7,3,2317.8,10:00:58.386939851
2,2317.7,2,2317.8,10:00:58.392144215
1,2317.7,2,2317.8,10:00:58.392319527
1,2317.7,2,2317.8,10:00:58.393251440
1,2317.7,3,2317.8,10:00:58.395836126
1,2317.7,4,2317.8,10:00:58.395946970
6,2317.6,4,2317.8,10:00:58.396281459
6,2317.6,4,2317.8,10:00:58.396281459
5,2317.6,4,2317.8,10:00:58.396414525
5,2317.6,4,2317.8,10:00:58.402054216
5,2317.6,4,2317.8,10:00:58.402054216
5,2317.6,4,2317.8,10:00:58.403305949
5,2317.6,5,2317.8,10:00:58.406060556
2,2317.6,5,2317.8,10:00:58.436674378
2,2317.6,1,2317.7,10:00:58.436763255
2,2317.6,2,2317.7,10:00:58.436908055
2,2317.6,3,2317.7,10:00:58.436991679
2,2317.6,3,2317.7,10:00:58.437112187
2,2317.6,4,2317.7,10:00:58.437145567
2,2317.6,4,2317.7,10:00:58.437176284
2,2317.6,4,2317.7,10:00:58.560841383
2,2317.5,4,2317.7,10:00:58.599026343
2,2317.5,4,2317.7,10:00:58.599026343
1,2317.5,4,2317.7,10:00:58.599470092
1,2317.5,4,2317.7,10:00:58.599502049
1,2317.5,4,2317.7,10:00:58.599516570
1,2317.5,1,2317.6,10:00:58.599690058
1,2317.5,4,2317.7,10:00:58.599889606
1,2317.5,1,2317.7,10:00:58.599889606
1,2317.5,1,2317.7,10:00:58.599889606
1,2317.5,1,2317.7,10:00:58.600036456
1,2317.5,2,2317.7,10:00:58.600097443
2,2317.5,2,2317.7,10:00:58.600121609
3,2317.5,2,2317.7,10:00:58.600236057
4,2317.5,2,2317.7,10:00:58.600275066
5,2317.5,2,2317.7,10:00:58.600339870
5,2317.5,3,2317.7,10:00:58.600378060
6,2317.5,3,2317.7,10:00:58.600445745
6,2317.5,4,2317.7,10:00:58.600511132
6,2317.5,5,2317.7,10:00:58.600529253
5,2317.5,5,2317.7,10:00:58.600547651
5,2317.5,5,2317.7,10:00:58.600562149
5,2317.5,6,2317.7,10:00:58.600580998
5,2317.5,5,2317.7,10:00:58.600642186
4,2317.5,5,2317.7,10:00:58.600699538
4,2317.5,4,2317.7,10:00:58.600801921
5,2317.5,4,2317.7,10:00:58.605435505
4,2317.5,4,2317.7,10:00:58.607345499
4,2317.5,5,2317.7,10:00:58.687783794
3,2317.5,5,2317.7,10:00:58.687920401
4,2317.5,5,2317.7,10:00:58.687938776
5,2317.5,5,2317.7,10:00:58.693991916
4,2317.5,5,2317.7,10:00:58.702430008
4,2317.5,6,2317.7,10:00:58.702658112
4,2317.5,1,2317.6,10:00:58.702784185
3,2317.5,1,2317.6,10:00:58.702891732
3,2317.5,1,2317.6,10:00:58.702918284
2,2317.5,1,2317.6,10:00:58.703014223
2,2317.5,1,2317.6,10:00:58.737866877
1,2317.5,1,2317.6,10:00:58.813744741
1,2317.5,2,2317.6,10:00:58.813903781
1,2317.5,2,2317.6,10:00:58.814528984
1,2317.5,1,2317.6,10:00:58.822380160
1,2317.5,4,2317.7,10:00:58.822489618
1,2317.5,4,2317.7,10:00:58.822489618
2,2317.5,4,2317.7,10:00:58.822570044
4,2317.5,4,2317.7,10:00:58.881780095
4,2317.5,5,2317.7,10:00:59.070377581
5,2317.5,5,2317.7,10:00:59.070502841
5,2317.5,5,2317.7,10:01:00.107675888
5,2317.5,1,2317.6,10:01:00.107703142
5,2317.5,1,2317.6,10:01:00.107729722
5,2317.5,1,2317.6,10:01:00.108097916
5,2317.5,2,2317.6,10:01:00.108179513
4,2317.5,2,2317.6,10:01:00.108274792
3,2317.5,2,2317.6,10:01:00.108329260
3,2317.5,1,2317.6,10:01:00.108576181
3,2317.5,1,2317.6,10:01:00.108587746
3,2317.5,2,2317.6,10:01:00.108946815
3,2317.5,2,2317.6,10:01:00.109054593
2,2317.5,2,2317.6,10:01:00.110589700
2,2317.5,3,2317.6,10:01:00.110589700
4,2317.4,3,2317.6,10:01:00.110810088
4,2317.4,3,2317.6,10:01:00.110810088
4,2317.4,4,2317.6,10:01:00.110832521
4,2317.4,5,2317.6,10:01:00.110840118
3,2317.4,5,2317.6,10:01:00.110840118
3,2317.4,6,2317.6,10:01:00.111098104
3,2317.4,6,2317.6,10:01:00.111124366
3,2317.4,6,2317.6,10:01:00.111173875
3,2317.4,6,2317.6,10:01:00.111247777
2,2317.4,6,2317.6,10:01:00.111317783
2,2317.4,7,2317.6,10:01:00.111353698
2,2317.4,1,2317.5,10:01:00.111395369
2,2317.4,1,2317.5,10:01:00.111425877
1,2317.4,1,2317.5,10:01:00.111469026
1,2317.4,1,2317.5,10:01:00.111594828
1,2317.4,1,2317.5,10:01:00.111610182
1,2317.4,1,2317.5,10:01:00.111640605
1,2317.4,1,2317.5,10:01:00.111666503
1,2317.4,1,2317.5,10:01:00.111666503
1,2317.4,2,2317.5,10:01:00.111697274
1,2317.4,2,2317.5,10:01:00.111708587
1,2317.4,3,2317.5,10:01:00.111765624
1,2317.4,4,2317.5,10:01:00.111783612
1,2317.4,4,2317.5,10:01:00.111794956
5,2317.3,4,2317.5,10:01:00.111868138
5,2317.3,4,2317.5,10:01:00.111868138
5,2317.3,5,2317.5,10:01:00.111943019
5,2317.3,4,2317.5,10:01:00.111958326
5,2317.3,4,2317.5,10:01:00.112038999
5,2317.3,4,2317.5,10:01:00.112074834
5,2317.3,5,2317.5,10:01:00.112152227
5,2317.3,5,2317.5,10:01:00.112275596
5,2317.3,5,2317.5,10:01:00.112610755
5,2317.3,5,2317.5,10:01:00.112610755
5,2317.3,5,2317.5,10:01:00.113328926
5,2317.3,5,2317.5,10:01:00.113517807
5,2317.3,5,2317.5,10:01:00.113517807
5,2317.3,6,2317.5,10:01:00.114619928
5,2317.3,7,2317.5,10:01:00.114883962
5,2317.3,1,2317.4,10:01:00.115019542
4,2317.3,1,2317.4,10:01:00.115127291
4,2317.3,2,2317.4,10:01:00.115155302
4,2317.3,2,2317.4,10:01:00.115191204
4,2317.3,2,2317.4,10:01:00.115204237
3,2317.3,2,2317.4,10:01:00.115241067
3,2317.3,3,2317.4,10:01:00.115262609
2,2317.3,3,2317.4,10:01:00.115405771
8,2317.2,3,2317.4,10:01:00.115521376
8,2317.2,3,2317.4,10:01:00.115521376
8,2317.2,4,2317.4,10:01:00.115720491
8,2317.2,5,2317.4,10:01:00.115778451
7,2317.2,5,2317.4,10:01:00.115826605
7,2317.2,6,2317.4,10:01:00.115895857
6,2317.2,6,2317.4,10:01:00.115991847
5,2317.2,6,2317.4,10:01:00.116027861
5,2317.2,6,2317.4,10:01:00.116075343
4,2317.2,6,2317.4,10:01:00.116094572
4,2317.2,5,2317.4,10:01:00.116112093
4,2317.2,5,2317.4,10:01:00.116170686
4,2317.2,4,2317.4,10:01:00.116203742
3,2317.2,4,2317.4,10:01:00.116270448
4,2317.2,4,2317.4,10:01:00.116289504
4,2317.2,4,2317.4,10:01:00.116301008
4,2317.2,4,2317.4,10:01:00.119015415
4,2317.2,4,2317.4,10:01:00.119279893
4,2317.2,4,2317.4,10:01:00.119292693
4,2317.2,4,2317.4,10:01:00.120123936
4,2317.2,4,2317.4,10:01:00.122227201
4,2317.2,3,2317.4,10:01:00.126938966
1,2317.3,3,2317.4,10:01:00.127029383
1,2317.3,3,2317.4,10:01:00.127073062
1,2317.3,3,2317.4,10:01:00.127080009
1,2317.3,3,2317.4,10:01:00.127098483
1,2317.3,2,2317.4,10:01:00.127220078
1,2317.3,2,2317.4,10:01:00.127254781
1,2317.3,2,2317.4,10:01:00.127363042
2,2317.3,2,2317.4,10:01:00.137423015
2,2317.3,1,2317.4,10:01:00.137710069
2,2317.3,7,2317.5,10:01:00.138629335
2,2317.3,7,2317.5,10:01:00.138629335
3,2317.3,7,2317.5,10:01:00.138960279
4,2317.3,7,2317.5,10:01:00.138977711
4,2317.3,6,2317.5,10:01:00.138996005
6,2317.3,6,2317.5,10:01:00.157911445
7,2317.3,6,2317.5,10:01:00.158083342
7,2317.3,6,2317.5,10:01:00.158552773
7,2317.3,5,2317.5,10:01:00.158663118
7,2317.3,5,2317.5,10:01:00.167229065
7,2317.3,6,2317.5,10:01:00.215800890
