price,volume,timestamp
2317.5,2,10:00:00.007850607
2317.7,2,10:00:00.058746404
2317.7,3,10:00:00.058828136
2317.8,1,10:00:00.060425061
2317.9,4,10:00:00.060434908
2317.8,1,10:00:00.061784708
2317.6,6,10:00:00.282498087
2317.7,5,10:00:00.282498087
2317.7,1,10:00:00.285470385
2317.6,1,10:00:01.004075458
2317.8,1,10:00:02.217259473
2317.8,1,10:00:02.325573745
2317.8,1,10:00:02.332996944
2317.7,2,10:00:04.423833321
2317.6,3,10:00:04.424293973
2317.6,1,10:00:04.672284455
2317.7,2,10:00:05.221879944
2317.7,2,10:00:05.560529797
2317.7,1,10:00:05.562432872
2317.6,1,10:00:05.737341626
2317.6,1,10:00:05.737562440
2317.6,1,10:00:05.738137325
2317.5,4,10:00:07.600043824
2317.4,1,10:00:07.728790264
2317.3,3,10:00:07.728801484
2317.4,1,10:00:07.728801484
2317.3,3,10:00:08.195378004
2317.2,1,10:00:08.952212918
2317.2,1,10:00:08.952496024
2317.2,1,10:00:10.060418994
2317.1,3,10:00:10.060723668
2317.2,1,10:00:10.061338759
2317.2,2,10:00:10.478990151
2317.2,1,10:00:10.479026961
2317.2,1,10:00:10.479498196
2317.2,1,10:00:10.480022524
2317.1,2,10:00:10.606251258
2317.0,2,10:00:11.302690151
2316.9,4,10:00:12.133569423
2317.0,1,10:00:12.133569423
2317.0,1,10:00:12.134260103
2317.0,1,10:00:12.134551197
2317.0,1,10:00:12.135718824
2316.9,3,10:00:12.385562027
2317.0,1,10:00:12.527684594
2316.9,4,10:00:14.106556383
2317.0,1,10:00:14.109198971
2317.0,1,10:00:14.297295211
2317.1,3,10:00:16.864202122
2317.1,3,10:00:16.864273183
2317.1,1,10:00:16.899116785
2317.0,1,10:00:18.713292471
2317.2,4,10:00:19.342720402
2317.2,1,10:00:19.345251033
2317.2,2,10:00:21.745797376
2317.3,2,10:00:22.063482579
2317.2,1,10:00:22.506835727
2317.3,1,10:00:22.876538783
2317.2,1,10:00:23.821110895
2317.3,1,10:00:25.005503593
2317.3,1,10:00:25.006407186
2317.3,1,10:00:25.006828552
2317.3,1,10:00:25.260843592
2317.3,1,10:00:25.504609672
2317.3,1,10:00:25.504708390
2317.3,1,10:00:25.504765166
2317.3,1,10:00:25.504972095
2317.3,1,10:00:25.505009148
2317.3,1,10:00:25.505064657
2317.3,1,10:00:25.505147448
2317.4,1,10:00:25.624713973
2317.4,1,10:00:25.624953178
2317.5,1,10:00:26.844344589
2317.5,1,10:00:26.844611132
2317.4,1,10:00:27.201157784
2317.3,3,10:00:27.733477914
2317.2,6,10:00:27.733477914
2317.4,1,10:00:27.733477914
2317.4,3,10:00:27.759639573
2317.5,2,10:00:28.034974238
2317.6,2,10:00:30.050695027
2317.5,5,10:00:30.712209747
2317.4,3,10:00:30.712209747
2317.6,1,10:00:30.739279671
2317.1,8,10:00:30.864287996
2317.0,9,10:00:30.864287996
2317.4,9,10:00:30.864287996
2317.3,7,10:00:30.864287996
2317.5,3,10:00:30.864287996
2317.2,7,10:00:30.864287996
2317.3,1,10:00:30.866464437
2317.4,1,10:00:30.866662834
2317.3,1,10:00:30.866843763
2317.2,1,10:00:30.866934302
2317.3,2,10:00:30.869635588
2317.3,1,10:00:30.869681580
2317.3,1,10:00:30.870774423
2317.3,1,10:00:30.874457583
2317.3,1,10:00:30.984527176
2317.2,1,10:00:31.542066320
2317.3,1,10:00:31.542536646
2317.2,1,10:00:31.542680921
2317.2,1,10:00:31.542725533
2317.2,1,10:00:31.614042577
2317.2,6,10:00:32.721075763
2317.3,2,10:00:32.721134964
2317.2,1,10:00:32.722476019
2317.1,3,10:00:32.727776845
2317.0,1,10:00:32.729042260
2316.9,12,10:00:33.405474422
2317.0,1,10:00:33.422999004
2316.9,1,10:00:34.250444303
2316.9,1,10:00:34.250563714
2316.9,1,10:00:34.250693653
2317.0,2,10:00:34.292665147
2317.0,1,10:00:34.292893990
2317.1,1,10:00:35.238530957
2317.1,1,10:00:35.296971399
2317.1,1,10:00:35.297045100
2317.1,3,10:00:35.297236301
2317.1,1,10:00:35.355261528
2317.2,2,10:00:35.356764752
2317.2,1,10:00:35.357276948
2317.3,3,10:00:35.806097986
2317.2,1,10:00:35.864174732
2317.1,1,10:00:36.461015284
2317.2,4,10:00:36.461015284
2317.2,2,10:00:36.523604875
2317.2,1,10:00:36.524088213
2317.2,1,10:00:36.524841329
2317.2,1,10:00:36.525085481
2317.1,1,10:00:36.548845159
2317.1,5,10:00:36.967284828
2317.1,2,10:00:36.967510333
2317.1,1,10:00:36.967560483
2317.1,2,10:00:36.967741669
2317.1,2,10:00:36.967962006
2317.1,1,10:00:36.968029486
2317.1,2,10:00:36.968029486
2317.2,1,10:00:36.983865839
2317.2,1,10:00:37.249520859
2317.2,2,10:00:37.249577653
2317.2,1,10:00:37.249650173
2317.2,1,10:00:37.249714306
2317.2,2,10:00:37.250904784
2317.1,6,10:00:37.283605154
2317.0,1,10:00:37.598567756
2316.9,2,10:00:37.598897673
2316.8,1,10:00:39.139607154
2316.9,1,10:00:39.195235565
2316.9,2,10:00:39.196073284
2317.0,1,10:00:39.704797970
2317.0,2,10:00:40.276593057
2317.0,1,10:00:40.277061607
2317.0,1,10:00:40.277193107
2317.0,1,10:00:40.279457463
2317.1,1,10:00:40.750799158
2317.1,1,10:00:40.986664554
2317.2,1,10:00:41.027716371
2317.3,1,10:00:41.040683962
2317.4,1,10:00:41.306848892
2317.3,1,10:00:41.391170187
2317.3,1,10:00:41.391230051
2317.4,1,10:00:41.627182541
2317.4,2,10:00:41.981609622
2317.3,1,10:00:42.662676994
2317.4,1,10:00:43.914569046
2317.5,1,10:00:45.417338897
2317.5,5,10:00:45.417487031
2317.5,1,10:00:45.418757229
2317.6,1,10:00:45.418824613
2317.4,4,10:00:46.251724600
2317.4,1,10:00:46.251936614
2317.4,1,10:00:46.319510548
2317.4,4,10:00:46.672029168
2317.4,1,10:00:46.674302952
2317.4,1,10:00:46.674498866
2317.2,2,10:00:48.027273057
2317.3,3,10:00:48.027273057
2317.4,2,10:00:48.038722340
2317.4,2,10:00:50.493034066
2317.5,2,10:00:50.494330679
2317.6,1,10:00:50.674278539
2317.6,2,10:00:52.902199917
2317.5,3,10:00:54.503135578
2317.5,1,10:00:54.503189161
2317.5,3,10:00:54.503395690
2317.5,1,10:00:55.405040254
2317.6,1,10:00:55.589592622
2317.6,2,10:00:58.381747773
2317.7,1,10:00:58.384008301
2317.6,3,10:00:58.436661018
2317.6,2,10:00:58.599017290
2317.7,3,10:00:58.599858706
2317.6,1,10:00:58.599858706
2317.5,1,10:00:58.702419355
2317.5,1,10:01:00.110575837
2317.5,2,10:01:00.110802402
2317.5,2,10:01:00.111041962
2317.3,2,10:01:00.115511863
2317.4,1,10:01:00.126927484
2317.4,1,10:01:00.138621761
2317.5,1,10:01:00.495533676
2317.5,1,10:01:00.495782664
2317.6,1,10:01:00.496987574
2317.6,5,10:01:01.336242638
2317.5,3,10:01:01.691759316
2317.6,1,10:01:01.923803114
2317.6,2,10:01:03.190549023
2317.7,1,10:01:04.131026640
2317.6,5,10:01:04.309801848
2317.6,1,10:01:04.389605813
2317.6,1,10:01:04.982814594
2317.8,1,10:01:06.432827722
2317.8,4,10:01:06.433419273
2317.8,1,10:01:06.433502901
2317.9,1,10:01:06.700634402
2317.9,1,10:01:06.700872854
2318.0,1,10:01:07.063060146
2318.0,1,10:01:07.063317834
2318.1,1,10:01:07.120445309
2318.2,2,10:01:07.120452052
2318.1,1,10:01:07.206610142
2318.1,1,10:01:08.240557415
2318.1,2,10:01:08.240623618
2318.1,3,10:01:08.240834228
2318.0,1,10:01:08.241151155
2318.1,1,10:01:08.241346023
2318.1,1,10:01:08.241458186
2318.0,1,10:01:08.247388369
2318.0,2,10:01:08.247502655
2318.0,2,10:01:08.268296299
2318.0,1,10:01:08.272977830
2318.0,1,10:01:08.273278208
2317.9,2,10:01:08.297848033
2317.9,1,10:01:08.321814044
2318.1,1,10:01:08.491745689
2318.1,1,10:01:09.785263360
2318.1,2,10:01:09.785526680
2318.3,1,10:01:10.645501462
2318.2,4,10:01:10.645501462
2318.1,4,10:01:11.482579093
2318.1,1,10:01:11.582748395
2318.1,2,10:01:11.582867121
2318.1,2,10:01:11.582982397
2318.1,1,10:01:12.422633030
2318.2,1,10:01:13.496811082
2318.3,1,10:01:14.111035541
2318.2,3,10:01:14.171195962
2318.5,2,10:01:14.537011563
2318.5,1,10:01:14.537175119
2318.5,4,10:01:14.537217999
2318.5,2,10:01:14.537278196
2318.5,1,10:01:14.537329998
2318.5,1,10:01:14.537412153
2318.5,2,10:01:14.538635545
2318.6,2,10:01:14.802469785
2318.6,1,10:01:14.816700061
2318.5,1,10:01:15.119873880
2318.5,1,10:01:15.346646397
2318.4,5,10:01:15.727660987
2318.4,2,10:01:15.877293949
2318.4,1,10:01:15.877488679
2318.3,1,10:01:15.881295005
2318.3,2,10:01:15.881696620
2318.2,1,10:01:15.885330920
2318.1,3,10:01:15.885487879
2318.1,2,10:01:15.885538566
2318.1,1,10:01:15.886289192
2318.0,4,10:01:15.888578354
2317.9,5,10:01:15.889332194
2317.9,1,10:01:15.891299936
2318.0,2,10:01:15.892735334
2318.0,1,10:01:15.892827685
2317.9,2,10:01:15.892974139
2317.9,1,10:01:15.893133457
2318.0,1,10:01:15.893428577
2317.9,1,10:01:15.893554778
2317.9,1,10:01:15.893662729
2318.0,3,10:01:15.894082740
2318.0,1,10:01:15.894484284
2318.0,1,10:01:15.894573784
2318.0,3,10:01:15.981394190
2318.1,1,10:01:16.063039440
2318.0,1,10:01:16.098152527
2317.9,2,10:01:16.106790399
2317.9,1,10:01:16.130363179
2317.8,1,10:01:16.132869099
2317.8,1,10:01:16.201323684
2317.8,2,10:01:16.201538840
2317.7,1,10:01:16.211187665
2317.7,1,10:01:16.211910335
2317.7,1,10:01:16.211967412
2317.8,1,10:01:16.371707555
2317.7,1,10:01:16.373857013
2317.8,1,10:01:16.668893040
2317.8,1,10:01:16.688393297
2317.6,15,10:01:17.033099880
2317.6,1,10:01:17.033449129
2317.6,1,10:01:17.034373455
2317.6,1,10:01:17.034712921
2317.6,2,10:01:17.034745108
2317.6,1,10:01:17.034803928
2317.6,1,10:01:17.035080253
2317.6,1,10:01:17.035967763
2317.6,1,10:01:17.042064071
2317.8,2,10:01:17.218621897
2317.6,2,10:01:17.376786793
2317.7,3,10:01:17.376786793
2317.7,1,10:01:17.378105520
2317.8,2,10:01:18.076420544
2317.7,1,10:01:18.416993808
2317.8,1,10:01:18.431613052
2317.8,1,10:01:19.600316512
2317.7,3,10:01:21.189947483
2317.7,1,10:01:21.798790821
2317.7,2,10:01:21.799093522
2317.6,1,10:01:23.746827701
2317.6,4,10:01:23.747031555
2317.6,2,10:01:23.747078916
2317.5,6,10:01:25.782926956
2317.4,2,10:01:25.782940937
2317.2,5,10:01:25.906369468
2317.2,3,10:01:26.229472968
2317.3,2,10:01:26.646963453
2317.4,1,10:01:27.067886279
2317.4,1,10:01:27.068076846
2317.5,1,10:01:27.389687731
2317.5,1,10:01:27.389983360
2317.5,1,10:01:27.390521393
2317.5,1,10:01:27.391268697
2317.5,1,10:01:27.436681735
2317.5,1,10:01:27.637638959
2317.6,5,10:01:27.809530153
2317.5,4,10:01:29.422148049
2317.4,1,10:01:29.450295242
2317.6,1,10:01:30.550947454
2317.5,1,10:01:30.632368400
2317.5,1,10:01:30.802280432
2317.7,1,10:01:31.659119236
2317.7,1,10:01:31.776780313
2317.7,1,10:01:31.777066405
2317.7,1,10:01:31.777149008
2317.7,5,10:01:31.777237032
2317.6,1,10:01:32.504776875
2317.8,2,10:01:33.186665440
2317.8,1,10:01:33.186852551
2317.8,1,10:01:33.186922962
2317.8,5,10:01:33.187008602
2317.8,1,10:01:33.188520140
2317.8,1,10:01:33.188779379
2317.8,1,10:01:33.188826712
2317.8,1,10:01:33.188879107
2317.7,2,10:01:33.455553328
2317.7,1,10:01:33.455595773
2317.7,1,10:01:33.455832242
2317.8,2,10:01:33.800682516
2317.8,1,10:01:33.801991323
2317.8,1,10:01:34.374170116
2317.8,1,10:01:36.168182106
2317.8,1,10:01:36.168281520
2317.8,1,10:01:36.168392750
2317.7,2,10:01:36.420917233
2317.6,3,10:01:36.420917233
2317.8,1,10:01:36.442673433
2317.8,1,10:01:36.442728275
2317.9,2,10:01:37.532080973
2317.9,6,10:01:37.532151409
2318.0,2,10:01:37.887946649
2318.0,2,10:01:37.888141802
2318.0,1,10:01:37.888202811
2318.1,12,10:01:37.958932954
2318.1,1,10:01:39.047323467
2318.1,1,10:01:39.047441824
2318.1,3,10:01:39.047504620
2318.0,3,10:01:39.552889471
2317.9,3,10:01:40.302366496
2317.9,1,10:01:40.303268914
2317.5,7,10:01:40.728016485
2317.6,8,10:01:40.728016485
2317.7,8,10:01:40.728016485
2317.3,13,10:01:40.728016485
2317.4,5,10:01:40.728016485
2317.8,5,10:01:40.728016485
2317.9,3,10:01:40.728016485
2317.2,11,10:01:40.728016485
2317.6,1,10:01:40.730407294
2317.7,1,10:01:40.730407294
2317.4,1,10:01:40.733263944
2317.5,1,10:01:40.734969424
2317.5,1,10:01:40.735643435
2317.6,1,10:01:40.736029179
2317.6,1,10:01:40.736841843
2317.4,1,10:01:40.738011035
2317.4,1,10:01:40.738053115
2317.4,1,10:01:40.738079833
2317.4,1,10:01:40.738121245
2317.4,1,10:01:40.738161927
2317.5,1,10:01:40.738524107
2317.5,1,10:01:40.738618007
2317.4,1,10:01:40.738665288
2317.4,1,10:01:40.738786211
2317.4,1,10:01:40.738867100
2317.4,1,10:01:40.739026856
2317.4,1,10:01:40.739102858
2317.5,1,10:01:40.739160859
2317.4,2,10:01:40.739405925
2317.3,1,10:01:40.739625300
2317.3,1,10:01:40.739741348
2317.4,1,10:01:40.739804082
2317.3,1,10:01:40.740443269
2317.3,1,10:01:40.740505205
2317.3,1,10:01:40.740580259
2317.4,1,10:01:40.740743758
2317.4,5,10:01:40.741691760
2317.4,1,10:01:40.741977015
2317.4,1,10:01:40.742348961
2317.4,1,10:01:40.742821607
2317.3,1,10:01:40.742878086
2317.4,1,10:01:40.743230618
2317.5,1,10:01:40.743273386
2317.4,1,10:01:40.743273386
2317.5,1,10:01:40.743379190
2317.3,1,10:01:40.743528697
2317.3,1,10:01:40.743988348
2317.3,1,10:01:40.746147216
2317.3,1,10:01:40.748619449
2317.3,1,10:01:40.749251494
2317.3,1,10:01:40.749596406
2317.3,1,10:01:40.750374815
2317.3,1,10:01:40.750484072
2317.3,2,10:01:40.848873455
2317.2,2,10:01:40.912453183
2317.3,2,10:01:40.912533898
2317.3,2,10:01:40.913682491
2317.4,1,10:01:41.037640745
2317.4,1,10:01:41.037931061
2317.4,1,10:01:41.108379099
2317.4,1,10:01:41.135329180
2317.4,1,10:01:41.156093488
2317.4,1,10:01:41.156300861
2317.5,1,10:01:41.362926353
2317.1,32,10:01:41.373212765
2317.0,5,10:01:41.373212765
2317.4,1,10:01:41.373212765
2317.3,5,10:01:41.373212765
2317.2,7,10:01:41.373212765
2317.2,1,10:01:41.408020106
2317.1,1,10:01:41.408488669
2317.0,4,10:01:41.935308530
2317.0,1,10:01:41.936048737
2317.1,1,10:01:41.996406745
2316.9,1,10:01:42.317051392
2317.0,2,10:01:42.853056097
2316.9,1,10:01:42.899846575
2317.0,2,10:01:42.908165401
2317.1,2,10:01:42.978409445
2317.0,1,10:01:43.067547400
2317.0,1,10:01:43.251578493
2317.0,2,10:01:44.099424777
2317.1,4,10:01:44.348999807
2317.0,1,10:01:44.449515282
2317.1,6,10:01:44.510708137
2317.1,15,10:01:44.511061741
2317.1,3,10:01:44.511099924
2317.1,19,10:01:44.511376614
2317.1,1,10:01:44.511469659
2317.1,6,10:01:44.511560589
2317.2,4,10:01:44.512377098
2317.1,2,10:01:44.512377098
2317.1,1,10:01:44.513010826
2317.1,1,10:01:44.513194689
2317.2,1,10:01:44.518607924
2317.2,1,10:01:44.518853264
2317.2,1,10:01:44.519180054
2317.2,1,10:01:44.519325974
2317.1,5,10:01:44.665952369
2317.2,2,10:01:44.665952369
2317.0,2,10:01:44.665952369
2317.0,1,10:01:45.392366778
2317.1,1,10:01:45.458924722
2316.9,3,10:01:45.742447592
2317.0,1,10:01:46.356967384
2316.8,1,10:01:46.604364482
2316.8,6,10:01:46.605158520
2316.8,1,10:01:46.761014249
2316.8,1,10:01:46.761454191
2316.9,1,10:01:46.848974141
2316.8,1,10:01:47.098900099
2316.8,1,10:01:47.471760756
2316.7,1,10:01:47.518052608
2316.7,2,10:01:47.518068668
2316.8,1,10:01:47.519438780
2317.0,8,10:01:48.050085709
2316.9,8,10:01:48.050085709
2316.8,4,10:01:48.050085709
2316.9,1,10:01:48.053058396
2316.9,1,10:01:48.055368858
2317.0,2,10:01:48.414318543
2317.1,2,10:01:48.421523180
2317.0,1,10:01:48.422860013
2316.9,1,10:01:48.501894603
2317.0,2,10:01:48.567976933
2316.9,1,10:01:48.794948086
2316.9,1,10:01:49.137341926
2317.1,1,10:01:49.229206974
2317.0,1,10:01:49.293056999
2317.0,1,10:01:49.293311385
2317.0,1,10:01:49.653906978
2317.0,1,10:01:49.852923387
2317.0,1,10:01:49.876625460
2317.0,1,10:01:50.789550229
2317.0,4,10:01:50.789813225
2317.0,1,10:01:50.960257514
2317.1,1,10:01:51.340204976
2317.0,1,10:01:51.545676388
2317.1,8,10:01:51.553880195
2317.1,1,10:01:51.554692156
2317.0,1,10:01:51.990573030
2317.0,1,10:01:52.112873079
2317.0,1,10:01:52.273449778
2317.0,1,10:01:52.273667220
2316.9,1,10:01:52.331149673
2317.0,2,10:01:52.667834820
2317.1,1,10:01:52.674065556
2317.1,1,10:01:52.674272392
2317.2,5,10:01:53.826546399
2317.2,2,10:01:53.826862851
2317.2,1,10:01:53.987760287
2317.2,1,10:01:53.988016555
2317.2,1,10:01:54.767260997
2317.2,1,10:01:54.767684621
2317.2,1,10:01:54.767870282
2317.2,3,10:01:54.898573132
2317.1,1,10:01:54.940108571
2317.1,1,10:01:54.953026661
2317.0,1,10:01:55.120450225
2317.2,2,10:01:55.229999987
2317.2,1,10:01:55.312724439
2317.2,2,10:01:55.852530131
2317.3,11,10:01:56.523639348
2317.2,3,10:01:56.523639348
2317.3,16,10:01:56.524550560
2317.3,1,10:01:56.525648198
2317.3,1,10:01:56.525821930
2317.3,1,10:01:56.543809520
2317.2,1,10:01:57.915950427
2317.3,3,10:01:57.917471618
2317.3,2,10:01:58.607325085
2317.3,3,10:01:59.391889534
2317.4,11,10:01:59.392491699
2317.4,1,10:01:59.393770800
2317.4,2,10:01:59.394341890
2317.3,9,10:01:59.399223118
2317.3,19,10:01:59.399555746
2317.2,1,10:01:59.400680254
2317.3,2,10:01:59.407849525
2317.2,2,10:02:00.246636787
2317.1,2,10:02:00.246636787
2317.2,2,10:02:00.459843007
2317.2,1,10:02:00.592242141
2317.2,1,10:02:00.592498178
2317.3,4,10:02:00.806844321
2317.2,1,10:02:01.215387870
2317.4,6,10:02:01.861731373
2317.3,1,10:02:01.861731373
2317.4,16,10:02:02.186033044
2317.4,1,10:02:02.186208087
2317.4,3,10:02:02.186331587
2317.4,5,10:02:02.186421585
2317.4,1,10:02:02.206826694
2317.4,1,10:02:02.282179863
2317.3,1,10:02:02.456008179
2317.4,1,10:02:02.733077407
2317.4,1,10:02:02.818500382
2317.4,1,10:02:02.994960512
2317.5,1,10:02:03.281777316
2317.5,3,10:02:03.281825249
2317.5,5,10:02:03.282039349
2317.4,1,10:02:03.282387606
2317.5,1,10:02:03.282871309
2317.5,1,10:02:03.282944395
2317.5,1,10:02:03.329017286
2317.4,1,10:02:03.447187748
2317.6,1,10:02:04.000091487
2317.6,2,10:02:04.000341098
2317.6,1,10:02:04.000518346
2317.6,3,10:02:04.000608491
2317.6,3,10:02:04.000762411
2317.5,1,10:02:04.576248369
2317.5,2,10:02:04.576451944
2317.5,1,10:02:04.576549817
2317.5,1,10:02:04.576633999
2317.4,3,10:02:04.980979158
2317.4,2,10:02:05.094117427
2317.4,1,10:02:05.094410572
2317.4,1,10:02:05.207028241
2317.5,1,10:02:05.478906980
2317.6,1,10:02:05.780122379
2317.6,1,10:02:05.780168486
2317.7,1,10:02:05.781545185
2317.7,2,10:02:05.781918050
2317.7,1,10:02:05.781965603
2317.7,5,10:02:05.782070351
2317.7,3,10:02:05.782166919
2317.7,1,10:02:05.782321399
2317.7,2,10:02:05.782367227
2317.8,1,10:02:05.796684411
2317.8,3,10:02:05.796795030
2317.8,1,10:02:05.796837441
2317.8,11,10:02:05.797223113
2317.9,3,10:02:05.799088084
2317.9,2,10:02:05.799144121
2317.9,2,10:02:05.808031176
2318.0,1,10:02:05.828247822
2318.0,1,10:02:05.829281289
2318.1,3,10:02:05.894281211
2318.1,4,10:02:05.894879704
2318.2,2,10:02:05.902908640
2318.2,1,10:02:05.903135079
2318.2,1,10:02:05.903256919
2318.2,1,10:02:05.903383692
2318.3,6,10:02:05.920595229
2318.3,1,10:02:05.920899280
2318.3,1,10:02:05.921077612
2318.3,2,10:02:05.921317537
2318.2,4,10:02:05.924591823
2318.2,1,10:02:05.933412862
2318.3,1,10:02:06.090134755
2318.3,1,10:02:06.090954016
2318.3,2,10:02:06.092169903
2318.3,1,10:02:06.092743595
2318.2,1,10:02:06.477382415
2318.3,1,10:02:06.477431353
2318.2,2,10:02:06.477647303
2318.3,2,10:02:06.947409674
2318.3,1,10:02:07.126507976
2318.2,1,10:02:07.254843841
2318.2,1,10:02:07.255050044
2318.1,2,10:02:07.484311771
2318.1,1,10:02:07.484607495
2318.1,1,10:02:07.492713862
2318.1,2,10:02:07.492947534
2318.1,1,10:02:07.608661876
2318.2,1,10:02:07.686036470
2318.2,1,10:02:07.686895624
2318.1,1,10:02:08.104801636
2318.1,3,10:02:08.624014786
2317.9,1,10:02:09.059673135
2317.9,1,10:02:09.060157832
2318.0,1,10:02:09.233550170
2317.9,4,10:02:09.327619363
2318.0,2,10:02:09.331666226
2318.1,8,10:02:09.331666226
2318.2,1,10:02:09.331666226
2317.9,8,10:02:10.948748829
2318.0,7,10:02:10.948748829
2317.8,3,10:02:10.948748829
2318.0,1,10:02:10.965223963
2318.0,4,10:02:11.106278001
2318.1,12,10:02:11.106278001
2318.2,2,10:02:11.108238790
2318.2,1,10:02:12.433171187
2318.2,1,10:02:12.434092319
2318.2,1,10:02:12.434546261
2318.1,5,10:02:13.033579253
2318.1,1,10:02:13.033827294
2318.2,1,10:02:13.690380817
2318.3,1,10:02:13.712679300
2318.4,1,10:02:14.679321654
2318.4,1,10:02:14.680486820
2318.4,1,10:02:15.459383747
2318.5,3,10:02:15.518534372
2318.5,1,10:02:15.664885430
2318.5,1,10:02:15.665151199
2318.5,2,10:02:15.665196822
2318.5,1,10:02:15.665254363
2318.4,1,10:02:15.759843115
2318.5,1,10:02:15.837370594
2318.4,1,10:02:16.103678201
2318.4,2,10:02:16.712552869
2318.6,1,10:02:16.731631049
2318.6,1,10:02:16.731813328
2318.5,2,10:02:16.844684687
2318.5,1,10:02:16.845273118
2318.6,1,10:02:16.977797625
2318.4,3,10:02:17.106232682
2318.3,2,10:02:17.106232682
2318.4,1,10:02:17.108179524
2318.5,1,10:02:17.124614387
2318.6,5,10:02:17.266615963
2318.6,1,10:02:17.491789550
2318.7,1,10:02:17.736363910
2318.7,1,10:02:17.736681094
2318.7,1,10:02:17.737296389
2318.7,1,10:02:18.365764440
2318.7,1,10:02:18.366015492
2318.7,1,10:02:18.437356216
2318.7,2,10:02:18.756248728
2318.7,1,10:02:18.758112088
2318.7,1,10:02:19.317384007
2318.7,1,10:02:19.912565845
2318.6,1,10:02:19.927086765
2318.6,1,10:02:19.933111184
2318.5,1,10:02:19.963715940
2318.6,4,10:02:20.073269144
2318.6,1,10:02:20.073651658
2318.6,5,10:02:20.073836286
2318.7,1,10:02:20.440641369
2318.6,1,10:02:20.441356658
2318.6,2,10:02:21.515438138
2318.6,1,10:02:21.516038620
2318.5,1,10:02:22.070986529
2318.5,3,10:02:23.257898170
2318.8,1,10:02:23.823070059
2318.7,6,10:02:23.823070059
2318.7,1,10:02:24.218951201
2318.6,1,10:02:24.376459519
2318.7,1,10:02:24.588555805
2318.7,2,10:02:25.086205104
2318.7,3,10:02:25.096313145
2318.8,1,10:02:25.096313145
2318.8,2,10:02:25.113975369
2318.8,1,10:02:25.115166650
2318.6,1,10:02:25.325393366
2318.7,1,10:02:26.273151746
2318.8,1,10:02:26.706446894
2318.9,1,10:02:26.913657145
2319.0,1,10:02:26.964196478
2319.0,2,10:02:26.964208431
2318.9,1,10:02:27.122949496
2318.9,2,10:02:27.135210155
2318.8,1,10:02:27.511439924
2318.8,1,10:02:27.767616315
2318.8,1,10:02:28.087855053
2318.7,1,10:02:28.123769046
2318.6,1,10:02:28.349014756
2318.8,1,10:02:30.065933236
2318.9,1,10:02:30.117446387
2318.9,5,10:02:30.773910690
2319.0,2,10:02:30.774468464
2319.0,1,10:02:30.774514209
2319.0,3,10:02:30.774593378
2319.0,2,10:02:30.774625802
2319.0,1,10:02:30.776828221
2319.1,2,10:02:31.211847443
2319.1,2,10:02:31.211859984
2319.1,1,10:02:31.226086277
2319.2,12,10:02:32.247465658
2319.2,1,10:02:32.247952378
2319.2,5,10:02:32.248029565
2319.2,3,10:02:32.248239578
2319.2,2,10:02:32.249761608
2319.1,1,10:02:32.250027943
2319.1,2,10:02:32.250120396
2319.1,1,10:02:32.250281762
2319.2,1,10:02:32.522905281
2319.1,2,10:02:32.545706707
2319.0,1,10:02:32.859976986
2319.1,1,10:02:32.862142140
2319.1,2,10:02:32.862420069
2319.1,1,10:02:32.862796192
2319.0,1,10:02:32.898886765
2319.0,2,10:02:32.899198230
2319.0,1,10:02:32.899456872
2319.0,1,10:02:32.907714485
2318.9,2,10:02:32.911055036
2318.9,1,10:02:32.930604255
2319.0,1,10:02:33.110140260
2319.0,1,10:02:33.110317684
2318.9,2,10:02:33.365969405
2318.9,1,10:02:33.366839013
2318.9,1,10:02:33.367195065
2318.9,1,10:02:33.730423955
2319.1,1,10:02:34.137137173
2319.0,7,10:02:34.194169194
2318.9,2,10:02:34.194272016
2318.9,3,10:02:35.282055818
2319.0,2,10:02:36.279478554
2318.9,1,10:02:37.898109572
2318.9,1,10:02:37.898386627
2318.9,1,10:02:38.367279858
2318.9,1,10:02:38.427779514
2318.8,2,10:02:38.427779514
2318.9,1,10:02:39.504452484
2319.0,1,10:02:40.010546950
2319.0,2,10:02:40.010819452
2318.9,4,10:02:40.011318546
2318.9,1,10:02:40.787360247
2318.9,1,10:02:40.811121109
2319.0,1,10:02:40.989448163
2319.0,1,10:02:41.010875145
2319.1,5,10:02:41.411402508
2318.9,1,10:02:41.438108425
2318.9,2,10:02:41.885042145
2318.9,7,10:02:41.885268044
2318.8,1,10:02:41.885823652
2318.7,5,10:02:41.886725155
2318.7,1,10:02:41.886803384
2318.8,1,10:02:41.887686739
2318.8,1,10:02:41.887775426
2318.7,1,10:02:41.887933730
2318.6,2,10:02:41.888241301
2318.7,1,10:02:41.890658201
2318.6,1,10:02:41.920384066
2318.8,1,10:02:41.924015480
2318.8,2,10:02:41.938141572
2318.9,1,10:02:43.075583429
2318.9,1,10:02:43.083793943
2319.0,5,10:02:44.943647828
2319.0,1,10:02:44.943725996
2319.0,1,10:02:44.943980318
2319.0,1,10:02:44.944230465
2319.0,1,10:02:44.997277152
2319.0,1,10:02:46.231134297
2318.9,1,10:02:46.231232824
2319.1,1,10:02:46.838514422
2319.2,1,10:02:46.838525958
2319.1,1,10:02:46.858426958
2319.1,2,10:02:47.455770142
2319.1,1,10:02:47.903086992
2319.1,1,10:02:48.106291600
2319.0,1,10:02:48.635029130
2319.1,1,10:02:49.630343823
2319.0,1,10:02:50.184158981
2319.2,3,10:02:52.553242345
2319.2,5,10:02:52.795748876
2319.2,1,10:02:52.796045724
2319.3,1,10:02:52.842176585
2319.3,6,10:02:52.842395326
2319.2,1,10:02:53.152826617
2319.2,1,10:02:53.263027265
2319.2,1,10:02:53.272915009
2319.2,2,10:02:53.273003475
2319.1,2,10:02:53.273066558
2319.1,1,10:02:53.273988375
2319.0,1,10:02:53.274669509
2319.3,1,10:02:53.307098296
2319.2,1,10:02:53.323607125
2319.2,1,10:02:53.324225060
2319.1,1,10:02:53.371178908
2319.1,1,10:02:53.371540455
2319.1,1,10:02:53.559161036
2319.1,1,10:02:53.579792025
2319.1,1,10:02:53.600916396
2319.0,1,10:02:54.514452992
2319.1,1,10:02:54.516004629
2319.2,3,10:02:54.516091556
2319.3,1,10:02:54.533200351
2319.2,1,10:02:55.408419218
2319.2,1,10:02:55.408499994
2319.2,3,10:02:55.633099888
2319.1,2,10:02:55.633099888
2319.1,2,10:02:56.159715484
2319.3,3,10:02:56.977987603
2319.3,1,10:02:56.989919415
2319.4,1,10:02:57.951800475
2319.4,1,10:02:57.952659756
2319.4,1,10:02:59.207873185
2319.5,6,10:03:00.007788947
2319.4,1,10:03:00.613526597
2319.5,2,10:03:00.798541362
2319.5,2,10:03:00.799128526
2319.4,2,10:03:01.163701164
2319.4,9,10:03:01.229581471
2319.3,5,10:03:01.486504548
2319.3,1,10:03:02.293427239
2319.3,1,10:03:02.457289494
2319.3,1,10:03:02.457465166
2319.4,1,10:03:03.036327104
2319.4,2,10:03:03.078752848
2319.4,2,10:03:04.602625335
2319.4,2,10:03:04.602694831
2319.4,1,10:03:04.602745815
2319.4,1,10:03:04.630674393
2319.4,1,10:03:04.630852249
2319.5,6,10:03:05.016847554
2319.5,1,10:03:05.017429784
2319.5,4,10:03:05.017456274
2319.5,1,10:03:05.017514873
2319.5,1,10:03:05.180145714
2319.5,1,10:03:05.370264923
2319.6,1,10:03:05.385573100
2319.6,2,10:03:05.385639442
2319.6,1,10:03:05.385726096
2319.6,1,10:03:05.611914248
2319.6,1,10:03:07.253172368
2319.6,1,10:03:07.289962629
2319.7,4,10:03:07.839854689
2319.8,1,10:03:07.881120912
2319.8,8,10:03:07.881443571
2319.9,1,10:03:07.948963592
2319.9,2,10:03:07.974118704
2319.9,1,10:03:07.974415763
2319.9,1,10:03:07.998516795
2319.9,1,10:03:08.044188649
2319.9,1,10:03:08.044358882
2319.9,1,10:03:08.044502712
2320.0,3,10:03:08.076366627
2320.0,2,10:03:08.076600501
2320.0,1,10:03:08.076641551
2320.0,1,10:03:08.076679014
2320.0,4,10:03:08.076775303
2320.0,1,10:03:08.076842448
2320.0,12,10:03:08.076908190
2320.1,3,10:03:08.078935666
2320.1,1,10:03:08.085711878
2320.1,1,10:03:08.085917325
2320.0,2,10:03:08.089497349
2320.0,2,10:03:08.089705970
2319.9,1,10:03:08.099156961
2319.9,1,10:03:08.141180668
2320.0,2,10:03:08.148497219
2320.0,1,10:03:08.178446281
2320.1,1,10:03:08.258061965
2320.2,1,10:03:08.274851701
2320.1,1,10:03:08.364948359
2320.1,2,10:03:08.403834953
2320.1,1,10:03:08.404324461
2320.1,1,10:03:08.404981274
2320.2,4,10:03:08.634576221
2320.3,1,10:03:08.634576221
2320.3,1,10:03:08.634589287
2320.5,4,10:03:08.648429949
2320.3,7,10:03:08.648429949
2320.4,9,10:03:08.648429949
2320.5,1,10:03:08.648439181
2320.3,1,10:03:08.650918707
2320.3,1,10:03:08.651075322
2320.3,1,10:03:08.651165970
2320.4,1,10:03:08.651296881
2320.4,1,10:03:08.652170992
2320.3,1,10:03:08.652170992
2320.4,2,10:03:08.666599196
2320.3,1,10:03:08.737830140
2320.3,1,10:03:08.738006028
2320.2,4,10:03:09.149397320
2320.3,1,10:03:09.155519111
2320.2,1,10:03:09.156055419
2320.2,4,10:03:09.182050508
2320.2,1,10:03:09.182568625
2320.3,1,10:03:09.330305759
2320.2,1,10:03:09.873214500
2320.1,1,10:03:10.416597238
2320.3,1,10:03:10.419110652
2320.3,2,10:03:10.419354350
2320.3,1,10:03:10.469241630
2320.2,5,10:03:10.808349537
2320.3,5,10:03:10.808349537
2320.2,4,10:03:10.976494333
2320.3,1,10:03:10.977236782
2320.4,1,10:03:11.801637537
2320.4,1,10:03:11.802191615
2320.3,1,10:03:11.885117607
2320.3,1,10:03:11.885210552
2320.4,1,10:03:11.943778307
2320.3,1,10:03:12.124858363
2320.4,1,10:03:12.372251410
2320.5,6,10:03:13.524310740
2320.6,7,10:03:13.524310740
2320.4,3,10:03:13.524310740
2320.5,1,10:03:13.525725441
2320.5,1,10:03:13.525796540
2320.5,2,10:03:13.526839998
2320.4,1,10:03:13.528601803
2320.4,2,10:03:13.970072351
2320.3,1,10:03:14.426219803
2320.3,3,10:03:14.426547922
2320.3,1,10:03:14.426601327
2320.3,1,10:03:14.426803175
2320.4,6,10:03:14.599805898
2320.4,1,10:03:15.098059408
2320.4,3,10:03:15.333095735
2320.4,3,10:03:15.333349840
2320.4,1,10:03:15.334083438
2320.2,1,10:03:15.362141408
2320.2,4,10:03:15.362284649
2320.2,1,10:03:15.699458995
2320.2,1,10:03:15.699564825
2320.2,1,10:03:15.815186482
2320.3,1,10:03:16.099631827
2320.3,1,10:03:17.307203243
2320.3,2,10:03:17.307467936
2320.4,2,10:03:17.655268924
2320.3,1,10:03:17.897553912
2320.3,1,10:03:17.899002124
2320.4,1,10:03:18.435277016
2320.4,1,10:03:18.435898846
2320.3,2,10:03:18.536820603
2320.2,1,10:03:18.638155102
2320.1,1,10:03:19.082472914
2320.1,1,10:03:19.225104916
2320.1,5,10:03:19.641628632
2320.1,1,10:03:20.530499910
2320.0,2,10:03:20.824910402
2319.9,4,10:03:20.876568411
2319.8,4,10:03:20.876629671
2319.9,1,10:03:21.152724940
2319.8,4,10:03:21.190837668
2320.0,1,10:03:22.182149661
2320.0,5,10:03:22.724465229
2319.9,2,10:03:23.387494397
2319.7,1,10:03:23.761307500
2319.7,2,10:03:24.056998748
2319.6,5,10:03:24.414416137
2319.6,3,10:03:24.414769232
2319.5,5,10:03:25.045042158
2319.4,2,10:03:25.045042158
2319.4,1,10:03:25.569476944
2319.5,1,10:03:25.613084587
2319.5,1,10:03:25.613646672
2319.4,4,10:03:26.542996090
2319.3,2,10:03:26.543082453
2319.4,2,10:03:26.543082453
2319.4,1,10:03:26.544279421
2319.5,1,10:03:26.559836118
2319.6,1,10:03:27.456209521
2319.7,2,10:03:28.206933095
2319.6,1,10:03:28.210657782
2319.5,3,10:03:28.210721092
2319.5,1,10:03:28.211271653
2319.4,1,10:03:28.211662896
2319.5,4,10:03:28.367509654
2319.4,3,10:03:28.367509654
2319.5,1,10:03:30.194642281
2319.5,1,10:03:30.195525742
2319.6,1,10:03:30.690465358
2319.6,3,10:03:31.612003138
2319.5,6,10:03:31.640385899
2319.5,4,10:03:32.330443089
2319.5,2,10:03:32.330932994
2319.4,1,10:03:32.330932994
2319.5,4,10:03:33.170899767
2319.4,2,10:03:33.170984086
2319.5,2,10:03:33.170984086
2319.5,1,10:03:33.198018516
2319.5,2,10:03:33.214023229
2319.4,2,10:03:33.216275453
2319.4,2,10:03:33.216558950
2319.3,2,10:03:33.217733601
2319.5,1,10:03:33.504391013
2319.4,1,10:03:33.511624519
2319.5,1,10:03:33.732544264
2319.5,1,10:03:33.732770806
2319.5,1,10:03:33.733168382
2319.5,2,10:03:34.278574791
2319.4,1,10:03:34.598421497
2319.4,3,10:03:34.598520652
2319.3,2,10:03:34.599387604
2319.4,2,10:03:34.599387604
2319.4,2,10:03:34.600020631
2319.3,7,10:03:35.653222492
2319.4,1,10:03:35.653835087
2319.4,1,10:03:36.250776107
2319.3,3,10:03:38.004894395
2319.5,4,10:03:40.264946952
2319.4,1,10:03:40.265866949
2319.4,1,10:03:40.266830907
2319.3,2,10:03:40.698611394
2319.3,1,10:03:40.707873839
2319.3,1,10:03:40.708128916
2319.3,1,10:03:40.881470159
2319.3,2,10:03:40.921221913
2319.2,1,10:03:41.666962241
2319.3,1,10:03:43.087422259
2319.2,2,10:03:43.087574250
2319.4,6,10:03:44.060844955
2319.5,10,10:03:44.060844955
2319.3,4,10:03:44.060844955
2319.6,7,10:03:44.060844955
2319.6,2,10:03:44.062770041
2319.6,3,10:03:44.063513989
2319.6,1,10:03:44.063560060
2319.6,3,10:03:44.063593200
2319.6,3,10:03:44.063655390
2319.6,3,10:03:44.063706812
2319.6,3,10:03:44.063729443
2319.6,3,10:03:44.063786052
2319.6,1,10:03:44.064237277
2319.6,1,10:03:44.064301631
2319.6,1,10:03:44.066098544
2319.7,3,10:03:44.066270473
2319.7,1,10:03:44.066314714
2319.7,1,10:03:44.066618480
2319.7,1,10:03:44.066910842
2319.6,3,10:03:44.066910842
2319.6,1,10:03:44.067045167
2319.6,1,10:03:44.067187263
2319.6,1,10:03:44.067997855
2319.7,1,10:03:44.068144988
2319.6,1,10:03:44.070991375
2319.4,1,10:03:44.139041903
2319.3,1,10:03:44.405071886
2319.3,1,10:03:44.462628222
2319.3,1,10:03:44.471349659
2319.2,1,10:03:44.478267875
2319.4,1,10:03:44.650781362
2319.4,1,10:03:44.650807234
2319.4,1,10:03:44.994352347
2319.3,4,10:03:45.391163057
2319.3,1,10:03:46.364665270
2319.4,1,10:03:46.756589368
2319.4,1,10:03:46.756628474
2319.4,1,10:03:47.667619167
2319.4,1,10:03:47.668008730
2319.4,1,10:03:47.695597529
2319.2,10,10:03:49.029103480
2319.1,4,10:03:49.029103480
2319.3,5,10:03:49.029103480
2319.2,1,10:03:49.032722997
2319.2,1,10:03:50.484578788
2319.2,2,10:03:50.486439493
2319.2,1,10:03:50.486893385
2319.2,1,10:03:50.488010550
2319.2,1,10:03:51.333228792
2319.7,11,10:03:51.680116817
2319.5,9,10:03:51.680116817
2319.8,2,10:03:51.680116817
2319.4,14,10:03:51.680116817
2319.6,6,10:03:51.680116817
2319.2,1,10:03:51.680116817
2319.3,7,10:03:51.680116817
2319.5,1,10:03:51.685135037
2319.5,1,10:03:51.685600937
2319.5,1,10:03:51.685628727
2319.6,1,10:03:51.686856371
2319.6,1,10:03:51.687286031
2319.6,1,10:03:51.688761893
2319.6,1,10:03:51.688880696
2319.5,1,10:03:51.701411067
2319.5,1,10:03:51.704612175
2319.4,3,10:03:51.714723463
2319.5,1,10:03:51.722397247
2319.3,5,10:03:51.748030665
2319.5,1,10:03:52.097034093
2319.5,1,10:03:53.141370607
2319.5,1,10:03:53.142222822
2319.5,1,10:03:53.142294843
2319.4,1,10:03:53.142408596
2319.4,2,10:03:54.673212376
2319.5,1,10:03:55.010806726
2319.4,1,10:03:57.757027013
2319.4,1,10:03:57.967794203
2319.4,1,10:04:00.172996204
2319.4,1,10:04:00.173348238
2319.3,1,10:04:00.258418421
2319.3,2,10:04:00.258463340
2319.3,1,10:04:00.259462842
2319.2,1,10:04:00.749305290
2319.2,1,10:04:00.749510075
2319.0,1,10:04:01.127132807
2319.1,1,10:04:01.753335458
2319.0,2,10:04:01.976355053
2319.0,5,10:04:01.976786443
2318.8,1,10:04:02.120186788
2318.9,1,10:04:02.243342153
2318.8,1,10:04:03.346563536
2318.8,1,10:04:03.346992949
2318.9,4,10:04:03.946697961
2318.8,3,10:04:04.214999455
2319.0,4,10:04:04.244538900
2319.1,1,10:04:04.501970525
2319.1,2,10:04:04.502131722
2319.1,1,10:04:04.502307370
2319.0,1,10:04:04.855349842
2319.0,1,10:04:04.855740484
2319.0,1,10:04:04.855846915
2319.1,1,10:04:05.061014200
2319.2,2,10:04:05.242552840
2319.1,1,10:04:05.279496157
2319.0,2,10:04:06.197575843
2319.1,2,10:04:07.283450212
2319.0,1,10:04:07.485952298
2319.0,1,10:04:09.287461153
2319.2,1,10:04:11.455030790
2319.1,1,10:04:12.094532802
2318.9,2,10:04:13.224224726
2318.9,3,10:04:14.170142307
2318.9,1,10:04:14.170220562
2318.9,1,10:04:14.219608979
2318.9,1,10:04:14.220794215
2319.0,2,10:04:15.045658313
2319.1,5,10:04:15.045658313
2318.9,5,10:04:15.439618765
2318.9,2,10:04:15.440068295
2318.9,1,10:04:15.440783599
2319.0,2,10:04:17.246717687
2318.9,1,10:04:17.279805601
2318.9,1,10:04:18.685500539
2318.9,1,10:04:18.685604784
2318.8,1,10:04:21.814031323
2318.8,2,10:04:24.349787094
2318.8,1,10:04:24.351043788
2318.9,1,10:04:24.629752982
2318.9,3,10:04:24.630069650
2318.9,1,10:04:24.631568731
2319.0,1,10:04:25.519023488
2319.0,1,10:04:25.519254007
2319.0,2,10:04:25.519514611
2319.0,1,10:04:25.519700292
2319.0,1,10:04:25.519764050
2319.1,1,10:04:26.423066762
2319.1,1,10:04:26.423380147
2319.1,1,10:04:27.011776301
2319.1,1,10:04:27.420433504
2319.0,1,10:04:28.815009867
2318.9,1,10:04:28.847904772
2318.8,1,10:04:28.884543986
2318.7,1,10:04:29.965911369
2318.9,1,10:04:30.541870425
2318.9,1,10:04:30.739427971
2319.0,1,10:04:30.969491693
2319.0,5,10:04:32.458284773
2319.0,1,10:04:33.082815613
2319.0,1,10:04:33.085590636
2319.0,1,10:04:33.962320484
2319.0,1,10:04:33.962526930
2319.2,3,10:04:37.101126341
2319.2,1,10:04:37.102736078
2319.2,1,10:04:37.103408788
2319.3,1,10:04:37.141285967
2319.3,1,10:04:38.669827874
2319.3,2,10:04:40.068748721
2319.3,2,10:04:40.068958552
2319.3,2,10:04:40.069086513
2319.4,1,10:04:40.297327540
2319.4,3,10:04:40.297574649
2319.4,2,10:04:40.297651805
2319.4,1,10:04:40.297697371
2319.4,1,10:04:40.301586352
2319.3,2,10:04:40.690334180
2319.4,2,10:04:41.185145099
2319.4,1,10:04:41.185797428
2319.4,1,10:04:41.186042144
2319.4,1,10:04:41.205713164
2319.4,1,10:04:42.025292971
2319.4,1,10:04:42.025642894
2319.4,1,10:04:42.026231690
2319.4,1,10:04:42.026275640
2319.4,1,10:04:42.026326224
2319.4,1,10:04:42.050033318
2319.4,1,10:04:42.074160892
2319.4,1,10:04:42.097917281
2319.4,1,10:04:42.116974695
2319.4,1,10:04:42.121773572
2319.3,1,10:04:42.345643122
2319.3,1,10:04:42.346032439
2319.4,1,10:04:48.552407396
2319.3,2,10:04:48.914902553
2319.4,1,10:04:53.268543125
2319.5,1,10:04:56.357522802
2319.4,1,10:04:57.330429567
2319.4,6,10:05:04.445153240
2319.5,1,10:05:04.445811747
2319.4,1,10:05:04.445811747
2319.5,1,10:05:04.445928915
2319.3,1,10:05:04.446127574
2319.3,2,10:05:04.446138215
2319.4,1,10:05:04.446832664
2319.5,1,10:05:04.475604497
2319.6,1,10:05:04.590397345
2319.6,3,10:05:04.590641363
2319.6,3,10:05:04.590720381
2319.6,1,10:05:04.590767070
2319.6,1,10:05:04.590788856
2319.6,4,10:05:04.590864509
2319.6,2,10:05:04.907401287
2319.5,1,10:05:05.074335430
2319.6,2,10:05:06.745648173
2319.6,2,10:05:08.448804935
2319.6,1,10:05:08.448916626
2319.6,1,10:05:10.462519155
2319.6,2,10:05:12.396998687
2319.6,1,10:05:12.397367750
2319.5,3,10:05:14.366800839
2319.4,1,10:05:14.366800839
2319.7,1,10:05:14.971518618
2319.7,2,10:05:14.971573025
2319.6,1,10:05:15.059680839
2319.6,1,10:05:15.060125636
2319.5,2,10:05:15.918951547
2319.5,2,10:05:17.031546240
2319.7,1,10:05:17.971365963
2319.6,1,10:05:18.048298374
2319.6,2,10:05:19.659291113
2319.7,2,10:05:19.848258434
2319.6,6,10:05:21.061941160
2319.5,1,10:05:21.071103933
2319.6,1,10:05:21.774414507
2319.6,1,10:05:22.507907474
2319.5,4,10:05:22.752455512
2319.5,1,10:05:22.802473964
2319.5,4,10:05:22.802687162
2319.5,6,10:05:22.802746386
2319.5,1,10:05:22.802783827
2319.5,3,10:05:22.802810237
2319.5,1,10:05:22.802872433
2319.4,2,10:05:22.803402857
2319.4,5,10:05:22.803445299
2319.5,1,10:05:22.804459352
2319.4,1,10:05:22.804926231
2319.4,1,10:05:22.833559623
2319.5,1,10:05:25.332087172
2319.3,1,10:05:26.692908003
2319.4,2,10:05:26.692908003
2319.3,1,10:05:26.724397411
2319.4,2,10:05:26.734034584
2319.5,2,10:05:26.869884171
2319.6,1,10:05:27.083297963
2319.5,1,10:05:28.687635066
2319.5,1,10:05:28.687770278
2319.3,1,10:05:29.027235916
2319.3,3,10:05:29.091888457
2319.4,2,10:05:29.694852202
2319.3,1,10:05:30.387118501
2319.3,2,10:05:30.387355162
2319.4,1,10:05:30.759337387
2319.4,1,10:05:30.888098936
2319.4,1,10:05:32.598505717
2319.4,1,10:05:32.598787073
2319.6,1,10:05:36.355927861
2319.7,2,10:05:38.085306626
2319.7,1,10:05:38.364334967
2319.7,1,10:05:38.364370395
2319.6,1,10:05:40.353102214
2319.6,2,10:05:40.353147401
2319.6,2,10:05:40.353236248
2319.6,1,10:05:40.353723234
2319.6,2,10:05:40.354858345
2319.6,1,10:05:40.945594232
2319.7,1,10:05:44.443139439
2319.7,1,10:05:45.359658275
2319.7,2,10:05:45.360738985
2319.6,1,10:05:49.567023176
2319.6,1,10:05:49.567050156
2319.6,1,10:05:49.568598005
2319.6,3,10:05:49.573526440
2319.5,1,10:05:49.573526440
2319.5,1,10:05:49.613313884
2319.5,3,10:05:49.613567178
2319.4,3,10:05:49.633543068
2319.3,1,10:05:49.633543068
2319.3,1,10:05:49.634999491
2319.4,1,10:05:49.635469222
2319.3,2,10:05:49.678967205
2319.3,1,10:05:49.679568660
2319.3,1,10:05:49.800221490
2319.3,2,10:05:49.800430679
2319.3,1,10:05:49.801266862
2319.3,1,10:05:49.894532066
2319.2,2,10:05:49.954770840
2319.2,2,10:05:49.955219671
2319.1,1,10:05:49.988466321
2319.1,1,10:05:49.988759334
2318.5,17,10:05:49.990615572
2318.6,11,10:05:49.990615572
2318.7,12,10:05:49.990615572
2318.4,4,10:05:49.990615572
2318.8,5,10:05:49.990615572
2319.0,5,10:05:49.990615572
2318.9,6,10:05:49.990615572
2318.3,15,10:05:49.991069768
2318.2,3,10:05:49.991069768
2318.4,7,10:05:49.991069768
2318.2,1,10:05:49.991075634
2318.2,2,10:05:49.991351528
2318.2,1,10:05:49.991359858
2318.9,1,10:05:49.993460088
2318.8,1,10:05:49.993460088
2318.8,1,10:05:49.994001680
2318.6,1,10:05:49.996714979
2318.7,1,10:05:49.996920487
2318.7,1,10:05:49.997301241
2318.8,1,10:05:49.999304334
2318.6,1,10:05:49.999514607
2318.7,1,10:05:49.999805269
2318.6,1,10:05:50.000821052
2318.6,2,10:05:50.000985184
2318.6,1,10:05:50.001599378
2318.7,1,10:05:50.002893133
2318.6,3,10:05:50.004704510
2318.6,1,10:05:50.005654731
2318.5,1,10:05:50.007038873
2318.7,1,10:05:50.007546327
2318.6,1,10:05:50.007546327
2318.6,1,10:05:50.008949181
2318.5,2,10:05:50.009001732
2318.5,1,10:05:50.017588778
2318.5,1,10:05:50.017626590
2318.5,1,10:05:50.017778760
2318.5,1,10:05:50.018869915
2318.5,1,10:05:50.019077298
2318.5,1,10:05:50.019120560
2318.6,1,10:05:50.058180997
2318.5,1,10:05:50.071206398
2318.4,1,10:05:50.113229215
2318.4,1,10:05:50.138050639
2318.5,1,10:05:50.213676329
2318.6,1,10:05:50.213836432
2318.6,1,10:05:50.265000831
2318.5,1,10:05:50.368909248
2318.6,1,10:05:50.375948366
2318.5,5,10:05:50.739197357
2318.5,2,10:05:50.741457614
2318.5,2,10:05:50.751025560
2318.5,2,10:05:50.980878542
2318.5,1,10:05:50.981152493
2318.5,1,10:05:50.981521601
2318.5,1,10:05:50.981589407
2318.5,2,10:05:52.085162866
2318.4,2,10:05:52.085307918
2318.5,1,10:05:52.085532595
2318.4,1,10:05:52.093349827
2318.3,1,10:05:52.206797623
2318.2,2,10:05:52.606199160
2318.3,1,10:05:52.688329799
2318.3,1,10:05:52.688633158
2318.3,2,10:05:52.688811137
2318.2,1,10:05:52.790197463
2318.3,1,10:05:52.790517924
2318.4,1,10:05:53.553637003
2318.4,1,10:05:53.622736367
2318.3,1,10:05:53.826835737
2318.5,1,10:05:54.842021508
2318.5,1,10:05:54.980342875
2318.4,1,10:05:55.500456993
2318.4,1,10:05:55.501302050
2318.3,1,10:05:55.501717633
2318.4,3,10:05:57.757283010
2318.2,1,10:05:58.049172258
2318.3,2,10:05:58.607301409
2318.2,4,10:05:58.607301409
2318.4,2,10:05:58.613675081
2318.4,1,10:05:58.616069800
2318.4,1,10:05:58.616469825
2318.4,1,10:05:58.616723836
2318.5,2,10:05:59.120543792
2318.5,3,10:05:59.120696521
2318.5,1,10:05:59.528448251
2318.6,1,10:06:00.405775866
2318.6,1,10:06:00.405807262
2318.5,2,10:06:00.410345776
2318.5,2,10:06:00.778293171
2318.4,1,10:06:00.950340903
2318.7,2,10:06:01.879306729
2318.6,3,10:06:01.879306729
2318.7,2,10:06:01.898429806
2318.7,1,10:06:01.913405985
2318.6,1,10:06:05.153534200
2318.7,2,10:06:05.154394387
2318.8,2,10:06:05.350920354
2318.7,1,10:06:06.037782621
2318.7,1,10:06:06.038066813
2318.7,1,10:06:07.074277989
2318.7,1,10:06:07.074638531
2318.9,1,10:06:07.361308198
2318.8,1,10:06:08.875219985
2318.8,1,10:06:08.875450473
2318.8,1,10:06:08.876093622
2318.8,2,10:06:12.412306619
2318.9,2,10:06:12.433530866
2319.0,6,10:06:12.634182784
2319.1,13,10:06:12.634182784
2319.2,6,10:06:12.634182784
2319.1,1,10:06:12.682907531
2319.0,1,10:06:13.044871047
2319.0,1,10:06:14.003951784
2319.1,2,10:06:16.330648672
2319.0,1,10:06:18.035104686
2319.0,1,10:06:18.891886325
2318.9,4,10:06:19.958269910
2318.8,1,10:06:20.039152066
2318.7,2,10:06:20.121390092
2318.9,2,10:06:21.510136404
2318.7,1,10:06:21.612641622
2318.6,1,10:06:21.761674422
2318.7,1,10:06:23.042755820
2318.6,1,10:06:27.040113563
2318.6,3,10:06:27.040469756
2318.6,1,10:06:27.042368190
2318.5,3,10:06:29.429247620
2318.5,1,10:06:29.430307794
2318.6,2,10:06:32.267361579
2318.5,1,10:06:34.045343523
2318.5,2,10:06:34.412360599
2318.7,6,10:06:34.512926168
2318.6,4,10:06:34.512926168
2318.5,4,10:06:34.523828669
2318.5,1,10:06:37.243369491
2318.6,1,10:06:39.324955616
2318.6,1,10:06:39.325136920
2318.6,2,10:06:39.325256580
2318.6,1,10:06:39.703136811
2318.6,1,10:06:41.054792401
2318.4,3,10:06:42.002331144
2318.4,1,10:06:42.248829783
2318.4,1,10:06:42.369932308
2318.2,4,10:06:42.551936816
2318.3,1,10:06:42.551936816
2318.3,1,10:06:42.553543009
2318.4,1,10:06:43.119291124
2318.4,1,10:06:43.125554111
2318.3,3,10:06:44.847811347
2318.3,1,10:06:44.848094736
2318.4,1,10:06:44.915618861
2318.4,1,10:06:44.915858925
2318.5,2,10:06:45.166182053
2318.5,1,10:06:45.166397353
2318.4,1,10:06:47.266948051
2318.5,1,10:06:47.275286359
2318.4,1,10:06:48.042363345
2318.5,1,10:06:48.042735983
2318.5,1,10:06:49.039073941
2318.3,1,10:06:51.001259627
2318.2,1,10:06:51.003836101
2318.2,3,10:06:53.344972987
2318.1,2,10:06:53.344972987
2318.2,1,10:06:53.736596035
2318.5,1,10:06:56.311330450
2318.4,1,10:06:56.830260225
2318.4,1,10:06:56.830601634
2318.4,1,10:06:56.839287908
2318.3,1,10:06:56.854937555
2318.4,1,10:06:56.856111581
2318.4,1,10:06:56.856435495
2318.4,1,10:06:57.430555317
2318.5,1,10:06:59.099884201
2318.6,2,10:06:59.932942929
2318.6,1,10:06:59.933024742
2318.6,1,10:06:59.933077538
2318.7,1,10:06:59.939234319
2318.5,1,10:07:00.324186135
2318.5,1,10:07:00.325130513
2318.6,2,10:07:01.496335914
2318.7,1,10:07:04.526101919
2318.5,1,10:07:05.295813540
2318.5,1,10:07:05.296115869
2318.7,1,10:07:06.825419974
2318.7,1,10:07:06.827059844
2318.5,2,10:07:07.025472674
2318.8,3,10:07:12.860142343
2318.9,1,10:07:12.865209771
2318.8,1,10:07:12.880629871
2318.9,1,10:07:12.920528938
2318.9,1,10:07:14.275282892
2318.9,1,10:07:17.255464895
2319.0,3,10:07:20.625611611
2318.9,1,10:07:21.096026513
2319.0,1,10:07:21.360795302
2318.9,2,10:07:21.665302009
2318.9,1,10:07:21.665374174
2319.0,4,10:07:26.470476770
2319.1,6,10:07:26.470476770
2319.1,2,10:07:27.357213937
2319.2,1,10:07:28.182407941
2319.2,1,10:07:28.382468895
2319.2,1,10:07:28.382727761
2319.2,1,10:07:28.382920706
2319.0,1,10:07:28.535969953
2319.1,2,10:07:28.540645004
2319.1,1,10:07:30.525666796
2319.1,2,10:07:33.713823138
2319.1,1,10:07:33.727873333
2319.2,1,10:07:33.992971348
2319.0,3,10:07:37.023489911
2319.0,1,10:07:37.044193980
2318.9,1,10:07:37.044585054
2319.0,1,10:07:38.690322088
2319.1,1,10:07:38.690741941
2319.0,1,10:07:41.918578113
2319.0,1,10:07:41.918822867
2319.0,3,10:07:44.933390143
2318.9,1,10:07:49.810556033
2318.8,3,10:08:00.492655293
2318.7,2,10:08:00.492669834
2318.6,1,10:08:00.492669834
2318.8,1,10:08:00.494206797
2318.8,1,10:08:00.675861680
2318.8,1,10:08:00.676045565
2318.8,1,10:08:00.700323511
2318.8,1,10:08:00.784131191
2318.6,1,10:08:02.354470702
2318.6,1,10:08:03.093500480
2318.7,1,10:08:03.093500480
2318.6,1,10:08:07.848028824
2318.5,2,10:08:12.420553757
2318.5,3,10:08:12.420934462
2318.4,1,10:08:13.576760639
2318.3,1,10:08:13.602778956
2318.5,1,10:08:15.478159007
2318.6,1,10:08:16.271515695
2318.6,1,10:08:16.321779848
2318.7,1,10:08:21.830380015
2318.7,1,10:08:21.830456240
2318.8,1,10:08:23.526182205
2318.5,1,10:08:25.539696060
2318.5,1,10:08:33.029601442
2318.5,1,10:08:35.585349191
2318.5,1,10:08:35.585581353
2318.5,1,10:08:38.594117675
2318.5,1,10:08:38.594462293
2318.4,1,10:08:39.459627316
2318.4,1,10:08:39.459965064
2318.3,1,10:08:41.438658947
2318.3,1,10:08:41.895602007
2318.3,1,10:08:41.896616895
2318.3,1,10:08:41.912936558
2318.3,1,10:08:43.665193667
2318.2,1,10:08:44.526161949
2318.2,1,10:08:44.526394459
2318.1,2,10:08:45.885861637
2318.1,1,10:08:45.886046482
2318.0,3,10:08:46.906585012
2317.9,1,10:08:46.906598478
2318.1,1,10:08:47.484990667
2318.2,1,10:08:47.657949553
2318.0,1,10:08:51.513489364
2317.9,2,10:08:52.145524369
2318.0,1,10:08:52.357332437
2317.8,4,10:08:53.335678160
2317.9,2,10:08:53.507584067
2317.9,1,10:08:53.508693053
2317.8,1,10:08:55.552834835
2317.8,1,10:08:56.743668044
2318.0,3,10:08:58.249663221
2318.0,1,10:08:58.250796698
2318.0,1,10:08:58.251012459
2318.1,1,10:09:00.389890233
2318.1,2,10:09:00.390268039
2318.1,2,10:09:00.390348851
2318.1,1,10:09:00.391575429
2318.1,1,10:09:00.651643088
2318.1,1,10:09:02.917375106
2318.2,1,10:09:02.917507752
2318.2,1,10:09:02.917960894
2318.3,1,10:09:02.925251950
2318.3,1,10:09:02.948077978
2318.3,2,10:09:02.948306808
2318.3,1,10:09:02.949311529
2318.4,1,10:09:02.949609381
2318.3,2,10:09:02.949687889
2318.4,1,10:09:02.949979351
2318.4,1,10:09:02.950299629
2318.4,1,10:09:02.951735200
2318.5,1,10:09:02.957038827
2318.6,1,10:09:02.969680350
2318.6,2,10:09:02.970904774
2318.7,1,10:09:03.079638163
2318.7,4,10:09:03.079867467
2318.7,1,10:09:03.080662786
2318.7,1,10:09:03.081183097
2318.7,1,10:09:03.081256087
2318.8,3,10:09:03.597459859
2318.8,1,10:09:03.599336431
2318.8,1,10:09:04.290618230
2318.8,1,10:09:04.291567564
2318.8,1,10:09:05.361254132
2318.9,1,10:09:05.890195780
2318.9,1,10:09:05.890203089
2318.9,2,10:09:05.890698437
2318.9,1,10:09:05.891972683
2318.9,1,10:09:06.303393036
2318.8,1,10:09:06.912775245
2318.9,2,10:09:06.930788690
2318.9,1,10:09:06.931031373
2318.9,1,10:09:06.931789548
2319.0,2,10:09:07.476849744
2318.8,1,10:09:07.913310242
2318.7,1,10:09:11.782188833
2318.7,1,10:09:11.782986781
2318.7,2,10:09:14.217129070
2318.8,1,10:09:14.217203872
2318.7,1,10:09:14.218597947
2318.7,1,10:09:14.228956352
2318.7,1,10:09:14.229649620
2318.7,1,10:09:14.230233904
2318.7,1,10:09:14.232726038
2318.6,1,10:09:15.152169957
2318.6,1,10:09:15.153015603
2318.7,1,10:09:15.171317813
2318.8,1,10:09:15.413667202
2318.9,1,10:09:15.511761967
2318.8,2,10:09:17.118002239
2318.8,1,10:09:17.118196770
2318.9,1,10:09:19.455865156
2318.9,1,10:09:20.863092003
2318.8,1,10:09:20.985225566
2318.8,2,10:09:27.863146821
2318.8,1,10:09:27.863583969
2318.9,1,10:09:30.979766993
2319.1,2,10:09:34.873853226
2319.2,2,10:09:37.489657950
2319.3,2,10:09:38.273210462
2319.3,3,10:09:40.925720232
2319.2,2,10:09:42.105606508
2319.2,1,10:09:42.105630226
2319.1,3,10:09:44.965641333
2319.2,1,10:09:45.985772011
2319.1,1,10:09:48.408711527
2319.1,2,10:09:48.409174867
2319.1,1,10:09:49.789003225
2319.0,4,10:09:49.789287317
2319.2,1,10:09:51.586343071
2319.1,1,10:09:52.728329011
2319.0,1,10:09:53.676244722
2319.1,4,10:09:53.676244722
2319.1,1,10:09:55.542913245
2319.2,1,10:09:56.203946391
2319.3,1,10:09:57.471135220
2319.2,2,10:10:00.239324891
2319.1,1,10:10:00.248143840
2319.1,1,10:10:03.604886770
2319.1,1,10:10:03.605083622
2319.1,1,10:10:03.605242752
2319.1,1,10:10:06.332765730
2319.1,1,10:10:06.354365276
2319.1,1,10:10:09.025754643
2319.0,1,10:10:10.095863385
2318.7,1,10:10:11.182512875
2318.7,1,10:10:11.183680019
2318.7,1,10:10:11.186823372
2318.8,2,10:10:11.204336599
2318.9,1,10:10:14.605902659
2318.9,2,10:10:14.606119341
2319.0,1,10:10:15.886465949
2319.0,1,10:10:15.887242675
2318.9,1,10:10:15.918611417
2319.0,1,10:10:17.880086848
2318.9,2,10:10:22.552092292
2319.1,1,10:10:23.400952368
2319.1,1,10:10:28.437233691
2319.1,1,10:10:28.437427606
2319.1,1,10:10:28.437471907
2319.2,2,10:10:28.979645104
2319.3,1,10:10:28.985777656
2319.2,1,10:10:29.005829799
2319.3,1,10:10:33.103576296
2319.4,1,10:10:33.193079171
2319.4,2,10:10:33.193163905
2319.4,1,10:10:33.193163905
2319.4,1,10:10:33.193333699
2319.4,1,10:10:33.193538225
2319.4,1,10:10:33.193600962
2319.3,5,10:10:33.304663510
2319.4,1,10:10:33.324238622
2319.5,7,10:10:35.669647080
2319.5,2,10:10:36.110194765
2319.4,4,10:10:36.118948810
2319.3,1,10:10:36.607686989
2319.3,2,10:10:36.607798799
2319.3,3,10:10:36.608050344
2319.3,1,10:10:36.608130623
2319.4,1,10:10:36.623486011
2319.1,5,10:10:36.998907790
2319.1,1,10:10:37.238536126
2319.0,2,10:10:37.757431835
2319.0,1,10:10:37.757500384
2319.0,1,10:10:37.758214260
2318.6,3,10:10:37.823017663
2318.8,5,10:10:37.823017663
2318.9,4,10:10:37.823017663
2318.7,8,10:10:37.823017663
2318.9,1,10:10:37.826025449
2318.8,1,10:10:37.826190889
2318.9,2,10:10:37.826880381
2318.8,1,10:10:37.827127685
2319.0,1,10:10:37.828216469
2318.8,1,10:10:37.986024496
2318.8,1,10:10:38.660859097
2318.8,1,10:10:38.942006320
2318.9,2,10:10:40.057646705
2318.7,1,10:10:40.077067394
2318.7,2,10:10:40.077578723
2318.7,2,10:10:40.845859997
2318.7,1,10:10:40.846158275
2318.5,1,10:10:41.596112012
2318.5,1,10:10:42.520192784
2318.6,1,10:10:42.927715297
2318.7,1,10:10:43.297943297
2318.8,1,10:10:43.578611420
2318.8,1,10:10:43.612928826
2318.7,1,10:10:48.051423240
2318.5,6,10:10:48.698214734
2318.6,2,10:10:48.698214734
2318.4,4,10:10:48.698214734
2318.5,1,10:10:55.413513520
2318.5,2,10:10:55.424603891
2318.5,1,10:10:55.424759193
2318.5,1,10:10:55.424854507
2318.3,1,10:10:59.232868434
2318.4,1,10:10:59.775437563
2318.4,1,10:10:59.831299870
2318.4,1,10:11:00.144069646
2318.4,1,10:11:00.144109167
2318.5,1,10:11:00.261909021
2318.7,1,10:11:03.246699988
2318.6,1,10:11:07.496429236
2318.6,1,10:11:07.496816101
2318.6,1,10:11:08.546143842
2318.7,6,10:11:10.868126855
2318.7,1,10:11:10.869015276
2318.8,6,10:11:10.869125173
2318.7,1,10:11:10.892374444
2318.7,2,10:11:10.893212218
2318.7,1,10:11:10.907610274
2318.7,1,10:11:10.907821216
2318.7,1,10:11:10.907863127
2318.7,1,10:11:10.908041786
2318.7,1,10:11:10.915948333
2318.7,1,10:11:10.939748332
2318.7,1,10:11:10.946869275
2318.7,1,10:11:10.947059858
2318.7,1,10:11:10.947322302
2318.7,1,10:11:10.947353975
2318.7,2,10:11:10.947578317
2318.7,2,10:11:10.947626740
2318.7,6,10:11:10.947789524
2318.7,6,10:11:10.948178508
2318.8,1,10:11:10.963372250
2318.8,1,10:11:10.986883338
2318.8,1,10:11:11.010248506
2318.8,1,10:11:11.044127524
2319.2,1,10:11:15.213076094
2319.1,1,10:11:16.041096406
2319.3,1,10:11:16.583546918
2319.4,1,10:11:18.466490548
2319.5,1,10:11:20.631816638
2319.5,1,10:11:22.036166331
2319.5,3,10:11:22.036511499
2319.7,1,10:11:23.526085513
2319.6,4,10:11:23.526085513
2319.7,1,10:11:23.526097952
2319.7,2,10:11:24.119064225
2319.7,2,10:11:24.119318979
2319.7,2,10:11:24.119398049
2319.7,1,10:11:24.129734539
2319.9,1,10:11:26.015947325
2319.8,1,10:11:26.015947325
2319.7,4,10:11:26.263264549
2319.7,1,10:11:26.263322400
2319.7,1,10:11:26.263756633
2319.6,1,10:11:27.856877237
2319.6,2,10:11:27.857191442
2319.7,1,10:11:27.857308711
2319.7,1,10:11:27.857393161
2319.6,2,10:11:27.857528639
2319.6,2,10:11:27.857546678
2319.7,3,10:11:27.859817401
2319.7,1,10:11:27.865653065
2319.6,1,10:11:27.866502625
2319.6,2,10:11:27.866798918
2319.6,2,10:11:27.867039999
2319.6,1,10:11:28.046681469
2319.7,2,10:11:28.766747542
2319.7,3,10:11:28.767389856
2319.7,1,10:11:28.767579975
2319.7,1,10:11:31.141010846
2319.7,1,10:11:32.560465472
2319.6,1,10:11:33.039227589
2319.8,1,10:11:33.055769749
2319.8,3,10:11:33.547852881
2319.9,1,10:11:33.868838607
2319.9,1,10:11:33.868859596
2319.9,1,10:11:33.869001346
2319.9,1,10:11:33.869110267
2320.0,1,10:11:35.145638359
2320.0,2,10:11:35.145651968
2320.0,3,10:11:36.165658255
2320.1,1,10:11:36.278753174
2320.2,1,10:11:36.612847059
2320.3,1,10:11:36.653913547
2320.1,1,10:11:36.949363276
2320.1,2,10:11:36.949450981
2320.1,1,10:11:36.949962232
2320.1,1,10:11:37.534690565
2320.1,1,10:11:38.651529375
2320.1,2,10:11:38.651570992
2320.1,1,10:11:38.652326198
2320.1,1,10:11:39.043672869
2320.2,1,10:11:39.206044414
2320.0,2,10:11:39.673344325
2320.1,3,10:11:39.673344325
2320.1,2,10:11:40.905625318
2320.2,1,10:11:41.990718155
2320.1,1,10:11:45.046440941
2320.2,1,10:11:45.052903499
2320.2,1,10:11:45.767980912
2320.2,1,10:11:46.163801363
2320.1,1,10:11:46.684037889
2320.2,1,10:11:46.694466010
2320.1,2,10:11:47.075059056
2320.1,1,10:11:47.653077985
2320.1,1,10:11:47.653512838
2320.2,2,10:11:47.654092948
2320.1,1,10:11:50.046491426
2320.3,8,10:11:50.882387274
2320.3,1,10:11:50.884869123
2320.3,1,10:11:50.886353777
2320.3,1,10:11:50.886386607
2320.3,1,10:11:50.886503665
2320.3,1,10:11:50.886548789
2320.3,2,10:11:50.886580073
2320.3,1,10:11:51.022854225
2320.3,1,10:11:51.023197284
2320.4,2,10:11:51.038355599
2320.4,1,10:11:51.137993423
2320.2,3,10:11:51.417141142
2320.3,4,10:11:51.417141142
2320.2,1,10:11:51.944444670
2320.2,1,10:11:52.157302781
2320.4,2,10:11:52.693207044
2320.3,3,10:11:52.693207044
2320.3,1,10:11:53.097940795
2320.2,1,10:11:53.450209504
2320.2,1,10:11:53.501933261
2320.2,1,10:11:54.459808782
2320.2,2,10:11:56.036565487
2320.2,2,10:11:59.018989117
2320.3,3,10:12:00.700501249
2320.3,1,10:12:00.700803544
2320.3,1,10:12:00.701333832
2320.2,1,10:12:00.827313847
2320.3,1,10:12:01.054450804
2320.3,1,10:12:01.054874407
2320.2,1,10:12:01.406498285
2320.4,1,10:12:01.707656976
2320.3,2,10:12:01.708055762
2320.2,1,10:12:01.750933786
2320.2,1,10:12:01.901437053
2320.2,1,10:12:02.015843596
2320.3,2,10:12:03.009862619
2320.4,4,10:12:04.525423091
2320.4,3,10:12:04.525501887
2320.5,6,10:12:05.321918433
2320.6,2,10:12:05.360825034
2320.7,2,10:12:05.360834056
2320.7,4,10:12:05.360857182
2320.7,1,10:12:05.360863426
2320.8,1,10:12:05.360870501
2320.7,1,10:12:05.360870501
2320.8,1,10:12:05.360876667
2320.8,2,10:12:05.360882085
2320.6,1,10:12:05.361531122
2320.6,2,10:12:05.363385816
2320.6,1,10:12:05.363629254
2320.7,1,10:12:05.403141326
2320.5,1,10:12:05.572969257
2320.7,1,10:12:06.564785732
2320.5,1,10:12:06.583511743
2320.6,1,10:12:06.584326621
2320.7,1,10:12:06.911392674
2320.7,1,10:12:07.272261910
2320.6,5,10:12:07.613906585
2320.5,11,10:12:07.618710019
2320.5,1,10:12:07.618862679
2320.4,1,10:12:07.622858215
2320.6,5,10:12:07.648145169
2320.5,3,10:12:07.648145169
2320.7,6,10:12:08.916462304
2320.8,4,10:12:08.916462304
2320.6,1,10:12:08.921316821
2320.7,1,10:12:10.433576531
2320.6,1,10:12:10.434889614
2320.5,1,10:12:10.862264112
2320.6,1,10:12:12.540069771
2320.8,2,10:12:13.111981028
2320.6,2,10:12:13.662355071
2320.6,1,10:12:14.139381585
2320.8,3,10:12:14.139381585
2320.7,6,10:12:14.139381585
2320.5,2,10:12:14.728505485
2320.4,1,10:12:14.747209909
2320.4,1,10:12:14.747308190
2320.4,2,10:12:14.747499781
2320.5,1,10:12:14.747975816
2320.3,4,10:12:14.759566295
2320.3,1,10:12:14.826782215
2320.3,1,10:12:14.827250336
2320.2,1,10:12:15.078006254
2320.2,1,10:12:15.078400188
2320.3,1,10:12:15.078788243
2320.2,1,10:12:15.078925236
2320.2,1,10:12:15.079012482
2320.2,1,10:12:15.079146421
2320.3,1,10:12:15.079194895
2320.2,1,10:12:15.079643372
2320.2,1,10:12:15.080745420
2320.1,1,10:12:15.084125056
2320.1,1,10:12:15.084136876
2320.1,1,10:12:15.086803772
2320.3,1,10:12:15.092934267
2320.3,1,10:12:15.093481561
2320.2,1,10:12:15.111791878
2320.2,1,10:12:15.113210963
2320.3,2,10:12:15.253222664
2320.3,1,10:12:17.460168484
2320.3,1,10:12:19.239331355
2320.3,1,10:12:19.239665126
2320.5,4,10:12:19.289141931
2320.4,6,10:12:19.289141931
2320.3,1,10:12:19.291729397
2320.3,1,10:12:19.292053983
2320.2,1,10:12:24.609978154
2320.1,1,10:12:24.611718731
2320.1,1,10:12:25.303055383
2320.1,1,10:12:25.303338553
2320.1,1,10:12:26.764391304
2320.1,3,10:12:28.831471920
2320.0,1,10:12:28.833055258
2320.1,3,10:12:30.599131605
2320.2,4,10:12:31.852408826
2320.2,1,10:12:31.852468363
2320.2,1,10:12:31.852579060
2320.2,2,10:12:31.852669810
2320.2,7,10:12:31.852770804
2320.2,2,10:12:32.654591318
2320.2,1,10:12:32.655084387
2320.1,1,10:12:32.858793767
2320.1,1,10:12:32.859256618
2320.0,1,10:12:33.595659823
2320.0,2,10:12:33.595926375
2320.1,2,10:12:33.596047706
2320.2,1,10:12:33.596047706
2319.9,1,10:12:37.731729354
2319.9,1,10:12:41.863470028
2320.0,1,10:12:44.122358491
2320.0,2,10:12:44.470597116
2320.1,6,10:12:46.466289581
2320.0,4,10:12:46.466289581
2320.0,2,10:12:46.467304060
2320.0,1,10:12:46.468116101
2319.9,1,10:12:47.269748564
2319.8,1,10:12:48.329035484
2319.8,1,10:12:48.329343638
2319.7,4,10:12:49.894322163
2319.6,6,10:12:49.894322163
2319.6,4,10:12:49.895664370
2319.5,4,10:12:49.895664370
2319.5,5,10:12:49.895765207
2319.7,2,10:12:49.896382570
2319.7,1,10:12:49.896618360
2319.7,1,10:12:49.897168960
2319.6,1,10:12:49.897229749
2319.7,1,10:12:49.897332653
2319.7,1,10:12:49.898781873
2319.6,1,10:12:49.898874262
2319.5,1,10:12:50.038639837
2319.7,1,10:12:50.590050208
2319.7,1,10:12:50.590123227
2319.7,1,10:12:53.235066826
2319.6,1,10:12:54.511093763
2319.6,1,10:12:56.069343528
2319.6,1,10:12:57.065301503
2319.7,2,10:12:59.097882630
2319.5,3,10:12:59.449959390
2319.5,4,10:12:59.529787717
2319.6,1,10:13:01.098066902
2319.6,1,10:13:01.814381200
2319.5,1,10:13:02.014575683
2319.6,4,10:13:04.509985864
2319.7,2,10:13:07.872700148
2319.6,1,10:13:10.391905795
2319.6,1,10:13:10.391946524
2319.6,1,10:13:10.392085693
2319.6,1,10:13:10.392580845
2319.7,4,10:13:10.497982826
2319.8,4,10:13:10.656539354
2319.7,1,10:13:11.370555733
2319.7,1,10:13:11.370836474
2319.8,3,10:13:14.124126595
2319.8,2,10:13:14.124474033
2320.8,5,10:18:24.174358131
2320.6,4,10:18:25.222673948
2320.5,1,10:18:25.485527748
2320.5,3,10:18:27.032364943
2320.6,1,10:18:28.582182915
2320.6,1,10:18:34.077653627
2320.7,2,10:18:35.039411121
2320.6,3,10:18:35.039978807
2320.6,1,10:18:35.041229746
2320.7,1,10:18:37.081691551
2320.6,1,10:18:38.004935707
2320.7,1,10:18:38.262022747
2320.8,2,10:18:38.592754264
2320.9,1,10:18:40.242081474
2321.0,2,10:18:40.243364197
2321.0,1,10:18:40.243534841
2321.1,1,10:18:40.245106165
2321.1,2,10:18:40.246471252
2321.0,1,10:18:40.246551608
2321.2,4,10:18:40.263204388
2321.2,1,10:18:40.264297537
2321.3,1,10:18:40.265776540
2321.4,9,10:18:40.273734037
2321.3,2,10:18:40.274893264
2321.3,1,10:18:40.276868718
2321.4,5,10:18:40.276868718
2321.4,1,10:18:40.303058804
2321.5,1,10:18:40.328248485
2321.5,2,10:18:40.374448770
2321.4,1,10:18:40.397480274
2321.5,1,10:18:40.537409009
2321.5,1,10:18:40.567927319
2321.4,1,10:18:40.568186886
2321.4,1,10:18:40.784056136
2321.4,2,10:18:40.784541669
2321.4,2,10:18:40.962299373
2321.4,1,10:18:40.962924326
2321.3,2,10:18:40.976823521
2321.3,1,10:18:40.977382345
2321.3,1,10:18:40.978047782
2321.3,1,10:18:40.978620690
2321.3,1,10:18:40.979129106
2321.3,1,10:18:41.151896117
2321.3,1,10:18:41.152553798
2321.3,1,10:18:41.152776500
2321.4,5,10:18:41.153201852
2321.4,1,10:18:41.153567255
2321.5,3,10:18:42.354617530
2321.5,1,10:18:43.642739538
2321.6,1,10:18:43.757416980
2321.6,1,10:18:43.757489781
2321.6,1,10:18:43.757556794
2321.6,1,10:18:43.769810519
2321.6,1,10:18:43.797593849
2321.7,1,10:18:43.911786491
2321.6,1,10:18:43.911838860
2321.7,2,10:18:43.916680084
2321.7,1,10:18:43.916971200
2321.7,1,10:18:43.919884264
2321.8,3,10:18:43.919884264
2321.8,3,10:18:44.549062158
2321.7,1,10:18:44.601470496
2321.7,1,10:18:45.183293939
2321.9,1,10:18:48.316349091
2321.9,1,10:18:48.616381014
2321.9,2,10:18:48.616680780
2321.7,4,10:18:48.647064061
2321.8,1,10:18:48.647064061
2321.7,2,10:18:48.647602034
2321.8,1,10:18:48.672437286
2321.9,2,10:18:48.681113861
2321.9,2,10:18:48.892843882
2322.0,6,10:18:49.396934951
2321.9,4,10:18:49.396934951
2321.8,1,10:18:49.398622335
2321.9,1,10:18:49.399033861
2321.9,1,10:18:49.400291576
2321.8,3,10:18:50.079345338
2321.8,1,10:18:50.079539298
2321.7,8,10:18:50.079907385
2321.9,5,10:18:50.079992637
2321.6,2,10:18:50.085519953
2321.7,2,10:18:50.085749490
2321.7,1,10:18:50.086044603
2321.9,3,10:18:50.709533864
2321.7,1,10:18:51.910638472
2321.8,1,10:18:52.073050130
2321.8,4,10:18:52.073681910
2321.8,1,10:18:52.074629740
2321.8,1,10:18:52.240481631
2321.8,1,10:18:52.240744791
2321.8,1,10:18:52.348673954
2322.0,1,10:18:53.736427038
2321.9,4,10:18:53.736427038
2321.9,1,10:18:53.737451002
2321.8,1,10:18:53.737828846
2321.8,1,10:18:53.971770224
2321.8,2,10:18:54.205705404
2321.9,5,10:18:54.205705404
2321.9,2,10:18:54.206353584
2321.9,1,10:18:54.206392042
2321.9,2,10:18:54.492101539
2321.9,6,10:18:55.250377192
2321.8,1,10:18:55.421035727
2321.8,1,10:18:59.105813570
2321.7,1,10:18:59.449341605
2321.7,1,10:18:59.449673476
2321.8,1,10:19:00.831627983
2321.8,2,10:19:00.873753126
2321.7,3,10:19:01.715063468
2321.6,1,10:19:01.715063468
2321.8,5,10:19:03.833782339
2321.8,5,10:19:03.834569232
2321.8,1,10:19:05.158188287
2321.8,2,10:19:05.158360132
2321.8,1,10:19:05.961589532
2321.9,1,10:19:06.125725983
2321.9,7,10:19:06.436115086
2321.9,2,10:19:06.682580293
2321.8,1,10:19:06.772331693
2321.9,2,10:19:06.932329523
2321.8,3,10:19:07.290515435
2321.9,1,10:19:07.919301237
2322.0,1,10:19:07.991836559
2322.0,5,10:19:09.091316991
2322.0,2,10:19:09.091687163
2322.0,1,10:19:09.091832557
2322.0,1,10:19:10.420660640
2322.1,4,10:19:10.511579015
2322.1,1,10:19:10.511591953
2322.1,1,10:19:10.513818193
2322.2,2,10:19:11.036935645
2322.2,1,10:19:11.285331003
2322.2,1,10:19:11.285426560
2322.3,1,10:19:11.312326558
2322.3,1,10:19:11.312338501
2322.4,4,10:19:11.312338501
2322.3,6,10:19:11.312338501
2322.3,5,10:19:11.316368668
2322.3,1,10:19:11.318168580
2322.3,6,10:19:11.367974715
2322.3,5,10:19:11.370102166
2322.3,2,10:19:11.370491221
2322.4,1,10:19:11.524849553
2322.4,1,10:19:11.524878171
2322.4,1,10:19:11.525027899
2322.4,1,10:19:11.525064690
2322.3,1,10:19:11.595908371
2322.3,3,10:19:11.596425091
2322.2,1,10:19:11.782849585
2322.1,1,10:19:11.860107897
2322.1,1,10:19:12.284986944
2322.0,1,10:19:12.327122465
2321.9,1,10:19:12.327133937
2322.0,1,10:19:14.036516134
2322.0,1,10:19:14.121012331
2321.9,3,10:19:14.575839732
2321.9,2,10:19:14.576495667
2321.9,1,10:19:15.313754956
2321.8,1,10:19:17.083808666
2322.0,1,10:19:18.367322719
2321.8,2,10:19:19.149453667
2321.9,2,10:19:20.330340832
2321.9,1,10:19:21.299038296
2321.9,2,10:19:21.299901021
2321.8,1,10:19:21.305671873
2321.8,1,10:19:23.994181715
2321.8,1,10:19:25.097818848
2321.9,1,10:19:28.314540353
2321.9,1,10:19:28.314761922
2321.9,1,10:19:28.315299690
2321.9,1,10:19:28.316884295
2322.0,1,10:19:30.357199738
2322.0,1,10:19:30.357465008
2322.0,2,10:19:30.357955584
2322.0,5,10:19:31.763478845
2321.9,1,10:19:32.036005183
2322.1,1,10:19:36.419012148
2322.0,1,10:19:36.419611187
2321.9,5,10:19:36.626051129
2321.9,2,10:19:36.626588938
2321.9,1,10:19:36.626787000
2321.9,2,10:19:38.002316627
2321.8,1,10:19:38.432672475
2321.8,1,10:19:39.171511636
2321.7,4,10:19:39.295576502
2321.9,2,10:19:44.461976024
2321.8,1,10:19:44.462771435
2321.8,1,10:19:44.691431623
2321.9,1,10:19:45.216738637
2321.8,2,10:19:45.610380405
2321.8,1,10:19:46.659592227
2321.9,2,10:19:47.460354728
2321.9,1,10:19:48.310908257
2321.7,8,10:19:49.152778705
2321.6,2,10:19:49.152778705
2321.8,3,10:19:49.392884271
2321.8,2,10:19:51.539618045
2321.9,1,10:19:51.540462666
2321.8,4,10:19:56.808936188
2322.0,1,10:19:56.832987224
2321.9,1,10:19:58.809862282
2321.8,1,10:19:58.814427549
2321.8,1,10:19:59.026925711
2321.8,1,10:19:59.057522414
2321.9,1,10:19:59.479139572
2321.8,8,10:19:59.480427956
2321.8,2,10:19:59.480521094
2321.8,2,10:19:59.481232187
2321.7,2,10:19:59.482236998
2321.8,1,10:19:59.497935170
2321.8,4,10:19:59.538766693
2322.0,2,10:20:00.826279450
2321.9,1,10:20:00.826776220
2322.3,3,10:20:01.996588224
2322.3,1,10:20:01.996601325
2322.3,1,10:20:01.996783018
2322.3,1,10:20:01.998139846
2322.3,1,10:20:01.998992107
2322.3,1,10:20:01.999313063
2322.3,3,10:20:01.999360194
2322.3,1,10:20:01.999790228
2322.3,1,10:20:01.999863676
2322.3,2,10:20:02.001402591
2322.4,5,10:20:02.001690833
2322.4,3,10:20:02.002207781
2322.4,1,10:20:02.002264664
2322.2,1,10:20:02.589810141
2322.0,1,10:20:02.593889905
2322.0,4,10:20:02.603053084
2322.0,2,10:20:02.830329803
2322.1,1,10:20:03.889182556
2321.9,2,10:20:03.966088237
2321.9,1,10:20:03.966122154
2321.9,1,10:20:03.967304991
2322.0,3,10:20:04.055047886
2322.0,1,10:20:04.653492803
2321.8,4,10:20:04.692821167
2321.8,1,10:20:04.693315574
2321.8,2,10:20:05.587849410
2321.7,1,10:20:05.599483471
2321.9,1,10:20:05.648797916
2321.7,1,10:20:05.914286495
2321.7,3,10:20:05.914569991
2321.6,6,10:20:05.923033852
2321.5,1,10:20:05.925622378
2321.6,1,10:20:06.100646144
2321.6,2,10:20:06.118145217
2321.7,1,10:20:06.118145217
2321.5,1,10:20:06.119270901
2321.5,1,10:20:06.119523108
2321.5,1,10:20:06.120085765
2321.4,1,10:20:06.228249412
2321.5,2,10:20:06.780976685
2321.5,1,10:20:06.781135868
2321.5,1,10:20:06.782080220
2321.4,4,10:20:07.601864534
2321.5,1,10:20:07.828668675
2321.5,2,10:20:07.843268988
2321.5,1,10:20:07.974562560
2321.5,1,10:20:08.098411099
2321.6,1,10:20:08.932797821
2321.6,2,10:20:09.169080249
2321.5,1,10:20:09.689213614
2321.6,1,10:20:09.790232381
2321.8,1,10:20:11.044820573
2321.8,1,10:20:11.045128427
2321.9,1,10:20:11.275355427
2321.9,1,10:20:11.284936526
2321.8,2,10:20:13.095472616
2321.8,1,10:20:13.462277767
2321.8,1,10:20:13.462328405
2321.8,1,10:20:13.462529452
2321.9,3,10:20:13.462949204
2321.8,2,10:20:13.498947712
2321.8,1,10:20:13.499538783
2322.0,3,10:20:15.363821801
2321.9,2,10:20:15.975163443
2321.9,1,10:20:15.975364669
2321.8,3,10:20:18.348367999
2321.8,1,10:20:18.780291239
2321.8,1,10:20:18.780541257
2321.9,4,10:20:20.078255931
2322.0,1,10:20:21.390854308
2322.1,1,10:20:22.003799189
2322.0,1,10:20:24.505701681
2322.0,3,10:20:24.526873330
2322.0,1,10:20:25.045966784
2322.2,7,10:20:27.693262772
2322.3,5,10:20:27.693262772
2322.2,1,10:20:27.763188570
2322.2,1,10:20:27.763236184
2322.2,1,10:20:27.843604406
2322.3,1,10:20:28.041261394
2322.1,2,10:20:28.499778835
2322.1,2,10:20:28.499849678
2322.1,1,10:20:28.526793405
2322.1,1,10:20:28.930633759
2322.1,1,10:20:29.058410953
2322.1,1,10:20:29.058984197
2322.1,1,10:20:29.666597752
2322.0,1,10:20:30.235450283
2322.0,2,10:20:31.001572609
2322.0,1,10:20:31.579105148
2322.0,3,10:20:33.436128876
2321.8,1,10:20:35.053927715
2321.8,1,10:20:35.641349967
2321.8,1,10:20:35.651091898
2321.8,1,10:20:36.290037134
2321.7,1,10:20:36.348419957
2321.6,1,10:20:38.026487804
2321.5,1,10:20:38.033319215
2321.4,1,10:20:38.033331206
2321.6,1,10:20:38.201611769
2321.6,1,10:20:38.361374717
2321.6,1,10:20:38.452118177
2321.8,1,10:20:38.925577691
2321.6,2,10:20:38.968008596
2321.7,3,10:20:38.968008596
2321.7,1,10:20:39.791360971
2321.7,1,10:20:39.892181524
2321.8,1,10:20:40.399339482
2321.9,1,10:20:40.545611481
2322.0,1,10:20:41.809474578
2322.1,1,10:20:41.809485976
2321.9,1,10:20:42.492092332
2321.9,1,10:20:42.492140650
2321.8,3,10:20:44.229528355
2321.8,1,10:20:44.229796261
2321.8,2,10:20:45.017724270
2321.7,1,10:20:46.053421482
2321.8,1,10:20:46.063843382
2321.7,1,10:20:47.407817652
2321.9,1,10:20:50.327406043
2321.9,1,10:20:50.328805268
2321.9,1,10:20:50.329045516
2321.9,1,10:20:50.329077465
2321.9,1,10:20:50.329355035
2321.9,1,10:20:50.505700387
2321.9,1,10:20:50.620272340
2321.9,1,10:20:50.704756737
2321.9,1,10:20:51.328010163
2321.9,1,10:20:51.745531203
2322.0,2,10:20:52.525805251
2321.9,1,10:20:54.539698819
2321.9,1,10:20:54.540352369
2322.0,1,10:20:58.064316258
2321.8,3,10:20:58.248889481
2321.8,2,10:20:58.249581924
2321.7,1,10:20:58.249581924
2321.9,1,10:20:58.250065412
2321.8,1,10:20:59.126610154
2321.8,2,10:21:02.396073357
2321.8,1,10:21:02.396311627
2321.9,1,10:21:02.635408720
2321.7,1,10:21:02.912917283
2321.8,1,10:21:02.912917283
2321.8,1,10:21:05.319392187
2321.9,1,10:21:07.168328708
2321.9,2,10:21:07.169438484
2321.9,1,10:21:08.825314960
2322.0,1,10:21:09.302047380
2321.8,1,10:21:09.536209412
2322.0,1,10:21:12.307723240
2322.1,4,10:21:12.308360641
2322.1,2,10:21:12.309212796
2322.2,1,10:21:12.399559380
2322.2,7,10:21:12.756290501
2322.3,1,10:21:13.032319353
2322.3,1,10:21:13.535505434
2322.2,1,10:21:13.535607401
2322.2,1,10:21:13.593015005
2322.1,1,10:21:13.763125484
2322.3,3,10:21:14.883066478
2322.1,1,10:21:18.055516266
2322.3,5,10:21:18.305099427
2322.3,1,10:21:18.310600771
2322.3,1,10:21:18.314160681
2322.5,1,10:21:20.031441597
2322.4,2,10:21:20.545760431
2322.4,1,10:21:20.546717333
2322.5,3,10:21:21.034971023
2322.5,1,10:21:21.036191882
2322.4,1,10:21:21.037217789
2322.4,2,10:21:22.878655441
2322.5,1,10:21:25.793331885
2322.6,1,10:21:26.029025446
2322.6,2,10:21:26.029040880
2322.6,1,10:21:26.406752520
2322.6,1,10:21:26.784602642
2322.6,2,10:21:26.784875578
2322.6,1,10:21:27.709476642
2322.6,1,10:21:27.709735853
2322.5,4,10:21:27.710961584
2322.4,1,10:21:30.052372085
2322.5,1,10:21:30.068386146
2322.4,1,10:21:30.219216401
2322.5,1,10:21:30.565919640
2322.5,1,10:21:32.202429571
2322.6,5,10:21:33.019630372
2322.5,1,10:21:33.021185607
2322.5,1,10:21:34.099490606
2322.4,1,10:21:34.119755012
2322.4,3,10:21:37.114566180
2322.3,1,10:21:37.363632466
2322.4,1,10:21:39.707035932
2322.5,1,10:21:39.851964452
2322.2,1,10:21:40.336282599
2322.3,4,10:21:40.336282599
2322.3,1,10:21:40.337364407
2322.4,1,10:21:40.505714704
2322.5,2,10:21:41.782450900
2322.6,1,10:21:42.467380556
2322.6,2,10:21:42.549201330
2322.7,1,10:21:42.929735785
2322.7,1,10:21:42.930039033
2322.7,2,10:21:42.930507324
2322.6,1,10:21:42.933013870
2322.7,1,10:21:43.142576386
2322.6,2,10:21:43.848532552
2322.6,1,10:21:43.850536506
2322.7,1,10:21:44.451571872
2322.5,1,10:21:46.084789170
2322.7,4,10:21:46.338846396
2322.8,6,10:21:46.338846396
2322.6,1,10:21:47.153883871
2322.7,1,10:21:47.165823008
2322.7,1,10:21:47.167130155
2322.6,1,10:21:47.661199729
2322.6,3,10:21:48.103061639
2322.6,1,10:21:49.766031223
2322.7,2,10:21:50.786394270
2322.7,1,10:21:50.787071308
2322.8,1,10:21:53.225525313
2322.8,1,10:21:53.226644251
2322.8,1,10:21:54.328615865
2322.9,3,10:21:54.357810526
2323.0,10,10:21:54.357810526
2323.0,1,10:21:54.357822971
2322.9,1,10:21:54.359469933
2322.9,1,10:21:54.359720104
2322.9,1,10:21:54.359744448
2323.0,2,10:21:54.554188917
2323.0,1,10:21:54.554437267
2323.0,14,10:21:54.554534056
2323.0,1,10:21:54.555923567
2323.1,4,10:21:54.559766264
2323.1,2,10:21:54.560186148
2323.1,2,10:21:54.560455207
2323.0,1,10:21:54.848952735
2323.1,1,10:21:55.041762419
2323.2,1,10:21:55.233267210
2323.2,1,10:21:55.626618368
2323.2,2,10:21:56.044341518
2323.2,3,10:21:56.044887945
2323.1,1,10:21:56.046413598
2323.2,1,10:21:56.299967697
2323.2,5,10:21:56.929763184
2323.1,1,10:21:56.930503052
2323.1,1,10:21:56.930764789
2323.1,1,10:21:56.931303270
2323.2,1,10:21:57.083377816
2323.2,1,10:21:57.226752187
2323.0,2,10:21:57.566590235
2323.0,1,10:21:57.964868887
2323.0,2,10:21:58.009067020
2322.9,5,10:21:58.925703826
2322.9,1,10:21:58.945941626
2322.8,1,10:21:59.164632110
2323.0,1,10:22:00.588233531
2322.9,1,10:22:00.726390801
2323.0,1,10:22:00.821219195
2323.0,1,10:22:01.533795945
2323.0,2,10:22:01.535004904
2322.9,1,10:22:02.135520467
2322.9,2,10:22:02.135705525
2322.8,1,10:22:02.516003086
2322.8,1,10:22:02.516048901
2322.8,1,10:22:02.517031478
2322.9,5,10:22:03.292483508
2322.7,1,10:22:04.644953300
2322.8,1,10:22:04.645632478
2322.8,1,10:22:05.039534995
2322.9,1,10:22:06.703246105
2322.9,1,10:22:06.703578947
2322.8,1,10:22:08.751678729
2322.8,3,10:22:08.752015154
2322.6,6,10:22:09.906997560
2322.7,4,10:22:09.906997560
2322.7,1,10:22:09.916537330
2322.8,1,10:22:10.953434552
2322.8,1,10:22:10.953883374
2322.7,1,10:22:11.076246725
2322.8,1,10:22:11.189001601
2322.9,2,10:22:11.276099118
2322.9,1,10:22:12.430607000
2322.8,1,10:22:12.463082426
2322.7,1,10:22:12.506537881
2322.8,1,10:22:13.983598626
2322.9,3,10:22:14.015842457
2322.9,1,10:22:14.015889767
2322.9,3,10:22:14.015919908
2322.9,6,10:22:14.016101215
2322.8,1,10:22:14.060037608
2322.9,1,10:22:14.139584230
2322.9,1,10:22:14.156984524
2322.9,1,10:22:14.491073422
2322.8,1,10:22:14.634416845
2322.8,4,10:22:14.634641237
2322.8,1,10:22:14.634810264
2322.9,1,10:22:15.480400749
2322.9,1,10:22:15.754833693
2322.9,3,10:22:15.755123119
2322.9,1,10:22:16.006503079
2322.8,1,10:22:16.009367335
2322.9,1,10:22:16.758505107
2322.7,3,10:22:17.894005299
2322.6,2,10:22:17.894005299
2322.7,1,10:22:17.894675828
2322.7,1,10:22:17.894892546
2322.8,1,10:22:19.370978703
2322.9,1,10:22:19.440687430
2322.9,2,10:22:19.441019748
2322.8,1,10:22:19.541465007
2322.7,3,10:22:19.713992163
2322.8,1,10:22:19.744457645
2322.8,1,10:22:20.200236904
2322.8,4,10:22:20.601995498
2322.7,1,10:22:20.601995498
2322.9,1,10:22:21.213441587
2322.9,1,10:22:21.213495492
2322.9,1,10:22:21.213861330
2322.9,1,10:22:21.230098291
2323.0,1,10:22:22.576287469
2322.9,5,10:22:25.132022540
2322.9,1,10:22:25.132441592
2322.9,1,10:22:25.143024126
2322.8,1,10:22:25.522496394
2322.8,1,10:22:25.522565173
2322.9,2,10:22:25.959027393
2322.8,1,10:22:25.978789961
2322.7,1,10:22:28.087106668
2322.8,2,10:22:28.093992887
2322.8,1,10:22:28.812439505
2322.7,1,10:22:28.842774261
2323.0,1,10:22:29.462588332
2323.0,1,10:22:29.710202508
2322.8,1,10:22:30.766264405
2322.9,1,10:22:30.858000413
2323.0,2,10:22:32.862794681
2323.0,1,10:22:35.249357148
2323.0,2,10:22:35.249605758
2323.1,2,10:22:35.973873711
2323.1,2,10:22:35.974167541
2323.2,1,10:22:35.974385023
2323.2,1,10:22:35.982064778
2323.2,1,10:22:35.982393233
2323.2,1,10:22:35.989910520
2323.3,7,10:22:35.990279840
2323.3,1,10:22:36.013834737
2323.3,1,10:22:36.015677632
2323.3,1,10:22:36.040328664
2323.3,3,10:22:36.040542108
2323.3,1,10:22:36.040697718
2323.3,1,10:22:36.040929470
2323.3,1,10:22:36.279038160
2323.4,1,10:22:36.329705338
2323.4,1,10:22:36.329720388
2323.4,1,10:22:36.351339554
2323.4,8,10:22:36.351387769
2323.4,1,10:22:36.378154424
2323.4,1,10:22:36.378659574
2323.4,1,10:22:36.543064916
2323.4,3,10:22:37.108419499
2323.3,1,10:22:37.134173903
2323.2,1,10:22:37.403411670
2323.4,1,10:22:39.529728945
2323.3,1,10:22:40.121707393
2323.4,1,10:22:40.533918231
2323.4,3,10:22:41.370715959
2323.4,2,10:22:41.371153265
2323.5,1,10:22:41.532652646
2323.5,1,10:22:41.532663826
2323.5,1,10:22:41.532860564
2323.5,1,10:22:41.532933544
2323.5,1,10:22:41.534027253
2323.5,1,10:22:41.552592994
2323.6,1,10:22:41.981902936
2323.6,1,10:22:41.982250024
2323.6,1,10:22:41.985822215
2323.7,1,10:22:41.987394288
2323.7,4,10:22:41.987625242
2323.7,10,10:22:41.988239018
2323.6,1,10:22:42.239766509
2323.5,1,10:22:43.240013719
2323.7,1,10:22:43.726014561
2323.6,1,10:22:43.726803880
2323.5,2,10:22:43.726864524
2323.5,1,10:22:44.228664747
2323.7,3,10:22:44.551778159
2323.8,1,10:22:44.551778159
2323.8,2,10:22:44.551792066
2323.6,2,10:22:44.660811476
2323.5,1,10:22:44.993190234
2323.5,2,10:22:45.763940420
2323.6,3,10:22:45.763940420
2323.5,1,10:22:45.764601023
2323.5,1,10:22:45.765366504
2323.4,2,10:22:45.800195074
2323.4,1,10:22:45.802644938
2323.4,1,10:22:46.360512213
2323.2,2,10:22:46.529768957
2323.4,3,10:22:46.529768957
2323.3,5,10:22:46.529768957
2323.3,1,10:22:46.531467715
2323.5,1,10:22:46.566176398
2323.4,1,10:22:46.566589907
2323.4,1,10:22:46.567330562
2323.4,1,10:22:47.186957203
2323.5,1,10:22:47.514771882
2323.5,1,10:22:47.514979514
2323.5,3,10:22:48.116798327
2323.4,2,10:22:48.116798327
2323.5,2,10:22:48.124923816
2323.6,1,10:22:48.176079667
2323.5,1,10:22:48.494903855
2323.5,4,10:22:49.946290667
2323.6,1,10:22:49.946290667
2323.6,1,10:22:49.947689953
2323.7,1,10:22:50.171386506
2323.7,1,10:22:50.315314457
2323.7,1,10:22:50.315933272
2323.7,1,10:22:51.065865566
2323.8,1,10:22:51.329970310
2323.8,2,10:22:51.330287903
2323.8,1,10:22:51.487811863
2323.8,2,10:22:51.488270452
2323.5,2,10:22:51.637155199
2323.6,4,10:22:51.637155199
2323.7,4,10:22:51.637155199
2323.7,1,10:22:51.638706997
2323.7,1,10:22:52.305672539
2323.6,4,10:22:52.377422401
2323.6,3,10:22:52.377477778
2323.6,1,10:22:53.228182186
2323.6,3,10:22:53.978167580
2323.6,4,10:22:54.485241545
2323.6,1,10:22:54.968480870
2323.7,3,10:22:55.510869713
2323.6,2,10:22:56.683449127
2323.5,1,10:22:57.252996213
2323.5,1,10:22:57.253007861
2323.4,2,10:22:57.554650211
2323.4,1,10:22:57.554877067
2323.3,7,10:22:59.091719646
2323.4,3,10:22:59.091719646
2323.5,1,10:22:59.138275429
2323.6,3,10:23:00.379601442
2323.6,1,10:23:01.145732530
2323.6,1,10:23:01.885528455
2323.6,3,10:23:02.520357131
2323.5,1,10:23:03.873087887
2323.6,1,10:23:05.095690911
2323.7,1,10:23:05.398645570
2323.6,1,10:23:05.600040471
2323.6,1,10:23:06.322455014
2323.7,1,10:23:07.870384648
2323.7,1,10:23:07.870876245
2323.7,1,10:23:07.967769799
2323.6,1,10:23:08.314037002
2323.6,3,10:23:10.470572297
2323.5,2,10:23:10.744761870
2323.5,1,10:23:11.417694475
2323.5,1,10:23:11.418108762
2323.6,1,10:23:12.649582688
2323.7,1,10:23:12.714789923
2323.7,1,10:23:12.715083061
2323.6,5,10:23:12.985474102
2323.7,2,10:23:12.986312514
2323.6,1,10:23:13.043479909
2323.6,1,10:23:13.048568127
2323.4,4,10:23:13.134090279
2323.5,1,10:23:13.159265472
2323.4,1,10:23:13.254952495
2323.3,2,10:23:13.400009157
2323.3,1,10:23:13.400023886
2323.3,1,10:23:13.403946520
2323.3,1,10:23:13.404002882
2323.3,1,10:23:13.429688300
2323.3,1,10:23:13.446502642
2323.3,1,10:23:13.468561737
2323.3,3,10:23:13.658270062
2323.4,2,10:23:13.658270062
2323.3,2,10:23:13.658959914
2323.4,1,10:23:13.669220344
2323.3,1,10:23:14.104634338
2323.5,3,10:23:14.220432001
2323.5,1,10:23:14.221568178
2323.4,6,10:23:14.671553368
2323.3,1,10:23:15.064769779
2323.5,2,10:23:15.526628549
2323.6,2,10:23:15.577335212
2323.7,9,10:23:15.581025363
2323.7,2,10:23:15.584460172
2323.8,1,10:23:15.586505765
2323.8,1,10:23:15.588792723
2323.8,1,10:23:15.589134176
2323.8,1,10:23:15.594510473
2323.8,1,10:23:15.594619071
2323.8,1,10:23:15.594842390
2323.8,2,10:23:15.595035729
2323.8,1,10:23:15.595081131
2323.8,1,10:23:15.595623539
2323.8,1,10:23:15.595969997
2323.8,1,10:23:15.596379208
2323.8,3,10:23:15.597229389
2323.7,1,10:23:15.645247720
2323.7,1,10:23:15.645494426
2323.7,2,10:23:15.645832618
2323.6,1,10:23:15.674422973
2323.6,1,10:23:15.674620655
2323.6,2,10:23:15.674732327
2323.6,1,10:23:15.675034084
2323.6,1,10:23:15.675193303
2323.6,1,10:23:15.676642134
2323.5,1,10:23:15.697965122
2323.5,2,10:23:15.898350281
2323.5,2,10:23:15.963823380
2323.4,1,10:23:16.162439518
2323.4,1,10:23:16.162718884
2323.4,1,10:23:16.162831823
2323.5,1,10:23:16.163245550
2323.5,1,10:23:16.412747017
2323.6,1,10:23:16.448224325
2323.5,1,10:23:16.729067163
2323.5,1,10:23:18.150343782
2323.6,5,10:23:19.500578567
2323.7,1,10:23:20.241309147
2323.7,1,10:23:20.241341452
2323.7,1,10:23:20.982412097
2323.7,1,10:23:20.983050776
2323.7,1,10:23:20.983163130
2323.6,10,10:23:21.898896884
2323.5,4,10:23:23.563701617
2323.4,6,10:23:23.563701617
2323.5,1,10:23:23.589228168
2323.5,1,10:23:23.598643414
2323.4,1,10:23:24.167799832
2323.4,7,10:23:26.226361952
2323.3,2,10:23:26.226361952
2323.6,1,10:23:26.246359101
2323.4,1,10:23:26.392148377
2323.5,4,10:23:26.392148377
2323.6,1,10:23:26.392946029
2323.6,1,10:23:26.393803662
2323.7,2,10:23:27.735860461
2323.7,1,10:23:27.742484137
2323.6,1,10:23:28.974033124
2323.7,1,10:23:29.794293227
2323.8,1,10:23:30.335544267
2323.8,2,10:23:30.347288666
2323.8,1,10:23:30.348070096
2323.9,2,10:23:30.371634536
2323.8,3,10:23:30.628129660
2323.8,1,10:23:30.628511550
2323.8,1,10:23:30.628540603
2323.8,1,10:23:30.628703736
2323.8,1,10:23:30.629565027
2323.9,2,10:23:30.649106937
2323.9,1,10:23:31.730273620
2323.8,4,10:23:31.756682904
2323.7,1,10:23:31.756682904
2323.8,1,10:23:31.757194665
2323.8,1,10:23:31.758165821
2323.9,30,10:23:32.085936396
2323.9,3,10:23:32.086032065
2323.9,11,10:23:32.087085913
2323.9,1,10:23:32.087181264
2323.9,2,10:23:32.087292049
2323.9,2,10:23:32.087318404
2323.9,16,10:23:32.087377561
2323.9,6,10:23:32.087401641
2323.9,2,10:23:32.087428125
2323.9,4,10:23:32.087457463
2323.9,1,10:23:32.087578211
2323.9,1,10:23:32.089074878
2323.9,1,10:23:32.089270373
2323.9,1,10:23:32.089620306
2323.9,1,10:23:32.090097811
2323.9,1,10:23:32.090351774
2323.8,5,10:23:32.090801597
2323.9,1,10:23:32.091131108
2323.9,2,10:23:32.094230086
2323.8,2,10:23:32.115696416
2323.9,1,10:23:32.145121901
2323.9,1,10:23:32.145694382
2323.8,1,10:23:32.601594933
2323.9,4,10:23:33.761062617
2323.9,1,10:23:35.053098793
2323.9,1,10:23:35.753918566
2323.9,1,10:23:35.754131604
2323.9,1,10:23:36.544747983
2323.9,1,10:23:36.545318801
2323.9,1,10:23:37.255529183
2323.8,1,10:23:37.529309838
2323.9,1,10:23:38.169963401
2323.9,1,10:23:39.670520242
2323.9,2,10:23:40.015408418
2323.9,2,10:23:40.257315726
2323.9,1,10:23:40.257743168
2323.9,1,10:23:40.331148464
2323.9,2,10:23:41.112303469
2324.0,2,10:23:41.300342336
2324.0,3,10:23:41.300377491
2323.9,4,10:23:42.112668844
2323.9,3,10:23:42.113146263
2323.9,1,10:23:42.125359746
2323.8,1,10:23:42.311369834
2324.0,2,10:23:42.431973946
2324.0,3,10:23:44.619129869
2324.0,1,10:23:44.746794826
2324.0,1,10:23:44.800728195
2324.0,2,10:23:44.800982242
2324.0,2,10:23:44.801234209
2324.0,2,10:23:45.584764405
2324.0,1,10:23:45.598708248
2324.0,2,10:23:45.598875496
2324.0,1,10:23:45.598906294
2323.9,7,10:23:47.866655745
2323.8,1,10:23:48.014224778
2323.9,1,10:23:48.014571928
2324.0,1,10:23:48.990473759
2324.0,3,10:23:48.993427879
2324.0,1,10:23:48.993479870
2324.0,2,10:23:48.993713334
2324.0,1,10:23:48.993966100
2324.0,1,10:23:48.994036076
2323.9,2,10:23:49.245748226
2323.9,1,10:23:49.245947494
2323.9,1,10:23:49.246582380
2324.0,1,10:23:50.370567553
2324.0,3,10:23:50.370616984
2324.0,9,10:23:50.370970092
2324.0,1,10:23:50.371218331
2324.0,2,10:23:50.371986094
2324.0,2,10:23:50.372725302
2324.0,3,10:23:50.395272502
2324.0,1,10:23:50.421926591
2324.1,4,10:23:50.463846853
2324.1,1,10:23:50.866041750
2324.1,1,10:23:51.020508544
2324.1,1,10:23:51.407151252
2324.1,1,10:23:51.418971305
2324.1,1,10:23:51.847302264
2324.1,1,10:23:52.447868926
2324.2,1,10:23:52.913512698
2324.3,1,10:23:52.913528957
2324.2,1,10:23:52.913528957
2324.2,1,10:23:52.914624337
2324.2,1,10:23:52.914814003
2324.2,2,10:23:52.915711578
2324.2,1,10:23:52.921854162
2324.2,1,10:23:52.945996729
2324.1,1,10:23:53.199615173
2324.3,8,10:23:53.386278499
2324.3,9,10:23:53.387096221
2324.3,2,10:23:53.387339493
2324.3,1,10:23:53.388424558
2324.3,1,10:23:53.388473267
2324.3,1,10:23:53.388517539
2324.3,11,10:23:53.388575806
2324.3,1,10:23:53.389470320
2324.3,1,10:23:53.397604283
2324.3,1,10:23:53.398639987
2324.3,1,10:23:53.398840742
2324.3,1,10:23:53.405027872
2324.3,1,10:23:53.732351473
2324.4,2,10:23:54.168845962
2324.3,1,10:23:54.309565321
2324.3,1,10:23:54.804200968
2324.3,1,10:23:54.804401206
2324.2,1,10:23:54.914558617
2324.3,3,10:23:54.952560136
2324.4,1,10:23:55.431610725
2324.4,1,10:23:55.431889450
2324.3,1,10:23:55.460408278
2324.3,7,10:23:55.996922426
2324.3,1,10:23:55.996975320
2324.2,1,10:23:56.096690247
2324.2,1,10:23:56.096776982
2324.2,1,10:23:56.097050354
2324.3,4,10:23:56.134413081
2324.2,1,10:23:56.318645941
2324.3,1,10:23:56.415416874
2324.3,1,10:23:56.415783487
2324.3,1,10:23:57.067829426
2324.4,2,10:23:57.664201259
2324.4,2,10:23:57.664281945
2324.4,1,10:23:57.807628454
2324.5,2,10:23:58.534781383
2324.5,1,10:23:58.951001279
2324.4,3,10:23:58.955617391
2324.4,1,10:23:58.955902443
2324.5,4,10:23:59.477837833
2324.5,1,10:23:59.478793820
2324.5,1,10:23:59.702461983
2324.5,2,10:23:59.714717445
2324.4,3,10:23:59.958603438
2324.4,2,10:23:59.958812995
2324.3,1,10:23:59.983170951
2324.6,3,10:24:00.849497948
2324.6,1,10:24:00.849512665
2324.5,1,10:24:00.877322394
2324.5,1,10:24:00.877645530
2324.4,3,10:24:00.966831840
2324.5,1,10:24:00.967310609
2324.4,1,10:24:01.162815460
2324.5,1,10:24:01.561442363
2324.5,1,10:24:01.561657497
2324.4,3,10:24:02.031035530
2324.6,3,10:24:02.522324937
2324.6,1,10:24:02.547149335
2324.6,1,10:24:02.572516384
2324.7,1,10:24:02.580559591
2324.5,1,10:24:02.710086733
2324.6,1,10:24:02.710584193
2324.6,1,10:24:03.045064531
2324.5,3,10:24:03.090599356
2324.5,1,10:24:03.104782275
2324.6,3,10:24:03.105186660
2324.6,1,10:24:03.109645036
2324.6,1,10:24:03.251481157
2324.5,1,10:24:03.487635035
2324.5,4,10:24:03.488007238
2324.5,1,10:24:03.743715589
2324.4,2,10:24:04.151156932
2324.5,6,10:24:04.185564697
2324.4,1,10:24:04.185564697
2324.5,2,10:24:04.185993154
2324.6,2,10:24:04.333234920
2324.6,1,10:24:04.333480996
2324.6,1,10:24:04.335702304
2324.6,1,10:24:04.337633626
2324.6,1,10:24:04.337805470
2324.6,2,10:24:04.338197654
2324.4,1,10:24:05.138498995
2324.6,6,10:24:05.327294169
2324.6,1,10:24:05.327723375
2324.6,1,10:24:05.327784509
2324.5,2,10:24:05.360356077
2324.5,3,10:24:05.360801116
2324.7,7,10:24:05.858167731
2324.7,1,10:24:05.870722618
2324.8,4,10:24:05.950351666
2324.7,1,10:24:06.615739585
2324.8,5,10:24:06.966357960
2324.8,1,10:24:06.966620205
2324.7,4,10:24:07.011507138
2324.8,1,10:24:07.012170531
2324.7,1,10:24:07.345821930
2324.8,1,10:24:08.087011880
2324.8,1,10:24:08.087242640
2324.7,1,10:24:08.087416180
2324.8,1,10:24:08.087854224
2324.7,4,10:24:08.104832546
2324.8,2,10:24:08.368925245
2324.8,3,10:24:08.369525648
2325.0,2,10:24:09.636120423
2324.9,8,10:24:09.636120423
2325.0,1,10:24:09.636132193
2325.0,2,10:24:09.636132193
2324.9,1,10:24:09.638056606
2324.8,1,10:24:09.638361419
2324.9,5,10:24:09.640293451
2324.9,9,10:24:09.640798588
2324.8,2,10:24:09.642161233
2325.0,5,10:24:09.811388192
2324.9,1,10:24:09.918498547
2324.9,1,10:24:09.918701252
2324.9,1,10:24:10.599388660
2324.9,1,10:24:11.352453344
2325.0,1,10:24:11.600565108
2325.0,2,10:24:11.600810137
2325.0,1,10:24:11.601012291
2325.0,1,10:24:11.601037974
2325.0,1,10:24:12.481289637
2325.0,1,10:24:12.481659389
2325.0,1,10:24:12.481858152
2325.0,1,10:24:12.493513385
2325.0,3,10:24:12.493732026
2324.9,6,10:24:12.494164156
2324.9,2,10:24:12.494222285
2324.9,1,10:24:12.495338496
2324.8,1,10:24:12.495594185
2324.9,1,10:24:12.495658305
2324.9,1,10:24:12.595941414
2324.8,1,10:24:12.600764962
2324.7,1,10:24:12.692269175
2324.8,1,10:24:12.692877613
2324.9,1,10:24:13.129288157
2324.9,4,10:24:13.877700167
2324.8,1,10:24:14.067760463
2324.9,5,10:24:14.152948979
2324.9,1,10:24:15.710743196
2324.9,1,10:24:15.910279128
2325.0,1,10:24:16.040709556
2325.0,2,10:24:16.040724299
2325.0,1,10:24:16.040977815
2325.0,1,10:24:16.185513871
2324.9,1,10:24:16.306072706
2324.9,1,10:24:16.306273734
2324.9,1,10:24:16.409852070
2324.8,1,10:24:16.506307783
2324.9,2,10:24:17.560543662
2325.0,4,10:24:18.476291487
2325.0,1,10:24:18.476570907
2325.0,1,10:24:18.476627510
2325.0,1,10:24:18.476666698
2325.0,3,10:24:18.476720881
2324.9,1,10:24:18.985982585
2324.9,1,10:24:19.405539403
2324.9,1,10:24:19.405573932
2324.9,6,10:24:19.405761500
2324.9,1,10:24:19.406352271
2324.9,1,10:24:19.406877786
2325.0,10,10:24:19.437121061
2324.9,1,10:24:19.453963891
2324.8,5,10:24:20.532887215
2324.9,1,10:24:20.533565821
2324.9,1,10:24:20.646161469
2324.9,1,10:24:20.680994335
2324.9,2,10:24:20.682772006
2324.8,2,10:24:20.818116521
2325.0,1,10:24:21.716034267
2325.0,2,10:24:22.041970170
2324.9,1,10:24:23.195466656
2324.9,2,10:24:23.237610335
2324.9,2,10:24:24.247274138
2324.9,1,10:24:24.250264294
2324.9,1,10:24:24.270805223
2324.9,1,10:24:24.294878786
2324.9,1,10:24:24.317550088
2324.9,1,10:24:24.771524051
2325.0,1,10:24:24.776354174
2324.9,1,10:24:25.083484040
2325.0,9,10:24:26.142872554
2325.0,2,10:24:26.142912737
2325.0,1,10:24:26.143314534
2325.1,4,10:24:26.144045797
2325.1,1,10:24:26.145453467
2325.1,1,10:24:26.146755394
2325.1,1,10:24:26.147987617
2325.1,1,10:24:26.166292278
2325.1,1,10:24:26.166317807
2325.1,1,10:24:26.166659805
2325.1,1,10:24:26.195285691
2325.1,1,10:24:26.296877298
2325.2,5,10:24:28.225274217
2325.2,2,10:24:28.225288016
2325.2,2,10:24:28.247569620
2325.1,1,10:24:28.613453320
2325.1,1,10:24:28.627303977
2325.1,1,10:24:29.895706639
2325.1,1,10:24:30.101527646
2325.0,1,10:24:30.101527646
2325.1,1,10:24:30.102059819
2325.0,7,10:24:30.650562746
2325.1,1,10:24:30.650562746
2325.0,2,10:24:30.651423970
2325.1,2,10:24:31.202013224
2325.2,1,10:24:32.038300875
2325.1,1,10:24:32.365072223
2325.0,1,10:24:32.632169099
2325.0,1,10:24:32.632432438
2325.0,1,10:24:32.632474583
2325.0,1,10:24:32.632530396
2324.9,2,10:24:32.714429371
2324.9,1,10:24:32.715209835
2324.7,1,10:24:35.262117829
2324.8,1,10:24:35.994986098
2324.8,4,10:24:36.828899326
2324.8,1,10:24:36.830258490
2324.9,1,10:24:36.926596205
2324.9,4,10:24:36.926780401
2324.9,1,10:24:36.926816264
2324.9,4,10:24:36.926885072
2324.9,1,10:24:36.927513497
2324.9,1,10:24:36.927548148
2324.9,2,10:24:36.927724225
2324.8,2,10:24:37.254872246
2324.8,1,10:24:37.790849850
2324.7,1,10:24:37.790948393
2324.8,3,10:24:38.353305799
2324.6,5,10:24:38.897744280
2324.7,1,10:24:39.284274641
2324.7,1,10:24:40.619826490
2324.6,1,10:24:41.433318211
2324.6,1,10:24:41.685653914
2324.6,1,10:24:41.685935941
2324.6,1,10:24:41.686172913
2324.6,1,10:24:41.686227017
2324.6,1,10:24:41.808969063
2324.7,4,10:24:41.816242192
2324.8,1,10:24:42.030473542
2324.8,1,10:24:42.036707101
2324.7,1,10:24:42.888353658
2324.7,1,10:24:45.568403922
2324.8,5,10:24:46.611985405
2324.9,2,10:24:47.424347972
2324.9,1,10:24:47.424387359
2324.9,1,10:24:47.424428710
2324.9,2,10:24:47.424468132
2324.9,1,10:24:47.425977810
2324.9,1,10:24:47.426276959
2324.9,1,10:24:47.563000913
2324.8,1,10:24:47.605695316
2324.8,2,10:24:47.606318298
2324.8,2,10:24:47.606679352
2324.9,1,10:24:47.678253285
2324.8,1,10:24:49.688020391
2324.8,1,10:24:49.688303715
2324.9,6,10:24:50.073734051
2325.0,1,10:24:50.865468965
2325.0,5,10:24:50.865547831
2325.1,3,10:24:51.267182949
2325.1,2,10:24:51.301422123
2325.1,2,10:24:51.361770889
2325.1,1,10:24:51.845017737
2325.2,1,10:24:51.879754172
2325.1,1,10:24:52.152719649
2325.2,1,10:24:53.047489608
2325.2,1,10:24:53.048604498
2325.2,1,10:24:53.048630633
2325.1,1,10:24:53.106012571
2325.3,1,10:24:53.849865224
2325.3,1,10:24:53.849877432
2325.2,1,10:24:54.717263956
2325.2,1,10:24:54.801759279
2325.2,3,10:24:54.878805771
2325.1,2,10:24:55.495161508
2325.2,4,10:24:56.300998009
2325.1,3,10:24:56.619441499
2325.2,1,10:24:56.621449862
2325.2,1,10:24:56.622611851
2325.1,1,10:24:56.713064322
2325.3,2,10:24:57.441735194
2325.0,1,10:24:59.288321867
2325.0,1,10:24:59.288755904
2324.9,1,10:24:59.900098703
2324.9,1,10:24:59.900122742
2324.9,1,10:24:59.900281417
2324.9,1,10:24:59.900401820
2324.8,3,10:25:00.055992624
2324.9,1,10:25:00.189487742
2324.9,2,10:25:00.189711174
2324.9,1,10:25:00.190246590
2324.8,1,10:25:00.287655348
2324.8,1,10:25:01.046151184
2324.8,1,10:25:01.379285840
2325.0,1,10:25:01.602112772
2325.0,1,10:25:02.548668826
2325.1,1,10:25:02.658168859
2325.0,1,10:25:02.676217787
2325.1,1,10:25:02.886949235
2324.9,1,10:25:03.090527018
2324.9,1,10:25:03.097037732
2324.9,1,10:25:03.590072459
2324.8,1,10:25:04.139261218
2324.8,1,10:25:04.774220636
2324.9,1,10:25:04.904143406
2324.9,1,10:25:05.188147554
2324.9,1,10:25:05.188537994
2324.8,1,10:25:06.277600961
2324.8,3,10:25:07.926868792
2324.7,1,10:25:08.638061403
2324.7,1,10:25:08.985314501
2324.7,1,10:25:09.025378202
2324.7,4,10:25:09.420634244
2324.6,3,10:25:09.420634244
2324.8,2,10:25:09.425348107
2324.8,1,10:25:09.687335514
2324.7,6,10:25:10.057821692
2324.6,1,10:25:10.057821692
2324.7,1,10:25:10.059727885
2324.8,1,10:25:10.060255080
2324.8,1,10:25:10.418860662
2324.7,1,10:25:11.437637645
2324.8,1,10:25:12.345631321
2324.7,1,10:25:12.674532535
2324.8,5,10:25:12.974143503
2324.8,1,10:25:13.544392090
2324.8,1,10:25:13.544830729
2324.9,4,10:25:15.689174878
2324.8,1,10:25:17.395037109
2324.9,1,10:25:17.802566864
2324.9,1,10:25:17.821268656
2324.7,8,10:25:18.588182269
2324.8,6,10:25:18.588182269
2324.6,5,10:25:18.644695466
2324.7,1,10:25:18.646581683
2324.6,1,10:25:18.856885172
2324.6,1,10:25:19.391361385
2324.6,2,10:25:21.014291609
2324.8,1,10:25:21.072018994
2324.6,1,10:25:21.798850376
2324.6,2,10:25:22.055181329
2324.7,1,10:25:22.344025972
2324.6,1,10:25:22.919415028
2324.7,1,10:25:23.454743039
2324.7,3,10:25:23.455353899
2324.8,5,10:25:23.489194459
2324.8,1,10:25:23.596323700
2324.7,1,10:25:23.773144567
2324.6,1,10:25:24.059549591
2324.6,1,10:25:25.048195064
2324.7,1,10:25:26.318940809
2324.7,1,10:25:26.359571565
2324.6,4,10:25:26.385293334
2324.7,1,10:25:26.462562743
2324.8,4,10:25:27.247222524
2324.8,1,10:25:27.248499027
2324.6,4,10:25:27.541339252
2324.5,1,10:25:28.730415388
2324.5,1,10:25:28.730486215
2324.6,1,10:25:29.028521275
2324.6,1,10:25:30.415211804
2324.6,1,10:25:30.683825692
2324.5,4,10:25:31.338232006
2324.4,3,10:25:31.338232006
2324.4,1,10:25:31.445308870
2324.4,1,10:25:31.450059644
2324.4,1,10:25:31.451068615
2324.5,2,10:25:31.989221515
2324.5,1,10:25:32.678445813
2324.8,2,10:25:32.966630135
2324.8,1,10:25:35.325971576
2324.6,2,10:25:36.122687520
2324.6,3,10:25:37.115495943
2324.6,1,10:25:37.924520985
2324.6,1,10:25:37.924558356
2324.6,5,10:25:37.924738542
2324.6,2,10:25:37.924883127
2324.6,3,10:25:37.925214151
2324.6,1,10:25:37.925268415
2324.6,1,10:25:37.925360305
2324.6,1,10:25:37.926207618
2324.5,1,10:25:39.705915962
2324.5,1,10:25:40.626627841
2324.4,2,10:25:40.793930680
2324.4,5,10:25:41.054197049
2324.5,1,10:25:42.024445613
2324.6,1,10:25:42.057472836
2324.6,1,10:25:42.058761274
2324.5,1,10:25:42.272184604
2324.5,1,10:25:43.112413086
2324.7,1,10:25:43.547752493
2324.5,4,10:25:44.410204082
2324.5,1,10:25:44.425335870
2324.5,1,10:25:44.435273959
2324.4,1,10:25:44.450303046
2324.4,1,10:25:44.454488183
2324.4,1,10:25:44.455571402
2324.4,1,10:25:44.468797704
2324.4,1,10:25:44.468950260
2324.3,1,10:25:44.501284013
2324.3,1,10:25:44.501298408
2324.3,2,10:25:44.501298408
2324.3,2,10:25:44.501650699
2324.2,5,10:25:44.503568757
2324.2,1,10:25:44.506654063
2324.2,2,10:25:44.506984554
2324.2,1,10:25:44.513713227
2324.2,1,10:25:44.517859204
2324.2,1,10:25:44.530886128
2324.3,2,10:25:44.594512448
2324.3,1,10:25:44.672870004
2324.3,1,10:25:44.673418930
2324.2,1,10:25:44.675921220
2324.3,1,10:25:44.676368033
2324.3,1,10:25:44.846261874
2324.3,2,10:25:44.852418593
2324.2,6,10:25:45.159778184
2324.1,2,10:25:45.159778184
2324.1,2,10:25:45.159791620
2324.2,1,10:25:45.160838503
2324.2,2,10:25:45.524171845
2324.3,2,10:25:45.535920038
2324.2,1,10:25:45.536284970
2324.2,1,10:25:45.536337320
2324.3,1,10:25:45.536392319
2324.2,1,10:25:45.537617983
2324.1,1,10:25:45.646876183
2324.1,1,10:25:45.646898424
2324.1,4,10:25:45.647179146
2324.2,2,10:25:45.648070483
2324.2,1,10:25:45.648420883
2324.1,1,10:25:45.650416341
2324.1,2,10:25:45.661331893
2324.1,1,10:25:45.661812146
2324.0,3,10:25:45.661812146
2324.0,1,10:25:45.662789538
2324.0,2,10:25:45.662956303
2324.0,1,10:25:45.663263154
2324.0,1,10:25:45.663311510
2324.0,1,10:25:45.663581909
2324.1,3,10:25:45.673569167
2324.1,1,10:25:45.690422592
2324.1,1,10:25:45.721181479
2324.1,1,10:25:45.807530622
2324.1,1,10:25:45.807757445
2324.1,1,10:25:45.807956937
2324.0,1,10:25:45.885916297
2324.1,1,10:25:46.020156318
2324.2,1,10:25:46.031039111
2324.2,1,10:25:46.031246014
2324.2,1,10:25:46.042240009
2324.2,1,10:25:46.049735946
2324.1,2,10:25:46.099058581
2324.2,1,10:25:46.508171822
2324.2,1,10:25:46.547573398
2324.3,1,10:25:46.630241834
2324.3,1,10:25:46.690592748
2324.3,1,10:25:46.758448893
2324.3,1,10:25:46.758894692
2324.3,1,10:25:46.759302428
2324.2,1,10:25:47.163481069
2324.3,1,10:25:47.165353916
2324.2,2,10:25:47.288101526
2324.1,1,10:25:47.405430962
2324.1,1,10:25:47.405674718
2324.0,1,10:25:47.415283685
2323.9,1,10:25:47.540701752
2324.0,3,10:25:48.005893294
2324.0,2,10:25:48.006741513
2323.9,2,10:25:48.508079446
2323.9,3,10:25:48.960104327
2323.9,1,10:25:48.989943659
2323.8,1,10:25:49.590912585
2323.8,1,10:25:49.815610475
2324.0,2,10:25:49.970356911
2323.9,1,10:25:50.020941209
2324.0,1,10:25:50.507797942
2324.1,1,10:25:50.677397141
2323.9,1,10:25:50.889473815
2324.0,1,10:25:50.890607309
2324.1,1,10:25:51.738779998
2324.2,2,10:25:51.748688743
2324.2,1,10:25:51.749021687
2324.1,1,10:25:51.749712184
2324.1,2,10:25:51.750000798
2324.1,9,10:25:51.750228796
2324.1,2,10:25:51.771070827
2324.1,1,10:25:51.771307468
2324.0,5,10:25:51.784781958
2324.1,2,10:25:51.785450407
2324.0,3,10:25:52.426524865
2324.1,1,10:25:52.427093807
2324.1,1,10:25:52.427978587
2324.1,3,10:25:54.077471505
2324.1,1,10:25:54.078216935
2324.2,1,10:25:54.086490254
2324.1,1,10:25:55.147371293
2324.2,1,10:25:55.174114982
2324.1,5,10:25:56.796929445
2324.2,1,10:25:56.805981894
2324.2,1,10:25:56.806358964
2324.1,1,10:25:59.661419554
2324.1,1,10:25:59.661679777
2324.1,1,10:25:59.662180590
2324.2,3,10:26:00.600925410
2324.1,1,10:26:03.114830171
2324.0,2,10:26:03.921178178
2324.1,1,10:26:03.922005007
2324.1,1,10:26:04.098029526
2324.0,1,10:26:04.695074496
