bidVolume,bidPrice,askVolume,askPrice,timestamp
180,110.41,147,110.42,14:00:00.436904457
160,110.41,147,110.42,14:00:01.027235247
161,110.41,147,110.42,14:00:01.038577159
181,110.41,147,110.42,14:00:01.721018351
181,110.41,146,110.42,14:00:01.721170262
181,110.41,147,110.42,14:00:02.728012765
181,110.41,148,110.42,14:00:02.816065137
181,110.41,147,110.42,14:00:02.932169405
181,110.41,148,110.42,14:00:03.263538457
181,110.41,150,110.42,14:00:03.263579690
181,110.41,152,110.42,14:00:04.692553645
181,110.41,150,110.42,14:00:04.699810257
162,110.41,150,110.42,14:00:04.709642821
181,110.41,150,110.42,14:00:04.725975703
181,110.41,152,110.42,14:00:04.767732789
181,110.41,150,110.42,14:00:05.186793664
181,110.41,148,110.42,14:00:05.189051691
181,110.41,147,110.42,14:00:05.189195083
181,110.41,148,110.42,14:00:05.191269196
181,110.41,147,110.42,14:00:05.555268752
181,110.41,149,110.42,14:00:06.041661973
181,110.41,147,110.42,14:00:07.166090828
181,110.41,146,110.42,14:00:07.170660297
181,110.41,147,110.42,14:00:07.172167057
161,110.41,147,110.42,14:00:08.484328708
181,110.41,147,110.42,14:00:08.485984687
161,110.41,147,110.42,14:00:08.490595863
181,110.41,147,110.42,14:00:08.619362106
161,110.41,147,110.42,14:00:09.105725714
161,110.41,105,110.42,14:00:09.303412888
161,110.41,104,110.42,14:00:09.304025376
177,110.41,104,110.42,14:00:09.304040192
177,110.41,89,110.42,14:00:09.304055543
195,110.41,89,110.42,14:00:09.304444366
177,110.41,89,110.42,14:00:09.306629465
177,110.41,90,110.42,14:00:09.306932114
177,110.41,89,110.42,14:00:09.310217846
178,110.41,89,110.42,14:00:09.315873514
178,110.41,90,110.42,14:00:09.316206945
178,110.41,89,110.42,14:00:09.332491336
178,110.41,91,110.42,14:00:09.338615939
178,110.41,92,110.42,14:00:09.338694179
178,110.41,93,110.42,14:00:09.338694179
198,110.41,93,110.42,14:00:09.799820463
178,110.41,93,110.42,14:00:09.801063721
178,110.41,92,110.42,14:00:09.819552429
178,110.41,90,110.42,14:00:09.819740933
198,110.41,90,110.42,14:00:10.110708554
198,110.41,89,110.42,14:00:10.110905016
198,110.41,90,110.42,14:00:10.330291505
178,110.41,90,110.42,14:00:11.196785226
178,110.41,89,110.42,14:00:11.196954766
198,110.41,89,110.42,14:00:11.348639640
198,110.41,90,110.42,14:00:11.348802291
198,110.41,89,110.42,14:00:11.937283436
198,110.41,90,110.42,14:00:12.023049144
198,110.41,89,110.42,14:00:12.024083031
198,110.41,90,110.42,14:00:14.918372181
198,110.41,89,110.42,14:00:15.689157705
178,110.41,89,110.42,14:00:17.521968665
178,110.41,90,110.42,14:00:17.759675536
178,110.41,89,110.42,14:00:19.969949003
178,110.41,90,110.42,14:00:22.411406739
178,110.41,91,110.42,14:00:22.411591770
178,110.41,90,110.42,14:00:24.092748165
178,110.41,91,110.42,14:00:24.239832176
178,110.41,90,110.42,14:00:24.854714837
178,110.41,89,110.42,14:00:25.151213447
198,110.41,89,110.42,14:00:25.598384092
198,110.41,88,110.42,14:00:27.504135643
198,110.41,87,110.42,14:00:27.504135643
198,110.41,85,110.42,14:00:27.504135643
198,110.41,84,110.42,14:00:27.504135643
198,110.41,83,110.42,14:00:27.504135643
198,110.41,82,110.42,14:00:27.504168797
198,110.41,80,110.42,14:00:27.504543047
198,110.41,79,110.42,14:00:27.504786878
198,110.41,78,110.42,14:00:27.504786878
198,110.41,77,110.42,14:00:27.504786878
198,110.41,75,110.42,14:00:27.505008230
198,110.41,55,110.42,14:00:27.505008230
198,110.41,25,110.42,14:00:27.505362128
198,110.41,169,110.43,14:00:27.505362128
59,110.42,169,110.43,14:00:27.505512726
65,110.42,169,110.43,14:00:27.505848950
67,110.42,169,110.43,14:00:27.505848950
88,110.42,169,110.43,14:00:27.506177676
88,110.42,173,110.43,14:00:27.506192665
90,110.42,173,110.43,14:00:27.506192665
91,110.42,173,110.43,14:00:27.506411871
32,110.42,173,110.43,14:00:27.506434070
32,110.42,147,110.43,14:00:27.506576504
31,110.42,147,110.43,14:00:27.507110009
29,110.42,147,110.43,14:00:27.507137416
31,110.42,147,110.43,14:00:27.507363042
29,110.42,147,110.43,14:00:27.507824750
29,110.42,143,110.43,14:00:27.508169905
31,110.42,143,110.43,14:00:27.510708124
32,110.42,143,110.43,14:00:27.511019027
30,110.42,143,110.43,14:00:27.511101561
34,110.42,143,110.43,14:00:27.511978674
49,110.42,143,110.43,14:00:27.512490120
45,110.42,143,110.43,14:00:27.513703684
46,110.42,143,110.43,14:00:27.513954029
48,110.42,143,110.43,14:00:27.515495195
42,110.42,143,110.43,14:00:27.516229333
40,110.42,143,110.43,14:00:27.516316663
23,110.42,143,110.43,14:00:27.516316663
22,110.42,143,110.43,14:00:27.516543473
22,110.42,144,110.43,14:00:27.516631300
7,110.42,144,110.43,14:00:27.516749201
5,110.42,144,110.43,14:00:27.516777684
4,110.42,144,110.43,14:00:27.516777684
3,110.42,144,110.43,14:00:27.516802356
3,110.42,148,110.43,14:00:27.516911009
3,110.42,171,110.43,14:00:27.517502452
5,110.42,171,110.43,14:00:27.518928206
6,110.42,171,110.43,14:00:27.525880449
3,110.42,171,110.43,14:00:27.527008649
1,110.42,171,110.43,14:00:27.527008649
224,110.41,171,110.43,14:00:27.527008649
224,110.41,19,110.42,14:00:27.527008649
224,110.41,171,110.43,14:00:27.527356444
25,110.42,171,110.43,14:00:27.527356444
25,110.42,148,110.43,14:00:27.527356444
29,110.42,148,110.43,14:00:27.527827769
29,110.42,166,110.43,14:00:27.528171326
29,110.42,170,110.43,14:00:27.528270817
69,110.42,170,110.43,14:00:27.528418670
72,110.42,170,110.43,14:00:27.528515751
68,110.42,170,110.43,14:00:27.528609095
43,110.42,170,110.43,14:00:27.528626059
43,110.42,152,110.43,14:00:27.529053335
41,110.42,152,110.43,14:00:27.529478785
43,110.42,152,110.43,14:00:27.530841805
45,110.42,152,110.43,14:00:27.531308540
43,110.42,152,110.43,14:00:27.534084042
45,110.42,152,110.43,14:00:27.537080404
20,110.42,152,110.43,14:00:27.537754474
18,110.42,152,110.43,14:00:27.538086557
16,110.42,152,110.43,14:00:27.538191690
1,110.42,152,110.43,14:00:27.538191690
41,110.42,152,110.43,14:00:27.538220586
43,110.42,152,110.43,14:00:27.538463453
43,110.42,175,110.43,14:00:27.538538211
41,110.42,175,110.43,14:00:27.538757414
45,110.42,175,110.43,14:00:27.547844924
41,110.42,175,110.43,14:00:27.548127788
40,110.42,175,110.43,14:00:27.548480126
16,110.42,175,110.43,14:00:27.548480126
224,110.41,175,110.43,14:00:27.548548556
224,110.41,152,110.43,14:00:27.549099508
214,110.41,152,110.43,14:00:27.549193863
219,110.41,152,110.43,14:00:27.549775360
1,110.42,152,110.43,14:00:27.549853915
2,110.42,152,110.43,14:00:27.549940138
4,110.42,152,110.43,14:00:27.550057668
3,110.42,152,110.43,14:00:27.559131938
2,110.42,152,110.43,14:00:27.559131938
183,110.41,152,110.43,14:00:27.559219628
183,110.41,1,110.42,14:00:27.559219628
183,110.41,152,110.43,14:00:27.559405123
25,110.42,152,110.43,14:00:27.559484550
26,110.42,152,110.43,14:00:27.560123013
26,110.42,175,110.43,14:00:27.560394812
1,110.42,175,110.43,14:00:27.560491855
179,110.41,175,110.43,14:00:27.560836040
179,110.41,152,110.43,14:00:27.561356997
160,110.41,152,110.43,14:00:27.613204424
160,110.41,175,110.43,14:00:28.003282535
160,110.41,152,110.43,14:00:28.008398701
180,110.41,152,110.43,14:00:28.022882945
160,110.41,152,110.43,14:00:28.024090535
160,110.41,2,110.42,14:00:28.034164755
160,110.41,3,110.42,14:00:28.034197531
160,110.41,6,110.42,14:00:28.034280057
160,110.41,21,110.42,14:00:28.034341420
160,110.41,23,110.42,14:00:28.034394821
160,110.41,24,110.42,14:00:28.034411814
160,110.41,9,110.42,14:00:28.034824239
142,110.41,9,110.42,14:00:28.034824239
142,110.41,8,110.42,14:00:28.035112276
142,110.41,9,110.42,14:00:28.035112276
142,110.41,8,110.42,14:00:28.035539722
142,110.41,6,110.42,14:00:28.047775896
162,110.41,6,110.42,14:00:28.056398765
181,110.41,6,110.42,14:00:28.086045785
161,110.41,6,110.42,14:00:28.109390906
161,110.41,7,110.42,14:00:28.825147842
161,110.41,22,110.42,14:00:28.825289045
161,110.41,23,110.42,14:00:28.825749650
161,110.41,25,110.42,14:00:28.826655719
161,110.41,24,110.42,14:00:28.826800183
161,110.41,25,110.42,14:00:28.834552494
161,110.41,24,110.42,14:00:28.841537138
161,110.41,25,110.42,14:00:28.844481101
161,110.41,24,110.42,14:00:28.847965459
161,110.41,23,110.42,14:00:30.487157891
161,110.41,21,110.42,14:00:30.487361753
161,110.41,22,110.42,14:00:30.487444207
161,110.41,21,110.42,14:00:30.487583436
160,110.41,21,110.42,14:00:30.498457507
159,110.41,21,110.42,14:00:30.498537078
159,110.41,23,110.42,14:00:30.498633725
159,110.41,25,110.42,14:00:30.498633725
159,110.41,27,110.42,14:00:30.498784931
159,110.41,28,110.42,14:00:30.498866786
179,110.41,28,110.42,14:00:31.405748066
179,110.41,30,110.42,14:00:32.021480807
179,110.41,31,110.42,14:00:32.025808814
179,110.41,30,110.42,14:00:32.039255833
179,110.41,28,110.42,14:00:32.104652825
179,110.41,27,110.42,14:00:32.597415772
179,110.41,25,110.42,14:00:32.597588792
159,110.41,25,110.42,14:00:32.802254965
179,110.41,25,110.42,14:00:32.825363178
159,110.41,25,110.42,14:00:32.906243664
179,110.41,25,110.42,14:00:34.412726395
159,110.41,25,110.42,14:00:34.414539759
179,110.41,25,110.42,14:00:35.310641555
179,110.41,24,110.42,14:00:38.389706410
179,110.41,9,110.42,14:00:39.896776266
197,110.41,9,110.42,14:00:39.897075136
197,110.41,10,110.42,14:00:39.916062314
197,110.41,9,110.42,14:00:40.181042364
197,110.41,10,110.42,14:00:41.260798840
197,110.41,25,110.42,14:00:41.260881743
179,110.41,25,110.42,14:00:41.261117848
179,110.41,28,110.42,14:00:43.769523847
179,110.41,29,110.42,14:00:43.769844599
179,110.41,30,110.42,14:00:43.769918113
179,110.41,31,110.42,14:00:43.770109201
179,110.41,30,110.42,14:00:47.203414475
179,110.41,31,110.42,14:00:48.765775124
179,110.41,30,110.42,14:00:49.487730679
179,110.41,29,110.42,14:00:49.487940531
179,110.41,28,110.42,14:00:49.496884969
179,110.41,25,110.42,14:00:49.497031174
179,110.41,26,110.42,14:00:49.750359946
179,110.41,25,110.42,14:00:50.154803708
179,110.41,26,110.42,14:00:54.838625296
179,110.41,27,110.42,14:00:54.850832015
179,110.41,29,110.42,14:00:54.955232537
179,110.41,31,110.42,14:01:00.021532834
179,110.41,33,110.42,14:01:00.024414553
179,110.41,36,110.42,14:01:00.024683651
179,110.41,34,110.42,14:01:02.672882172
179,110.41,32,110.42,14:01:05.017094057
179,110.41,35,110.42,14:01:07.118269262
179,110.41,36,110.42,14:01:07.505611346
179,110.41,35,110.42,14:01:09.630029350
179,110.41,36,110.42,14:01:11.413875735
159,110.41,36,110.42,14:01:11.674480375
179,110.41,36,110.42,14:01:13.134293499
159,110.41,36,110.42,14:01:13.232751403
159,110.41,35,110.42,14:01:13.438641846
159,110.41,36,110.42,14:01:13.442550537
179,110.41,36,110.42,14:01:16.746184003
159,110.41,36,110.42,14:01:18.488155116
179,110.41,36,110.42,14:01:18.627975808
159,110.41,36,110.42,14:01:19.607189361
179,110.41,36,110.42,14:01:21.357243446
159,110.41,36,110.42,14:01:22.114942043
179,110.41,36,110.42,14:01:24.498364591
179,110.41,35,110.42,14:01:24.694379611
179,110.41,34,110.42,14:01:24.694637313
179,110.41,31,110.42,14:01:24.763446000
179,110.41,28,110.42,14:01:24.763737805
179,110.41,27,110.42,14:01:24.763998822
179,110.41,28,110.42,14:01:26.329189038
179,110.41,30,110.42,14:01:26.977629487
179,110.41,29,110.42,14:01:27.798132326
179,110.41,27,110.42,14:01:28.555806907
179,110.41,28,110.42,14:01:30.164648940
179,110.41,30,110.42,14:01:31.714028599
179,110.41,31,110.42,14:01:32.315945590
179,110.41,33,110.42,14:01:32.316100572
179,110.41,32,110.42,14:01:33.208523663
179,110.41,30,110.42,14:01:35.045136238
179,110.41,28,110.42,14:01:35.045238545
179,110.41,27,110.42,14:01:35.045291330
179,110.41,30,110.42,14:01:35.083199040
179,110.41,31,110.42,14:01:35.083352380
179,110.41,32,110.42,14:01:35.083425292
179,110.41,31,110.42,14:01:35.234950968
179,110.41,32,110.42,14:01:35.393452381
179,110.41,35,110.42,14:01:35.393541540
179,110.41,36,110.42,14:01:35.393558646
179,110.41,44,110.42,14:01:35.393725114
179,110.41,36,110.42,14:01:35.394030978
179,110.41,33,110.42,14:01:35.612447664
179,110.41,32,110.42,14:01:35.612549184
179,110.41,31,110.42,14:01:35.612567501
179,110.41,32,110.42,14:01:35.612871727
179,110.41,33,110.42,14:01:35.612988313
179,110.41,32,110.42,14:01:36.808721632
179,110.41,37,110.42,14:01:37.613541989
179,110.41,38,110.42,14:01:43.014194855
179,110.41,37,110.42,14:01:43.114828956
179,110.41,36,110.42,14:01:45.989177461
179,110.41,35,110.42,14:01:45.989177461
179,110.41,36,110.42,14:01:46.099036196
179,110.41,35,110.42,14:01:46.133129064
179,110.41,36,110.42,14:01:46.388204175
179,110.41,33,110.42,14:01:46.731645909
179,110.41,32,110.42,14:01:46.731800592
179,110.41,33,110.42,14:01:49.625432764
179,110.41,32,110.42,14:01:49.650338307
179,110.41,33,110.42,14:01:54.111156558
179,110.41,34,110.42,14:01:54.111314654
179,110.41,37,110.42,14:01:54.278054262
179,110.41,34,110.42,14:01:54.378830189
179,110.41,33,110.42,14:01:54.378972759
179,110.41,32,110.42,14:01:54.379125037
179,110.41,33,110.42,14:01:54.708209159
179,110.41,34,110.42,14:01:54.708368301
179,110.41,35,110.42,14:01:55.455400222
179,110.41,34,110.42,14:01:55.992794246
179,110.41,33,110.42,14:01:55.992857625
179,110.41,34,110.42,14:01:56.050749309
179,110.41,35,110.42,14:01:56.050820291
179,110.41,37,110.42,14:01:56.051453062
179,110.41,35,110.42,14:01:57.038804983
179,110.41,34,110.42,14:01:57.038983914
179,110.41,33,110.42,14:01:57.039057130
179,110.41,34,110.42,14:01:57.984891178
179,110.41,35,110.42,14:01:57.984957158
179,110.41,37,110.42,14:01:57.992007178
179,110.41,36,110.42,14:01:59.723242262
179,110.41,35,110.42,14:02:00.144619609
179,110.41,33,110.42,14:02:00.145231976
179,110.41,35,110.42,14:02:02.641183105
179,110.41,36,110.42,14:02:02.641374209
179,110.41,37,110.42,14:02:02.641442868
179,110.41,39,110.42,14:02:02.641677863
179,110.41,42,110.42,14:02:02.641847377
179,110.41,41,110.42,14:02:06.510246495
179,110.41,49,110.42,14:02:08.643830843
176,110.41,49,110.42,14:02:08.644114452
176,110.41,84,110.42,14:02:08.644228449
176,110.41,85,110.42,14:02:08.644599329
176,110.41,102,110.42,14:02:08.644599329
176,110.41,101,110.42,14:02:08.648638551
176,110.41,102,110.42,14:02:08.660214772
176,110.41,101,110.42,14:02:08.660417652
176,110.41,102,110.42,14:02:08.661059824
176,110.41,101,110.42,14:02:08.661377821
176,110.41,102,110.42,14:02:08.661751353
176,110.41,101,110.42,14:02:08.662174236
176,110.41,66,110.42,14:02:08.677540319
176,110.41,49,110.42,14:02:08.677613123
176,110.41,41,110.42,14:02:08.677814735
176,110.41,42,110.42,14:02:08.678083829
176,110.41,39,110.42,14:02:08.678083829
176,110.41,38,110.42,14:02:08.679125617
176,110.41,39,110.42,14:02:08.685858524
176,110.41,37,110.42,14:02:09.399958362
176,110.41,35,110.42,14:02:09.400085086
176,110.41,34,110.42,14:02:09.400161738
176,110.41,33,110.42,14:02:09.400229879
176,110.41,34,110.42,14:02:09.400497556
176,110.41,36,110.42,14:02:09.401862786
176,110.41,35,110.42,14:02:09.402754357
176,110.41,33,110.42,14:02:09.405410944
176,110.41,35,110.42,14:02:09.469549574
176,110.41,36,110.42,14:02:09.633934497
176,110.41,38,110.42,14:02:09.662967503
176,110.41,39,110.42,14:02:09.678390341
176,110.41,38,110.42,14:02:10.089392629
176,110.41,39,110.42,14:02:10.872166374
174,110.41,39,110.42,14:02:13.155630276
174,110.41,38,110.42,14:02:13.563549744
174,110.41,39,110.42,14:02:13.563914703
174,110.41,38,110.42,14:02:14.521015982
174,110.41,39,110.42,14:02:14.542774178
174,110.41,38,110.42,14:02:14.561787337
174,110.41,39,110.42,14:02:15.172559851
174,110.41,42,110.42,14:02:16.630102872
174,110.41,39,110.42,14:02:16.737520125
174,110.41,42,110.42,14:02:20.621886829
174,110.41,50,110.42,14:02:24.196977313
174,110.41,102,110.42,14:02:24.198131606
174,110.41,126,110.42,14:02:24.198131606
164,110.41,126,110.42,14:02:24.198131606
151,110.41,126,110.42,14:02:24.198197126
151,110.41,143,110.42,14:02:24.198242742
135,110.41,143,110.42,14:02:24.198242742
135,110.41,119,110.42,14:02:24.198885615
135,110.41,137,110.42,14:02:24.199058690
135,110.41,139,110.42,14:02:24.209708605
135,110.41,141,110.42,14:02:24.209708605
135,110.41,123,110.42,14:02:24.242689467
135,110.41,71,110.42,14:02:24.243106494
135,110.41,87,110.42,14:02:24.261874219
135,110.41,105,110.42,14:02:24.262246427
116,110.41,105,110.42,14:02:24.271837695
115,110.41,105,110.42,14:02:24.296162367
107,110.41,105,110.42,14:02:24.299349398
105,110.41,105,110.42,14:02:24.299519430
105,110.41,129,110.42,14:02:24.300473810
124,110.41,129,110.42,14:02:24.325521491
124,110.41,181,110.42,14:02:24.360088145
124,110.41,163,110.42,14:02:27.553681621
124,110.41,139,110.42,14:02:27.554079560
124,110.41,157,110.42,14:02:27.564002496
124,110.41,141,110.42,14:02:27.567054957
105,110.41,141,110.42,14:02:27.599189228
124,110.41,141,110.42,14:02:27.662289033
124,110.41,142,110.42,14:02:29.547749725
123,110.41,142,110.42,14:02:35.856522254
122,110.41,142,110.42,14:02:36.646714066
122,110.41,160,110.42,14:02:36.647146942
122,110.41,166,110.42,14:02:36.647146942
107,110.41,166,110.42,14:02:36.652298480
105,110.41,166,110.42,14:02:36.725585174
54,110.41,166,110.42,14:02:36.725585174
53,110.41,166,110.42,14:02:36.726308347
53,110.41,170,110.42,14:02:36.727068366
53,110.41,166,110.42,14:02:36.728186553
49,110.41,166,110.42,14:02:36.728999298
46,110.41,166,110.42,14:02:36.730630088
46,110.41,167,110.42,14:02:36.737140274
45,110.41,167,110.42,14:02:36.741968139
44,110.41,167,110.42,14:02:36.741968139
25,110.41,167,110.42,14:02:36.751582108
26,110.41,167,110.42,14:02:36.754585792
27,110.41,167,110.42,14:02:36.759182963
28,110.41,167,110.42,14:02:36.760206728
31,110.41,167,110.42,14:02:36.760336379
28,110.41,167,110.42,14:02:36.760782923
30,110.41,167,110.42,14:02:36.762745347
28,110.41,167,110.42,14:02:36.765229507
30,110.41,167,110.42,14:02:36.765710804
28,110.41,167,110.42,14:02:36.767893074
28,110.41,183,110.42,14:02:36.772674887
30,110.41,183,110.42,14:02:36.774711298
32,110.41,183,110.42,14:02:36.782699922
30,110.41,183,110.42,14:02:36.792815654
28,110.41,183,110.42,14:02:36.793835618
31,110.41,183,110.42,14:02:36.794685470
50,110.41,183,110.42,14:02:36.814511395
47,110.41,183,110.42,14:02:36.829121019
49,110.41,183,110.42,14:02:37.058436896
51,110.41,183,110.42,14:02:37.062584713
49,110.41,183,110.42,14:02:37.157546815
47,110.41,183,110.42,14:02:37.157680639
50,110.41,183,110.42,14:02:37.163031304
51,110.41,183,110.42,14:02:37.172385526
50,110.41,183,110.42,14:02:37.225282218
51,110.41,183,110.42,14:02:37.357519706
50,110.41,183,110.42,14:02:37.357810655
51,110.41,183,110.42,14:02:37.358836681
52,110.41,183,110.42,14:02:38.002843982
53,110.41,183,110.42,14:02:38.002843982
52,110.41,183,110.42,14:02:38.002947319
51,110.41,183,110.42,14:02:38.003185437
51,110.41,167,110.42,14:02:41.512917696
51,110.41,161,110.42,14:02:41.513118007
52,110.41,161,110.42,14:02:41.513195191
52,110.41,143,110.42,14:02:41.513195191
67,110.41,143,110.42,14:02:41.513370164
67,110.41,125,110.42,14:02:41.513456964
68,110.41,125,110.42,14:02:41.513456964
69,110.41,125,110.42,14:02:41.513659601
68,110.41,125,110.42,14:02:42.527586289
67,110.41,125,110.42,14:02:42.527652804
68,110.41,125,110.42,14:02:42.628607741
69,110.41,125,110.42,14:02:42.628607741
68,110.41,125,110.42,14:02:42.628712368
69,110.41,125,110.42,14:02:44.483664049
68,110.41,125,110.42,14:02:45.251089142
67,110.41,125,110.42,14:02:47.228718906
68,110.41,125,110.42,14:02:48.598329937
69,110.41,125,110.42,14:02:48.598400487
69,110.41,73,110.42,14:02:50.639326531
103,110.41,73,110.42,14:02:50.639758381
119,110.41,73,110.42,14:02:50.639873670
120,110.41,73,110.42,14:02:50.640016448
127,110.41,73,110.42,14:02:50.640129993
144,110.41,73,110.42,14:02:50.640129993
145,110.41,73,110.42,14:02:50.650610525
145,110.41,56,110.42,14:02:50.732612225
145,110.41,48,110.42,14:02:50.735021964
145,110.41,45,110.42,14:02:50.735170291
126,110.41,45,110.42,14:02:50.753051926
145,110.41,45,110.42,14:02:51.017572673
145,110.41,44,110.42,14:02:51.068677619
145,110.41,43,110.42,14:02:54.172115736
145,110.41,41,110.42,14:02:54.172859156
145,110.41,39,110.42,14:02:54.176971466
145,110.41,38,110.42,14:02:54.177127581
158,110.41,38,110.42,14:02:54.195271726
162,110.41,38,110.42,14:02:54.195409457
163,110.41,38,110.42,14:02:54.206525176
163,110.41,23,110.42,14:02:54.267052523
163,110.41,22,110.42,14:02:54.273700066
163,110.41,23,110.42,14:02:54.289141151
163,110.41,38,110.42,14:02:54.289290735
163,110.41,39,110.42,14:02:54.534641744
163,110.41,38,110.42,14:02:54.543294246
163,110.41,39,110.42,14:02:54.696165513
163,110.41,38,110.42,14:02:54.801210410
144,110.41,38,110.42,14:02:56.025456282
144,110.41,37,110.42,14:02:56.025470515
144,110.41,36,110.42,14:02:56.025715689
144,110.41,33,110.42,14:02:56.025744653
144,110.41,31,110.42,14:02:56.025744653
144,110.41,29,110.42,14:02:56.025744653
144,110.41,27,110.42,14:02:56.025744653
144,110.41,22,110.42,14:02:56.025744653
144,110.41,21,110.42,14:02:56.025744653
144,110.41,19,110.42,14:02:56.025744653
144,110.41,24,110.42,14:02:56.025869203
144,110.41,23,110.42,14:02:56.025925197
144,110.41,24,110.42,14:02:56.036797299
144,110.41,25,110.42,14:02:56.036902391
144,110.41,27,110.42,14:02:56.972604292
144,110.41,28,110.42,14:02:57.007769974
144,110.41,27,110.42,14:02:58.079676168
144,110.41,28,110.42,14:02:58.490046136
144,110.41,30,110.42,14:02:58.490529426
144,110.41,31,110.42,14:02:58.490692613
144,110.41,30,110.42,14:02:59.006220049
144,110.41,28,110.42,14:02:59.006308232
144,110.41,30,110.42,14:02:59.006457028
144,110.41,31,110.42,14:02:59.006544401
144,110.41,33,110.42,14:02:59.169185854
144,110.41,32,110.42,14:03:00.022060381
144,110.41,30,110.42,14:03:00.031057058
144,110.41,28,110.42,14:03:00.769708493
144,110.41,26,110.42,14:03:00.814723895
144,110.41,25,110.42,14:03:00.815383959
144,110.41,20,110.42,14:03:00.820095289
144,110.41,21,110.42,14:03:00.883524359
144,110.41,22,110.42,14:03:00.883709216
144,110.41,25,110.42,14:03:00.884116717
144,110.41,26,110.42,14:03:00.921678330
144,110.41,28,110.42,14:03:01.618256231
144,110.41,30,110.42,14:03:02.514696251
144,110.41,31,110.42,14:03:02.605279067
144,110.41,30,110.42,14:03:02.613690590
144,110.41,31,110.42,14:03:03.411951345
144,110.41,33,110.42,14:03:03.650296577
144,110.41,31,110.42,14:03:04.616848526
144,110.41,29,110.42,14:03:04.621535658
144,110.41,28,110.42,14:03:04.621694169
144,110.41,29,110.42,14:03:05.534994972
144,110.41,28,110.42,14:03:05.535764437
144,110.41,29,110.42,14:03:06.738449957
144,110.41,28,110.42,14:03:07.982442223
144,110.41,29,110.42,14:03:08.366600769
144,110.41,28,110.42,14:03:08.887058429
144,110.41,76,110.42,14:03:09.667653282
144,110.41,78,110.42,14:03:09.667747730
144,110.41,79,110.42,14:03:09.667940734
144,110.41,81,110.42,14:03:09.667940734
144,110.41,82,110.42,14:03:09.668053512
110,110.41,82,110.42,14:03:09.668053512
93,110.41,82,110.42,14:03:09.668077995
93,110.41,81,110.42,14:03:09.668150746
94,110.41,81,110.42,14:03:09.679382811
95,110.41,81,110.42,14:03:09.679382811
95,110.41,83,110.42,14:03:09.679454882
95,110.41,84,110.42,14:03:09.760159396
124,110.41,84,110.42,14:03:09.924787567
146,110.41,84,110.42,14:03:09.924857512
146,110.41,83,110.42,14:03:09.925075678
146,110.41,84,110.42,14:03:10.471525837
146,110.41,83,110.42,14:03:10.729848485
146,110.41,84,110.42,14:03:10.895881148
146,110.41,82,110.42,14:03:12.025871419
146,110.41,81,110.42,14:03:14.184481340
146,110.41,82,110.42,14:03:14.556008775
146,110.41,81,110.42,14:03:15.522034712
146,110.41,82,110.42,14:03:15.708396143
146,110.41,84,110.42,14:03:15.712748757
146,110.41,83,110.42,14:03:16.678638027
117,110.41,83,110.42,14:03:16.871452457
95,110.41,83,110.42,14:03:16.871452457
88,110.41,83,110.42,14:03:16.871626501
72,110.41,83,110.42,14:03:16.871626501
72,110.41,84,110.42,14:03:16.871626501
59,110.41,84,110.42,14:03:16.871802352
55,110.41,84,110.42,14:03:16.871802352
55,110.41,94,110.42,14:03:16.871802352
55,110.41,101,110.42,14:03:16.871895062
55,110.41,119,110.42,14:03:16.872325638
55,110.41,120,110.42,14:03:16.872469042
56,110.41,120,110.42,14:03:16.874919860
55,110.41,120,110.42,14:03:16.876076930
56,110.41,120,110.42,14:03:16.878900938
56,110.41,136,110.42,14:03:17.013126922
56,110.41,137,110.42,14:03:17.024422997
55,110.41,137,110.42,14:03:21.746540528
54,110.41,137,110.42,14:03:21.746540528
39,110.41,137,110.42,14:03:21.750062484
40,110.41,137,110.42,14:03:21.753722356
41,110.41,137,110.42,14:03:21.755945704
56,110.41,137,110.42,14:03:23.015689773
96,110.41,137,110.42,14:03:32.111438128
107,110.41,137,110.42,14:03:32.111438128
107,110.41,119,110.42,14:03:32.111847722
107,110.41,118,110.42,14:03:32.112052502
127,110.41,118,110.42,14:03:32.112052502
127,110.41,119,110.42,14:03:32.112507625
127,110.41,118,110.42,14:03:32.122659447
127,110.41,102,110.42,14:03:32.123901362
127,110.41,103,110.42,14:03:32.124018444
127,110.41,102,110.42,14:03:32.192065555
127,110.41,103,110.42,14:03:32.393954586
107,110.41,103,110.42,14:03:32.665043464
96,110.41,103,110.42,14:03:32.665265799
56,110.41,103,110.42,14:03:32.665265799
56,110.41,119,110.42,14:03:36.013388673
56,110.41,137,110.42,14:03:36.013640667
56,110.41,119,110.42,14:03:37.297686826
56,110.41,103,110.42,14:03:37.511583061
88,110.41,103,110.42,14:03:51.501622885
96,110.41,103,110.42,14:03:51.501966068
96,110.41,96,110.42,14:03:51.501966068
96,110.41,86,110.42,14:03:51.501966068
111,110.41,86,110.42,14:03:51.501966068
130,110.41,86,110.42,14:03:51.502079800
130,110.41,84,110.42,14:03:51.503439060
130,110.41,83,110.42,14:03:51.504120474
130,110.41,85,110.42,14:03:51.504631183
130,110.41,86,110.42,14:03:51.505232341
130,110.41,84,110.42,14:03:51.505271081
130,110.41,86,110.42,14:03:51.506927950
130,110.41,84,110.42,14:03:51.510781070
130,110.41,82,110.42,14:03:51.510867895
130,110.41,81,110.42,14:03:51.511239850
130,110.41,82,110.42,14:03:51.511421901
130,110.41,84,110.42,14:03:51.512816982
130,110.41,83,110.42,14:03:51.512816982
141,110.41,83,110.42,14:03:51.513660808
147,110.41,83,110.42,14:03:51.513789528
147,110.41,85,110.42,14:03:51.517818571
147,110.41,37,110.42,14:03:51.531840470
147,110.41,35,110.42,14:03:51.556584942
147,110.41,33,110.42,14:03:51.556828257
147,110.41,35,110.42,14:03:51.557189831
147,110.41,37,110.42,14:03:51.557503668
147,110.41,38,110.42,14:03:51.563718203
147,110.41,37,110.42,14:03:51.563926693
147,110.41,38,110.42,14:03:51.566828953
147,110.41,37,110.42,14:03:51.566979020
147,110.41,36,110.42,14:03:51.583724683
147,110.41,34,110.42,14:03:51.902542612
147,110.41,32,110.42,14:03:51.914009444
147,110.41,34,110.42,14:03:51.918806727
147,110.41,33,110.42,14:03:51.941475815
147,110.41,31,110.42,14:03:52.314165466
147,110.41,30,110.42,14:03:52.853595199
147,110.41,27,110.42,14:03:52.854230638
147,110.41,25,110.42,14:03:53.032686371
147,110.41,24,110.42,14:03:53.135393131
147,110.41,23,110.42,14:03:53.135535179
147,110.41,29,110.42,14:03:54.906679409
147,110.41,31,110.42,14:03:54.906679409
147,110.41,33,110.42,14:03:54.906778752
147,110.41,34,110.42,14:03:54.906798336
147,110.41,79,110.42,14:03:54.907129052
147,110.41,78,110.42,14:03:54.907228624
147,110.41,79,110.42,14:03:54.907250041
147,110.41,77,110.42,14:03:54.907250041
147,110.41,32,110.42,14:03:54.965384495
147,110.41,30,110.42,14:03:55.187687484
147,110.41,29,110.42,14:03:56.578101343
147,110.41,30,110.42,14:03:56.582774504
147,110.41,29,110.42,14:03:56.587205908
147,110.41,23,110.42,14:03:56.609349563
149,110.41,23,110.42,14:03:56.609541095
149,110.41,24,110.42,14:03:56.611697232
149,110.41,25,110.42,14:03:56.612761672
149,110.41,24,110.42,14:03:56.619178601
149,110.41,25,110.42,14:03:56.697287283
149,110.41,26,110.42,14:03:56.737104783
149,110.41,30,110.42,14:04:00.675625210
149,110.41,26,110.42,14:04:00.680577328
149,110.41,27,110.42,14:04:00.683343076
149,110.41,29,110.42,14:04:00.684194045
149,110.41,30,110.42,14:04:00.747599701
149,110.41,31,110.42,14:04:00.747670878
149,110.41,33,110.42,14:04:00.747996084
147,110.41,33,110.42,14:04:00.748769580
147,110.41,31,110.42,14:04:00.753041933
149,110.41,31,110.42,14:04:00.756938690
149,110.41,33,110.42,14:04:00.806860640
149,110.41,34,110.42,14:04:01.710463068
149,110.41,36,110.42,14:04:02.055559585
147,110.41,36,110.42,14:04:03.370597973
149,110.41,36,110.42,14:04:03.388152352
147,110.41,36,110.42,14:04:03.417377902
149,110.41,36,110.42,14:04:03.418897568
147,110.41,36,110.42,14:04:03.423897273
149,110.41,36,110.42,14:04:03.429337179
147,110.41,36,110.42,14:04:03.435634614
149,110.41,36,110.42,14:04:04.101740509
147,110.41,36,110.42,14:04:04.390967825
147,110.41,35,110.42,14:04:10.005559496
147,110.41,34,110.42,14:04:10.005626607
147,110.41,32,110.42,14:04:10.005697698
147,110.41,31,110.42,14:04:10.005770139
147,110.41,29,110.42,14:04:10.005834731
147,110.41,27,110.42,14:04:10.014494875
149,110.41,27,110.42,14:04:10.017221249
149,110.41,28,110.42,14:04:10.498219533
149,110.41,27,110.42,14:04:10.498988627
149,110.41,28,110.42,14:04:10.501678868
149,110.41,29,110.42,14:04:10.511170943
147,110.41,29,110.42,14:04:10.511599166
147,110.41,30,110.42,14:04:10.515583583
147,110.41,29,110.42,14:04:11.032113743
149,110.41,29,110.42,14:04:11.066743007
147,110.41,29,110.42,14:04:12.449340376
149,110.41,29,110.42,14:04:12.837528421
147,110.41,29,110.42,14:04:12.838884570
149,110.41,29,110.42,14:04:13.421352513
147,110.41,29,110.42,14:04:13.421529073
149,110.41,29,110.42,14:04:13.421729348
149,110.41,31,110.42,14:04:15.294641611
149,110.41,33,110.42,14:04:15.296113216
147,110.41,33,110.42,14:04:15.296246025
147,110.41,31,110.42,14:04:15.298114885
147,110.41,29,110.42,14:04:15.298259803
147,110.41,30,110.42,14:04:15.299177556
147,110.41,32,110.42,14:04:15.299343783
147,110.41,31,110.42,14:04:15.299411005
147,110.41,33,110.42,14:04:15.698978826
147,110.41,34,110.42,14:04:15.699097290
147,110.41,33,110.42,14:04:18.557880344
147,110.41,31,110.42,14:04:20.072565944
147,110.41,32,110.42,14:04:20.769786290
147,110.41,34,110.42,14:04:20.771072746
147,110.41,33,110.42,14:04:21.255483869
147,110.41,31,110.42,14:04:23.205251116
147,110.41,29,110.42,14:04:23.446007530
147,110.41,31,110.42,14:04:23.653386372
147,110.41,33,110.42,14:04:26.219888092
147,110.41,34,110.42,14:04:26.291560907
147,110.41,35,110.42,14:04:26.292588570
147,110.41,37,110.42,14:04:26.300727837
147,110.41,36,110.42,14:04:26.304995820
147,110.41,35,110.42,14:04:26.640373357
147,110.41,36,110.42,14:04:28.012116360
147,110.41,35,110.42,14:04:28.743151849
147,110.41,33,110.42,14:04:29.874790588
147,110.41,31,110.42,14:04:29.878680777
149,110.41,31,110.42,14:04:29.883426174
147,110.41,31,110.42,14:04:29.883609620
147,110.41,33,110.42,14:04:29.883781806
149,110.41,33,110.42,14:04:29.883846919
147,110.41,33,110.42,14:04:29.885213420
147,110.41,34,110.42,14:04:32.512845012
147,110.41,33,110.42,14:04:34.346454125
127,110.41,33,110.42,14:04:35.125462855
127,110.41,31,110.42,14:04:35.125462855
127,110.41,30,110.42,14:04:35.125558915
127,110.41,15,110.42,14:04:35.125580022
127,110.41,14,110.42,14:04:35.125580022
127,110.41,13,110.42,14:04:35.125580022
127,110.41,11,110.42,14:04:35.125824803
127,110.41,10,110.42,14:04:35.125922474
127,110.41,9,110.42,14:04:35.125941488
127,110.41,8,110.42,14:04:35.125941488
127,110.41,7,110.42,14:04:35.126156256
127,110.41,6,110.42,14:04:35.126156256
127,110.41,4,110.42,14:04:35.126156256
127,110.41,3,110.42,14:04:35.126257373
145,110.41,3,110.42,14:04:35.126382771
145,110.41,4,110.42,14:04:35.136944515
145,110.41,5,110.42,14:04:35.137115972
145,110.41,3,110.42,14:04:35.147798795
145,110.41,2,110.42,14:04:35.147871419
145,110.41,1,110.42,14:04:35.147947333
145,110.41,158,110.43,14:04:35.148024232
153,110.41,158,110.43,14:04:35.148215288
156,110.41,158,110.43,14:04:35.148299445
156,110.41,181,110.43,14:04:35.148299445
156,110.41,182,110.43,14:04:35.158415202
156,110.41,1,110.42,14:04:35.198948114
156,110.41,41,110.42,14:04:35.199147934
156,110.41,1,110.42,14:04:35.209458371
156,110.41,179,110.43,14:04:36.026814335
156,110.41,180,110.43,14:04:36.037227385
156,110.41,176,110.43,14:04:43.041071300
2,110.42,176,110.43,14:04:44.461914828
4,110.42,176,110.43,14:04:44.461914828
8,110.42,176,110.43,14:04:44.462446843
9,110.42,176,110.43,14:04:44.462446843
17,110.42,176,110.43,14:04:44.462721982
21,110.42,176,110.43,14:04:44.462721982
22,110.42,176,110.43,14:04:44.462999112
37,110.42,176,110.43,14:04:44.463561501
36,110.42,176,110.43,14:04:44.463561501
28,110.42,176,110.43,14:04:44.463758420
13,110.42,176,110.43,14:04:44.463967642
9,110.42,176,110.43,14:04:44.464087578
12,110.42,176,110.43,14:04:44.464725098
13,110.42,176,110.43,14:04:44.464725098
28,110.42,176,110.43,14:04:44.464912665
28,110.42,153,110.43,14:04:44.465489228
25,110.42,153,110.43,14:04:44.468707261
24,110.42,153,110.43,14:04:44.470369579
22,110.42,153,110.43,14:04:44.474558145
7,110.42,153,110.43,14:04:44.474558145
7,110.42,152,110.43,14:04:44.474692196
7,110.42,156,110.43,14:04:44.475027806
22,110.42,156,110.43,14:04:44.475286551
22,110.42,152,110.43,14:04:44.476028103
22,110.42,156,110.43,14:04:44.477264083
22,110.42,152,110.43,14:04:44.478529275
23,110.42,152,110.43,14:04:44.485167135
24,110.42,152,110.43,14:04:44.490946929
27,110.42,152,110.43,14:04:44.524564015
28,110.42,152,110.43,14:04:44.680901475
29,110.42,152,110.43,14:04:45.044065453
30,110.42,152,110.43,14:04:45.369672631
29,110.42,152,110.43,14:04:45.369778745
28,110.42,152,110.43,14:04:45.370913094
29,110.42,152,110.43,14:04:45.373074295
32,110.42,152,110.43,14:04:45.375634402
29,110.42,152,110.43,14:04:45.375900309
32,110.42,152,110.43,14:04:45.380340081
33,110.42,152,110.43,14:04:45.388131669
33,110.42,140,110.43,14:04:45.393125216
35,110.42,140,110.43,14:04:45.393334464
35,110.42,137,110.43,14:04:45.394165574
43,110.42,137,110.43,14:04:45.396984077
41,110.42,137,110.43,14:04:45.414883371
43,110.42,137,110.43,14:04:45.415285252
43,110.42,152,110.43,14:04:45.436551945
43,110.42,154,110.43,14:04:45.437031056
41,110.42,154,110.43,14:04:45.437047744
41,110.42,139,110.43,14:04:45.437188560
43,110.42,139,110.43,14:04:45.437266081
42,110.42,139,110.43,14:04:45.449705558
34,110.42,139,110.43,14:04:45.450183932
33,110.42,139,110.43,14:04:45.451622029
32,110.42,139,110.43,14:04:45.451728090
32,110.42,154,110.43,14:04:45.451810621
29,110.42,154,110.43,14:04:45.451810621
31,110.42,154,110.43,14:04:45.453325603
30,110.42,154,110.43,14:04:45.471090032
31,110.42,154,110.43,14:04:45.593466251
30,110.42,154,110.43,14:04:45.854313941
31,110.42,154,110.43,14:04:45.936151156
30,110.42,154,110.43,14:04:46.044705123
31,110.42,154,110.43,14:04:46.217050350
29,110.42,154,110.43,14:04:46.477567640
28,110.42,154,110.43,14:04:46.488435577
29,110.42,154,110.43,14:04:46.491842457
29,110.42,155,110.43,14:04:46.906790133
29,110.42,156,110.43,14:04:47.883852931
29,110.42,157,110.43,14:04:49.103778851
31,110.42,157,110.43,14:04:49.605388222
32,110.42,157,110.43,14:04:50.302398591
31,110.42,157,110.43,14:04:50.302627119
31,110.42,158,110.43,14:04:50.310241967
34,110.42,158,110.43,14:04:51.010660784
35,110.42,158,110.43,14:04:51.010790435
34,110.42,158,110.43,14:04:51.011510239
31,110.42,158,110.43,14:04:51.012632417
34,110.42,158,110.43,14:04:51.012921603
35,110.42,158,110.43,14:04:51.014164710
34,110.42,158,110.43,14:04:51.014429939
35,110.42,158,110.43,14:04:51.016080213
33,110.42,158,110.43,14:04:51.031126159
32,110.42,158,110.43,14:04:51.031203765
29,110.42,158,110.43,14:04:51.031219978
30,110.42,158,110.43,14:04:51.032214849
31,110.42,158,110.43,14:04:51.032673296
30,110.42,158,110.43,14:04:51.035582292
31,110.42,158,110.43,14:04:51.036412596
30,110.42,158,110.43,14:04:51.445556475
29,110.42,158,110.43,14:04:51.445626228
29,110.42,158,110.43,14:04:51.445626228
28,110.42,158,110.43,14:05:01.213009796
29,110.42,158,110.43,14:05:01.222778665
30,110.42,158,110.43,14:05:03.955728696
31,110.42,158,110.43,14:05:03.958048669
34,110.42,158,110.43,14:05:03.958119728
31,110.42,158,110.43,14:05:04.005778687
30,110.42,158,110.43,14:05:04.619800362
29,110.42,158,110.43,14:05:06.148504310
44,110.42,158,110.43,14:05:09.213157534
46,110.42,158,110.43,14:05:09.521971676
49,110.42,158,110.43,14:05:09.522060895
46,110.42,158,110.43,14:05:09.764212642
49,110.42,158,110.43,14:05:11.792550441
46,110.42,158,110.43,14:05:13.292691988
45,110.42,158,110.43,14:05:20.492417468
46,110.42,158,110.43,14:05:20.493705032
44,110.42,158,110.43,14:05:20.493865863
43,110.42,158,110.43,14:05:20.494246711
40,110.42,158,110.43,14:05:20.494839117
42,110.42,158,110.43,14:05:20.497452075
44,110.42,158,110.43,14:05:20.497648711
42,110.42,158,110.43,14:05:20.502734896
40,110.42,158,110.43,14:05:20.503380972
39,110.42,158,110.43,14:05:20.503606438
42,110.42,158,110.43,14:05:20.504524920
42,110.42,179,110.43,14:05:20.504524920
39,110.42,179,110.43,14:05:20.504932597
41,110.42,179,110.43,14:05:20.504949505
44,110.42,179,110.43,14:05:20.509235832
45,110.42,179,110.43,14:05:20.510268039
46,110.42,179,110.43,14:05:20.512548645
49,110.42,179,110.43,14:05:20.516730389
49,110.42,158,110.43,14:05:20.565495386
50,110.42,158,110.43,14:05:20.710654307
49,110.42,158,110.43,14:05:20.710792128
50,110.42,158,110.43,14:05:20.711394012
58,110.42,158,110.43,14:05:20.713368558
50,110.42,158,110.43,14:05:20.714648578
49,110.42,158,110.43,14:05:20.714962668
50,110.42,158,110.43,14:05:31.179076567
49,110.42,158,110.43,14:05:31.258192768
46,110.42,158,110.43,14:05:31.645684166
49,110.42,158,110.43,14:05:31.675907604
46,110.42,158,110.43,14:05:31.676700995
49,110.42,158,110.43,14:05:31.772320498
46,110.42,158,110.43,14:05:31.772544747
45,110.42,158,110.43,14:05:31.774396135
42,110.42,158,110.43,14:05:31.776676350
44,110.42,158,110.43,14:05:31.779435836
46,110.42,158,110.43,14:05:31.781811581
44,110.42,158,110.43,14:05:31.782830989
46,110.42,158,110.43,14:05:31.783992949
44,110.42,158,110.43,14:05:31.787448822
42,110.42,158,110.43,14:05:31.787598466
44,110.42,158,110.43,14:05:31.789156631
42,110.42,158,110.43,14:05:31.791726239
44,110.42,158,110.43,14:05:31.791918917
46,110.42,158,110.43,14:05:31.792244238
45,110.42,158,110.43,14:05:31.805675875
46,110.42,158,110.43,14:05:31.808255099
44,110.42,158,110.43,14:05:31.808712622
43,110.42,158,110.43,14:05:31.808826919
41,110.42,158,110.43,14:05:31.809479494
43,110.42,158,110.43,14:05:31.819972555
45,110.42,158,110.43,14:05:31.826963596
43,110.42,158,110.43,14:05:31.828915565
41,110.42,158,110.43,14:05:31.838522663
39,110.42,158,110.43,14:05:31.838658255
41,110.42,158,110.43,14:05:31.930503444
43,110.42,158,110.43,14:05:31.932756325
45,110.42,158,110.43,14:05:31.936616325
43,110.42,158,110.43,14:05:31.945296104
41,110.42,158,110.43,14:05:31.965053031
39,110.42,158,110.43,14:05:31.966328259
41,110.42,158,110.43,14:05:31.967814012
39,110.42,158,110.43,14:05:31.970443033
42,110.42,158,110.43,14:05:32.052453049
43,110.42,158,110.43,14:05:32.091610761
45,110.42,158,110.43,14:05:32.368702589
43,110.42,158,110.43,14:05:32.481094464
42,110.42,158,110.43,14:05:32.485563350
43,110.42,158,110.43,14:05:32.489827273
42,110.42,158,110.43,14:05:32.494783919
39,110.42,158,110.43,14:05:32.495085112
41,110.42,158,110.43,14:05:32.496846298
43,110.42,158,110.43,14:05:32.507935972
41,110.42,158,110.43,14:05:32.636107008
39,110.42,158,110.43,14:05:32.689311004
42,110.42,158,110.43,14:05:32.760050668
44,110.42,158,110.43,14:05:32.760124760
45,110.42,158,110.43,14:05:32.760124760
53,110.42,158,110.43,14:05:32.760196763
45,110.42,158,110.43,14:05:32.760591585
44,110.42,158,110.43,14:05:32.762199923
41,110.42,158,110.43,14:05:32.762461539
43,110.42,158,110.43,14:05:32.762925011
45,110.42,158,110.43,14:05:32.765203015
46,110.42,158,110.43,14:05:32.795794862
45,110.42,158,110.43,14:05:32.816890486
43,110.42,158,110.43,14:05:32.875840787
45,110.42,158,110.43,14:05:32.893313496
48,110.42,158,110.43,14:05:33.117439158
49,110.42,158,110.43,14:05:33.117654869
50,110.42,158,110.43,14:05:33.611434652
49,110.42,158,110.43,14:05:33.693429244
57,110.42,158,110.43,14:05:33.809928748
57,110.42,143,110.43,14:05:33.810213710
49,110.42,143,110.43,14:05:33.811146827
50,110.42,143,110.43,14:05:33.811752823
49,110.42,143,110.43,14:05:33.820424800
48,110.42,143,110.43,14:05:33.824599395
45,110.42,143,110.43,14:05:33.826518389
45,110.42,158,110.43,14:05:33.826683701
46,110.42,158,110.43,14:05:33.827813626
49,110.42,158,110.43,14:05:33.827967773
48,110.42,158,110.43,14:05:33.829391007
45,110.42,158,110.43,14:05:33.897151452
43,110.42,158,110.43,14:05:38.139775155
41,110.42,158,110.43,14:05:38.140014500
39,110.42,158,110.43,14:05:38.140035532
35,110.42,158,110.43,14:05:38.140035532
33,110.42,158,110.43,14:05:38.140035532
33,110.42,181,110.43,14:05:38.140261762
32,110.42,181,110.43,14:05:38.140746920
20,110.42,181,110.43,14:05:38.140746920
23,110.42,181,110.43,14:05:38.140956475
20,110.42,181,110.43,14:05:38.141065979
18,110.42,181,110.43,14:05:38.141193124
10,110.42,181,110.43,14:05:38.141193124
3,110.42,181,110.43,14:05:38.141357722
186,110.41,181,110.43,14:05:38.141357722
15,110.42,181,110.43,14:05:38.141602954
16,110.42,181,110.43,14:05:38.141602954
16,110.42,184,110.43,14:05:38.141878554
13,110.42,184,110.43,14:05:38.142544781
1,110.42,184,110.43,14:05:38.142693363
16,110.42,184,110.43,14:05:38.142713097
15,110.42,184,110.43,14:05:38.142713097
16,110.42,184,110.43,14:05:38.143930262
18,110.42,184,110.43,14:05:41.760560180
19,110.42,184,110.43,14:05:41.760901053
21,110.42,184,110.43,14:05:43.375563068
22,110.42,184,110.43,14:05:43.444729227
25,110.42,184,110.43,14:05:43.445034945
28,110.42,184,110.43,14:05:43.445219649
28,110.42,161,110.43,14:05:43.445308679
29,110.42,161,110.43,14:05:43.445559082
26,110.42,161,110.43,14:05:43.445633569
25,110.42,161,110.43,14:05:43.445866963
27,110.42,161,110.43,14:05:43.446234906
25,110.42,161,110.43,14:05:43.446541722
26,110.42,161,110.43,14:05:43.447015395
27,110.42,161,110.43,14:05:43.448154034
30,110.42,161,110.43,14:05:43.453410958
31,110.42,161,110.43,14:05:43.453637034
39,110.42,161,110.43,14:05:43.454726454
39,110.42,158,110.43,14:05:43.516379218
39,110.42,143,110.43,14:05:43.516625829
40,110.42,143,110.43,14:05:43.516934391
41,110.42,143,110.43,14:05:43.516934391
40,110.42,143,110.43,14:05:43.517233415
39,110.42,143,110.43,14:05:43.517432743
40,110.42,143,110.43,14:05:43.577628835
41,110.42,143,110.43,14:05:43.577811287
40,110.42,143,110.43,14:05:43.578094922
39,110.42,143,110.43,14:05:43.595979275
40,110.42,143,110.43,14:05:44.142808686
39,110.42,143,110.43,14:05:44.935675596
39,110.42,125,110.43,14:05:45.968868000
40,110.42,125,110.43,14:05:45.969092035
40,110.42,140,110.43,14:05:46.019925431
39,110.42,140,110.43,14:05:46.020102916
40,110.42,140,110.43,14:05:49.871830452
41,110.42,140,110.43,14:05:49.872009865
40,110.42,140,110.43,14:05:49.873213200
41,110.42,140,110.43,14:05:49.875513348
40,110.42,140,110.43,14:05:49.875841079
39,110.42,140,110.43,14:05:49.877857561
40,110.42,140,110.43,14:05:49.888664688
39,110.42,140,110.43,14:05:50.562211312
36,110.42,140,110.43,14:05:50.562211312
35,110.42,140,110.43,14:05:50.562380966
34,110.42,140,110.43,14:05:50.562443842
33,110.42,140,110.43,14:05:50.562519506
30,110.42,140,110.43,14:05:50.562519506
34,110.42,140,110.43,14:05:50.562929350
26,110.42,140,110.43,14:05:50.563094143
24,110.42,140,110.43,14:05:50.564212123
23,110.42,140,110.43,14:05:50.564212123
19,110.42,140,110.43,14:05:50.564212123
22,110.42,140,110.43,14:05:50.564466526
22,110.42,160,110.43,14:05:50.564466526
23,110.42,160,110.43,14:05:50.565759882
25,110.42,160,110.43,14:05:50.565876445
28,110.42,160,110.43,14:05:50.566137120
29,110.42,160,110.43,14:05:50.566222685
28,110.42,160,110.43,14:05:50.566829413
25,110.42,160,110.43,14:05:50.566897222
26,110.42,160,110.43,14:05:50.568659854
26,110.42,140,110.43,14:05:50.570792966
27,110.42,140,110.43,14:05:50.570980156
28,110.42,140,110.43,14:05:50.571185391
27,110.42,140,110.43,14:05:50.608180998
24,110.42,140,110.43,14:05:50.609194645
23,110.42,140,110.43,14:05:51.133202476
25,110.42,140,110.43,14:05:51.540149238
23,110.42,140,110.43,14:05:51.643245437
26,110.42,140,110.43,14:05:52.032405665
27,110.42,140,110.43,14:05:52.032679562
26,110.42,140,110.43,14:05:52.343237428
27,110.42,140,110.43,14:05:52.596779821
28,110.42,140,110.43,14:05:53.356530296
31,110.42,140,110.43,14:05:53.356530296
39,110.42,140,110.43,14:05:53.356659889
40,110.42,140,110.43,14:05:53.593259897
39,110.42,140,110.43,14:05:54.206177644
39,110.42,131,110.43,14:06:00.104372206
40,110.42,131,110.43,14:06:00.105084397
39,110.42,131,110.43,14:06:00.105241997
40,110.42,131,110.43,14:06:00.111271525
41,110.42,131,110.43,14:06:00.111412651
63,110.42,131,110.43,14:06:00.111684917
111,110.42,131,110.43,14:06:00.177374154
111,110.42,116,110.43,14:06:00.177633856
63,110.42,116,110.43,14:06:00.451647280
63,110.42,131,110.43,14:06:00.451867783
41,110.42,131,110.43,14:06:00.452027773
65,110.42,131,110.43,14:06:01.168470328
65,110.42,116,110.43,14:06:01.168470328
65,110.42,131,110.43,14:06:01.168676008
115,110.42,131,110.43,14:06:01.168789649
117,110.42,131,110.43,14:06:01.179714716
67,110.42,131,110.43,14:06:01.318797447
43,110.42,131,110.43,14:06:01.713455508
42,110.42,131,110.43,14:06:04.057025685
41,110.42,131,110.43,14:06:04.057291905
42,110.42,131,110.43,14:06:04.308221003
43,110.42,131,110.43,14:06:04.308221003
42,110.42,131,110.43,14:06:04.328638759
43,110.42,131,110.43,14:06:04.770547297
42,110.42,131,110.43,14:06:04.771167796
41,110.42,131,110.43,14:06:04.771312474
42,110.42,131,110.43,14:06:04.772136579
43,110.42,131,110.43,14:06:04.804812524
42,110.42,131,110.43,14:06:06.581121003
41,110.42,131,110.43,14:06:06.581226923
42,110.42,131,110.43,14:06:06.651430726
41,110.42,131,110.43,14:06:06.683499673
55,110.42,131,110.43,14:06:07.915342284
65,110.42,131,110.43,14:06:07.915409664
66,110.42,131,110.43,14:06:07.915513106
65,110.42,131,110.43,14:06:07.915734646
66,110.42,131,110.43,14:06:07.919446563
67,110.42,131,110.43,14:06:07.924178130
53,110.42,131,110.43,14:06:08.368940152
43,110.42,131,110.43,14:06:08.369017460
42,110.42,131,110.43,14:06:08.643850514
43,110.42,131,110.43,14:06:10.223960082
59,110.42,131,110.43,14:06:12.197712480
67,110.42,131,110.43,14:06:12.197844863
67,110.42,116,110.43,14:06:12.824829581
67,110.42,131,110.43,14:06:12.828876055
66,110.42,131,110.43,14:06:15.042661294
65,110.42,131,110.43,14:06:15.042733786
49,110.42,131,110.43,14:06:15.043906477
41,110.42,131,110.43,14:06:15.043976528
42,110.42,131,110.43,14:06:15.044152361
43,110.42,131,110.43,14:06:15.047604794
42,110.42,131,110.43,14:06:15.100820171
43,110.42,131,110.43,14:06:15.149994272
63,110.42,131,110.43,14:06:15.153126955
64,110.42,131,110.43,14:06:16.815350002
64,110.42,130,110.43,14:06:18.130807923
64,110.42,116,110.43,14:06:18.130807923
64,110.42,101,110.43,14:06:18.131274413
64,110.42,102,110.43,14:06:18.132159894
64,110.42,117,110.43,14:06:18.139057246
64,110.42,131,110.43,14:06:18.142025512
105,110.42,131,110.43,14:06:18.564076359
116,110.42,131,110.43,14:06:18.564153796
105,110.42,131,110.43,14:06:18.733063503
64,110.42,131,110.43,14:06:18.733155477
97,110.42,131,110.43,14:06:35.181605927
116,110.42,131,110.43,14:06:35.182685667
117,110.42,131,110.43,14:06:35.192884360
98,110.42,131,110.43,14:06:35.771578700
65,110.42,131,110.43,14:06:35.771757657
45,110.42,131,110.43,14:06:35.771857369
44,110.42,131,110.43,14:06:35.795175946
45,110.42,131,110.43,14:06:35.920340708
61,110.42,131,110.43,14:06:36.052406360
69,110.42,131,110.43,14:06:36.052507662
68,110.42,131,110.43,14:06:36.684122505
69,110.42,131,110.43,14:06:41.125404283
68,110.42,131,110.43,14:06:42.293143216
69,110.42,131,110.43,14:06:42.294095648
109,110.42,131,110.43,14:06:45.045523454
121,110.42,131,110.43,14:06:45.045599163
121,110.42,116,110.43,14:06:46.798916778
81,110.42,116,110.43,14:06:46.799775670
69,110.42,116,110.43,14:06:46.799775670
69,110.42,126,110.43,14:06:46.799974022
69,110.42,141,110.43,14:06:46.800046665
69,110.42,126,110.43,14:06:46.804023750
69,110.42,141,110.43,14:06:47.230112606
68,110.42,141,110.43,14:06:47.230294407
69,110.42,141,110.43,14:06:48.035439508
68,110.42,141,110.43,14:06:48.035584545
69,110.42,141,110.43,14:06:51.806267007
68,110.42,141,110.43,14:06:51.806412655
69,110.42,141,110.43,14:06:52.291856831
69,110.42,139,110.43,14:06:53.966615520
69,110.42,124,110.43,14:06:53.966837594
69,110.42,139,110.43,14:06:53.967655708
121,110.42,139,110.43,14:06:55.179428689
121,110.42,124,110.43,14:06:55.271590811
69,110.42,124,110.43,14:06:55.507094620
69,110.42,139,110.43,14:06:55.507397907
135,110.42,139,110.43,14:06:56.159739307
69,110.42,139,110.43,14:06:56.260071340
135,110.42,139,110.43,14:06:56.663583433
69,110.42,139,110.43,14:07:00.035706731
135,110.42,139,110.43,14:07:00.661421451
69,110.42,139,110.43,14:07:02.024902621
68,110.42,139,110.43,14:07:02.838391164
69,110.42,139,110.43,14:07:02.838637337
68,110.42,139,110.43,14:07:06.314685778
69,110.42,139,110.43,14:07:06.382512389
68,110.42,139,110.43,14:07:06.382722208
69,110.42,139,110.43,14:07:07.913561202
66,110.42,139,110.43,14:07:09.421557739
65,110.42,139,110.43,14:07:09.421887864
49,110.42,139,110.43,14:07:09.434850845
41,110.42,139,110.43,14:07:09.434850845
40,110.42,139,110.43,14:07:09.435130851
43,110.42,139,110.43,14:07:09.435647043
44,110.42,139,110.43,14:07:09.435859814
43,110.42,139,110.43,14:07:09.437062776
40,110.42,139,110.43,14:07:09.445597947
41,110.42,139,110.43,14:07:09.448493433
40,110.42,139,110.43,14:07:09.449121570
41,110.42,139,110.43,14:07:09.450101191
40,110.42,139,110.43,14:07:09.450336718
41,110.42,139,110.43,14:07:09.453635454
40,110.42,139,110.43,14:07:09.478939850
41,110.42,139,110.43,14:07:09.767493705
44,110.42,139,110.43,14:07:09.768817922
63,110.42,139,110.43,14:07:09.925306788
68,110.42,139,110.43,14:07:09.925409556
69,110.42,139,110.43,14:07:10.364070418
68,110.42,139,110.43,14:07:10.863462991
65,110.42,139,110.43,14:07:14.955919886
46,110.42,139,110.43,14:07:14.955919886
41,110.42,139,110.43,14:07:14.955998490
40,110.42,139,110.43,14:07:14.956181943
32,110.42,139,110.43,14:07:14.970587861
40,110.42,139,110.43,14:07:14.971114407
43,110.42,139,110.43,14:07:14.974029993
40,110.42,139,110.43,14:07:14.975194120
41,110.42,139,110.43,14:07:14.976961488
40,110.42,139,110.43,14:07:14.977126787
43,110.42,139,110.43,14:07:14.980455488
44,110.42,139,110.43,14:07:15.192329665
43,110.42,139,110.43,14:07:15.255659795
44,110.42,139,110.43,14:07:15.678590208
43,110.42,139,110.43,14:07:15.678761708
44,110.42,139,110.43,14:07:16.109068304
43,110.42,139,110.43,14:07:16.111087281
57,110.42,139,110.43,14:07:25.897256188
67,110.42,139,110.43,14:07:25.897323606
68,110.42,139,110.43,14:07:25.897323606
67,110.42,139,110.43,14:07:25.897548963
68,110.42,139,110.43,14:07:25.908558662
69,110.42,139,110.43,14:07:25.908630416
70,110.42,139,110.43,14:07:29.836093504
71,110.42,139,110.43,14:07:29.840227984
70,110.42,139,110.43,14:07:31.128928166
69,110.42,139,110.43,14:07:31.128998537
70,110.42,139,110.43,14:07:31.129891384
69,110.42,139,110.43,14:07:31.204061103
70,110.42,139,110.43,14:07:31.344875696
69,110.42,139,110.43,14:07:31.346892256
68,110.42,139,110.43,14:07:53.738344198
65,110.42,139,110.43,14:07:53.738522581
62,110.42,139,110.43,14:07:53.738636464
52,110.42,139,110.43,14:07:53.738636464
50,110.42,139,110.43,14:07:53.738636464
36,110.42,139,110.43,14:07:53.738636464
28,110.42,139,110.43,14:07:53.739001075
29,110.42,139,110.43,14:07:53.739105231
32,110.42,139,110.43,14:07:53.739130997
32,110.42,154,110.43,14:07:53.739382530
32,110.42,162,110.43,14:07:53.739480027
31,110.42,162,110.43,14:07:53.739705054
30,110.42,162,110.43,14:07:53.739705054
29,110.42,162,110.43,14:07:53.739888385
26,110.42,162,110.43,14:07:53.740435518
25,110.42,162,110.43,14:07:53.740435518
24,110.42,162,110.43,14:07:53.740453502
9,110.42,162,110.43,14:07:53.740939914
7,110.42,162,110.43,14:07:53.741480355
22,110.42,162,110.43,14:07:53.741654566
22,110.42,180,110.43,14:07:53.741829673
30,110.42,180,110.43,14:07:53.742395070
22,110.42,180,110.43,14:07:53.742957468
22,110.42,162,110.43,14:07:53.743369841
30,110.42,162,110.43,14:07:53.743739653
32,110.42,162,110.43,14:07:53.745251153
34,110.42,162,110.43,14:07:53.745861898
32,110.42,162,110.43,14:07:53.751746545
33,110.42,162,110.43,14:07:53.751818584
34,110.42,162,110.43,14:07:53.753936784
36,110.42,162,110.43,14:07:53.754104793
35,110.42,162,110.43,14:07:53.754265459
34,110.42,162,110.43,14:07:53.754350485
32,110.42,162,110.43,14:07:53.754688246
30,110.42,162,110.43,14:07:53.756998333
22,110.42,162,110.43,14:07:53.756998333
24,110.42,162,110.43,14:07:53.757970800
24,110.42,180,110.43,14:07:53.763891972
22,110.42,180,110.43,14:07:53.763972670
21,110.42,180,110.43,14:07:53.764384188
29,110.42,180,110.43,14:07:53.764657780
28,110.42,180,110.43,14:07:53.764676650
30,110.42,180,110.43,14:07:53.764676650
32,110.42,180,110.43,14:07:53.768722016
30,110.42,180,110.43,14:07:53.771066869
22,110.42,180,110.43,14:07:53.778306044
20,110.42,180,110.43,14:07:53.778453868
22,110.42,180,110.43,14:07:56.204621379
20,110.42,180,110.43,14:07:59.018479741
22,110.42,180,110.43,14:08:00.035439001
24,110.42,180,110.43,14:08:00.062245093
24,110.42,162,110.43,14:08:01.653612499
26,110.42,162,110.43,14:08:01.654108910
26,110.42,180,110.43,14:08:01.654840539
24,110.42,180,110.43,14:08:01.662924017
22,110.42,180,110.43,14:08:01.663810967
20,110.42,180,110.43,14:08:01.665146210
23,110.42,180,110.43,14:08:01.674106251
29,110.42,180,110.43,14:08:01.674121636
30,110.42,180,110.43,14:08:01.674224656
30,110.42,162,110.43,14:08:01.674642244
24,110.42,162,110.43,14:08:01.977636185
23,110.42,162,110.43,14:08:06.901350153
20,110.42,162,110.43,14:08:07.102213189
5,110.42,162,110.43,14:08:07.105710149
4,110.42,162,110.43,14:08:07.113829429
3,110.42,162,110.43,14:08:07.169392941
2,110.42,162,110.43,14:08:07.169877112
1,110.42,162,110.43,14:08:07.169877112
170,110.41,162,110.43,14:08:07.169877112
170,110.41,1,110.42,14:08:07.169960620
170,110.41,2,110.42,14:08:07.169975468
170,110.41,4,110.42,14:08:07.170365342
164,110.41,4,110.42,14:08:07.170450121
156,110.41,4,110.42,14:08:07.171195698
168,110.41,4,110.42,14:08:07.171275319
168,110.41,3,110.42,14:08:07.313509700
168,110.41,1,110.42,14:08:07.864707637
168,110.41,191,110.43,14:08:11.256321346
168,110.41,1,110.42,14:08:19.678606292
168,110.41,2,110.42,14:08:19.678903021
168,110.41,3,110.42,14:08:19.679043603
168,110.41,4,110.42,14:08:19.679255209
168,110.41,3,110.42,14:08:22.014070245
168,110.41,4,110.42,14:08:22.130805167
168,110.41,3,110.42,14:08:22.279854094
168,110.41,2,110.42,14:08:22.283756293
168,110.41,1,110.42,14:08:22.288233998
168,110.41,195,110.43,14:08:22.288376868
168,110.41,191,110.43,14:08:22.289103559
168,110.41,1,110.42,14:08:22.842659566
168,110.41,3,110.42,14:08:22.968512459
168,110.41,1,110.42,14:08:22.980510097
168,110.41,2,110.42,14:08:23.053827552
168,110.41,3,110.42,14:08:24.608358305
168,110.41,18,110.42,14:08:24.608587917
168,110.41,20,110.42,14:08:24.612375553
168,110.41,18,110.42,14:08:26.360078090
168,110.41,17,110.42,14:08:30.187313766
168,110.41,16,110.42,14:08:30.187313766
168,110.41,15,110.42,14:08:30.187313766
168,110.41,10,110.42,14:08:30.187313766
168,110.41,213,110.43,14:08:30.187530813
2,110.42,213,110.43,14:08:30.187530813
4,110.42,213,110.43,14:08:30.187530813
5,110.42,213,110.43,14:08:30.187887276
6,110.42,213,110.43,14:08:30.187920869
7,110.42,213,110.43,14:08:30.188010380
5,110.42,213,110.43,14:08:30.188028373
6,110.42,213,110.43,14:08:30.188028373
6,110.42,205,110.43,14:08:30.188250476
5,110.42,205,110.43,14:08:30.188504840
4,110.42,205,110.43,14:08:30.188593029
4,110.42,195,110.43,14:08:30.189071067
3,110.42,195,110.43,14:08:30.191231085
1,110.42,195,110.43,14:08:30.191533549
1,110.42,191,110.43,14:08:30.192540667
156,110.41,191,110.43,14:08:30.195298732
168,110.41,191,110.43,14:08:30.196709435
1,110.42,191,110.43,14:08:30.198675042
1,110.42,173,110.43,14:08:30.200088056
2,110.42,173,110.43,14:08:30.200685195
3,110.42,173,110.43,14:08:30.200685195
3,110.42,191,110.43,14:08:30.201882816
3,110.42,195,110.43,14:08:30.202436537
2,110.42,195,110.43,14:08:30.203547570
2,110.42,191,110.43,14:08:30.203652392
3,110.42,191,110.43,14:08:30.207463839
6,110.42,191,110.43,14:08:30.207560549
8,110.42,191,110.43,14:08:30.211941416
23,110.42,191,110.43,14:08:30.212389694
23,110.42,173,110.43,14:08:30.212500778
24,110.42,173,110.43,14:08:30.212522148
25,110.42,173,110.43,14:08:30.212876330
24,110.42,173,110.43,14:08:30.213430551
25,110.42,173,110.43,14:08:30.214251740
26,110.42,173,110.43,14:08:30.215156654
29,110.42,173,110.43,14:08:30.217678169
30,110.42,173,110.43,14:08:30.218526754
30,110.42,158,110.43,14:08:30.223160075
30,110.42,150,110.43,14:08:30.223226930
31,110.42,150,110.43,14:08:30.248517257
30,110.42,150,110.43,14:08:30.250034929
31,110.42,150,110.43,14:08:30.250608243
34,110.42,150,110.43,14:08:30.961243438
31,110.42,150,110.43,14:08:35.579215909
34,110.42,150,110.43,14:08:35.579564965
31,110.42,150,110.43,14:08:35.601026409
34,110.42,150,110.43,14:08:36.543552469
34,110.42,168,110.43,14:08:39.009036180
42,110.42,168,110.43,14:08:39.009214599
42,110.42,198,110.43,14:08:39.009325334
41,110.42,198,110.43,14:08:51.664068750
42,110.42,198,110.43,14:08:52.014253213
41,110.42,198,110.43,14:08:52.014424083
42,110.42,198,110.43,14:08:52.928115477
41,110.42,198,110.43,14:09:01.071367746
42,110.42,198,110.43,14:09:01.535364689
41,110.42,198,110.43,14:09:02.046668546
42,110.42,198,110.43,14:09:08.320239486
41,110.42,198,110.43,14:09:09.089687671
42,110.42,198,110.43,14:09:11.637813092
41,110.42,198,110.43,14:09:12.291525980
42,110.42,198,110.43,14:09:13.977570367
41,110.42,198,110.43,14:09:15.920322351
38,110.42,198,110.43,14:09:17.410107671
39,110.42,198,110.43,14:09:20.666148977
38,110.42,198,110.43,14:09:22.150482888
41,110.42,198,110.43,14:09:25.658143492
42,110.42,198,110.43,14:09:25.735856498
41,110.42,198,110.43,14:09:27.754620216
42,110.42,198,110.43,14:09:38.102460572
41,110.42,198,110.43,14:09:38.180088362
42,110.42,198,110.43,14:09:38.721486612
41,110.42,198,110.43,14:09:40.275647520
38,110.42,198,110.43,14:09:40.857314856
37,110.42,198,110.43,14:09:40.857589848
37,110.42,188,110.43,14:09:40.857868647
38,110.42,188,110.43,14:09:40.861388436
37,110.42,188,110.43,14:09:40.866726198
36,110.42,188,110.43,14:09:44.349206763
33,110.42,188,110.43,14:09:44.349277329
35,110.42,188,110.43,14:09:44.351736659
33,110.42,188,110.43,14:09:44.353136590
18,110.42,188,110.43,14:09:44.354480099
10,110.42,188,110.43,14:09:44.354660565
10,110.42,211,110.43,14:09:44.374039775
12,110.42,211,110.43,14:09:44.801838324
15,110.42,211,110.43,14:09:44.827072553
30,110.42,211,110.43,14:09:44.827848367
32,110.42,211,110.43,14:09:44.827974002
33,110.42,211,110.43,14:09:44.832212581
41,110.42,211,110.43,14:09:44.832314354
40,110.42,211,110.43,14:09:45.018291093
41,110.42,211,110.43,14:09:45.589096643
40,110.42,211,110.43,14:09:45.591346481
32,110.42,211,110.43,14:09:45.628070949
32,110.42,211,110.43,14:09:45.628070949
40,110.42,211,110.43,14:09:55.928889502
41,110.42,211,110.43,14:09:55.928953253
42,110.42,211,110.43,14:09:55.933352727
41,110.42,211,110.43,14:09:56.054467339
40,110.42,211,110.43,14:09:56.054640395
41,110.42,211,110.43,14:09:56.091262529
42,110.42,211,110.43,14:09:56.572091885
41,110.42,211,110.43,14:09:58.136218436
40,110.42,211,110.43,14:09:58.136378493
32,110.42,211,110.43,14:10:00.604359603
30,110.42,211,110.43,14:10:06.512594651
15,110.42,211,110.43,14:10:06.512764488
12,110.42,211,110.43,14:10:06.512942244
14,110.42,211,110.43,14:10:08.949712500
12,110.42,211,110.43,14:10:10.232661489
10,110.42,211,110.43,14:10:15.118698897
8,110.42,211,110.43,14:10:15.118762321
5,110.42,211,110.43,14:10:15.119215021
4,110.42,211,110.43,14:10:15.119628006
3,110.42,211,110.43,14:10:15.119713475
2,110.42,211,110.43,14:10:15.119713475
1,110.42,211,110.43,14:10:15.120617384
160,110.41,211,110.43,14:10:15.120617384
160,110.41,35,110.42,14:10:15.120914594
158,110.41,35,110.42,14:10:15.121329115
176,110.41,35,110.42,14:10:15.122391053
174,110.41,35,110.42,14:10:15.122655523
174,110.41,211,110.43,14:10:15.131114643
174,110.41,2,110.42,14:10:15.160182230
174,110.41,211,110.43,14:10:17.572679627
1,110.42,211,110.43,14:10:28.814899040
2,110.42,211,110.43,14:10:28.815077724
3,110.42,211,110.43,14:10:28.815226764
4,110.42,211,110.43,14:10:28.815547170
3,110.42,211,110.43,14:10:28.815819068
2,110.42,211,110.43,14:10:29.156240188
4,110.42,211,110.43,14:10:30.128637750
19,110.42,211,110.43,14:10:30.128874192
21,110.42,211,110.43,14:10:30.158527962
23,110.42,211,110.43,14:10:30.163583100
25,110.42,211,110.43,14:10:30.163583100
28,110.42,211,110.43,14:10:30.164624756
29,110.42,211,110.43,14:10:30.181379597
28,110.42,211,110.43,14:10:30.181537775
25,110.42,211,110.43,14:10:30.272249599
23,110.42,211,110.43,14:10:30.272355292
21,110.42,211,110.43,14:10:32.520332228
19,110.42,211,110.43,14:10:32.520537297
21,110.42,211,110.43,14:10:32.520992912
19,110.42,211,110.43,14:10:32.719861836
17,110.42,211,110.43,14:10:33.139493719
19,110.42,211,110.43,14:10:34.024292566
17,110.42,211,110.43,14:10:34.160971461
2,110.42,211,110.43,14:10:41.313824148
1,110.42,211,110.43,14:10:45.791683767
158,110.41,211,110.43,14:10:45.791683767
158,110.41,45,110.42,14:10:45.792115895
156,110.41,45,110.42,14:10:45.792617904
173,110.41,45,110.42,14:10:45.793125059
173,110.41,211,110.43,14:10:45.803169530
174,110.41,211,110.43,14:10:45.814496051
175,110.41,211,110.43,14:10:45.814569414
175,110.41,2,110.42,14:10:46.602383076
175,110.41,8,110.42,14:10:46.602488110
175,110.41,58,110.42,14:10:46.602656087
175,110.41,59,110.42,14:10:46.602821742
175,110.41,60,110.42,14:10:46.602916647
175,110.41,59,110.42,14:10:46.603537011
157,110.41,59,110.42,14:10:46.604252520
157,110.41,60,110.42,14:10:46.604596412
157,110.41,63,110.42,14:10:46.604878507
157,110.41,62,110.42,14:10:46.604962885
157,110.41,63,110.42,14:10:46.604962885
157,110.41,62,110.42,14:10:46.617795847
157,110.41,63,110.42,14:10:46.619009565
157,110.41,62,110.42,14:10:46.629830717
157,110.41,59,110.42,14:10:46.704693912
175,110.41,59,110.42,14:10:46.704693912
175,110.41,9,110.42,14:10:46.704838129
175,110.41,3,110.42,14:10:47.331756463
175,110.41,4,110.42,14:10:47.805724413
175,110.41,6,110.42,14:10:48.358981216
175,110.41,4,110.42,14:10:48.716601950
175,110.41,2,110.42,14:10:51.844874269
175,110.41,4,110.42,14:10:53.690742345
175,110.41,7,110.42,14:10:53.690911602
175,110.41,9,110.42,14:10:53.692494397
175,110.41,12,110.42,14:10:53.694687260
175,110.41,13,110.42,14:10:53.694766470
175,110.41,59,110.42,14:10:53.695299611
175,110.41,60,110.42,14:10:53.695567086
157,110.41,60,110.42,14:10:53.695758049
157,110.41,59,110.42,14:10:53.696265160
157,110.41,58,110.42,14:10:53.700180119
157,110.41,55,110.42,14:10:53.700374740
175,110.41,55,110.42,14:10:53.701606018
175,110.41,53,110.42,14:10:53.704292983
175,110.41,7,110.42,14:10:53.705531955
175,110.41,4,110.42,14:10:53.706926888
175,110.41,2,110.42,14:10:53.706926888
175,110.41,1,110.42,14:10:53.706948798
175,110.41,2,110.42,14:10:53.709679992
175,110.41,5,110.42,14:10:53.710616399
175,110.41,2,110.42,14:10:53.714811442
175,110.41,3,110.42,14:10:53.715763818
175,110.41,4,110.42,14:10:53.716087431
175,110.41,6,110.42,14:10:53.716363140
175,110.41,7,110.42,14:10:53.717967701
175,110.41,6,110.42,14:10:53.719989965
175,110.41,4,110.42,14:10:53.721467795
175,110.41,3,110.42,14:10:53.725720518
175,110.41,2,110.42,14:10:53.726005439
175,110.41,1,110.42,14:10:53.727359405
175,110.41,213,110.43,14:10:53.727856557
175,110.41,2,110.42,14:10:53.727997754
175,110.41,48,110.42,14:10:53.728400332
175,110.41,50,110.42,14:10:53.731225390
175,110.41,51,110.42,14:10:53.731572148
175,110.41,49,110.42,14:10:53.757110002
175,110.41,3,110.42,14:10:53.757347755
175,110.41,4,110.42,14:10:53.758499024
175,110.41,6,110.42,14:10:53.763444867
175,110.41,7,110.42,14:10:53.769148011
175,110.41,5,110.42,14:10:53.810907534
175,110.41,4,110.42,14:10:53.810907534
175,110.41,3,110.42,14:10:53.810924203
175,110.41,1,110.42,14:10:53.812169831
175,110.41,5,110.42,14:10:57.556295679
175,110.41,20,110.42,14:10:57.556405446
175,110.41,70,110.42,14:10:57.556836031
175,110.41,55,110.42,14:10:57.556836031
175,110.41,5,110.42,14:10:57.570875290
175,110.41,6,110.42,14:10:58.306518490
175,110.41,8,110.42,14:10:58.306518490
175,110.41,9,110.42,14:10:58.306536560
175,110.41,59,110.42,14:10:58.306746723
175,110.41,74,110.42,14:10:58.306766368
175,110.41,59,110.42,14:10:58.307239005
157,110.41,59,110.42,14:10:58.307257305
175,110.41,59,110.42,14:10:58.307621503
175,110.41,9,110.42,14:10:58.317359188
175,110.41,24,110.42,14:10:58.348896272
175,110.41,9,110.42,14:10:58.361592239
175,110.41,7,110.42,14:10:58.365383374
175,110.41,9,110.42,14:10:58.663235401
175,110.41,7,110.42,14:11:00.366192934
175,110.41,9,110.42,14:11:00.705575833
175,110.41,24,110.42,14:11:00.705856971
175,110.41,76,110.42,14:11:00.705963007
157,110.41,76,110.42,14:11:00.706517717
157,110.41,24,110.42,14:11:00.717942940
175,110.41,24,110.42,14:11:00.718185767
175,110.41,26,110.42,14:11:01.032752287
175,110.41,25,110.42,14:11:02.959825796
175,110.41,21,110.42,14:11:02.959825796
175,110.41,20,110.42,14:11:02.959914999
175,110.41,19,110.42,14:11:02.959931028
175,110.41,17,110.42,14:11:02.959931028
175,110.41,15,110.42,14:11:02.959931028
175,110.41,2,110.42,14:11:02.960355383
175,110.41,213,110.43,14:11:02.960448510
20,110.42,213,110.43,14:11:03.006609175
21,110.42,213,110.43,14:11:03.017939962
22,110.42,213,110.43,14:11:03.018017369
23,110.42,213,110.43,14:11:06.579171126
24,110.42,213,110.43,14:11:06.587065913
28,110.42,213,110.43,14:11:06.656577871
27,110.42,213,110.43,14:11:09.835990994
26,110.42,213,110.43,14:11:09.841004286
24,110.42,213,110.43,14:11:09.919519442
26,110.42,213,110.43,14:11:13.132310933
27,110.42,213,110.43,14:11:13.132926923
42,110.42,213,110.43,14:11:13.133029211
43,110.42,213,110.43,14:11:13.133196088
44,110.42,213,110.43,14:11:13.136776648
43,110.42,213,110.43,14:11:13.140588280
44,110.42,213,110.43,14:11:14.488264144
43,110.42,213,110.43,14:11:14.643433179
44,110.42,213,110.43,14:11:15.713847682
43,110.42,213,110.43,14:11:15.714046421
46,110.42,213,110.43,14:11:15.755898175
47,110.42,213,110.43,14:11:15.756043186
48,110.42,213,110.43,14:11:15.756119794
49,110.42,213,110.43,14:11:15.756196109
48,110.42,213,110.43,14:11:15.756348395
47,110.42,213,110.43,14:11:15.763688680
44,110.42,213,110.43,14:11:15.763793467
46,110.42,213,110.43,14:11:15.765382103
48,110.42,213,110.43,14:11:15.765559635
46,110.42,213,110.43,14:11:15.767556978
44,110.42,213,110.43,14:11:15.768767626
46,110.42,213,110.43,14:11:15.769762112
44,110.42,213,110.43,14:11:15.770918936
46,110.42,213,110.43,14:11:15.775497176
48,110.42,213,110.43,14:11:15.776272631
46,110.42,213,110.43,14:11:15.780119732
44,110.42,213,110.43,14:11:15.781627907
43,110.42,213,110.43,14:11:15.790963723
45,110.42,213,110.43,14:11:15.793999768
46,110.42,213,110.43,14:11:15.794175378
48,110.42,213,110.43,14:11:15.794539941
46,110.42,213,110.43,14:11:15.821274357
45,110.42,213,110.43,14:11:15.821428539
46,110.42,213,110.43,14:11:15.825486443
48,110.42,213,110.43,14:11:15.871283086
49,110.42,213,110.43,14:11:15.871418955
48,110.42,213,110.43,14:11:15.871566903
46,110.42,213,110.43,14:11:15.871798030
44,110.42,213,110.43,14:11:15.871798030
43,110.42,213,110.43,14:11:15.871923540
46,110.42,213,110.43,14:11:15.873013037
43,110.42,213,110.43,14:11:15.874117381
44,110.42,213,110.43,14:11:15.874232713
46,110.42,213,110.43,14:11:15.875607486
48,110.42,213,110.43,14:11:15.877276111
49,110.42,213,110.43,14:11:15.877454630
47,110.42,213,110.43,14:11:15.883717629
49,110.42,213,110.43,14:11:15.884261228
50,110.42,213,110.43,14:11:15.891796253
51,110.42,213,110.43,14:11:15.897948628
53,110.42,213,110.43,14:11:15.898342280
56,110.42,213,110.43,14:11:15.898342280
57,110.42,213,110.43,14:11:15.898855790
65,110.42,213,110.43,14:11:15.898872404
64,110.42,213,110.43,14:11:15.899486432
64,110.42,190,110.43,14:11:15.899644806
65,110.42,190,110.43,14:11:15.900145456
65,110.42,175,110.43,14:11:15.900159176
65,110.42,157,110.43,14:11:15.900801916
65,110.42,127,110.43,14:11:15.901123384
64,110.42,127,110.43,14:11:15.901199434
56,110.42,127,110.43,14:11:15.901476724
56,110.42,142,110.43,14:11:15.901476724
56,110.42,160,110.43,14:11:15.901531288
56,110.42,190,110.43,14:11:15.901757431
57,110.42,190,110.43,14:11:15.901861425
65,110.42,190,110.43,14:11:15.902671274
65,110.42,160,110.43,14:11:15.903350435
65,110.42,142,110.43,14:11:15.903719648
65,110.42,127,110.43,14:11:15.905460600
65,110.42,119,110.43,14:11:15.905963114
65,110.42,116,110.43,14:11:15.905963114
57,110.42,116,110.43,14:11:15.911519241
57,110.42,138,110.43,14:11:15.911643417
57,110.42,156,110.43,14:11:15.911929736
65,110.42,156,110.43,14:11:15.912828632
65,110.42,134,110.43,14:11:15.913437416
65,110.42,116,110.43,14:11:15.913455399
57,110.42,116,110.43,14:11:15.913564116
57,110.42,131,110.43,14:11:15.913944756
57,110.42,161,110.43,14:11:15.914753864
57,110.42,159,110.43,14:11:15.917495284
54,110.42,159,110.43,14:11:15.920555035
57,110.42,159,110.43,14:11:15.922727293
57,110.42,141,110.43,14:11:15.928052264
75,110.42,141,110.43,14:11:15.929347835
81,110.42,141,110.43,14:11:15.929366439
81,110.42,129,110.43,14:11:15.930212186
63,110.42,129,110.43,14:11:15.930410173
57,110.42,129,110.43,14:11:15.930410173
57,110.42,135,110.43,14:11:15.930931858
57,110.42,133,110.43,14:11:15.932165166
57,110.42,159,110.43,14:11:15.932899889
57,110.42,144,110.43,14:11:15.933978898
57,110.42,114,110.43,14:11:15.934474464
57,110.42,129,110.43,14:11:15.934964847
57,110.42,131,110.43,14:11:15.935046667
57,110.42,133,110.43,14:11:15.936185783
57,110.42,135,110.43,14:11:15.937045040
54,110.42,135,110.43,14:11:15.938778796
54,110.42,139,110.43,14:11:15.939369988
54,110.42,143,110.43,14:11:15.940253131
57,110.42,143,110.43,14:11:15.940826094
57,110.42,159,110.43,14:11:15.941967474
57,110.42,155,110.43,14:11:15.944660276
54,110.42,155,110.43,14:11:15.944835242
54,110.42,159,110.43,14:11:15.945251557
54,110.42,151,110.43,14:11:15.948589598
54,110.42,143,110.43,14:11:15.949270335
54,110.42,141,110.43,14:11:15.949856290
54,110.42,145,110.43,14:11:15.950635932
54,110.42,151,110.43,14:11:15.951095124
54,110.42,159,110.43,14:11:15.953457673
54,110.42,147,110.43,14:11:15.973076467
54,110.42,143,110.43,14:11:15.973842721
54,110.42,139,110.43,14:11:16.003531510
54,110.42,135,110.43,14:11:16.004011128
54,110.42,129,110.43,14:11:16.018364819
54,110.42,114,110.43,14:11:16.308973863
54,110.42,124,110.43,14:11:18.172689539
76,110.42,124,110.43,14:11:22.859487127
76,110.42,123,110.43,14:11:22.859666602
126,110.42,123,110.43,14:11:24.990491677
128,110.42,123,110.43,14:11:25.001762356
130,110.42,123,110.43,14:11:25.001867700
130,110.42,122,110.43,14:11:25.196829756
130,110.42,121,110.43,14:11:25.201139211
147,110.42,121,110.43,14:11:26.546453590
147,110.42,117,110.43,14:11:26.547001801
147,110.42,119,110.43,14:11:26.680308361
147,110.42,121,110.43,14:11:26.680878895
97,110.42,121,110.43,14:11:30.303244343
128,110.42,121,110.43,14:11:32.330223364
149,110.42,121,110.43,14:11:32.330401923
149,110.42,119,110.43,14:11:36.023482302
149,110.42,117,110.43,14:11:36.023581614
149,110.42,120,110.43,14:11:36.026398910
149,110.42,117,110.43,14:11:36.027566519
149,110.42,120,110.43,14:11:36.031397153
149,110.42,117,110.43,14:11:36.033627977
149,110.42,119,110.43,14:11:36.034887361
149,110.42,117,110.43,14:11:36.035301620
149,110.42,119,110.43,14:11:36.035585889
149,110.42,117,110.43,14:11:36.036076423
149,110.42,119,110.43,14:11:36.037178159
149,110.42,117,110.43,14:11:36.037883916
149,110.42,119,110.43,14:11:36.500078537
149,110.42,117,110.43,14:11:38.171632715
149,110.42,119,110.43,14:11:38.410428276
149,110.42,121,110.43,14:11:39.350503724
149,110.42,119,110.43,14:11:39.890560795
149,110.42,117,110.43,14:11:39.891936298
149,110.42,107,110.43,14:11:40.200292442
149,110.42,99,110.43,14:11:40.200292442
149,110.42,96,110.43,14:11:40.200387965
149,110.42,90,110.43,14:11:40.200387965
167,110.42,90,110.43,14:11:40.200500458
149,110.42,90,110.43,14:11:40.202406495
149,110.42,88,110.43,14:11:40.211591818
149,110.42,90,110.43,14:11:40.212990819
149,110.42,92,110.43,14:11:40.216746804
149,110.42,90,110.43,14:11:40.229394758
149,110.42,88,110.43,14:11:40.241907090
149,110.42,90,110.43,14:11:40.247029262
149,110.42,92,110.43,14:11:40.252301091
149,110.42,93,110.43,14:11:40.267651184
149,110.42,94,110.43,14:11:40.267797943
149,110.42,93,110.43,14:11:40.267947664
149,110.42,94,110.43,14:11:40.269975873
149,110.42,93,110.43,14:11:40.281807653
149,110.42,92,110.43,14:11:41.490310732
149,110.42,90,110.43,14:11:41.498704344
149,110.42,92,110.43,14:11:41.663601784
149,110.42,90,110.43,14:11:43.127377286
149,110.42,88,110.43,14:11:43.127446626
149,110.42,90,110.43,14:11:43.128169679
149,110.42,92,110.43,14:11:43.128547586
149,110.42,90,110.43,14:11:43.132633073
149,110.42,92,110.43,14:11:43.135613496
149,110.42,93,110.43,14:11:43.402104404
149,110.42,94,110.43,14:11:43.405268174
149,110.42,93,110.43,14:11:43.674600088
149,110.42,94,110.43,14:11:43.683749138
149,110.42,93,110.43,14:11:43.838123133
149,110.42,91,110.43,14:11:45.183548330
149,110.42,93,110.43,14:11:45.185669269
149,110.42,92,110.43,14:11:45.353165321
149,110.42,90,110.43,14:11:45.353181893
149,110.42,88,110.43,14:11:45.353232101
149,110.42,91,110.43,14:11:45.353911784
149,110.42,92,110.43,14:11:45.354084923
118,110.42,92,110.43,14:11:45.383516921
97,110.42,92,110.43,14:11:45.383672953
97,110.42,93,110.43,14:11:45.457296141
97,110.42,94,110.43,14:11:46.241505004
97,110.42,96,110.43,14:11:47.687125008
97,110.42,94,110.43,14:11:47.697133125
97,110.42,96,110.43,14:11:49.952875885
80,110.42,96,110.43,14:11:49.953195862
78,110.42,96,110.43,14:11:49.953488092
78,110.42,97,110.43,14:11:49.953488092
76,110.42,97,110.43,14:11:49.953488092
54,110.42,97,110.43,14:11:49.954339803
54,110.42,112,110.43,14:11:49.954813090
54,110.42,129,110.43,14:11:49.954851304
56,110.42,129,110.43,14:11:49.954851304
58,110.42,129,110.43,14:11:49.954878978
58,110.42,147,110.43,14:11:49.955091361
58,110.42,177,110.43,14:11:49.955987793
58,110.42,176,110.43,14:11:49.956178110
58,110.42,177,110.43,14:11:49.956295616
58,110.42,147,110.43,14:11:49.958008956
58,110.42,129,110.43,14:11:49.958198803
58,110.42,130,110.43,14:11:49.966105304
58,110.42,129,110.43,14:11:50.316660237
58,110.42,127,110.43,14:11:50.808245507
58,110.42,128,110.43,14:11:50.808412451
58,110.42,127,110.43,14:11:51.136281129
58,110.42,128,110.43,14:11:51.240048270
58,110.42,127,110.43,14:11:51.410649599
58,110.42,128,110.43,14:11:51.412777459
58,110.42,146,110.43,14:11:51.430017662
58,110.42,176,110.43,14:11:51.430622817
58,110.42,148,110.43,14:11:51.431675632
58,110.42,150,110.43,14:11:51.433195382
58,110.42,153,110.43,14:11:51.434617099
58,110.42,149,110.43,14:11:51.434761565
58,110.42,151,110.43,14:11:51.435748106
58,110.42,148,110.43,14:11:51.436540787
58,110.42,146,110.43,14:11:51.436618293
58,110.42,174,110.43,14:11:52.479272500
58,110.42,146,110.43,14:11:52.480525974
58,110.42,154,110.43,14:11:52.540324082
58,110.42,170,110.43,14:11:52.541017905
58,110.42,176,110.43,14:11:52.550072506
56,110.42,176,110.43,14:11:52.731474060
55,110.42,176,110.43,14:11:52.731474060
54,110.42,176,110.43,14:11:52.731596943
53,110.42,176,110.43,14:11:52.731669532
52,110.42,176,110.43,14:11:52.731774754
50,110.42,176,110.43,14:11:52.731934603
52,110.42,176,110.43,14:11:52.784664586
54,110.42,176,110.43,14:11:52.784664586
55,110.42,176,110.43,14:11:52.785673507
55,110.42,162,110.43,14:11:52.786448252
54,110.42,162,110.43,14:11:52.786549150
52,110.42,162,110.43,14:11:52.805150940
52,110.42,176,110.43,14:11:52.805423490
51,110.42,176,110.43,14:11:53.369503093
49,110.42,176,110.43,14:11:53.381779542
47,110.42,176,110.43,14:11:53.381798425
46,110.42,176,110.43,14:11:53.382254554
48,110.42,176,110.43,14:11:53.382272573
50,110.42,176,110.43,14:11:53.382272573
50,110.42,195,110.43,14:11:53.394366044
50,110.42,176,110.43,14:11:53.421210275
51,110.42,176,110.43,14:11:53.513439567
52,110.42,176,110.43,14:11:53.513586575
53,110.42,176,110.43,14:11:53.513691954
55,110.42,176,110.43,14:11:53.513910380
56,110.42,176,110.43,14:11:53.517838235
57,110.42,176,110.43,14:11:53.517948824
57,110.42,168,110.43,14:11:53.520658108
57,110.42,152,110.43,14:11:54.966924086
58,110.42,152,110.43,14:11:54.967294838
58,110.42,146,110.43,14:11:54.967375112
57,110.42,146,110.43,14:11:54.967890895
58,110.42,146,110.43,14:11:54.968328091
58,110.42,170,110.43,14:11:54.968761549
57,110.42,170,110.43,14:11:54.968981681
58,110.42,170,110.43,14:11:55.133339175
57,110.42,170,110.43,14:11:55.218193813
57,110.42,174,110.43,14:11:56.900842850
57,110.42,176,110.43,14:11:56.901391672
56,110.42,176,110.43,14:11:57.657207807
57,110.42,176,110.43,14:11:58.184077305
58,110.42,176,110.43,14:12:00.453385744
57,110.42,176,110.43,14:12:00.692373333
58,110.42,176,110.43,14:12:01.296947318
58,110.42,166,110.43,14:12:01.586786199
58,110.42,164,110.43,14:12:01.587202969
66,110.42,164,110.43,14:12:01.659731136
66,110.42,146,110.43,14:12:01.659998297
58,110.42,146,110.43,14:12:01.660631234
57,110.42,146,110.43,14:12:01.660808383
58,110.42,146,110.43,14:12:01.690852672
66,110.42,146,110.43,14:12:01.719557099
69,110.42,146,110.43,14:12:01.719557099
69,110.42,128,110.43,14:12:01.720039778
66,110.42,128,110.43,14:12:01.733364081
66,110.42,146,110.43,14:12:01.735037103
65,110.42,146,110.43,14:12:01.735366924
65,110.42,148,110.43,14:12:01.735904808
57,110.42,148,110.43,14:12:01.735904808
58,110.42,148,110.43,14:12:01.736298997
58,110.42,146,110.43,14:12:01.736998842
57,110.42,146,110.43,14:12:01.742085482
56,110.42,146,110.43,14:12:01.935142475
56,110.42,154,110.43,14:12:01.935894570
57,110.42,154,110.43,14:12:01.935909223
65,110.42,154,110.43,14:12:01.936248480
65,110.42,146,110.43,14:12:01.936974390
66,110.42,146,110.43,14:12:02.014123397
65,110.42,146,110.43,14:12:02.014352395
64,110.42,146,110.43,14:12:02.900892123
65,110.42,146,110.43,14:12:02.901951188
57,110.42,146,110.43,14:12:02.902083832
56,110.42,146,110.43,14:12:02.902624867
56,110.42,154,110.43,14:12:02.903176162
57,110.42,154,110.43,14:12:02.903195141
57,110.42,148,110.43,14:12:02.904415934
55,110.42,148,110.43,14:12:02.904887221
57,110.42,148,110.43,14:12:02.905475582
56,110.42,148,110.43,14:12:02.905570619
54,110.42,148,110.43,14:12:02.905570619
54,110.42,162,110.43,14:12:02.905796394
53,110.42,162,110.43,14:12:02.906614532
53,110.42,170,110.43,14:12:02.906731095
52,110.42,170,110.43,14:12:02.907374989
51,110.42,170,110.43,14:12:02.907449251
52,110.42,170,110.43,14:12:02.913629166
54,110.42,170,110.43,14:12:02.913642676
54,110.42,146,110.43,14:12:02.913907140
53,110.42,146,110.43,14:12:02.914134380
55,110.42,146,110.43,14:12:02.914324500
56,110.42,146,110.43,14:12:02.914640247
57,110.42,146,110.43,14:12:02.914721396
65,110.42,146,110.43,14:12:03.180598593
65,110.42,128,110.43,14:12:03.180752340
66,110.42,128,110.43,14:12:03.883355530
65,110.42,128,110.43,14:12:04.267407340
66,110.42,128,110.43,14:12:04.281795987
65,110.42,128,110.43,14:12:05.353397258
66,110.42,128,110.43,14:12:05.354094649
65,110.42,128,110.43,14:12:05.366048940
66,110.42,128,110.43,14:12:06.951864290
65,110.42,128,110.43,14:12:07.513381990
66,110.42,128,110.43,14:12:08.133239111
65,110.42,128,110.43,14:12:10.226100359
66,110.42,128,110.43,14:12:11.126302653
80,110.42,128,110.43,14:12:21.975698674
80,110.42,127,110.43,14:12:21.975776850
90,110.42,127,110.43,14:12:21.975883525
90,110.42,128,110.43,14:12:21.976099208
156,110.42,128,110.43,14:12:30.258483830
156,110.42,127,110.43,14:12:30.258700927
156,110.42,112,110.43,14:12:30.258774537
156,110.42,95,110.43,14:12:30.258774537
156,110.42,94,110.43,14:12:30.258891478
156,110.42,95,110.43,14:12:30.973164051
156,110.42,94,110.43,14:12:30.973309795
156,110.42,95,110.43,14:12:34.009524487
156,110.42,110,110.43,14:12:34.009763447
156,110.42,111,110.43,14:12:34.096520272
155,110.42,111,110.43,14:12:34.096665357
156,110.42,111,110.43,14:12:34.097779487
90,110.42,111,110.43,14:12:34.103935370
76,110.42,111,110.43,14:12:34.104202490
66,110.42,111,110.43,14:12:34.104288621
65,110.42,111,110.43,14:12:37.609568564
57,110.42,111,110.43,14:12:37.609568564
58,110.42,111,110.43,14:12:37.609756999
56,110.42,111,110.43,14:12:37.610490096
55,110.42,111,110.43,14:12:37.610684556
55,110.42,122,110.43,14:12:37.612002411
55,110.42,128,110.43,14:12:37.612002411
55,110.42,143,110.43,14:12:37.612627524
55,110.42,151,110.43,14:12:37.612725298
53,110.42,151,110.43,14:12:37.613066366
52,110.42,151,110.43,14:12:37.613066366
51,110.42,151,110.43,14:12:37.613084257
50,110.42,151,110.43,14:12:37.613084257
50,110.42,169,110.43,14:12:37.613242704
48,110.42,169,110.43,14:12:37.613242704
48,110.42,199,110.43,14:12:37.613753406
46,110.42,199,110.43,14:12:37.613969994
44,110.42,199,110.43,14:12:37.613997796
46,110.42,199,110.43,14:12:37.614465760
48,110.42,199,110.43,14:12:37.614722624
48,110.42,169,110.43,14:12:37.615479193
50,110.42,169,110.43,14:12:37.615598659
51,110.42,169,110.43,14:12:37.615772386
52,110.42,169,110.43,14:12:37.616006834
51,110.42,169,110.43,14:12:37.618068979
50,110.42,169,110.43,14:12:37.622864025
48,110.42,169,110.43,14:12:37.625258850
50,110.42,169,110.43,14:12:37.626664148
48,110.42,169,110.43,14:12:37.627087546
50,110.42,169,110.43,14:12:37.627614460
48,110.42,169,110.43,14:12:37.627756597
50,110.42,169,110.43,14:12:37.628880676
51,110.42,169,110.43,14:12:37.629199157
52,110.42,169,110.43,14:12:37.629265186
53,110.42,169,110.43,14:12:37.629803898
55,110.42,169,110.43,14:12:37.629994481
56,110.42,169,110.43,14:12:37.630903338
55,110.42,169,110.43,14:12:37.634498445
55,110.42,188,110.43,14:12:37.677105070
54,110.42,188,110.43,14:12:37.679900032
55,110.42,188,110.43,14:12:37.682982493
54,110.42,188,110.43,14:12:37.687917785
55,110.42,188,110.43,14:12:37.708562585
55,110.42,169,110.43,14:12:37.709357179
55,110.42,151,110.43,14:12:37.709480610
121,110.42,151,110.43,14:12:37.962179686
55,110.42,151,110.43,14:12:40.518838040
56,110.42,151,110.43,14:12:40.518994734
58,110.42,151,110.43,14:12:40.519150052
57,110.42,151,110.43,14:12:40.959738898
58,110.42,151,110.43,14:12:42.012991804
57,110.42,151,110.43,14:12:42.434274302
123,110.42,151,110.43,14:12:42.914966275
123,110.42,136,110.43,14:12:42.915136694
123,110.42,128,110.43,14:12:42.915136694
57,110.42,128,110.43,14:12:43.015401840
58,110.42,128,110.43,14:12:43.015575420
57,110.42,128,110.43,14:12:44.613672599
57,110.42,146,110.43,14:12:44.617958057
57,110.42,151,110.43,14:12:44.618037235
58,110.42,151,110.43,14:12:44.682315785
57,110.42,151,110.43,14:12:44.688709405
58,110.42,151,110.43,14:12:45.590286906
57,110.42,151,110.43,14:12:45.619112758
58,110.42,151,110.43,14:12:47.424653027
57,110.42,151,110.43,14:12:47.426738099
56,110.42,151,110.43,14:12:47.901847374
57,110.42,151,110.43,14:12:47.903327813
56,110.42,151,110.43,14:12:47.955274996
57,110.42,151,110.43,14:12:48.451080857
56,110.42,151,110.43,14:12:48.699793498
57,110.42,151,110.43,14:12:48.909903093
56,110.42,151,110.43,14:12:49.784256629
57,110.42,151,110.43,14:12:52.014275435
58,110.42,151,110.43,14:12:52.014275435
57,110.42,151,110.43,14:12:52.014457134
56,110.42,151,110.43,14:12:52.692021148
55,110.42,151,110.43,14:12:52.790762492
54,110.42,151,110.43,14:12:52.790762492
52,110.42,151,110.43,14:12:52.790862012
50,110.42,151,110.43,14:12:52.790862012
48,110.42,151,110.43,14:12:52.790881817
48,110.42,169,110.43,14:12:52.790881817
33,110.42,169,110.43,14:12:52.791049359
33,110.42,171,110.43,14:12:52.791993243
36,110.42,171,110.43,14:12:52.792286270
51,110.42,171,110.43,14:12:52.792286270
52,110.42,171,110.43,14:12:52.792286270
53,110.42,171,110.43,14:12:52.792286270
53,110.42,169,110.43,14:12:52.792683658
53,110.42,185,110.43,14:12:53.288807226
53,110.42,199,110.43,14:12:53.289262406
51,110.42,199,110.43,14:12:53.289564669
53,110.42,199,110.43,14:12:53.688736437
53,110.42,191,110.43,14:12:53.689322716
51,110.42,191,110.43,14:12:53.690364074
51,110.42,195,110.43,14:12:53.690442729
51,110.42,199,110.43,14:12:53.691097132
48,110.42,199,110.43,14:12:53.692369836
50,110.42,199,110.43,14:12:53.692948082
50,110.42,195,110.43,14:12:53.697231006
50,110.42,187,110.43,14:12:53.697777292
50,110.42,193,110.43,14:12:53.767876570
50,110.42,199,110.43,14:12:53.768417019
51,110.42,199,110.43,14:12:53.882268118
51,110.42,187,110.43,14:12:53.883892071
51,110.42,183,110.43,14:12:53.884345104
52,110.42,183,110.43,14:12:53.886669039
52,110.42,187,110.43,14:12:53.887092718
52,110.42,183,110.43,14:12:54.353789557
53,110.42,183,110.43,14:12:54.675583646
54,110.42,183,110.43,14:12:54.675654660
55,110.42,183,110.43,14:12:54.676730682
55,110.42,177,110.43,14:12:54.677108281
57,110.42,177,110.43,14:12:54.677321650
57,110.42,169,110.43,14:12:54.677924047
56,110.42,169,110.43,14:12:54.678526754
56,110.42,179,110.43,14:12:54.679364840
56,110.42,183,110.43,14:12:54.680382624
56,110.42,169,110.43,14:12:54.681449881
57,110.42,169,110.43,14:12:54.681616668
56,110.42,169,110.43,14:12:54.684720659
57,110.42,169,110.43,14:12:54.809766494
65,110.42,169,110.43,14:12:54.844504029
65,110.42,151,110.43,14:12:54.844915947
68,110.42,151,110.43,14:12:54.844934801
68,110.42,133,110.43,14:12:54.845105393
68,110.42,128,110.43,14:12:54.845105393
69,110.42,128,110.43,14:12:54.849998615
68,110.42,128,110.43,14:12:54.852086587
69,110.42,128,110.43,14:12:54.854871772
68,110.42,128,110.43,14:12:54.855006512
69,110.42,128,110.43,14:12:54.857786000
68,110.42,128,110.43,14:12:54.867334370
69,110.42,128,110.43,14:12:54.868456648
68,110.42,128,110.43,14:12:54.871698677
69,110.42,128,110.43,14:12:54.871956731
68,110.42,128,110.43,14:12:54.876282270
69,110.42,128,110.43,14:12:54.889418474
69,110.42,127,110.43,14:12:55.088771989
69,110.42,126,110.43,14:12:55.088912456
69,110.42,127,110.43,14:12:55.091117597
69,110.42,126,110.43,14:12:55.996031489
69,110.42,127,110.43,14:12:57.737839390
69,110.42,126,110.43,14:12:57.741228379
69,110.42,125,110.43,14:12:58.494397800
69,110.42,110,110.43,14:12:58.494598053
69,110.42,111,110.43,14:12:58.495011074
69,110.42,110,110.43,14:12:58.497238496
135,110.42,110,110.43,14:12:58.666300311
135,110.42,99,110.43,14:12:58.666479490
135,110.42,93,110.43,14:12:58.666542997
182,110.42,93,110.43,14:13:01.645059604
182,110.42,92,110.43,14:13:01.645521828
182,110.42,89,110.43,14:13:01.645613491
204,110.42,89,110.43,14:13:01.645751239
222,110.42,89,110.43,14:13:01.646453203
222,110.42,93,110.43,14:13:01.647144268
204,110.42,93,110.43,14:13:01.647532815
204,110.42,89,110.43,14:13:01.647718149
138,110.42,89,110.43,14:13:01.773764481
156,110.42,89,110.43,14:13:01.774068036
172,110.42,89,110.43,14:13:01.774068036
172,110.42,91,110.43,14:13:03.124930459
172,110.42,89,110.43,14:13:05.985660613
172,110.42,87,110.43,14:13:06.026356378
172,110.42,84,110.43,14:13:06.075874399
172,110.42,82,110.43,14:13:19.291935667
172,110.42,81,110.43,14:13:19.292148026
172,110.42,71,110.43,14:13:19.292315385
172,110.42,67,110.43,14:13:19.292337705
172,110.42,65,110.43,14:13:19.292337705
172,110.42,63,110.43,14:13:19.292337705
172,110.42,62,110.43,14:13:19.292337705
172,110.42,61,110.43,14:13:19.292337705
172,110.42,60,110.43,14:13:19.292337705
172,110.42,59,110.43,14:13:19.292367923
172,110.42,58,110.43,14:13:19.292367923
172,110.42,48,110.43,14:13:19.292367923
172,110.42,47,110.43,14:13:19.292367923
172,110.42,33,110.43,14:13:19.292367923
172,110.42,19,110.43,14:13:19.292367923
172,110.42,5,110.43,14:13:19.292367923
172,110.42,190,110.44,14:13:19.292367923
2,110.43,190,110.44,14:13:19.292367923
4,110.43,190,110.44,14:13:19.293181196
8,110.43,190,110.44,14:13:19.293181196
6,110.43,190,110.44,14:13:19.293209494
10,110.43,190,110.44,14:13:19.293225839
12,110.43,190,110.44,14:13:19.293301567
14,110.43,190,110.44,14:13:19.293316770
14,110.43,194,110.44,14:13:19.293333493
29,110.43,194,110.44,14:13:19.293333493
30,110.43,194,110.44,14:13:19.293347925
43,110.43,194,110.44,14:13:19.293394920
43,110.43,195,110.44,14:13:19.293409166
43,110.43,196,110.44,14:13:19.293514069
43,110.43,202,110.44,14:13:19.293527177
46,110.43,202,110.44,14:13:19.294141460
47,110.43,202,110.44,14:13:19.294171749
47,110.43,190,110.44,14:13:19.294502181
43,110.43,190,110.44,14:13:19.294731690
28,110.43,190,110.44,14:13:19.294762884
27,110.43,190,110.44,14:13:19.294762884
14,110.43,190,110.44,14:13:19.294762884
13,110.43,190,110.44,14:13:19.295251556
10,110.43,190,110.44,14:13:19.295251556
10,110.43,172,110.44,14:13:19.295607853
11,110.43,172,110.44,14:13:19.296039888
26,110.43,172,110.44,14:13:19.296849833
24,110.43,172,110.44,14:13:19.303086212
20,110.43,172,110.44,14:13:19.303106359
18,110.43,172,110.44,14:13:19.303106359
16,110.43,172,110.44,14:13:19.303106359
15,110.43,172,110.44,14:13:19.303106359
14,110.43,172,110.44,14:13:19.303106359
7,110.43,172,110.44,14:13:19.303416151
200,110.42,172,110.44,14:13:19.303626480
200,110.42,176,110.44,14:13:19.304399417
200,110.42,180,110.44,14:13:19.304399417
200,110.42,183,110.44,14:13:19.304399417
200,110.42,184,110.44,14:13:19.304515808
222,110.42,184,110.44,14:13:19.304598722
218,110.42,184,110.44,14:13:19.304862663
1,110.43,184,110.44,14:13:19.304967871
3,110.43,184,110.44,14:13:19.305261033
5,110.43,184,110.44,14:13:19.305471205
5,110.43,168,110.44,14:13:19.306012968
6,110.43,168,110.44,14:13:19.306570080
7,110.43,168,110.44,14:13:19.310687297
22,110.43,168,110.44,14:13:19.313733327
21,110.43,168,110.44,14:13:19.313885400
19,110.43,168,110.44,14:13:19.313989944
17,110.43,168,110.44,14:13:19.314013361
16,110.43,168,110.44,14:13:19.314013361
15,110.43,168,110.44,14:13:19.314013361
200,110.42,168,110.44,14:13:19.314013361
200,110.42,1,110.43,14:13:19.314013361
200,110.42,11,110.43,14:13:19.314013361
200,110.42,12,110.43,14:13:19.314493178
222,110.42,12,110.43,14:13:19.315396323
212,110.42,12,110.43,14:13:19.315805385
212,110.42,15,110.43,14:13:19.334148869
212,110.42,17,110.43,14:13:19.334823901
212,110.42,18,110.43,14:13:19.334823901
212,110.42,19,110.43,14:13:19.335090320
212,110.42,20,110.43,14:13:19.335090320
192,110.42,20,110.43,14:13:19.335090320
192,110.42,22,110.43,14:13:19.335221335
192,110.42,21,110.43,14:13:19.335378615
192,110.42,20,110.43,14:13:19.335378615
192,110.42,21,110.43,14:13:19.340652185
192,110.42,20,110.43,14:13:19.340804710
192,110.42,21,110.43,14:13:19.341514447
192,110.42,22,110.43,14:13:19.341588204
192,110.42,21,110.43,14:13:19.341692975
192,110.42,22,110.43,14:13:19.342000264
192,110.42,37,110.43,14:13:19.343312065
192,110.42,39,110.43,14:13:19.346975347
192,110.42,37,110.43,14:13:19.348013347
192,110.42,39,110.43,14:13:19.355584732
192,110.42,42,110.43,14:13:19.394044734
192,110.42,44,110.43,14:13:19.401856680
193,110.42,44,110.43,14:13:19.405286981
193,110.42,41,110.43,14:13:19.572565433
193,110.42,40,110.43,14:13:19.572565433
193,110.42,41,110.43,14:13:19.865416702
193,110.42,40,110.43,14:13:20.857159079
193,110.42,38,110.43,14:13:20.857354921
193,110.42,36,110.43,14:13:20.857705577
193,110.42,35,110.43,14:13:20.875085493
193,110.42,36,110.43,14:13:22.199969023
193,110.42,35,110.43,14:13:23.282870144
193,110.42,36,110.43,14:13:24.350680623
193,110.42,35,110.43,14:13:24.354915624
193,110.42,36,110.43,14:13:26.671738741
193,110.42,39,110.43,14:13:27.453845967
193,110.42,42,110.43,14:13:27.454003666
193,110.42,43,110.43,14:13:27.454652506
193,110.42,42,110.43,14:13:27.458004661
193,110.42,39,110.43,14:13:27.467156603
193,110.42,40,110.43,14:13:27.470330133
193,110.42,42,110.43,14:13:27.687611981
193,110.42,44,110.43,14:13:27.743079713
193,110.42,43,110.43,14:13:28.230179846
193,110.42,44,110.43,14:13:29.289525721
193,110.42,43,110.43,14:13:29.723832169
193,110.42,44,110.43,14:13:31.041693307
193,110.42,74,110.43,14:13:32.019459682
193,110.42,95,110.43,14:13:32.019611048
146,110.42,95,110.43,14:13:32.019840171
146,110.42,117,110.43,14:13:32.040631795
146,110.42,95,110.43,14:13:32.682100805
146,110.42,74,110.43,14:13:33.112356813
146,110.42,44,110.43,14:13:33.112420161
161,110.42,44,110.43,14:13:34.895889157
161,110.42,41,110.43,14:13:41.061076670
146,110.42,41,110.43,14:13:46.440423542
146,110.42,44,110.43,14:13:50.553173095
146,110.42,41,110.43,14:13:53.612913295
161,110.42,41,110.43,14:13:56.093198413
146,110.42,41,110.43,14:13:56.708638445
146,110.42,71,110.43,14:13:56.776031172
146,110.42,92,110.43,14:13:56.776193002
146,110.42,62,110.43,14:13:58.584223970
146,110.42,41,110.43,14:13:58.584223970
146,110.42,75,110.43,14:14:00.837711659
146,110.42,92,110.43,14:14:00.837855160
161,110.42,92,110.43,14:14:02.034823512
146,110.42,92,110.43,14:14:02.161514445
146,110.42,114,110.43,14:14:02.470808140
146,110.42,92,110.43,14:14:02.498234879
146,110.42,114,110.43,14:14:03.082843257
161,110.42,114,110.43,14:14:07.216784085
161,110.42,115,110.43,14:14:07.228106781
161,110.42,116,110.43,14:14:07.228183494
146,110.42,116,110.43,14:14:07.230050826
124,110.42,116,110.43,14:14:09.365408463
123,110.42,116,110.43,14:14:09.365534956
120,110.42,116,110.43,14:14:09.366258779
104,110.42,116,110.43,14:14:09.366288715
104,110.42,131,110.43,14:14:09.366366667
86,110.42,131,110.43,14:14:09.366383051
86,110.42,135,110.43,14:14:09.366398011
86,110.42,155,110.43,14:14:09.366781358
86,110.42,159,110.43,14:14:09.366999326
87,110.42,159,110.43,14:14:09.367255706
86,110.42,159,110.43,14:14:09.367718067
86,110.42,139,110.43,14:14:09.367802199
86,110.42,155,110.43,14:14:09.367817865
87,110.42,155,110.43,14:14:09.368196720
87,110.42,151,110.43,14:14:09.368196720
86,110.42,151,110.43,14:14:09.368443587
86,110.42,131,110.43,14:14:09.369340955
85,110.42,131,110.43,14:14:09.375143339
85,110.42,135,110.43,14:14:09.375388035
85,110.42,143,110.43,14:14:09.376272307
85,110.42,147,110.43,14:14:09.376420559
85,110.42,143,110.43,14:14:09.376753123
85,110.42,131,110.43,14:14:09.377656461
85,110.42,133,110.43,14:14:09.378239211
85,110.42,135,110.43,14:14:09.378239211
77,110.42,135,110.43,14:14:09.379744241
75,110.42,135,110.43,14:14:09.397638949
75,110.42,151,110.43,14:14:09.397795654
64,110.42,151,110.43,14:14:09.398109716
64,110.42,155,110.43,14:14:09.398576264
64,110.42,153,110.43,14:14:09.399095204
65,110.42,153,110.43,14:14:09.409227280
64,110.42,153,110.43,14:14:09.410897723
62,110.42,153,110.43,14:14:09.739468245
62,110.42,173,110.43,14:14:09.815849241
62,110.42,177,110.43,14:14:09.816028196
61,110.42,177,110.43,14:14:10.198804756
60,110.42,177,110.43,14:14:10.198864558
45,110.42,177,110.43,14:14:10.198968999
43,110.42,177,110.43,14:14:10.200574486
42,110.42,177,110.43,14:14:10.200646102
41,110.42,177,110.43,14:14:10.200917990
39,110.42,177,110.43,14:14:10.200997612
38,110.42,177,110.43,14:14:10.200997612
37,110.42,177,110.43,14:14:10.201146735
40,110.42,177,110.43,14:14:10.219486938
37,110.42,177,110.43,14:14:10.906287270
39,110.42,177,110.43,14:14:10.914539449
34,110.42,177,110.43,14:14:10.924451431
32,110.42,177,110.43,14:14:10.924522312
33,110.42,177,110.43,14:14:10.930539187
34,110.42,177,110.43,14:14:10.930678371
35,110.42,177,110.43,14:14:10.932104974
50,110.42,177,110.43,14:14:10.932281749
52,110.42,177,110.43,14:14:10.937271703
53,110.42,177,110.43,14:14:10.937624509
51,110.42,177,110.43,14:14:10.942072934
53,110.42,177,110.43,14:14:10.949730061
53,110.42,155,110.43,14:14:10.952093319
55,110.42,155,110.43,14:14:10.952230389
55,110.42,177,110.43,14:14:11.001666953
53,110.42,177,110.43,14:14:11.093634761
51,110.42,177,110.43,14:14:11.095469009
50,110.42,177,110.43,14:14:11.169289475
49,110.42,177,110.43,14:14:11.169355817
51,110.42,177,110.43,14:14:11.440277811
49,110.42,177,110.43,14:14:11.576743383
52,110.42,177,110.43,14:14:11.917929515
53,110.42,177,110.43,14:14:11.918961214
55,110.42,177,110.43,14:14:12.142634779
56,110.42,177,110.43,14:14:12.154951211
54,110.42,177,110.43,14:14:12.211107840
53,110.42,177,110.43,14:14:12.211841456
55,110.42,177,110.43,14:14:12.232073314
53,110.42,177,110.43,14:14:14.968454458
52,110.42,177,110.43,14:14:14.968526231
51,110.42,177,110.43,14:14:14.968526231
48,110.42,177,110.43,14:14:14.968664717
47,110.42,177,110.43,14:14:14.968664717
45,110.42,177,110.43,14:14:14.969200089
30,110.42,177,110.43,14:14:14.969218995
29,110.42,177,110.43,14:14:14.969840072
29,110.42,155,110.43,14:14:14.973939532
31,110.42,155,110.43,14:14:14.974525196
32,110.42,155,110.43,14:14:14.974790834
34,110.42,155,110.43,14:14:14.974861503
32,110.42,155,110.43,14:14:14.975071266
36,110.42,155,110.43,14:14:14.977967324
37,110.42,155,110.43,14:14:14.979593073
36,110.42,155,110.43,14:14:14.980506164
35,110.42,155,110.43,14:14:14.980588227
34,110.42,155,110.43,14:14:14.980588227
30,110.42,155,110.43,14:14:14.985354224
28,110.42,155,110.43,14:14:14.985879967
29,110.42,155,110.43,14:14:14.994883138
31,110.42,155,110.43,14:14:15.179399757
33,110.42,155,110.43,14:14:15.179598694
35,110.42,155,110.43,14:14:15.179669075
50,110.42,155,110.43,14:14:15.179799251
52,110.42,155,110.43,14:14:15.403994981
50,110.42,155,110.43,14:14:15.412210996
48,110.42,155,110.43,14:14:15.414491084
50,110.42,155,110.43,14:14:15.471981184
52,110.42,155,110.43,14:14:15.614630856
50,110.42,155,110.43,14:14:15.620828396
52,110.42,155,110.43,14:14:16.080739002
50,110.42,155,110.43,14:14:20.708511808
52,110.42,155,110.43,14:14:20.718787364
51,110.42,155,110.43,14:14:21.058505438
52,110.42,155,110.43,14:14:24.223396831
50,110.42,155,110.43,14:14:26.336719585
49,110.42,155,110.43,14:14:26.337808586
51,110.42,155,110.43,14:14:26.398517110
49,110.42,155,110.43,14:14:26.789063500
47,110.42,155,110.43,14:14:27.092300721
32,110.42,155,110.43,14:14:27.092454907
34,110.42,155,110.43,14:14:27.703340274
36,110.42,155,110.43,14:14:28.238309786
51,110.42,155,110.43,14:14:28.238475649
49,110.42,155,110.43,14:14:28.945049312
47,110.42,155,110.43,14:14:28.945975410
32,110.42,155,110.43,14:14:28.946104900
30,110.42,155,110.43,14:14:28.946348162
28,110.42,155,110.43,14:14:28.946495816
30,110.42,155,110.43,14:14:28.947425943
28,110.42,155,110.43,14:14:28.951805329
30,110.42,155,110.43,14:14:28.955129332
32,110.42,155,110.43,14:14:29.028996063
47,110.42,155,110.43,14:14:29.029164377
49,110.42,155,110.43,14:14:29.687948836
57,110.42,155,110.43,14:14:32.022814148
60,110.42,155,110.43,14:14:32.022814148
62,110.42,155,110.43,14:14:32.022831269
64,110.42,155,110.43,14:14:32.022831269
65,110.42,155,110.43,14:14:32.023265640
66,110.42,155,110.43,14:14:32.023427975
66,110.42,135,110.43,14:14:32.024114125
66,110.42,131,110.43,14:14:32.024577843
66,110.42,153,110.43,14:14:32.030521838
65,110.42,153,110.43,14:14:32.031059108
62,110.42,153,110.43,14:14:32.031059108
62,110.42,157,110.43,14:14:32.031310033
63,110.42,157,110.43,14:14:32.034155387
64,110.42,157,110.43,14:14:32.034155387
62,110.42,157,110.43,14:14:32.035456919
54,110.42,157,110.43,14:14:32.039818989
56,110.42,157,110.43,14:14:32.041092457
64,110.42,157,110.43,14:14:32.051270359
56,110.42,157,110.43,14:14:32.051595316
57,110.42,157,110.43,14:14:32.071588113
56,110.42,157,110.43,14:14:32.086595220
57,110.42,157,110.43,14:14:32.093569499
57,110.42,135,110.43,14:14:32.098494573
57,110.42,157,110.43,14:14:32.116381003
56,110.42,157,110.43,14:14:32.116532966
56,110.42,135,110.43,14:14:32.136146136
57,110.42,135,110.43,14:14:32.136291878
57,110.42,157,110.43,14:14:32.165977062
65,110.42,157,110.43,14:14:32.190005054
57,110.42,157,110.43,14:14:32.197256536
56,110.42,157,110.43,14:14:32.197387828
64,110.42,157,110.43,14:14:34.034009490
65,110.42,157,110.43,14:14:34.034162084
64,110.42,157,110.43,14:14:34.959216332
65,110.42,157,110.43,14:14:35.604347972
64,110.42,157,110.43,14:14:36.150396202
65,110.42,157,110.43,14:14:37.066165430
64,110.42,157,110.43,14:14:38.043514785
65,110.42,157,110.43,14:14:40.517559882
64,110.42,157,110.43,14:14:40.562256321
65,110.42,157,110.43,14:14:42.452937995
64,110.42,157,110.43,14:14:42.453166427
65,110.42,157,110.43,14:14:43.818099314
64,110.42,157,110.43,14:14:43.818475096
64,110.42,153,110.43,14:14:43.821448450
64,110.42,159,110.43,14:14:43.822042417
65,110.42,159,110.43,14:14:43.824938918
80,110.42,159,110.43,14:14:44.027185124
80,110.42,159,110.43,14:14:44.027185124
79,110.42,159,110.43,14:14:46.476540854
78,110.42,159,110.43,14:14:46.476724793
63,110.42,159,110.43,14:14:46.768028507
78,110.42,159,110.43,14:14:48.514173845
63,110.42,159,110.43,14:14:51.019546676
78,110.42,159,110.43,14:14:51.510165217
79,110.42,159,110.43,14:14:55.073309574
78,110.42,159,110.43,14:14:55.073440677
79,110.42,159,110.43,14:14:58.177775053
80,110.42,159,110.43,14:14:58.177834058
79,110.42,159,110.43,14:14:58.177937593
78,110.42,159,110.43,14:14:58.178248130
79,110.42,159,110.43,14:14:58.237155943
80,110.42,159,110.43,14:14:58.237244320
79,110.42,159,110.43,14:14:58.237315906
78,110.42,159,110.43,14:14:58.237420473
