bidVolume,bidPrice,askVolume,askPrice,timestamp
96,109.79,50,109.8,08:10:00.002701853
96,109.79,61,109.8,08:10:00.004529861
97,109.79,61,109.8,08:10:00.004842702
78,109.79,61,109.8,08:10:00.005155194
52,109.79,61,109.8,08:10:00.005155194
40,109.79,61,109.8,08:10:00.005381134
34,109.79,61,109.8,08:10:00.005533277
24,109.79,61,109.8,08:10:00.005701440
24,109.79,73,109.8,08:10:00.103475827
24,109.79,83,109.8,08:10:00.103573321
23,109.79,83,109.8,08:10:00.138725694
29,109.79,83,109.8,08:10:00.243518669
30,109.79,83,109.8,08:10:00.243733299
29,109.79,83,109.8,08:10:00.272387201
23,109.79,83,109.8,08:10:00.272470637
22,109.79,83,109.8,08:10:00.288981733
20,109.79,83,109.8,08:10:00.289481988
21,109.79,83,109.8,08:10:00.301622233
20,109.79,83,109.8,08:10:00.376758106
21,109.79,83,109.8,08:10:00.752242324
22,109.79,83,109.8,08:10:01.078116992
23,109.79,83,109.8,08:10:01.908007637
22,109.79,83,109.8,08:10:03.563558089
21,109.79,83,109.8,08:10:03.563701443
20,109.79,83,109.8,08:10:03.563701443
21,109.79,83,109.8,08:10:03.569249783
23,109.79,83,109.8,08:10:03.569315757
22,109.79,83,109.8,08:10:05.411393824
20,109.79,83,109.8,08:10:05.411393824
19,109.79,83,109.8,08:10:05.411698067
8,109.79,83,109.8,08:10:05.411769402
1,109.79,83,109.8,08:10:05.411801110
174,109.78,83,109.8,08:10:05.411899073
174,109.78,1,109.79,08:10:05.411950134
174,109.78,2,109.79,08:10:05.412063500
176,109.78,2,109.79,08:10:05.412380581
176,109.78,1,109.79,08:10:05.412380581
174,109.78,1,109.79,08:10:05.412464802
173,109.78,1,109.79,08:10:05.412464802
153,109.78,1,109.79,08:10:05.412724125
153,109.78,4,109.79,08:10:05.438210591
153,109.78,15,109.79,08:10:05.438292348
153,109.78,17,109.79,08:10:05.438309516
153,109.78,6,109.79,08:10:05.438935922
153,109.78,3,109.79,08:10:05.467910980
153,109.78,5,109.79,08:10:05.469513423
153,109.78,3,109.79,08:10:05.473256426
153,109.78,4,109.79,08:10:05.481941513
153,109.78,5,109.79,08:10:05.482127682
153,109.78,6,109.79,08:10:05.482267807
153,109.78,7,109.79,08:10:05.516173000
153,109.78,6,109.79,08:10:05.587758781
153,109.78,5,109.79,08:10:05.587944362
153,109.78,4,109.79,08:10:05.588019616
153,109.78,2,109.79,08:10:05.591804728
153,109.78,1,109.79,08:10:05.591981100
153,109.78,101,109.8,08:10:05.602636315
155,109.78,101,109.8,08:10:05.603090129
1,109.79,101,109.8,08:10:05.603108453
6,109.79,101,109.8,08:10:05.603174564
9,109.79,101,109.8,08:10:05.644764899
9,109.79,89,109.8,08:10:05.644909145
6,109.79,89,109.8,08:10:05.645025897
1,109.79,89,109.8,08:10:07.611281366
162,109.78,89,109.8,08:10:07.611454682
162,109.78,101,109.8,08:10:07.611532282
156,109.78,101,109.8,08:10:07.611821631
163,109.78,101,109.8,08:10:07.644495040
178,109.78,101,109.8,08:10:07.644783770
178,109.78,89,109.8,08:10:07.644801789
185,109.78,89,109.8,08:10:07.645119549
211,109.78,89,109.8,08:10:07.645353883
204,109.78,89,109.8,08:10:07.645553228
197,109.78,89,109.8,08:10:07.645553228
197,109.78,101,109.8,08:10:07.645666166
182,109.78,101,109.8,08:10:07.645687337
154,109.78,101,109.8,08:10:07.645687337
152,109.78,101,109.8,08:10:07.645975541
156,109.78,101,109.8,08:10:07.646373218
11,109.79,101,109.8,08:10:07.665780989
20,109.79,101,109.8,08:10:07.666127557
20,109.79,89,109.8,08:10:07.666213013
21,109.79,89,109.8,08:10:07.666233445
54,109.79,89,109.8,08:10:07.666399836
64,109.79,89,109.8,08:10:07.666399836
76,109.79,89,109.8,08:10:07.666513788
76,109.79,83,109.8,08:10:07.679584883
78,109.79,83,109.8,08:10:07.679669849
78,109.79,73,109.8,08:10:07.680099077
78,109.79,61,109.8,08:10:07.680099077
79,109.79,61,109.8,08:10:07.680222030
80,109.79,61,109.8,08:10:07.680466537
81,109.79,61,109.8,08:10:07.681047547
90,109.79,61,109.8,08:10:07.684520439
93,109.79,61,109.8,08:10:07.684520439
92,109.79,61,109.8,08:10:07.698990125
91,109.79,61,109.8,08:10:07.772966379
91,109.79,81,109.8,08:10:07.780192356
90,109.79,81,109.8,08:10:07.835469920
87,109.79,81,109.8,08:10:07.835469920
78,109.79,81,109.8,08:10:07.835537107
76,109.79,81,109.8,08:10:07.835717382
77,109.79,81,109.8,08:10:07.836181081
93,109.79,81,109.8,08:10:07.856369010
94,109.79,81,109.8,08:10:08.004162708
93,109.79,81,109.8,08:10:08.059058816
92,109.79,81,109.8,08:10:08.686993505
93,109.79,81,109.8,08:10:08.695637612
92,109.79,81,109.8,08:10:08.696353516
93,109.79,81,109.8,08:10:08.729838478
92,109.79,81,109.8,08:10:09.102515830
93,109.79,81,109.8,08:10:09.103021130
92,109.79,81,109.8,08:10:09.221617245
93,109.79,81,109.8,08:10:09.725347354
94,109.79,81,109.8,08:10:10.002607829
94,109.79,71,109.8,08:10:11.086183726
94,109.79,70,109.8,08:10:11.086183726
94,109.79,69,109.8,08:10:11.086183726
94,109.79,68,109.8,08:10:11.086260049
94,109.79,67,109.8,08:10:11.086275617
94,109.79,56,109.8,08:10:11.086275617
94,109.79,36,109.8,08:10:11.086578139
104,109.79,36,109.8,08:10:11.086700804
106,109.79,36,109.8,08:10:11.086840993
106,109.79,24,109.8,08:10:11.086840993
107,109.79,24,109.8,08:10:11.086840993
107,109.79,13,109.8,08:10:11.086840993
107,109.79,6,109.8,08:10:11.086858619
107,109.79,17,109.8,08:10:11.087278506
91,109.79,17,109.8,08:10:11.087278506
91,109.79,15,109.8,08:10:11.087278506
91,109.79,12,109.8,08:10:11.087403677
91,109.79,11,109.8,08:10:11.087430458
91,109.79,1,109.8,08:10:11.087430458
91,109.79,2,109.8,08:10:11.087430458
91,109.79,1,109.8,08:10:11.087655158
91,109.79,4,109.8,08:10:11.087655158
91,109.79,3,109.8,08:10:11.087655158
91,109.79,4,109.8,08:10:11.087712407
91,109.79,6,109.8,08:10:11.087894253
91,109.79,7,109.8,08:10:11.088055651
91,109.79,18,109.8,08:10:11.097754938
91,109.79,36,109.8,08:10:11.390543080
91,109.79,71,109.8,08:10:11.390543080
91,109.79,80,109.8,08:10:11.390543080
91,109.79,62,109.8,08:10:18.551425766
91,109.79,27,109.8,08:10:18.552776260
91,109.79,18,109.8,08:10:18.552847876
91,109.79,17,109.8,08:10:18.553039077
91,109.79,6,109.8,08:10:18.693342533
91,109.79,3,109.8,08:10:19.627954326
91,109.79,1,109.8,08:10:19.628877896
92,109.79,1,109.8,08:10:19.629050103
106,109.79,1,109.8,08:10:19.629393002
106,109.79,227,109.81,08:10:19.629410343
107,109.79,227,109.81,08:10:19.629410343
107,109.79,207,109.81,08:10:19.629410343
108,109.79,207,109.81,08:10:19.629587332
120,109.79,207,109.81,08:10:19.629587332
126,109.79,207,109.81,08:10:19.629587332
126,109.79,205,109.81,08:10:19.629784883
129,109.79,205,109.81,08:10:19.640773881
132,109.79,205,109.81,08:10:19.640850435
126,109.79,205,109.81,08:10:19.889310928
130,109.79,205,109.81,08:10:19.889913574
132,109.79,205,109.81,08:10:19.890272518
128,109.79,205,109.81,08:10:19.914714959
130,109.79,205,109.81,08:10:19.915092677
132,109.79,205,109.81,08:10:19.915457483
126,109.79,205,109.81,08:10:19.938292494
120,109.79,205,109.81,08:10:19.938713205
132,109.79,205,109.81,08:10:19.939220249
100,109.8,205,109.81,08:10:20.434781993
100,109.8,193,109.81,08:10:20.435090543
100,109.8,182,109.81,08:10:20.435209288
101,109.8,182,109.81,08:10:20.435271455
112,109.8,182,109.81,08:10:20.435556081
101,109.8,182,109.81,08:10:20.435856353
111,109.8,182,109.81,08:10:20.436228839
101,109.8,182,109.81,08:10:20.742735808
101,109.8,194,109.81,08:10:22.700621994
101,109.8,205,109.81,08:10:22.700640973
90,109.8,205,109.81,08:10:22.700692323
89,109.8,205,109.81,08:10:22.700711776
87,109.8,205,109.81,08:10:22.700948157
75,109.8,205,109.81,08:10:22.700979051
67,109.8,205,109.81,08:10:22.700995768
66,109.8,205,109.81,08:10:22.700995768
61,109.8,205,109.81,08:10:22.701378888
56,109.8,205,109.81,08:10:22.701378888
106,109.79,205,109.81,08:10:22.701393094
110,109.79,205,109.81,08:10:22.701480208
122,109.79,205,109.81,08:10:22.701612307
122,109.79,10,109.8,08:10:22.701693174
132,109.79,10,109.8,08:10:22.701693174
120,109.79,10,109.8,08:10:22.701814518
120,109.79,205,109.81,08:10:22.702022143
119,109.79,205,109.81,08:10:22.702022143
141,109.79,205,109.81,08:10:22.702103489
142,109.79,205,109.81,08:10:22.702175953
112,109.79,205,109.81,08:10:22.702417297
112,109.79,215,109.81,08:10:22.702530849
112,109.79,205,109.81,08:10:22.702906356
124,109.79,205,109.81,08:10:22.741648236
123,109.79,205,109.81,08:10:22.754992434
126,109.79,205,109.81,08:10:22.793142196
123,109.79,205,109.81,08:10:23.794996116
127,109.79,205,109.81,08:10:23.795449447
123,109.79,205,109.81,08:10:23.797100671
127,109.79,205,109.81,08:10:24.790400278
123,109.79,205,109.81,08:10:25.008153941
127,109.79,205,109.81,08:10:25.135501182
123,109.79,205,109.81,08:10:27.200967513
127,109.79,205,109.81,08:10:27.325254108
123,109.79,205,109.81,08:10:27.387578279
127,109.79,205,109.81,08:10:27.509986707
135,109.79,205,109.81,08:10:28.316601964
11,109.8,205,109.81,08:10:28.316766110
11,109.8,194,109.81,08:10:28.316796235
12,109.8,194,109.81,08:10:28.316972228
12,109.8,205,109.81,08:10:28.317312533
1,109.8,205,109.81,08:10:28.317610814
123,109.79,205,109.81,08:10:28.317762945
126,109.79,205,109.81,08:10:28.318018029
123,109.79,205,109.81,08:10:28.320620682
127,109.79,205,109.81,08:10:28.513663084
123,109.79,205,109.81,08:10:28.524479482
127,109.79,205,109.81,08:10:28.842137570
123,109.79,205,109.81,08:10:28.860037492
127,109.79,205,109.81,08:10:29.691821526
123,109.79,205,109.81,08:10:29.732445715
127,109.79,205,109.81,08:10:29.833134187
123,109.79,205,109.81,08:10:29.866663671
127,109.79,205,109.81,08:10:29.967339456
123,109.79,205,109.81,08:10:30.000928828
127,109.79,205,109.81,08:10:30.101561765
123,109.79,205,109.81,08:10:30.135105329
127,109.79,205,109.81,08:10:30.235768317
123,109.79,205,109.81,08:10:30.269314889
129,109.79,205,109.81,08:10:30.307821368
132,109.79,205,109.81,08:10:30.319252393
133,109.79,205,109.81,08:10:30.526827300
143,109.79,205,109.81,08:10:30.549703877
11,109.8,205,109.81,08:10:30.549789906
11,109.8,194,109.81,08:10:30.549789906
14,109.8,194,109.81,08:10:30.549975060
20,109.8,194,109.81,08:10:30.550066380
21,109.8,194,109.81,08:10:30.550066380
31,109.8,194,109.81,08:10:30.552449045
32,109.8,194,109.81,08:10:30.552612188
32,109.8,182,109.81,08:10:30.552700447
29,109.8,182,109.81,08:10:30.552700447
29,109.8,193,109.81,08:10:30.552885935
28,109.8,193,109.81,08:10:30.553009071
18,109.8,193,109.81,08:10:30.575749529
12,109.8,193,109.81,08:10:30.575867968
14,109.8,193,109.81,08:10:30.661369888
12,109.8,193,109.81,08:10:30.921125083
12,109.8,205,109.81,08:10:30.921277905
15,109.8,205,109.81,08:10:31.002880168
12,109.8,205,109.81,08:10:31.325325500
14,109.8,205,109.81,08:10:31.328068613
15,109.8,205,109.81,08:10:31.374800294
14,109.8,205,109.81,08:10:32.025305861
13,109.8,205,109.81,08:10:32.025506847
3,109.8,205,109.81,08:10:32.025598466
1,109.8,205,109.81,08:10:32.025781368
12,109.8,205,109.81,08:10:32.025781368
13,109.8,205,109.81,08:10:32.279273729
14,109.8,205,109.81,08:10:32.427279977
15,109.8,205,109.81,08:10:32.603461045
14,109.8,205,109.81,08:10:32.659000406
13,109.8,205,109.81,08:10:32.663607762
12,109.8,205,109.81,08:10:32.668502461
1,109.8,205,109.81,08:10:32.668576979
133,109.79,205,109.81,08:10:38.000533607
132,109.79,205,109.81,08:10:38.000734117
11,109.8,205,109.81,08:10:41.541232011
13,109.8,205,109.81,08:10:41.541403890
22,109.8,205,109.81,08:10:41.541504456
22,109.8,194,109.81,08:10:41.541504456
20,109.8,194,109.81,08:10:41.541579233
21,109.8,194,109.81,08:10:41.541654375
12,109.8,194,109.81,08:10:41.609750405
13,109.8,194,109.81,08:10:41.639971553
14,109.8,194,109.81,08:10:41.640297304
15,109.8,194,109.81,08:10:41.640297304
16,109.8,194,109.81,08:10:41.640371580
15,109.8,194,109.81,08:10:41.641251095
14,109.8,194,109.81,08:10:41.642191680
13,109.8,194,109.81,08:10:41.644802522
14,109.8,194,109.81,08:10:41.650074735
15,109.8,194,109.81,08:10:41.650207125
14,109.8,194,109.81,08:10:41.651256315
15,109.8,194,109.81,08:10:41.661487690
16,109.8,194,109.81,08:10:41.710177349
15,109.8,194,109.81,08:10:41.738871064
14,109.8,194,109.81,08:10:41.739297209
15,109.8,194,109.81,08:10:41.753787979
16,109.8,194,109.81,08:10:41.768043536
15,109.8,194,109.81,08:10:42.899301058
14,109.8,194,109.81,08:10:42.899596800
13,109.8,194,109.81,08:10:42.899882563
14,109.8,194,109.81,08:10:42.901950916
15,109.8,194,109.81,08:10:42.902096736
16,109.8,194,109.81,08:10:43.000148763
15,109.8,194,109.81,08:10:44.118226823
14,109.8,194,109.81,08:10:44.118779689
13,109.8,194,109.81,08:10:44.119023376
12,109.8,194,109.81,08:10:44.119362654
13,109.8,194,109.81,08:10:44.122127017
14,109.8,194,109.81,08:10:44.122261936
15,109.8,194,109.81,08:10:44.125814687
14,109.8,194,109.81,08:10:44.207806999
13,109.8,194,109.81,08:10:44.398061155
13,109.8,91,109.81,08:10:44.991540824
13,109.8,90,109.81,08:10:44.991560017
13,109.8,88,109.81,08:10:44.991560017
13,109.8,87,109.81,08:10:44.991560017
13,109.8,86,109.81,08:10:44.991560017
13,109.8,85,109.81,08:10:44.991575000
13,109.8,79,109.81,08:10:44.991575000
13,109.8,77,109.81,08:10:44.991575000
13,109.8,57,109.81,08:10:44.991575000
13,109.8,12,109.81,08:10:44.991575000
13,109.8,191,109.82,08:10:44.991905464
18,109.81,191,109.82,08:10:44.991905464
18,109.81,189,109.82,08:10:44.992122711
103,109.8,189,109.82,08:10:44.992426256
103,109.8,18,109.81,08:10:44.992536666
103,109.8,26,109.81,08:10:44.992859623
103,109.8,28,109.81,08:10:44.993044006
121,109.8,28,109.81,08:10:44.993044006
121,109.8,10,109.81,08:10:44.993248249
103,109.8,10,109.81,08:10:44.993429321
103,109.8,14,109.81,08:10:44.993832383
103,109.8,15,109.81,08:10:45.003595416
103,109.8,16,109.81,08:10:45.003930178
105,109.8,16,109.81,08:10:45.022993321
105,109.8,17,109.81,08:10:45.192239965
105,109.8,28,109.81,08:10:45.259238736
105,109.8,29,109.81,08:10:45.259608084
105,109.8,54,109.81,08:10:45.267043926
105,109.8,74,109.81,08:10:45.268099836
105,109.8,49,109.81,08:10:45.288165083
105,109.8,29,109.81,08:10:45.288231170
105,109.8,54,109.81,08:10:45.416430961
105,109.8,74,109.81,08:10:45.417470784
117,109.8,74,109.81,08:10:45.665660142
117,109.8,86,109.81,08:10:45.782319420
95,109.8,86,109.81,08:10:45.783175714
83,109.8,86,109.81,08:10:45.796024456
73,109.8,86,109.81,08:10:45.796211064
71,109.8,86,109.81,08:10:45.988298001
81,109.8,86,109.81,08:10:45.992516813
71,109.8,86,109.81,08:10:46.213932262
81,109.8,86,109.81,08:10:46.242820144
81,109.8,87,109.81,08:10:48.201281247
71,109.8,87,109.81,08:10:48.201361503
71,109.8,86,109.81,08:10:48.502449885
71,109.8,74,109.81,08:10:48.786404055
81,109.8,74,109.81,08:10:48.786494320
81,109.8,75,109.81,08:10:48.787414645
81,109.8,87,109.81,08:10:48.787693228
81,109.8,86,109.81,08:10:48.787797893
71,109.8,86,109.81,08:10:48.787813682
71,109.8,87,109.81,08:10:49.049032588
71,109.8,88,109.81,08:10:49.049123819
70,109.8,88,109.81,08:10:54.240837762
69,109.8,88,109.81,08:10:54.240988351
70,109.8,88,109.81,08:10:55.342094632
71,109.8,88,109.81,08:10:55.342239211
70,109.8,88,109.81,08:10:57.049027223
69,109.8,88,109.81,08:10:57.049100599
70,109.8,88,109.81,08:10:57.049209197
71,109.8,88,109.81,08:10:57.049358144
70,109.8,88,109.81,08:11:00.109599656
70,109.8,87,109.81,08:11:00.109672222
71,109.8,87,109.81,08:11:00.109816849
71,109.8,88,109.81,08:11:00.109980885
70,109.8,88,109.81,08:11:00.711938992
69,109.8,88,109.81,08:11:00.712010531
67,109.8,88,109.81,08:11:00.712076431
61,109.8,88,109.81,08:11:00.712305100
17,109.8,88,109.81,08:11:00.712493977
18,109.8,88,109.81,08:11:00.712558671
20,109.8,88,109.81,08:11:00.712800613
21,109.8,88,109.81,08:11:00.722328780
22,109.8,88,109.81,08:11:00.886457104
23,109.8,88,109.81,08:11:00.903058723
22,109.8,88,109.81,08:11:00.911544334
23,109.8,88,109.81,08:11:00.967583022
22,109.8,88,109.81,08:11:01.168517086
23,109.8,88,109.81,08:11:01.840408237
59,109.8,88,109.81,08:11:02.155909769
65,109.8,88,109.81,08:11:02.156090354
65,109.8,87,109.81,08:11:02.156236405
65,109.8,86,109.81,08:11:02.156251336
65,109.8,87,109.81,08:11:02.156427626
65,109.8,88,109.81,08:11:02.156527585
59,109.8,88,109.81,08:11:02.198039401
23,109.8,88,109.81,08:11:02.198182274
24,109.8,88,109.81,08:11:11.367397925
47,109.8,88,109.81,08:11:13.562748415
68,109.8,88,109.81,08:11:13.562817977
47,109.8,88,109.81,08:11:13.713532925
24,109.8,88,109.81,08:11:13.713591431
30,109.8,88,109.81,08:11:15.158557021
30,109.8,87,109.81,08:11:15.158693926
30,109.8,86,109.81,08:11:15.158762368
55,109.8,86,109.81,08:11:15.159675919
74,109.8,86,109.81,08:11:15.160765841
87,109.8,86,109.81,08:11:15.339677526
96,109.8,86,109.81,08:11:15.339858383
96,109.8,74,109.81,08:11:15.340857362
83,109.8,74,109.81,08:11:15.363794706
74,109.8,74,109.81,08:11:15.363877007
74,109.8,75,109.81,08:11:15.390249979
74,109.8,74,109.81,08:11:15.390408063
74,109.8,75,109.81,08:11:15.930797709
74,109.8,74,109.81,08:11:16.266579654
55,109.8,74,109.81,08:11:16.756512080
30,109.8,74,109.81,08:11:16.756512080
30,109.8,86,109.81,08:11:16.756531331
30,109.8,87,109.81,08:11:16.756593130
30,109.8,88,109.81,08:11:16.787445769
24,109.8,88,109.81,08:11:16.789682944
23,109.8,88,109.81,08:11:16.925731488
22,109.8,88,109.81,08:11:16.925798422
21,109.8,88,109.81,08:11:17.169061067
20,109.8,88,109.81,08:11:17.169125179
18,109.8,88,109.81,08:11:17.181230850
7,109.8,88,109.81,08:11:17.181379218
6,109.8,88,109.81,08:11:17.213706099
8,109.8,88,109.81,08:11:19.183018901
6,109.8,88,109.81,08:11:19.205130550
5,109.8,88,109.81,08:11:19.373077871
3,109.8,88,109.81,08:11:19.373171104
1,109.8,88,109.81,08:11:19.373193299
131,109.79,88,109.81,08:11:19.373193299
131,109.79,10,109.8,08:11:19.373193299
129,109.79,10,109.8,08:11:19.373568600
129,109.79,9,109.8,08:11:19.373682174
117,109.79,9,109.8,08:11:19.373682174
128,109.79,9,109.8,08:11:19.373701246
128,109.79,88,109.81,08:11:19.373701246
128,109.79,98,109.81,08:11:19.373935956
128,109.79,104,109.81,08:11:19.374073081
130,109.79,104,109.81,08:11:19.374205594
124,109.79,104,109.81,08:11:19.374205594
123,109.79,104,109.81,08:11:19.374268877
123,109.79,94,109.81,08:11:19.374417577
119,109.79,94,109.81,08:11:19.374938344
123,109.79,94,109.81,08:11:19.493696614
123,109.79,107,109.81,08:11:19.493851043
123,109.79,117,109.81,08:11:19.493951673
119,109.79,117,109.81,08:11:19.527246197
123,109.79,117,109.81,08:11:19.627880390
119,109.79,117,109.81,08:11:19.661438626
123,109.79,117,109.81,08:11:19.762111098
119,109.79,117,109.81,08:11:22.165241988
123,109.79,117,109.81,08:11:22.271837145
11,109.8,117,109.81,08:11:22.566246522
11,109.8,104,109.81,08:11:22.566264797
11,109.8,94,109.81,08:11:22.566264797
12,109.8,94,109.81,08:11:22.566428740
19,109.8,94,109.81,08:11:22.566529277
19,109.8,96,109.81,08:11:22.566638519
21,109.8,96,109.81,08:11:22.600878187
14,109.8,96,109.81,08:11:22.927026750
12,109.8,96,109.81,08:11:23.146195706
11,109.8,96,109.81,08:11:23.149413733
12,109.8,96,109.81,08:11:23.149628304
11,109.8,96,109.81,08:11:23.149910484
11,109.8,111,109.81,08:11:23.150113793
11,109.8,119,109.81,08:11:23.150301312
134,109.79,119,109.81,08:11:23.151068976
124,109.79,119,109.81,08:11:23.151564322
124,109.79,111,109.81,08:11:23.373260413
124,109.79,96,109.81,08:11:23.373260413
11,109.8,96,109.81,08:11:23.373374403
13,109.8,96,109.81,08:11:23.373747382
14,109.8,96,109.81,08:11:23.373747382
47,109.8,96,109.81,08:11:23.373859535
55,109.8,96,109.81,08:11:23.373859535
47,109.8,96,109.81,08:11:23.374137196
14,109.8,96,109.81,08:11:23.377175974
3,109.8,96,109.81,08:11:23.398850154
1,109.8,96,109.81,08:11:23.402227287
126,109.79,96,109.81,08:11:23.402304806
126,109.79,111,109.81,08:11:24.360861832
126,109.79,119,109.81,08:11:24.360931970
8,109.8,119,109.81,08:11:27.222648706
11,109.8,119,109.81,08:11:27.222872351
19,109.8,119,109.81,08:11:27.223070799
11,109.8,119,109.81,08:11:27.523880028
8,109.8,119,109.81,08:11:27.524008983
137,109.79,119,109.81,08:11:31.711470072
129,109.79,119,109.81,08:11:31.712187754
117,109.79,119,109.81,08:11:31.743513173
117,109.79,11,109.8,08:11:31.743534507
113,109.79,11,109.8,08:11:31.743646786
113,109.79,12,109.8,08:11:31.743763154
112,109.79,12,109.8,08:11:31.743780040
112,109.79,13,109.8,08:11:31.743872767
112,109.79,19,109.8,08:11:31.743892838
112,109.79,18,109.8,08:11:31.743964358
112,109.79,20,109.8,08:11:31.744376327
112,109.79,21,109.8,08:11:31.771299131
112,109.79,22,109.8,08:11:31.771451118
112,109.79,23,109.8,08:11:31.772505610
112,109.79,24,109.8,08:11:31.778971665
112,109.79,25,109.8,08:11:31.925575306
112,109.79,26,109.8,08:11:31.925906746
112,109.79,27,109.8,08:11:31.950442998
112,109.79,26,109.8,08:11:31.950622895
112,109.79,25,109.8,08:11:31.950780373
112,109.79,26,109.8,08:11:31.954381762
112,109.79,32,109.8,08:11:31.954602872
112,109.79,33,109.8,08:11:31.954687384
112,109.79,27,109.8,08:11:32.037960472
112,109.79,26,109.8,08:11:32.038141455
112,109.79,25,109.8,08:11:32.038208677
112,109.79,19,109.8,08:11:32.039470218
112,109.79,18,109.8,08:11:32.059441348
112,109.79,17,109.8,08:11:32.067940587
112,109.79,16,109.8,08:11:32.120202812
112,109.79,18,109.8,08:11:32.177017667
112,109.79,19,109.8,08:11:32.177159442
112,109.79,18,109.8,08:11:32.222102302
112,109.79,16,109.8,08:11:32.497771387
112,109.79,17,109.8,08:11:32.513369762
112,109.79,19,109.8,08:11:33.483902265
112,109.79,63,109.8,08:11:34.832309712
111,109.79,63,109.8,08:11:34.843639362
110,109.79,63,109.8,08:11:34.843705442
109,109.79,63,109.8,08:11:35.036435172
109,109.79,64,109.8,08:11:35.036616145
99,109.79,64,109.8,08:11:35.036684718
87,109.79,64,109.8,08:11:35.036684718
87,109.79,63,109.8,08:11:35.036790951
87,109.79,19,109.8,08:11:35.339344447
87,109.79,20,109.8,08:11:35.361136573
87,109.79,21,109.8,08:11:35.361200192
104,109.79,21,109.8,08:11:36.559856730
109,109.79,21,109.8,08:11:36.560025846
109,109.79,20,109.8,08:11:36.560190819
109,109.79,19,109.8,08:11:36.560190819
109,109.79,17,109.8,08:11:36.560430917
109,109.79,16,109.8,08:11:36.560430917
109,109.79,15,109.8,08:11:36.560867109
109,109.79,17,109.8,08:11:36.562805485
109,109.79,18,109.8,08:11:36.563259040
109,109.79,17,109.8,08:11:36.565608622
109,109.79,18,109.8,08:11:36.567205369
109,109.79,17,109.8,08:11:36.573323504
109,109.79,15,109.8,08:11:36.604201167
109,109.79,16,109.8,08:11:36.638494364
109,109.79,18,109.8,08:11:36.665438809
109,109.79,16,109.8,08:11:38.511474426
109,109.79,15,109.8,08:11:38.511556831
109,109.79,14,109.8,08:11:38.517629594
109,109.79,13,109.8,08:11:38.517747053
109,109.79,2,109.8,08:11:38.679582010
109,109.79,3,109.8,08:11:38.692470746
109,109.79,14,109.8,08:11:38.692620432
109,109.79,3,109.8,08:11:38.768412535
109,109.79,2,109.8,08:11:38.768628217
119,109.79,2,109.8,08:11:38.768767638
123,109.79,2,109.8,08:11:38.768848367
119,109.79,2,109.8,08:11:38.769293135
129,109.79,2,109.8,08:11:38.795628723
129,109.79,3,109.8,08:11:38.795628723
119,109.79,3,109.8,08:11:38.982443328
119,109.79,2,109.8,08:11:39.016642741
119,109.79,3,109.8,08:11:39.024641594
119,109.79,2,109.8,08:11:39.027253006
119,109.79,13,109.8,08:11:39.074396682
119,109.79,14,109.8,08:11:39.074491292
109,109.79,14,109.8,08:11:39.074766751
109,109.79,15,109.8,08:11:39.074880794
109,109.79,16,109.8,08:11:39.078667529
109,109.79,17,109.8,08:11:39.079238047
109,109.79,16,109.8,08:11:39.088451963
109,109.79,15,109.8,08:11:39.088586150
119,109.79,15,109.8,08:11:39.128787960
119,109.79,14,109.8,08:11:39.795621842
119,109.79,3,109.8,08:11:39.795782626
119,109.79,2,109.8,08:11:39.795782626
121,109.79,2,109.8,08:11:39.795930507
121,109.79,13,109.8,08:11:39.796032750
119,109.79,13,109.8,08:11:39.796331297
109,109.79,13,109.8,08:11:39.914327009
109,109.79,14,109.8,08:11:41.023562738
109,109.79,15,109.8,08:11:41.024283003
109,109.79,16,109.8,08:11:42.350462529
109,109.79,15,109.8,08:11:42.612454290
109,109.79,14,109.8,08:11:42.614451898
109,109.79,13,109.8,08:11:42.652677947
113,109.79,13,109.8,08:11:43.518049272
124,109.79,13,109.8,08:11:43.530791469
124,109.79,2,109.8,08:11:43.572820973
134,109.79,2,109.8,08:11:43.685892341
134,109.79,3,109.8,08:11:43.908902943
134,109.79,14,109.8,08:11:43.908902943
130,109.79,14,109.8,08:11:43.909179604
132,109.79,14,109.8,08:11:43.909547319
130,109.79,14,109.8,08:11:43.912603278
130,109.79,13,109.8,08:11:46.904217256
119,109.79,13,109.8,08:11:46.909712037
119,109.79,14,109.8,08:11:46.910031490
119,109.79,15,109.8,08:11:47.697902680
119,109.79,17,109.8,08:11:47.698088350
119,109.79,18,109.8,08:11:47.844273130
109,109.79,18,109.8,08:11:47.955668885
104,109.79,18,109.8,08:11:48.020695055
87,109.79,18,109.8,08:11:48.020762822
87,109.79,19,109.8,08:11:51.403518875
100,109.79,19,109.8,08:11:51.615030996
109,109.79,19,109.8,08:11:51.615101262
109,109.79,18,109.8,08:11:51.615716509
109,109.79,19,109.8,08:11:51.617996470
109,109.79,18,109.8,08:11:51.775670270
109,109.79,16,109.8,08:11:52.296326074
109,109.79,15,109.8,08:11:52.798836175
109,109.79,14,109.8,08:11:52.801121725
109,109.79,13,109.8,08:11:52.818523560
109,109.79,2,109.8,08:11:52.818523560
116,109.79,2,109.8,08:11:52.819054180
121,109.79,2,109.8,08:11:52.819148853
125,109.79,2,109.8,08:11:52.819165707
125,109.79,13,109.8,08:11:52.819625509
121,109.79,13,109.8,08:11:52.819862237
121,109.79,14,109.8,08:11:52.835187993
121,109.79,15,109.8,08:11:52.835890725
116,109.79,15,109.8,08:11:52.836414292
109,109.79,15,109.8,08:11:52.836414292
109,109.79,14,109.8,08:11:52.836509908
119,109.79,14,109.8,08:11:52.934880224
119,109.79,13,109.8,08:11:53.415740103
119,109.79,2,109.8,08:11:53.415827507
119,109.79,13,109.8,08:11:53.415970800
129,109.79,13,109.8,08:11:53.415970800
133,109.79,13,109.8,08:11:53.416159161
129,109.79,13,109.8,08:11:53.447423313
130,109.79,13,109.8,08:12:00.014805534
130,109.79,14,109.8,08:12:02.042879404
130,109.79,15,109.8,08:12:02.043084008
130,109.79,16,109.8,08:12:02.043194886
120,109.79,16,109.8,08:12:02.043442380
111,109.79,16,109.8,08:12:02.043459784
98,109.79,16,109.8,08:12:02.043459784
98,109.79,15,109.8,08:12:02.046088445
98,109.79,14,109.8,08:12:02.046226272
98,109.79,17,109.8,08:12:02.046528032
98,109.79,18,109.8,08:12:02.052779456
98,109.79,19,109.8,08:12:02.057666415
88,109.79,19,109.8,08:12:02.163249834
86,109.79,19,109.8,08:12:02.174548442
104,109.79,19,109.8,08:12:03.477257020
104,109.79,16,109.8,08:12:03.496208948
104,109.79,15,109.8,08:12:03.498442958
114,109.79,15,109.8,08:12:03.498577159
114,109.79,14,109.8,08:12:03.498577159
118,109.79,14,109.8,08:12:03.498744360
118,109.79,3,109.8,08:12:03.498845019
118,109.79,14,109.8,08:12:03.499253057
114,109.79,14,109.8,08:12:03.499719961
116,109.79,14,109.8,08:12:03.500198207
114,109.79,14,109.8,08:12:03.500564959
114,109.79,13,109.8,08:12:03.507994097
116,109.79,13,109.8,08:12:03.508168046
118,109.79,13,109.8,08:12:03.508471034
118,109.79,2,109.8,08:12:03.523479011
118,109.79,121,109.81,08:12:03.533871794
120,109.79,121,109.81,08:12:03.534031361
119,109.79,121,109.81,08:12:03.534219867
119,109.79,119,109.81,08:12:03.534330040
129,109.79,119,109.81,08:12:03.614169965
119,109.79,119,109.81,08:12:03.800951377
25,109.8,119,109.81,08:12:04.247097463
28,109.8,119,109.81,08:12:04.247518694
29,109.8,119,109.81,08:12:05.015767138
29,109.8,111,109.81,08:12:05.927869463
29,109.8,96,109.81,08:12:05.927869463
40,109.8,96,109.81,08:12:05.927977664
41,109.8,96,109.81,08:12:05.928055949
42,109.8,96,109.81,08:12:05.928152154
43,109.8,96,109.81,08:12:05.928152154
44,109.8,96,109.81,08:12:05.928744288
43,109.8,96,109.81,08:12:05.939868027
43,109.8,95,109.81,08:12:05.940015829
69,109.8,95,109.81,08:12:05.940893038
87,109.8,95,109.81,08:12:05.941065424
86,109.8,95,109.81,08:12:05.985963660
86,109.8,96,109.81,08:12:06.004487277
68,109.8,96,109.81,08:12:06.004753091
42,109.8,96,109.81,08:12:06.004753091
43,109.8,96,109.81,08:12:06.004934810
43,109.8,95,109.81,08:12:06.005053097
43,109.8,96,109.81,08:12:06.054303661
42,109.8,96,109.81,08:12:06.094798179
41,109.8,96,109.81,08:12:06.094865536
42,109.8,96,109.81,08:12:06.094969757
43,109.8,96,109.81,08:12:06.095125320
42,109.8,96,109.81,08:12:06.095327356
42,109.8,95,109.81,08:12:06.199981107
43,109.8,95,109.81,08:12:06.200050061
43,109.8,96,109.81,08:12:06.200158801
42,109.8,96,109.81,08:12:06.200290814
42,109.8,95,109.81,08:12:06.241505964
43,109.8,95,109.81,08:12:06.262303493
43,109.8,96,109.81,08:12:06.700145864
72,109.8,96,109.81,08:12:09.197503274
74,109.8,96,109.81,08:12:09.197503274
74,109.8,95,109.81,08:12:09.197520186
89,109.8,95,109.81,08:12:09.197589457
88,109.8,95,109.81,08:12:09.227201966
89,109.8,95,109.81,08:12:12.570208134
88,109.8,95,109.81,08:12:13.593099456
89,109.8,95,109.81,08:12:13.677101353
88,109.8,95,109.81,08:12:15.429405847
89,109.8,95,109.81,08:12:15.433387158
88,109.8,95,109.81,08:12:15.461358018
59,109.8,95,109.81,08:12:15.461541608
44,109.8,95,109.81,08:12:15.461541608
45,109.8,95,109.81,08:12:15.461826848
43,109.8,95,109.81,08:12:18.152332149
42,109.8,95,109.81,08:12:20.590335260
42,109.8,96,109.81,08:12:20.590515913
31,109.8,96,109.81,08:12:20.590583679
31,109.8,95,109.81,08:12:21.048793631
32,109.8,95,109.81,08:12:21.048948453
32,109.8,96,109.81,08:12:21.595444363
32,109.8,95,109.81,08:12:21.862998042
43,109.8,95,109.81,08:12:22.761212590
43,109.8,96,109.81,08:12:27.754941602
42,109.8,96,109.81,08:12:27.757296723
31,109.8,96,109.81,08:12:27.757421900
30,109.8,96,109.81,08:12:27.757712159
27,109.8,96,109.81,08:12:27.761610846
28,109.8,96,109.81,08:12:27.764552460
30,109.8,96,109.81,08:12:27.764688648
31,109.8,96,109.81,08:12:28.353325370
32,109.8,96,109.81,08:12:28.353325370
32,109.8,95,109.81,08:12:28.353393226
43,109.8,95,109.81,08:12:28.353495149
45,109.8,95,109.81,08:12:28.577579930
69,109.8,95,109.81,08:12:28.577579930
69,109.8,83,109.81,08:12:28.577959325
89,109.8,83,109.81,08:12:28.578484317
89,109.8,82,109.81,08:12:28.580810343
89,109.8,83,109.81,08:12:28.602993492
89,109.8,82,109.81,08:12:28.603656740
89,109.8,76,109.81,08:12:29.512195232
89,109.8,77,109.81,08:12:31.728835034
89,109.8,78,109.81,08:12:31.728925533
89,109.8,90,109.81,08:12:31.728925533
89,109.8,89,109.81,08:12:31.729095055
89,109.8,88,109.81,08:12:31.729656905
69,109.8,88,109.81,08:12:31.730331807
45,109.8,88,109.81,08:12:31.730401154
45,109.8,89,109.81,08:12:31.730501132
44,109.8,89,109.81,08:12:31.785959921
44,109.8,90,109.81,08:12:31.820329501
45,109.8,90,109.81,08:12:31.820495114
45,109.8,89,109.81,08:12:31.820562023
45,109.8,88,109.81,08:12:32.137133371
45,109.8,89,109.81,08:12:32.137303556
73,109.8,89,109.81,08:12:32.138085187
73,109.8,77,109.81,08:12:32.138100131
73,109.8,76,109.81,08:12:32.138161466
73,109.8,77,109.81,08:12:32.138313110
89,109.8,77,109.81,08:12:32.139741909
89,109.8,76,109.81,08:12:32.139921608
89,109.8,77,109.81,08:12:32.161715728
89,109.8,75,109.81,08:12:36.047571527
89,109.8,74,109.81,08:12:36.047844401
89,109.8,75,109.81,08:12:37.559339012
88,109.8,75,109.81,08:12:38.034770022
87,109.8,75,109.81,08:12:38.035014428
88,109.8,75,109.81,08:12:38.073050750
88,109.8,74,109.81,08:12:38.650995118
88,109.8,75,109.81,08:12:38.663174783
88,109.8,74,109.81,08:12:40.110395379
88,109.8,75,109.81,08:12:42.947200013
88,109.8,74,109.81,08:12:43.053141694
88,109.8,54,109.81,08:12:45.120207017
88,109.8,29,109.81,08:12:45.120207017
88,109.8,28,109.81,08:12:45.120207017
88,109.8,27,109.81,08:12:45.120320617
88,109.8,28,109.81,08:12:45.120419910
88,109.8,27,109.81,08:12:45.120419910
88,109.8,19,109.81,08:12:45.129082375
88,109.8,18,109.81,08:12:45.129226138
88,109.8,17,109.81,08:12:45.129306641
108,109.8,17,109.81,08:12:45.129448301
108,109.8,6,109.81,08:12:45.129740381
108,109.8,2,109.81,08:12:45.246720800
108,109.8,193,109.82,08:12:45.246720800
118,109.8,193,109.82,08:12:45.246970965
124,109.8,193,109.82,08:12:45.247069057
124,109.8,178,109.82,08:12:45.247096721
124,109.8,167,109.82,08:12:45.247096721
114,109.8,167,109.82,08:12:45.247911297
124,109.8,167,109.82,08:12:45.359132545
114,109.8,167,109.82,08:12:45.547036217
100,109.81,167,109.82,08:12:46.102929906
101,109.81,167,109.82,08:12:46.103265253
102,109.81,167,109.82,08:12:46.103378573
104,109.81,167,109.82,08:12:46.103550283
104,109.81,141,109.82,08:12:46.104148071
106,109.81,141,109.82,08:12:46.104604829
107,109.81,141,109.82,08:12:46.104949635
107,109.81,137,109.82,08:12:46.104949635
108,109.81,137,109.82,08:12:46.104949635
108,109.81,116,109.82,08:12:46.105449184
107,109.81,116,109.82,08:12:46.105801323
106,109.81,116,109.82,08:12:46.105802988
107,109.81,116,109.82,08:12:46.106008593
105,109.81,116,109.82,08:12:46.115183533
104,109.81,116,109.82,08:12:46.115404646
104,109.81,86,109.82,08:12:46.121616742
105,109.81,86,109.82,08:12:46.121766647
104,109.81,86,109.82,08:12:46.131578989
105,109.81,86,109.82,08:12:46.168967159
104,109.81,86,109.82,08:12:46.190451473
105,109.81,86,109.82,08:12:46.738601423
104,109.81,86,109.82,08:12:46.740293713
105,109.81,86,109.82,08:12:46.829370919
106,109.81,86,109.82,08:12:46.829525488
107,109.81,86,109.82,08:12:47.024956984
106,109.81,86,109.82,08:12:47.345979551
106,109.81,85,109.82,08:12:48.266085472
107,109.81,85,109.82,08:12:48.266241050
106,109.81,85,109.82,08:12:48.270766175
107,109.81,85,109.82,08:12:48.450001533
7,109.81,85,109.82,08:12:49.605199365
18,109.81,85,109.82,08:12:49.605465752
20,109.81,85,109.82,08:12:55.612519098
21,109.81,85,109.82,08:12:55.614724555
19,109.81,85,109.82,08:12:55.905894186
21,109.81,85,109.82,08:12:59.128882678
19,109.81,85,109.82,08:12:59.976718655
21,109.81,85,109.82,08:13:03.468655968
21,109.81,83,109.82,08:13:03.479989355
21,109.81,81,109.82,08:13:03.480052929
27,109.81,81,109.82,08:13:03.557267756
66,109.81,81,109.82,08:13:03.559389825
86,109.81,81,109.82,08:13:03.560119975
86,109.81,79,109.82,08:13:03.560289702
86,109.81,78,109.82,08:13:03.627776538
86,109.81,72,109.82,08:13:03.627924109
86,109.81,67,109.82,08:13:03.634992777
86,109.81,66,109.82,08:13:03.635099325
86,109.81,54,109.82,08:13:03.637060647
86,109.81,52,109.82,08:13:03.642940966
86,109.81,51,109.82,08:13:03.644084596
87,109.81,51,109.82,08:13:03.657284615
99,109.81,51,109.82,08:13:03.823541177
99,109.81,63,109.82,08:13:03.993993052
87,109.81,63,109.82,08:13:04.014407997
48,109.81,63,109.82,08:13:04.028432239
48,109.81,64,109.82,08:13:04.028432239
48,109.81,75,109.82,08:13:04.028572376
48,109.81,81,109.82,08:13:04.028572376
48,109.81,82,109.82,08:13:04.028822889
48,109.81,83,109.82,08:13:04.028930050
28,109.81,83,109.82,08:13:04.028953240
28,109.81,84,109.82,08:13:04.029013516
28,109.81,85,109.82,08:13:04.029285336
68,109.81,85,109.82,08:13:04.646104310
68,109.81,74,109.82,08:13:04.646865135
89,109.81,74,109.82,08:13:04.646962415
89,109.81,68,109.82,08:13:04.647151987
89,109.81,67,109.82,08:13:04.649964192
89,109.81,66,109.82,08:13:04.785569743
89,109.81,67,109.82,08:13:06.056711094
89,109.81,68,109.82,08:13:06.056835062
68,109.81,68,109.82,08:13:06.057092991
68,109.81,79,109.82,08:13:06.057287734
28,109.81,79,109.82,08:13:06.064995691
22,109.81,79,109.82,08:13:06.065481867
22,109.81,80,109.82,08:13:06.065653681
28,109.81,80,109.82,08:13:06.067663324
28,109.81,79,109.82,08:13:06.067825314
28,109.81,39,109.82,08:13:09.300675951
28,109.81,28,109.82,08:13:09.300696120
28,109.81,16,109.82,08:13:09.300696120
28,109.81,15,109.82,08:13:09.300696120
28,109.81,14,109.82,08:13:09.300711854
28,109.81,13,109.82,08:13:09.300711854
28,109.81,12,109.82,08:13:09.300711854
28,109.81,11,109.82,08:13:09.300711854
28,109.81,153,109.83,08:13:09.300711854
1,109.82,153,109.83,08:13:09.301107454
96,109.81,153,109.83,08:13:09.301613505
96,109.81,143,109.83,08:13:09.301629102
96,109.81,1,109.82,08:13:09.301677604
96,109.81,143,109.83,08:13:09.301764555
10,109.82,143,109.83,08:13:09.301764555
96,109.81,143,109.83,08:13:09.302082990
96,109.81,11,109.82,08:13:09.302082990
95,109.81,11,109.82,08:13:09.302114800
94,109.81,11,109.82,08:13:09.302253797
94,109.81,14,109.82,08:13:09.302275069
94,109.81,15,109.82,08:13:09.302275069
94,109.81,23,109.82,08:13:09.302289402
94,109.81,12,109.82,08:13:09.302428829
94,109.81,13,109.82,08:13:09.302569725
95,109.81,13,109.82,08:13:09.302569725
95,109.81,12,109.82,08:13:09.302669968
95,109.81,9,109.82,08:13:09.302669968
99,109.81,9,109.82,08:13:09.303028296
99,109.81,8,109.82,08:13:09.303272925
97,109.81,8,109.82,08:13:09.303507080
99,109.81,8,109.82,08:13:09.303827903
99,109.81,19,109.82,08:13:09.311373730
99,109.81,30,109.82,08:13:09.353201838
99,109.81,42,109.82,08:13:09.353288708
95,109.81,42,109.82,08:13:09.353654362
95,109.81,34,109.82,08:13:14.543015326
95,109.81,23,109.82,08:13:14.543015326
95,109.81,11,109.82,08:13:14.543319633
95,109.81,22,109.82,08:13:14.551655972
95,109.81,34,109.82,08:13:14.551671245
95,109.81,22,109.82,08:13:15.133722850
95,109.81,11,109.82,08:13:15.134017946
95,109.81,9,109.82,08:13:15.134319940
95,109.81,7,109.82,08:13:15.134334756
95,109.81,111,109.83,08:13:15.134447770
20,109.82,111,109.83,08:13:15.134925313
21,109.82,111,109.83,08:13:15.134958659
24,109.82,111,109.83,08:13:15.134995575
24,109.82,121,109.83,08:13:15.134995575
25,109.82,121,109.83,08:13:15.134997517
27,109.82,121,109.83,08:13:15.134997517
26,109.82,121,109.83,08:13:15.135471603
23,109.82,121,109.83,08:13:15.135632723
3,109.82,121,109.83,08:13:15.135632723
3,109.82,107,109.83,08:13:15.135648127
2,109.82,107,109.83,08:13:15.136135577
128,109.81,107,109.83,08:13:15.136135577
130,109.81,107,109.83,08:13:15.137035336
108,109.81,107,109.83,08:13:15.137562177
96,109.81,107,109.83,08:13:15.138730516
11,109.82,107,109.83,08:13:15.138978332
96,109.81,107,109.83,08:13:15.139050951
4,109.82,107,109.83,08:13:15.139050951
8,109.82,107,109.83,08:13:15.139276963
8,109.82,117,109.83,08:13:15.139276963
9,109.82,117,109.83,08:13:15.141096699
8,109.82,117,109.83,08:13:15.141274456
6,109.82,117,109.83,08:13:15.142287690
4,109.82,117,109.83,08:13:15.142563818
96,109.81,117,109.83,08:13:15.142651241
106,109.81,117,109.83,08:13:15.145300640
106,109.81,11,109.82,08:13:15.145451668
106,109.81,16,109.82,08:13:15.145726057
100,109.81,16,109.82,08:13:15.145905998
104,109.81,16,109.82,08:13:15.146324380
100,109.81,16,109.82,08:13:15.147176299
96,109.81,16,109.82,08:13:15.147618646
96,109.81,11,109.82,08:13:15.158367870
96,109.81,112,109.83,08:13:15.161114728
96,109.81,102,109.83,08:13:15.161559754
96,109.81,11,109.82,08:13:15.179443886
96,109.81,15,109.82,08:13:15.179724033
96,109.81,4,109.82,08:13:15.181611359
96,109.81,3,109.82,08:13:15.181833963
106,109.81,3,109.82,08:13:15.181933477
106,109.81,116,109.83,08:13:15.181948802
106,109.81,106,109.83,08:13:15.182152865
106,109.81,102,109.83,08:13:15.182440285
96,109.81,102,109.83,08:13:15.183166189
96,109.81,11,109.82,08:13:15.192530942
96,109.81,12,109.82,08:13:15.192637672
96,109.81,11,109.82,08:13:15.204202285
96,109.81,1,109.82,08:13:15.255708944
96,109.81,114,109.83,08:13:15.255932636
1,109.82,114,109.83,08:13:15.256023094
2,109.82,114,109.83,08:13:15.256023094
4,109.82,114,109.83,08:13:15.256238121
8,109.82,114,109.83,08:13:15.256374655
7,109.82,114,109.83,08:13:15.256374655
8,109.82,114,109.83,08:13:15.256374655
7,109.82,114,109.83,08:13:15.256390259
7,109.82,102,109.83,08:13:15.256390259
5,109.82,102,109.83,08:13:15.266764412
1,109.82,102,109.83,08:13:15.266764412
114,109.81,102,109.83,08:13:15.266764412
114,109.81,4,109.82,08:13:15.266764412
102,109.81,4,109.82,08:13:15.267090489
102,109.81,7,109.82,08:13:15.267107222
112,109.81,7,109.82,08:13:15.267187240
106,109.81,7,109.82,08:13:15.267399714
106,109.81,3,109.82,08:13:15.267399714
106,109.81,2,109.82,08:13:15.268263348
106,109.81,104,109.83,08:13:15.275535277
96,109.81,104,109.83,08:13:15.275722641
96,109.81,102,109.83,08:13:15.276013536
96,109.81,11,109.82,08:13:15.277822024
96,109.81,12,109.82,08:13:15.277987797
96,109.81,11,109.82,08:13:15.301429154
106,109.81,11,109.82,08:13:15.366627791
96,109.81,11,109.82,08:13:15.553259138
104,109.81,11,109.82,08:13:16.330721573
108,109.81,11,109.82,08:13:16.330824821
112,109.81,11,109.82,08:13:16.331228088
108,109.81,11,109.82,08:13:16.331638990
108,109.81,112,109.83,08:13:19.359340976
39,109.82,112,109.83,08:13:19.359340976
42,109.82,112,109.83,08:13:19.359975990
42,109.82,102,109.83,08:13:19.360168306
31,109.82,102,109.83,08:13:19.370135647
28,109.82,102,109.83,08:13:19.370329218
30,109.82,102,109.83,08:13:19.373257619
31,109.82,102,109.83,08:13:19.373494739
32,109.82,102,109.83,08:13:19.373574745
21,109.82,102,109.83,08:13:19.380917620
20,109.82,102,109.83,08:13:19.381118114
21,109.82,102,109.83,08:13:19.381312626
20,109.82,102,109.83,08:13:19.385124981
18,109.82,102,109.83,08:13:19.385510551
20,109.82,102,109.83,08:13:19.385734670
19,109.82,102,109.83,08:13:19.391507946
17,109.82,102,109.83,08:13:19.391644319
19,109.82,102,109.83,08:13:19.392210494
19,109.82,100,109.83,08:13:19.392275508
19,109.82,98,109.83,08:13:19.392350976
20,109.82,98,109.83,08:13:19.392462958
31,109.82,98,109.83,08:13:19.450399296
30,109.82,98,109.83,08:13:19.469748081
19,109.82,98,109.83,08:13:19.469841381
17,109.82,98,109.83,08:13:19.469953170
17,109.82,109,109.83,08:13:19.588778536
18,109.82,109,109.83,08:13:20.032185251
19,109.82,109,109.83,08:13:21.108815650
21,109.82,109,109.83,08:13:21.108960066
32,109.82,109,109.83,08:13:21.113973687
32,109.82,98,109.83,08:13:21.114141475
30,109.82,98,109.83,08:13:21.119223474
32,109.82,98,109.83,08:13:21.120194878
30,109.82,98,109.83,08:13:21.121553312
31,109.82,98,109.83,08:13:21.121742745
32,109.82,98,109.83,08:13:21.122642898
31,109.82,98,109.83,08:13:21.124453626
30,109.82,98,109.83,08:13:21.124970352
31,109.82,98,109.83,08:13:21.127137933
32,109.82,98,109.83,08:13:21.129736706
31,109.82,98,109.83,08:13:21.195619921
32,109.82,98,109.83,08:13:21.209896644
31,109.82,98,109.83,08:13:26.458731212
30,109.82,98,109.83,08:13:26.458962214
19,109.82,98,109.83,08:13:26.459207593
20,109.82,98,109.83,08:13:26.459544760
19,109.82,98,109.83,08:13:26.462732952
18,109.82,98,109.83,08:13:26.462879048
19,109.82,98,109.83,08:13:26.465242275
20,109.82,98,109.83,08:13:26.465396828
21,109.82,98,109.83,08:13:26.465773819
32,109.82,98,109.83,08:13:26.465945029
31,109.82,98,109.83,08:13:29.992505673
20,109.82,98,109.83,08:13:29.992578655
19,109.82,98,109.83,08:13:29.992714377
18,109.82,98,109.83,08:13:29.992734905
17,109.82,98,109.83,08:13:29.992734905
17,109.82,108,109.83,08:13:29.992749837
17,109.82,120,109.83,08:13:29.993043951
16,109.82,120,109.83,08:13:29.993194230
1,109.82,120,109.83,08:13:29.993399961
107,109.81,120,109.83,08:13:29.993509288
109,109.81,120,109.83,08:13:29.993580511
109,109.81,108,109.83,08:13:29.993915372
97,109.81,108,109.83,08:13:29.994036264
115,109.81,108,109.83,08:13:29.994179844
99,109.81,108,109.83,08:13:29.994594157
99,109.81,134,109.83,08:13:30.025104284
95,109.81,134,109.83,08:13:30.025186045
95,109.81,108,109.83,08:13:30.025654438
99,109.81,108,109.83,08:13:30.055525716
99,109.81,110,109.83,08:13:30.078184098
95,109.81,110,109.83,08:13:30.078273746
95,109.81,108,109.83,08:13:30.078526244
97,109.81,108,109.83,08:13:30.078674785
99,109.81,108,109.83,08:13:30.079037162
95,109.81,108,109.83,08:13:30.168854809
98,109.81,108,109.83,08:13:30.334414633
95,109.81,108,109.83,08:13:30.334750332
95,109.81,110,109.83,08:13:31.810750505
95,109.81,108,109.83,08:13:31.873551868
97,109.81,108,109.83,08:13:36.626491361
99,109.81,108,109.83,08:13:36.626973345
95,109.81,108,109.83,08:13:39.415728924
95,109.81,1,109.82,08:13:41.044465911
95,109.81,2,109.82,08:13:41.044636887
95,109.81,1,109.82,08:13:41.090783349
105,109.81,1,109.82,08:13:41.134993378
105,109.81,98,109.83,08:13:41.573061168
95,109.81,98,109.83,08:13:41.573318013
95,109.81,101,109.83,08:13:52.681136970
11,109.82,101,109.83,08:13:53.695580292
14,109.82,101,109.83,08:13:53.695844049
15,109.82,101,109.83,08:13:53.696027020
16,109.82,101,109.83,08:13:53.696044466
17,109.82,101,109.83,08:13:53.696044466
23,109.82,101,109.83,08:13:53.702201288
22,109.82,101,109.83,08:13:53.742604715
21,109.82,101,109.83,08:13:53.742762113
22,109.82,101,109.83,08:13:53.765275897
63,109.82,101,109.83,08:13:53.767968940
63,109.82,95,109.83,08:13:53.767993058
63,109.82,87,109.83,08:13:53.768178358
63,109.82,73,109.83,08:13:53.768178358
63,109.82,68,109.83,08:13:53.768276511
64,109.82,68,109.83,08:13:53.768358031
85,109.82,68,109.83,08:13:53.773391412
85,109.82,67,109.83,08:13:53.773529930
85,109.82,69,109.83,08:13:53.800401578
64,109.82,69,109.83,08:13:53.800484263
64,109.82,80,109.83,08:13:53.831046749
64,109.82,69,109.83,08:13:53.831788573
64,109.82,66,109.83,08:13:53.841711081
66,109.82,66,109.83,08:13:53.844604980
66,109.82,65,109.83,08:13:53.845451481
67,109.82,65,109.83,08:13:53.849309900
68,109.82,65,109.83,08:13:53.849848104
68,109.82,53,109.83,08:13:53.850279915
68,109.82,52,109.83,08:13:53.850450110
68,109.82,42,109.83,08:13:53.850526737
68,109.82,19,109.83,08:13:53.850526737
68,109.82,18,109.83,08:13:53.850600871
68,109.82,8,109.83,08:13:53.850600871
68,109.82,9,109.83,08:13:53.851403629
68,109.82,10,109.83,08:13:53.851731212
68,109.82,21,109.83,08:13:53.851820179
68,109.82,20,109.83,08:13:53.852219141
68,109.82,32,109.83,08:13:53.852219141
68,109.82,33,109.83,08:13:53.856690901
68,109.82,32,109.83,08:13:53.856945278
68,109.82,31,109.83,08:13:53.864036267
68,109.82,20,109.83,08:13:53.865390381
68,109.82,18,109.83,08:13:53.865799376
68,109.82,17,109.83,08:13:53.866069366
68,109.82,16,109.83,08:13:53.868122154
79,109.82,16,109.83,08:13:53.875280756
79,109.82,4,109.83,08:13:53.875304598
79,109.82,2,109.83,08:13:53.875757664
79,109.82,1,109.83,08:13:53.877014415
100,109.82,1,109.83,08:13:53.900520149
100,109.82,12,109.83,08:13:53.907079564
100,109.82,1,109.83,08:13:53.907339925
100,109.82,12,109.83,08:13:53.931236495
100,109.82,1,109.83,08:13:53.939616506
100,109.82,12,109.83,08:13:53.986448938
100,109.82,1,109.83,08:13:54.346709493
100,109.82,2,109.83,08:13:55.246144259
100,109.82,3,109.83,08:13:55.246333488
100,109.82,14,109.83,08:13:55.246436845
100,109.82,13,109.83,08:13:55.262314500
100,109.82,12,109.83,08:13:55.262455630
100,109.82,1,109.83,08:13:55.262523374
100,109.82,12,109.83,08:13:55.314940221
100,109.82,1,109.83,08:13:55.398755279
100,109.82,12,109.83,08:13:55.398812677
100,109.82,1,109.83,08:13:55.399058561
100,109.82,4,109.83,08:13:56.331644899
100,109.82,6,109.83,08:13:56.331788921
100,109.82,8,109.83,08:13:56.331788921
100,109.82,19,109.83,08:13:56.331803168
100,109.82,31,109.83,08:13:56.331873207
100,109.82,28,109.83,08:13:56.332070956
89,109.82,28,109.83,08:13:56.332070956
89,109.82,17,109.83,08:13:56.344892470
89,109.82,5,109.83,08:13:56.345064190
89,109.82,3,109.83,08:13:56.345241033
89,109.82,4,109.83,08:13:56.358145313
89,109.82,6,109.83,08:13:56.358292229
89,109.82,17,109.83,08:13:56.358360260
89,109.82,6,109.83,08:13:56.360072169
89,109.82,18,109.83,08:13:56.363319997
89,109.82,16,109.83,08:13:56.365148437
89,109.82,4,109.83,08:13:56.365232776
89,109.82,3,109.83,08:13:56.365340820
89,109.82,5,109.83,08:13:56.385520402
89,109.82,16,109.83,08:13:56.385674670
89,109.82,14,109.83,08:13:56.401829503
89,109.82,3,109.83,08:13:56.401976067
100,109.82,3,109.83,08:13:56.460987266
100,109.82,14,109.83,08:13:56.730380104
100,109.82,3,109.83,08:13:56.827315106
100,109.82,14,109.83,08:13:57.657994624
100,109.82,3,109.83,08:13:58.047786354
100,109.82,14,109.83,08:13:59.292502855
100,109.82,3,109.83,08:13:59.999376827
100,109.82,14,109.83,08:14:03.057119733
100,109.82,3,109.83,08:14:03.478274695
100,109.82,14,109.83,08:14:04.454581346
100,109.82,26,109.83,08:14:04.648865061
100,109.82,27,109.83,08:14:05.039680699
100,109.82,28,109.83,08:14:05.039890805
89,109.82,28,109.83,08:14:05.044269798
89,109.82,27,109.83,08:14:05.077154268
89,109.82,26,109.83,08:14:05.084822427
89,109.82,14,109.83,08:14:05.197123033
89,109.82,15,109.83,08:14:05.385572785
89,109.82,16,109.83,08:14:05.762032520
89,109.82,17,109.83,08:14:05.766524496
89,109.82,16,109.83,08:14:05.796919380
89,109.82,15,109.83,08:14:05.797064032
89,109.82,16,109.83,08:14:06.037989224
89,109.82,15,109.83,08:14:06.245255123
89,109.82,14,109.83,08:14:06.245317139
89,109.82,15,109.83,08:14:06.648242562
89,109.82,17,109.83,08:14:06.659679896
89,109.82,15,109.83,08:14:06.958395278
89,109.82,14,109.83,08:14:06.958753479
89,109.82,3,109.83,08:14:07.231586424
97,109.82,3,109.83,08:14:07.231833835
100,109.82,3,109.83,08:14:07.231901732
100,109.82,14,109.83,08:14:07.706559633
100,109.82,26,109.83,08:14:10.939617121
97,109.82,26,109.83,08:14:10.939996320
89,109.82,26,109.83,08:14:10.939996320
89,109.82,14,109.83,08:14:10.940013847
89,109.82,15,109.83,08:14:11.184559533
89,109.82,14,109.83,08:14:11.184817117
89,109.82,21,109.83,08:14:12.559393518
89,109.82,22,109.83,08:14:14.734988682
89,109.82,23,109.83,08:14:14.735129348
89,109.82,24,109.83,08:14:16.295290351
89,109.82,23,109.83,08:14:18.199712589
89,109.82,24,109.83,08:14:18.205411444
89,109.82,23,109.83,08:14:18.214440424
89,109.82,24,109.83,08:14:18.263110337
89,109.82,36,109.83,08:14:18.270724440
89,109.82,37,109.83,08:14:18.271520628
89,109.82,38,109.83,08:14:18.274163150
89,109.82,37,109.83,08:14:18.274308510
87,109.82,37,109.83,08:14:18.274801560
87,109.82,25,109.83,08:14:18.293258733
87,109.82,26,109.83,08:14:18.299616052
87,109.82,32,109.83,08:14:18.299784061
87,109.82,44,109.83,08:14:18.299863181
66,109.82,44,109.83,08:14:19.208365806
66,109.82,45,109.83,08:14:19.212279664
66,109.82,44,109.83,08:14:19.212417482
66,109.82,45,109.83,08:14:19.214384498
66,109.82,44,109.83,08:14:19.214660071
66,109.82,45,109.83,08:14:19.215209095
25,109.82,45,109.83,08:14:19.216466620
25,109.82,85,109.83,08:14:19.216466620
19,109.82,85,109.83,08:14:19.217188217
19,109.82,86,109.83,08:14:19.217394063
19,109.82,85,109.83,08:14:19.217718706
19,109.82,86,109.83,08:14:19.218258968
19,109.82,85,109.83,08:14:19.219440330
19,109.82,86,109.83,08:14:19.222506848
19,109.82,85,109.83,08:14:19.225839184
25,109.82,85,109.83,08:14:20.226239138
69,109.82,85,109.83,08:14:20.226314069
69,109.82,45,109.83,08:14:20.226775880
91,109.82,45,109.83,08:14:20.228120560
91,109.82,33,109.83,08:14:20.956095121
91,109.82,27,109.83,08:14:21.938379368
91,109.82,26,109.83,08:14:21.938459576
91,109.82,25,109.83,08:14:21.938607019
91,109.82,24,109.83,08:14:21.942421771
91,109.82,25,109.83,08:14:21.942774609
91,109.82,26,109.83,08:14:21.949984935
91,109.82,27,109.83,08:14:21.986397474
91,109.82,26,109.83,08:14:22.079977841
91,109.82,25,109.83,08:14:22.080317584
91,109.82,24,109.83,08:14:22.080713702
91,109.82,23,109.83,08:14:22.080945760
91,109.82,12,109.83,08:14:22.089494245
102,109.82,12,109.83,08:14:22.089581482
102,109.82,11,109.83,08:14:22.090371843
102,109.82,22,109.83,08:14:22.090809168
102,109.82,23,109.83,08:14:22.115286560
102,109.82,35,109.83,08:14:22.115537634
102,109.82,34,109.83,08:14:22.115551948
91,109.82,34,109.83,08:14:22.115551948
91,109.82,35,109.83,08:14:22.146636988
91,109.82,41,109.83,08:14:22.146636988
91,109.82,40,109.83,08:14:22.146778425
91,109.82,34,109.83,08:14:22.147050303
91,109.82,35,109.83,08:14:22.159118384
91,109.82,34,109.83,08:14:22.313741540
91,109.82,22,109.83,08:14:22.313917398
91,109.82,23,109.83,08:14:22.340511412
102,109.82,23,109.83,08:14:22.340698152
102,109.82,22,109.83,08:14:22.340776446
102,109.82,11,109.83,08:14:23.394362295
102,109.82,10,109.83,08:14:23.394590106
102,109.82,11,109.83,08:14:23.814790338
102,109.82,10,109.83,08:14:23.833729399
102,109.82,11,109.83,08:14:24.496889962
102,109.82,13,109.83,08:14:24.496976378
102,109.82,14,109.83,08:14:24.497077722
102,109.82,25,109.83,08:14:24.497094595
102,109.82,37,109.83,08:14:24.497275751
91,109.82,37,109.83,08:14:24.497455417
69,109.82,37,109.83,08:14:24.530608782
69,109.82,38,109.83,08:14:24.530861454
69,109.82,39,109.83,08:14:24.530861454
81,109.82,39,109.83,08:14:24.642409778
91,109.82,39,109.83,08:14:24.642507211
91,109.82,38,109.83,08:14:24.642648680
81,109.82,38,109.83,08:14:24.924925128
69,109.82,38,109.83,08:14:24.924998475
69,109.82,39,109.83,08:14:24.924998475
69,109.82,40,109.83,08:14:24.929233169
69,109.82,39,109.83,08:14:24.929447102
69,109.82,89,109.83,08:14:25.707775071
25,109.82,89,109.83,08:14:26.792379093
19,109.82,89,109.83,08:14:26.792528462
19,109.82,90,109.83,08:14:26.792857829
19,109.82,89,109.83,08:14:26.855368878
18,109.82,89,109.83,08:14:28.721028613
17,109.82,89,109.83,08:14:28.721144603
17,109.82,90,109.83,08:14:28.724764289
17,109.82,89,109.83,08:14:28.732964895
18,109.82,89,109.83,08:14:29.156748538
19,109.82,89,109.83,08:14:29.157089644
47,109.82,89,109.83,08:14:29.158078984
63,109.82,89,109.83,08:14:29.158184223
63,109.82,92,109.83,08:14:30.514858023
63,109.82,89,109.83,08:14:31.230184877
78,109.82,89,109.83,08:14:31.231463533
85,109.82,89,109.83,08:14:31.232963413
85,109.82,88,109.83,08:14:31.238189984
85,109.82,87,109.83,08:14:31.245663058
70,109.82,87,109.83,08:14:31.266821276
63,109.82,87,109.83,08:14:31.266887833
63,109.82,88,109.83,08:14:31.329935998
63,109.82,89,109.83,08:14:31.858924112
63,109.82,88,109.83,08:14:31.867006630
63,109.82,89,109.83,08:14:31.867658242
63,109.82,88,109.83,08:14:31.869075194
63,109.82,89,109.83,08:14:32.011326033
63,109.82,92,109.83,08:14:32.328075031
63,109.82,89,109.83,08:14:32.338109829
63,109.82,88,109.83,08:14:32.620880270
63,109.82,89,109.83,08:14:32.958872812
63,109.82,88,109.83,08:14:33.329503476
63,109.82,89,109.83,08:14:33.330581050
63,109.82,88,109.83,08:14:33.432149453
63,109.82,89,109.83,08:14:33.443416543
63,109.82,88,109.83,08:14:33.461957979
63,109.82,87,109.83,08:14:33.462112212
83,109.82,87,109.83,08:14:33.462693676
83,109.82,75,109.83,08:14:33.463182105
83,109.82,74,109.83,08:14:33.463280953
63,109.82,74,109.83,08:14:35.229231653
63,109.82,75,109.83,08:14:35.229559908
63,109.82,76,109.83,08:14:35.229559908
63,109.82,88,109.83,08:14:35.229896931
63,109.82,91,109.83,08:14:35.230218921
63,109.82,90,109.83,08:14:35.291973270
63,109.82,89,109.83,08:14:35.292128570
63,109.82,77,109.83,08:14:35.292755718
63,109.82,74,109.83,08:14:35.293435550
80,109.82,74,109.83,08:14:35.329249012
85,109.82,74,109.83,08:14:35.329351402
85,109.82,86,109.83,08:14:35.515268221
85,109.82,87,109.83,08:14:35.515413324
80,109.82,87,109.83,08:14:35.515610082
63,109.82,87,109.83,08:14:35.515610082
63,109.82,88,109.83,08:14:35.515719536
63,109.82,87,109.83,08:14:35.558774254
63,109.82,88,109.83,08:14:36.038656486
63,109.82,91,109.83,08:14:36.340649161
63,109.82,92,109.83,08:14:36.340797974
63,109.82,91,109.83,08:14:36.343002734
63,109.82,88,109.83,08:14:36.350642774
63,109.82,76,109.83,08:14:39.350684690
63,109.82,75,109.83,08:14:39.350910162
63,109.82,76,109.83,08:14:39.352036576
63,109.82,75,109.83,08:14:39.358985466
83,109.82,75,109.83,08:14:39.359735142
83,109.82,74,109.83,08:14:39.359878573
83,109.82,75,109.83,08:14:39.414725486
63,109.82,75,109.83,08:14:39.414983853
63,109.82,76,109.83,08:14:39.415108810
63,109.82,75,109.83,08:14:39.417609713
63,109.82,87,109.83,08:14:39.442515446
63,109.82,88,109.83,08:14:39.442595361
63,109.82,89,109.83,08:14:40.967519739
63,109.82,92,109.83,08:14:42.013472041
63,109.82,80,109.83,08:14:43.669471908
63,109.82,79,109.83,08:14:43.669554658
63,109.82,76,109.83,08:14:43.670814790
63,109.82,77,109.83,08:14:43.673261586
63,109.82,76,109.83,08:14:43.679693132
63,109.82,75,109.83,08:14:43.679760888
63,109.82,76,109.83,08:14:43.679870002
63,109.82,75,109.83,08:14:43.689550169
63,109.82,76,109.83,08:14:43.782952460
63,109.82,77,109.83,08:14:43.783016517
63,109.82,89,109.83,08:14:44.017377312
62,109.82,89,109.83,08:14:44.034302330
62,109.82,92,109.83,08:14:44.429717461
34,109.82,92,109.83,08:14:46.661095827
18,109.82,92,109.83,08:14:46.661168038
18,109.82,89,109.83,08:14:46.682822638
24,109.82,89,109.83,08:14:46.693735023
68,109.82,89,109.83,08:14:46.763605176
68,109.82,88,109.83,08:14:46.763776319
68,109.82,87,109.83,08:14:47.126920244
68,109.82,75,109.83,08:14:47.127229051
90,109.82,75,109.83,08:14:47.127229051
90,109.82,76,109.83,08:14:47.138077012
68,109.82,76,109.83,08:14:47.138228200
68,109.82,77,109.83,08:14:47.154498626
68,109.82,89,109.83,08:14:47.154517297
68,109.82,88,109.83,08:14:47.154786296
68,109.82,87,109.83,08:14:47.167376672
68,109.82,86,109.83,08:14:47.167570320
68,109.82,74,109.83,08:14:47.167759814
68,109.82,75,109.83,08:14:47.168365087
68,109.82,76,109.83,08:14:47.168536229
68,109.82,77,109.83,08:14:47.195865939
68,109.82,76,109.83,08:14:47.196299698
68,109.82,88,109.83,08:14:47.196395138
68,109.82,89,109.83,08:14:47.765328462
24,109.82,89,109.83,08:14:48.339251434
18,109.82,89,109.83,08:14:48.339455401
24,109.82,89,109.83,08:14:48.339749960
24,109.82,92,109.83,08:14:48.340277576
48,109.82,92,109.83,08:14:49.800875178
68,109.82,92,109.83,08:14:49.800948231
68,109.82,91,109.83,08:14:49.801213072
68,109.82,90,109.83,08:14:52.042463092
68,109.82,78,109.83,08:14:52.042603760
68,109.82,77,109.83,08:14:52.042846381
81,109.82,77,109.83,08:14:52.042846381
90,109.82,77,109.83,08:14:52.042947124
90,109.82,74,109.83,08:14:52.053184694
90,109.82,75,109.83,08:14:52.074357607
90,109.82,74,109.83,08:14:52.074475942
77,109.82,74,109.83,08:14:52.133454435
68,109.82,74,109.83,08:14:52.133536361
68,109.82,75,109.83,08:14:52.133692252
68,109.82,76,109.83,08:14:52.133841596
68,109.82,75,109.83,08:14:52.256673741
68,109.82,76,109.83,08:14:52.438979593
68,109.82,79,109.83,08:14:55.508971954
68,109.82,91,109.83,08:14:55.512799122
68,109.82,79,109.83,08:14:55.513769269
83,109.82,79,109.83,08:14:55.516113053
90,109.82,79,109.83,08:14:55.516223710
90,109.82,78,109.83,08:14:55.516419958
90,109.82,79,109.83,08:14:55.516818377
75,109.82,79,109.83,08:14:55.517227134
68,109.82,79,109.83,08:14:55.517302853
68,109.82,91,109.83,08:14:56.528789009
68,109.82,90,109.83,08:14:59.422699100
68,109.82,78,109.83,08:14:59.422793517
85,109.82,78,109.83,08:14:59.422974343
90,109.82,78,109.83,08:14:59.422974343
90,109.82,77,109.83,08:14:59.423189935
90,109.82,78,109.83,08:14:59.423361232
90,109.82,79,109.83,08:14:59.423493641
73,109.82,79,109.83,08:14:59.423973766
68,109.82,79,109.83,08:14:59.424042658
68,109.82,79,109.83,08:14:59.424042658
68,109.82,91,109.83,08:15:00.008551743
68,109.82,92,109.83,08:15:00.324251718
68,109.82,91,109.83,08:15:00.325320525
68,109.82,90,109.83,08:15:06.841825851
68,109.82,78,109.83,08:15:06.841912542
88,109.82,78,109.83,08:15:06.842017339
88,109.82,77,109.83,08:15:06.844430454
88,109.82,74,109.83,08:15:06.845181835
88,109.82,75,109.83,08:15:06.845328962
88,109.82,74,109.83,08:15:06.847669299
88,109.82,75,109.83,08:15:06.852043000
88,109.82,74,109.83,08:15:07.533187886
88,109.82,75,109.83,08:15:07.850555545
88,109.82,76,109.83,08:15:07.850953884
68,109.82,76,109.83,08:15:07.932413849
89,109.82,76,109.83,08:15:08.180869210
89,109.82,75,109.83,08:15:08.181132237
89,109.82,74,109.83,08:15:08.181277913
89,109.82,75,109.83,08:15:08.932214309
89,109.82,76,109.83,08:15:08.973498684
68,109.82,76,109.83,08:15:09.099085857
68,109.82,79,109.83,08:15:09.104970837
68,109.82,76,109.83,08:15:09.114911599
90,109.82,76,109.83,08:15:09.271561119
90,109.82,75,109.83,08:15:10.881276516
90,109.82,74,109.83,08:15:10.885548999
90,109.82,75,109.83,08:15:10.896681533
90,109.82,74,109.83,08:15:11.186354584
90,109.82,75,109.83,08:15:11.612557371
90,109.82,74,109.83,08:15:12.116134118
90,109.82,75,109.83,08:15:16.734706512
90,109.82,76,109.83,08:15:16.735185558
68,109.82,76,109.83,08:15:16.735334286
68,109.82,77,109.83,08:15:16.735392571
68,109.82,89,109.83,08:15:16.735514658
68,109.82,77,109.83,08:15:16.739677569
68,109.82,76,109.83,08:15:16.739767957
68,109.82,79,109.83,08:15:16.741366191
68,109.82,80,109.83,08:15:16.741519286
68,109.82,79,109.83,08:15:16.741663285
68,109.82,91,109.83,08:15:16.747096471
68,109.82,79,109.83,08:15:16.747601687
68,109.82,76,109.83,08:15:16.761399619
68,109.82,75,109.83,08:15:16.761589580
68,109.82,74,109.83,08:15:16.761664423
68,109.82,75,109.83,08:15:16.772352678
68,109.82,76,109.83,08:15:16.783136390
81,109.82,76,109.83,08:15:16.836975133
90,109.82,76,109.83,08:15:16.837048331
90,109.82,75,109.83,08:15:16.837127547
90,109.82,74,109.83,08:15:16.837260948
90,109.82,75,109.83,08:15:18.615949690
90,109.82,76,109.83,08:15:18.616150414
81,109.82,76,109.83,08:15:18.616766996
68,109.82,76,109.83,08:15:18.616835670
68,109.82,79,109.83,08:15:20.218489485
44,109.82,79,109.83,08:15:20.284652333
24,109.82,79,109.83,08:15:20.284730704
24,109.82,80,109.83,08:15:20.284822892
24,109.82,92,109.83,08:15:20.284952264
24,109.82,91,109.83,08:15:20.289121932
53,109.82,91,109.83,08:15:20.422468623
68,109.82,91,109.83,08:15:20.422574057
68,109.82,92,109.83,08:15:20.920384506
68,109.82,91,109.83,08:15:20.923305150
53,109.82,91,109.83,08:15:21.036957860
53,109.82,92,109.83,08:15:21.036957860
24,109.82,92,109.83,08:15:21.036957860
24,109.82,91,109.83,08:15:21.037588442
24,109.82,92,109.83,08:15:21.308172415
18,109.82,92,109.83,08:15:21.309089294
17,109.82,92,109.83,08:15:21.309190807
16,109.82,92,109.83,08:15:21.309237601
13,109.82,92,109.83,08:15:21.310350669
15,109.82,92,109.83,08:15:21.310530960
16,109.82,92,109.83,08:15:21.310602339
22,109.82,92,109.83,08:15:21.311927613
16,109.82,92,109.83,08:15:21.312144344
16,109.82,94,109.83,08:15:22.589141206
14,109.82,94,109.83,08:15:22.589347468
13,109.82,94,109.83,08:15:22.589511600
12,109.82,94,109.83,08:15:22.589534626
11,109.82,94,109.83,08:15:22.589637532
11,109.82,134,109.83,08:15:22.589760104
1,109.82,134,109.83,08:15:22.589760104
2,109.82,134,109.83,08:15:22.589906885
2,109.82,154,109.83,08:15:22.589906885
4,109.82,154,109.83,08:15:22.590044991
3,109.82,154,109.83,08:15:22.590168050
2,109.82,154,109.83,08:15:22.590276962
123,109.81,154,109.83,08:15:22.590367461
123,109.81,160,109.83,08:15:22.590546363
115,109.81,160,109.83,08:15:22.590546363
107,109.81,160,109.83,08:15:22.590862174
1,109.82,160,109.83,08:15:22.598146395
4,109.82,160,109.83,08:15:22.598364516
1,109.82,160,109.83,08:15:22.598613159
2,109.82,160,109.83,08:15:22.598875156
1,109.82,160,109.83,08:15:22.599089760
2,109.82,160,109.83,08:15:22.599711296
3,109.82,160,109.83,08:15:22.600536636
4,109.82,160,109.83,08:15:22.600608456
5,109.82,160,109.83,08:15:22.600729397
4,109.82,160,109.83,08:15:22.649456750
3,109.82,160,109.83,08:15:22.650571337
2,109.82,160,109.83,08:15:22.650727568
3,109.82,160,109.83,08:15:22.652505541
5,109.82,160,109.83,08:15:22.652652712
3,109.82,160,109.83,08:15:22.653947191
2,109.82,160,109.83,08:15:22.654099276
3,109.82,160,109.83,08:15:22.661626397
4,109.82,160,109.83,08:15:22.665708207
5,109.82,160,109.83,08:15:22.665926735
6,109.82,160,109.83,08:15:22.667752954
5,109.82,160,109.83,08:15:22.723137338
4,109.82,160,109.83,08:15:23.212692723
5,109.82,160,109.83,08:15:23.386583982
4,109.82,160,109.83,08:15:23.405101514
3,109.82,160,109.83,08:15:23.405205021
4,109.82,160,109.83,08:15:24.117423768
10,109.82,160,109.83,08:15:24.117478846
11,109.82,160,109.83,08:15:24.117849514
10,109.82,160,109.83,08:15:24.118339025
4,109.82,160,109.83,08:15:24.118523652
3,109.82,160,109.83,08:15:24.118664687
2,109.82,160,109.83,08:15:24.119272093
1,109.82,160,109.83,08:15:24.119344454
3,109.82,160,109.83,08:15:25.294160420
1,109.82,160,109.83,08:15:25.309975742
2,109.82,160,109.83,08:15:28.411520255
3,109.82,160,109.83,08:15:28.413159553
4,109.82,160,109.83,08:15:28.413399676
15,109.82,160,109.83,08:15:28.413859625
16,109.82,160,109.83,08:15:28.414050096
16,109.82,140,109.83,08:15:28.414050096
17,109.82,140,109.83,08:15:28.414293672
16,109.82,140,109.83,08:15:28.414901285
22,109.82,140,109.83,08:15:28.415100821
23,109.82,140,109.83,08:15:28.415254033
23,109.82,134,109.83,08:15:28.415984782
63,109.82,134,109.83,08:15:28.416076969
62,109.82,134,109.83,08:15:28.417507974
61,109.82,134,109.83,08:15:28.419098126
21,109.82,134,109.83,08:15:28.433592043
15,109.82,134,109.83,08:15:28.433768227
16,109.82,134,109.83,08:15:28.433831866
17,109.82,134,109.83,08:15:28.433948186
23,109.82,134,109.83,08:15:28.478250580
63,109.82,134,109.83,08:15:28.540898369
23,109.82,134,109.83,08:15:29.179468499
61,109.82,134,109.83,08:15:29.331259251
55,109.82,134,109.83,08:15:29.506305984
17,109.82,134,109.83,08:15:29.506305984
16,109.82,134,109.83,08:15:29.508279370
17,109.82,134,109.83,08:15:29.508805959
16,109.82,134,109.83,08:15:29.512037316
17,109.82,134,109.83,08:15:29.525134930
16,109.82,134,109.83,08:15:30.272718949
17,109.82,134,109.83,08:15:30.272931744
16,109.82,134,109.83,08:15:30.273251434
15,109.82,134,109.83,08:15:30.277297562
14,109.82,134,109.83,08:15:30.277484460
13,109.82,134,109.83,08:15:30.277554967
15,109.82,134,109.83,08:15:30.279160395
13,109.82,134,109.83,08:15:30.281503699
15,109.82,134,109.83,08:15:30.285158130
16,109.82,134,109.83,08:15:30.285333292
17,109.82,134,109.83,08:15:30.285476853
16,109.82,134,109.83,08:15:32.966224103
17,109.82,134,109.83,08:15:33.456852653
16,109.82,134,109.83,08:15:33.638166460
15,109.82,134,109.83,08:15:33.638262968
13,109.82,134,109.83,08:15:33.638336821
12,109.82,134,109.83,08:15:33.638466184
13,109.82,134,109.83,08:15:33.638681177
15,109.82,134,109.83,08:15:33.638912763
16,109.82,134,109.83,08:15:33.639068014
17,109.82,134,109.83,08:15:33.639148743
16,109.82,134,109.83,08:15:33.639748922
14,109.82,134,109.83,08:15:33.639830214
13,109.82,134,109.83,08:15:33.639902045
12,109.82,134,109.83,08:15:33.640046682
1,109.82,134,109.83,08:15:33.645654244
111,109.81,134,109.83,08:15:33.905686268
111,109.81,140,109.83,08:15:33.905871950
121,109.81,140,109.83,08:15:36.044908609
1,109.82,140,109.83,08:15:36.045090727
2,109.82,140,109.83,08:15:36.045533824
5,109.82,140,109.83,08:15:36.045533824
6,109.82,140,109.83,08:15:36.045555719
7,109.82,140,109.83,08:15:36.045555719
51,109.82,140,109.83,08:15:36.045555719
62,109.82,140,109.83,08:15:36.045617386
68,109.82,140,109.83,08:15:36.046012784
68,109.82,134,109.83,08:15:36.046012784
69,109.82,134,109.83,08:15:36.046313350
58,109.82,134,109.83,08:15:36.046313350
58,109.82,94,109.83,08:15:36.047397074
58,109.82,93,109.83,08:15:36.047503685
69,109.82,93,109.83,08:15:36.047679128
69,109.82,81,109.83,08:15:36.047679128
91,109.82,81,109.83,08:15:36.047794958
91,109.82,82,109.83,08:15:36.047959512
69,109.82,82,109.83,08:15:36.049652146
69,109.82,81,109.83,08:15:36.058648334
69,109.82,82,109.83,08:15:36.059917868
69,109.82,94,109.83,08:15:36.060010829
58,109.82,94,109.83,08:15:36.060178460
58,109.82,82,109.83,08:15:36.061074158
69,109.82,82,109.83,08:15:36.061074158
69,109.82,94,109.83,08:15:36.072781409
69,109.82,82,109.83,08:15:36.111332386
69,109.82,81,109.83,08:15:36.111495532
69,109.82,82,109.83,08:15:36.136830330
69,109.82,81,109.83,08:15:36.560244595
69,109.82,82,109.83,08:15:36.590878199
69,109.82,81,109.83,08:15:36.665488788
69,109.82,82,109.83,08:15:36.694637302
69,109.82,94,109.83,08:15:36.790815602
68,109.82,94,109.83,08:15:36.800077401
57,109.82,94,109.83,08:15:36.803537532
51,109.82,94,109.83,08:15:36.803696691
7,109.82,94,109.83,08:15:37.104684956
18,109.82,94,109.83,08:15:37.105123298
17,109.82,94,109.83,08:15:39.643138516
18,109.82,94,109.83,08:15:39.670401927
62,109.82,94,109.83,08:15:39.890345726
61,109.82,94,109.83,08:15:47.025728183
17,109.82,94,109.83,08:15:47.025902180
16,109.82,94,109.83,08:15:47.025978657
17,109.82,94,109.83,08:15:47.026126846
18,109.82,94,109.83,08:15:47.026301172
47,109.82,94,109.83,08:15:48.447778363
62,109.82,94,109.83,08:15:48.447778363
62,109.82,93,109.83,08:15:56.921968266
62,109.82,91,109.83,08:15:56.921981885
62,109.82,84,109.83,08:15:56.922170426
62,109.82,82,109.83,08:15:56.922185534
62,109.82,71,109.83,08:15:56.922185534
62,109.82,70,109.83,08:15:56.922198983
62,109.82,20,109.83,08:15:56.922216196
62,109.82,19,109.83,08:15:56.922216196
62,109.82,18,109.83,08:15:56.922233130
62,109.82,15,109.83,08:15:56.922233130
62,109.82,13,109.83,08:15:56.922233130
62,109.82,12,109.83,08:15:56.922233130
62,109.82,125,109.84,08:15:56.922233130
2,109.83,125,109.84,08:15:56.922268509
2,109.83,103,109.84,08:15:56.922693619
83,109.82,103,109.84,08:15:56.922879642
83,109.82,106,109.84,08:15:56.922879642
85,109.82,106,109.84,08:15:56.922898816
85,109.82,2,109.83,08:15:56.923295372
87,109.82,2,109.83,08:15:56.923321020
87,109.82,5,109.83,08:15:56.923321020
99,109.82,5,109.83,08:15:56.923321020
105,109.82,5,109.83,08:15:56.923498869
105,109.82,2,109.83,08:15:56.923671622
105,109.82,8,109.83,08:15:56.923690578
115,109.82,8,109.83,08:15:56.923690578
113,109.82,8,109.83,08:15:56.923824018
117,109.82,8,109.83,08:15:56.924237125
117,109.82,15,109.83,08:15:56.932805335
105,109.82,15,109.83,08:15:56.933464069
105,109.82,27,109.83,08:15:56.933549907
105,109.82,28,109.83,08:15:56.933885122
101,109.82,28,109.83,08:15:56.934337672
91,109.82,28,109.83,08:15:56.934499679
91,109.82,39,109.83,08:15:57.809631235
91,109.82,40,109.83,08:15:57.809783812
91,109.82,39,109.83,08:15:57.813853049
91,109.82,28,109.83,08:15:57.814018214
91,109.82,16,109.83,08:15:59.029059515
101,109.82,16,109.83,08:15:59.029304972
101,109.82,10,109.83,08:15:59.030268414
101,109.82,9,109.83,08:15:59.030785843
101,109.82,7,109.83,08:15:59.031105892
101,109.82,9,109.83,08:15:59.156261540
101,109.82,21,109.83,08:15:59.156261540
101,109.82,32,109.83,08:15:59.156261540
91,109.82,32,109.83,08:15:59.156595812
91,109.82,33,109.83,08:15:59.167528788
91,109.82,32,109.83,08:15:59.255981006
91,109.82,30,109.83,08:15:59.256256819
91,109.82,19,109.83,08:15:59.256417568
91,109.82,7,109.83,08:15:59.256582941
101,109.82,7,109.83,08:15:59.256822477
101,109.82,8,109.83,08:15:59.429507006
91,109.82,8,109.83,08:15:59.429765236
91,109.82,20,109.83,08:15:59.429862129
91,109.82,31,109.83,08:15:59.429862129
91,109.82,32,109.83,08:15:59.429881287
91,109.82,31,109.83,08:15:59.429971129
91,109.82,30,109.83,08:15:59.430106682
91,109.82,31,109.83,08:15:59.432303985
91,109.82,30,109.83,08:15:59.715622859
91,109.82,19,109.83,08:15:59.716702316
91,109.82,7,109.83,08:15:59.720930773
101,109.82,7,109.83,08:15:59.721348937
101,109.82,109,109.84,08:16:00.046658066
93,109.83,109,109.84,08:16:00.046658066
93,109.83,105,109.84,08:16:00.047309820
96,109.83,105,109.84,08:16:00.047412144
93,109.83,105,109.84,08:16:00.047625852
93,109.83,107,109.84,08:16:00.058096290
93,109.83,109,109.84,08:16:00.058096290
86,109.83,109,109.84,08:16:00.062953360
86,109.83,117,109.84,08:16:00.063195971
86,109.83,121,109.84,08:16:00.063266023
79,109.83,121,109.84,08:16:00.073847686
72,109.83,121,109.84,08:16:00.084566591
65,109.83,121,109.84,08:16:00.095350210
58,109.83,121,109.84,08:16:00.105981573
51,109.83,121,109.84,08:16:00.116780433
44,109.83,121,109.84,08:16:00.127474845
133,109.82,121,109.84,08:16:00.127768621
107,109.82,121,109.84,08:16:00.128329026
95,109.82,121,109.84,08:16:00.128639573
91,109.82,121,109.84,08:16:00.128824753
91,109.82,7,109.83,08:16:00.138143699
91,109.82,16,109.83,08:16:00.138303462
91,109.82,28,109.83,08:16:00.138492028
91,109.82,16,109.83,08:16:01.150452711
91,109.82,7,109.83,08:16:01.158077718
91,109.82,18,109.83,08:16:02.981759843
91,109.82,30,109.83,08:16:02.981937193
91,109.82,19,109.83,08:16:02.982337919
91,109.82,7,109.83,08:16:02.982658117
91,109.82,10,109.83,08:16:03.610071756
91,109.82,7,109.83,08:16:04.224942606
91,109.82,9,109.83,08:16:05.587778523
91,109.82,7,109.83,08:16:05.738747606
91,109.82,4,109.83,08:16:16.787051279
91,109.82,3,109.83,08:16:16.787238511
91,109.82,2,109.83,08:16:16.787279231
91,109.82,116,109.84,08:16:16.787314208
100,109.82,116,109.84,08:16:16.787332246
112,109.82,116,109.84,08:16:16.787390086
1,109.83,116,109.84,08:16:16.787390086
12,109.83,116,109.84,08:16:16.787497730
15,109.83,116,109.84,08:16:16.787559186
15,109.83,110,109.84,08:16:16.787729909
19,109.83,110,109.84,08:16:16.787828198
20,109.83,110,109.84,08:16:16.788060879
17,109.83,110,109.84,08:16:16.788077928
18,109.83,110,109.84,08:16:16.788091957
19,109.83,110,109.84,08:16:16.788110837
8,109.83,110,109.84,08:16:16.788131794
37,109.83,110,109.84,08:16:16.788131794
36,109.83,110,109.84,08:16:16.788174076
36,109.83,122,109.84,08:16:16.788229345
36,109.83,126,109.84,08:16:16.788245780
32,109.83,126,109.84,08:16:16.788260316
31,109.83,126,109.84,08:16:16.788293598
30,109.83,126,109.84,08:16:16.788308472
1,109.83,126,109.84,08:16:16.788604226
111,109.82,126,109.84,08:16:16.788918843
109,109.82,126,109.84,08:16:16.789190525
109,109.82,122,109.84,08:16:16.789190525
121,109.82,122,109.84,08:16:16.789300932
121,109.82,126,109.84,08:16:16.789537658
123,109.82,126,109.84,08:16:16.789702566
123,109.82,122,109.84,08:16:16.789894147
135,109.82,122,109.84,08:16:16.790077606
105,109.82,122,109.84,08:16:16.790471615
105,109.82,7,109.83,08:16:16.797741811
105,109.82,14,109.83,08:16:16.798101958
103,109.82,14,109.83,08:16:16.798120635
91,109.82,14,109.83,08:16:16.798361643
91,109.82,9,109.83,08:16:16.956957265
91,109.82,2,109.83,08:16:17.340162779
103,109.82,2,109.83,08:16:17.340966342
113,109.82,2,109.83,08:16:19.496530332
113,109.82,1,109.83,08:16:20.424803541
113,109.82,112,109.84,08:16:20.425023608
1,109.83,112,109.84,08:16:20.425102270
2,109.83,112,109.84,08:16:20.425184654
4,109.83,112,109.84,08:16:20.425675332
4,109.83,119,109.84,08:16:20.425696228
3,109.83,119,109.84,08:16:20.425696228
3,109.83,117,109.84,08:16:20.425696228
3,109.83,122,109.84,08:16:20.425696228
5,109.83,122,109.84,08:16:20.426050253
6,109.83,122,109.84,08:16:20.426050253
7,109.83,122,109.84,08:16:20.426348039
5,109.83,122,109.84,08:16:20.426439855
6,109.83,122,109.84,08:16:20.434156748
7,109.83,122,109.84,08:16:20.434644098
6,109.83,122,109.84,08:16:20.435876429
4,109.83,122,109.84,08:16:20.435876429
3,109.83,122,109.84,08:16:20.435979181
2,109.83,122,109.84,08:16:20.435995770
1,109.83,122,109.84,08:16:20.435995770
121,109.82,122,109.84,08:16:20.435995770
121,109.82,115,109.84,08:16:20.436170848
121,109.82,110,109.84,08:16:20.436170848
117,109.82,110,109.84,08:16:20.436366594
115,109.82,110,109.84,08:16:20.436767823
113,109.82,110,109.84,08:16:20.437098127
113,109.82,7,109.83,08:16:20.446905258
113,109.82,11,109.83,08:16:20.447290332
113,109.82,8,109.83,08:16:20.448879381
103,109.82,8,109.83,08:16:20.549830116
103,109.82,4,109.83,08:16:20.549990513
113,109.82,4,109.83,08:16:20.560202187
122,109.82,4,109.83,08:16:20.620952604
124,109.82,4,109.83,08:16:20.621280868
124,109.82,112,109.84,08:16:20.685656220
20,109.83,112,109.84,08:16:20.685674956
60,109.83,112,109.84,08:16:20.685945220
40,109.83,112,109.84,08:16:20.686505957
41,109.83,112,109.84,08:16:20.686538686
43,109.83,112,109.84,08:16:20.686813005
41,109.83,112,109.84,08:16:20.687685273
41,109.83,110,109.84,08:16:20.691474371
1,109.83,110,109.84,08:16:20.695880422
3,109.83,110,109.84,08:16:20.696045912
2,109.83,110,109.84,08:16:20.696341285
141,109.82,110,109.84,08:16:20.696341285
141,109.82,4,109.83,08:16:20.696341285
141,109.82,2,109.83,08:16:20.696406347
137,109.82,2,109.83,08:16:20.696753861
137,109.82,110,109.84,08:16:20.696773202
40,109.83,110,109.84,08:16:20.696773202
39,109.83,110,109.84,08:16:20.696882010
40,109.83,110,109.84,08:16:20.696882010
41,109.83,110,109.84,08:16:20.697129450
40,109.83,110,109.84,08:16:20.697144449
40,109.83,108,109.84,08:16:20.697144449
40,109.83,107,109.84,08:16:20.697214440
40,109.83,111,109.84,08:16:20.699308322
1,109.83,111,109.84,08:16:20.699393367
1,109.83,107,109.84,08:16:20.699661077
12,109.83,107,109.84,08:16:20.699838447
1,109.83,107,109.84,08:16:20.700519857
121,109.82,107,109.84,08:16:20.707240267
121,109.82,1,109.83,08:16:20.707240267
121,109.82,107,109.84,08:16:20.707939740
117,109.82,107,109.84,08:16:20.707960815
121,109.82,107,109.84,08:16:20.708242929
119,109.82,107,109.84,08:16:20.708568992
115,109.82,107,109.84,08:16:20.708838678
119,109.82,107,109.84,08:16:20.709246738
121,109.82,107,109.84,08:16:20.719232029
111,109.82,107,109.84,08:16:20.801054743
121,109.82,107,109.84,08:16:20.801219968
11,109.83,107,109.84,08:16:26.117171598
14,109.83,107,109.84,08:16:26.117487572
52,109.83,107,109.84,08:16:26.117548955
53,109.83,107,109.84,08:16:26.117678318
57,109.83,107,109.84,08:16:26.117678318
67,109.83,107,109.84,08:16:26.117839922
67,109.83,95,109.84,08:16:26.117960355
63,109.83,95,109.84,08:16:26.118135463
63,109.83,75,109.84,08:16:26.118496810
64,109.83,75,109.84,08:16:26.118798022
63,109.83,75,109.84,08:16:26.122242883
63,109.83,73,109.84,08:16:26.129120495
64,109.83,73,109.84,08:16:26.197505580
63,109.83,73,109.84,08:16:26.197669243
64,109.83,73,109.84,08:16:26.283106528
54,109.83,73,109.84,08:16:33.055885918
54,109.83,85,109.84,08:16:33.056076033
53,109.83,85,109.84,08:16:36.147679330
54,109.83,85,109.84,08:16:36.147897934
53,109.83,85,109.84,08:16:36.248977785
54,109.83,85,109.84,08:16:36.367247364
53,109.83,85,109.84,08:16:36.384038117
54,109.83,85,109.84,08:16:36.384486651
53,109.83,85,109.84,08:16:36.394434363
54,109.83,85,109.84,08:16:36.400876955
54,109.83,73,109.84,08:16:43.227382358
64,109.83,73,109.84,08:16:43.227630534
64,109.83,68,109.84,08:16:48.454054144
76,109.83,68,109.84,08:16:49.166286753
86,109.83,68,109.84,08:16:49.166377703
85,109.83,68,109.84,08:16:50.043988722
73,109.83,68,109.84,08:16:50.044195736
63,109.83,68,109.84,08:16:50.044195736
65,109.83,68,109.84,08:16:58.704969870
85,109.83,68,109.84,08:16:58.815427659
85,109.83,67,109.84,08:16:58.815879479
85,109.83,66,109.84,08:16:58.816059886
85,109.83,67,109.84,08:16:59.060835221
85,109.83,68,109.84,08:16:59.084408441
85,109.83,67,109.84,08:16:59.121831660
85,109.83,66,109.84,08:16:59.121913715
85,109.83,67,109.84,08:16:59.218488800
85,109.83,68,109.84,08:16:59.218488800
85,109.83,67,109.84,08:16:59.910942505
85,109.83,66,109.84,08:17:00.001720747
85,109.83,67,109.84,08:17:00.014863119
85,109.83,68,109.84,08:17:00.105557825
85,109.83,67,109.84,08:17:00.118969566
85,109.83,68,109.84,08:17:00.119188567
65,109.83,68,109.84,08:17:00.144834620
55,109.83,68,109.84,08:17:00.145081641
53,109.83,68,109.84,08:17:00.145175950
55,109.83,68,109.84,08:17:00.285342065
65,109.83,68,109.84,08:17:00.285534503
82,109.83,68,109.84,08:17:00.285734038
87,109.83,68,109.84,08:17:00.285820662
87,109.83,67,109.84,08:17:00.414092367
87,109.83,68,109.84,08:17:00.417061250
70,109.83,68,109.84,08:17:00.785531417
65,109.83,68,109.84,08:17:00.785547986
55,109.83,68,109.84,08:17:00.785701922
53,109.83,68,109.84,08:17:00.785870111
54,109.83,68,109.84,08:17:02.400959794
55,109.83,68,109.84,08:17:02.401011490
54,109.83,68,109.84,08:17:02.401183064
53,109.83,68,109.84,08:17:02.414251260
63,109.83,68,109.84,08:17:02.753378909
53,109.83,68,109.84,08:17:02.759507712
63,109.83,68,109.84,08:17:02.866559068
53,109.83,68,109.84,08:17:08.554977900
50,109.83,68,109.84,08:17:08.554977900
12,109.83,68,109.84,08:17:08.555289097
11,109.83,68,109.84,08:17:08.555362994
13,109.83,68,109.84,08:17:08.555463634
14,109.83,68,109.84,08:17:08.555611465
12,109.83,68,109.84,08:17:08.555794847
14,109.83,68,109.84,08:17:08.556344249
13,109.83,68,109.84,08:17:08.556459458
14,109.83,68,109.84,08:17:08.556531493
13,109.83,68,109.84,08:17:08.556901784
11,109.83,68,109.84,08:17:08.557555920
12,109.83,68,109.84,08:17:08.558242295
13,109.83,68,109.84,08:17:08.558318220
12,109.83,68,109.84,08:17:08.558836166
11,109.83,68,109.84,08:17:08.558908928
13,109.83,68,109.84,08:17:08.559360702
14,109.83,68,109.84,08:17:08.560016603
15,109.83,68,109.84,08:17:08.565918595
16,109.83,68,109.84,08:17:08.568434855
15,109.83,68,109.84,08:17:08.622574977
56,109.83,68,109.84,08:17:08.655223285
66,109.83,68,109.84,08:17:08.728925416
66,109.83,80,109.84,08:17:24.159395216
56,109.83,80,109.84,08:17:24.159585938
56,109.83,71,109.84,08:17:26.790824885
56,109.83,32,109.84,08:17:26.790839179
56,109.83,30,109.84,08:17:26.790839179
56,109.83,23,109.84,08:17:26.790952011
56,109.83,22,109.84,08:17:26.790966366
56,109.83,20,109.84,08:17:26.790966366
56,109.83,17,109.84,08:17:26.790966366
56,109.83,14,109.84,08:17:26.790980094
56,109.83,13,109.84,08:17:26.791191757
56,109.83,12,109.84,08:17:26.791214170
56,109.83,154,109.85,08:17:26.791214170
15,109.84,154,109.85,08:17:26.791214170
1,109.84,154,109.85,08:17:26.791714884
100,109.83,154,109.85,08:17:26.792258902
100,109.83,14,109.84,08:17:26.792258902
114,109.83,14,109.84,08:17:26.792298841
114,109.83,29,109.84,08:17:26.792298841
114,109.83,30,109.84,08:17:26.792554781
114,109.83,32,109.84,08:17:26.792554781
115,109.83,32,109.84,08:17:26.792674729
115,109.83,31,109.84,08:17:26.792695197
101,109.83,31,109.84,08:17:26.792695197
101,109.83,16,109.84,08:17:26.792695197
89,109.83,16,109.84,08:17:26.792869724
89,109.83,14,109.84,08:17:26.793583893
89,109.83,17,109.84,08:17:26.801592184
89,109.83,18,109.84,08:17:26.855805183
89,109.83,17,109.84,08:17:26.912096741
89,109.83,18,109.84,08:17:28.313278664
89,109.83,17,109.84,08:17:28.325766999
89,109.83,18,109.84,08:17:29.061788827
89,109.83,19,109.84,08:17:29.061928259
89,109.83,20,109.84,08:17:29.062097256
89,109.83,31,109.84,08:17:29.062321867
89,109.83,32,109.84,08:17:30.823504182
89,109.83,31,109.84,08:17:30.995501183
89,109.83,32,109.84,08:17:32.562865062
89,109.83,33,109.84,08:17:32.563106620
89,109.83,32,109.84,08:17:34.487143284
89,109.83,31,109.84,08:17:34.601331195
89,109.83,20,109.84,08:17:34.601491927
89,109.83,19,109.84,08:17:34.668993055
99,109.83,19,109.84,08:17:34.715330987
99,109.83,18,109.84,08:17:34.715478804
111,109.83,18,109.84,08:17:34.781816205
111,109.83,17,109.84,08:17:34.782036782
111,109.83,3,109.84,08:17:34.782280195
111,109.83,4,109.84,08:17:35.345694131
111,109.83,15,109.84,08:17:35.345861247
111,109.83,16,109.84,08:17:35.575847074
111,109.83,17,109.84,08:17:35.575912169
111,109.83,16,109.84,08:17:35.741194053
111,109.83,15,109.84,08:17:35.741336128
111,109.83,16,109.84,08:17:35.753699489
111,109.83,17,109.84,08:17:35.754888661
111,109.83,16,109.84,08:17:36.683455451
111,109.83,15,109.84,08:17:36.683796820
111,109.83,16,109.84,08:17:36.839549860
111,109.83,17,109.84,08:17:37.440761764
111,109.83,16,109.84,08:17:37.928871310
111,109.83,15,109.84,08:17:37.929025902
111,109.83,14,109.84,08:17:38.728786726
111,109.83,3,109.84,08:17:38.729002090
121,109.83,3,109.84,08:17:43.197775712
121,109.83,2,109.84,08:17:48.996980972
121,109.83,1,109.84,08:17:50.697792245
121,109.83,103,109.85,08:17:50.698009374
127,109.83,103,109.85,08:17:50.698174014
127,109.83,101,109.85,08:17:50.698309024
127,109.83,102,109.85,08:17:50.708918177
128,109.83,102,109.85,08:17:50.709371172
129,109.83,102,109.85,08:17:50.709480855
119,109.83,102,109.85,08:17:52.253669047
119,109.83,1,109.84,08:17:53.035730490
119,109.83,5,109.84,08:17:53.035917607
129,109.83,5,109.84,08:17:53.149621563
129,109.83,6,109.84,08:17:54.176471994
129,109.83,8,109.84,08:17:54.176471994
129,109.83,19,109.84,08:17:54.176471994
129,109.83,17,109.84,08:17:54.177222324
129,109.83,29,109.84,08:17:54.177434468
117,109.83,29,109.84,08:17:54.177670921
117,109.83,28,109.84,08:17:54.178139145
117,109.83,17,109.84,08:17:54.178139145
107,109.83,17,109.84,08:17:54.178161782
107,109.83,5,109.84,08:17:54.178344847
107,109.83,6,109.84,08:17:54.211461886
107,109.83,7,109.84,08:17:54.211623851
107,109.83,18,109.84,08:17:54.211693057
107,109.83,7,109.84,08:17:54.250752913
107,109.83,6,109.84,08:17:54.250937607
107,109.83,5,109.84,08:17:54.251007751
107,109.83,8,109.84,08:17:54.361753394
107,109.83,9,109.84,08:17:59.543615241
107,109.83,10,109.84,08:17:59.543705437
107,109.83,21,109.84,08:17:59.543705437
107,109.83,22,109.84,08:17:59.543851596
107,109.83,23,109.84,08:17:59.543921419
107,109.83,22,109.84,08:17:59.546808375
107,109.83,21,109.84,08:17:59.546955181
107,109.83,22,109.84,08:17:59.547328827
107,109.83,21,109.84,08:17:59.553961421
107,109.83,22,109.84,08:17:59.578717590
97,109.83,22,109.84,08:17:59.660780235
97,109.83,21,109.84,08:17:59.660929697
97,109.83,27,109.84,08:17:59.912867165
97,109.83,28,109.84,08:17:59.913035725
97,109.83,29,109.84,08:17:59.916498304
97,109.83,30,109.84,08:18:00.038141824
97,109.83,31,109.84,08:18:00.038216954
97,109.83,30,109.84,08:18:00.101406365
97,109.83,29,109.84,08:18:00.105101840
97,109.83,28,109.84,08:18:00.478481154
97,109.83,22,109.84,08:18:00.478481154
97,109.83,21,109.84,08:18:00.478714918
97,109.83,20,109.84,08:18:00.478789433
97,109.83,19,109.84,08:18:01.126806335
97,109.83,8,109.84,08:18:01.126923784
97,109.83,5,109.84,08:18:01.127168360
109,109.83,5,109.84,08:18:01.127367969
109,109.83,1,109.84,08:18:01.127367969
119,109.83,1,109.84,08:18:01.240545406
120,109.83,1,109.84,08:18:01.251923249
121,109.83,1,109.84,08:18:01.251988587
121,109.83,2,109.84,08:18:04.910832605
121,109.83,4,109.84,08:18:04.911012645
121,109.83,5,109.84,08:18:04.911139942
121,109.83,16,109.84,08:18:04.911139942
121,109.83,17,109.84,08:18:04.911205907
109,109.83,17,109.84,08:18:04.911649094
109,109.83,16,109.84,08:18:04.911669852
109,109.83,17,109.84,08:18:04.914971481
109,109.83,16,109.84,08:18:04.918305628
109,109.83,15,109.84,08:18:04.927161582
109,109.83,16,109.84,08:18:04.929860668
109,109.83,15,109.84,08:18:04.940140242
109,109.83,16,109.84,08:18:04.959296494
109,109.83,17,109.84,08:18:04.959544080
109,109.83,18,109.84,08:18:04.959728803
109,109.83,24,109.84,08:18:05.009107219
99,109.83,24,109.84,08:18:05.037468828
99,109.83,18,109.84,08:18:05.338902567
99,109.83,17,109.84,08:18:05.560826708
99,109.83,16,109.84,08:18:05.560944266
99,109.83,15,109.84,08:18:05.561102455
99,109.83,16,109.84,08:18:05.579848688
99,109.83,17,109.84,08:18:05.580108009
99,109.83,18,109.84,08:18:06.011208357
99,109.83,17,109.84,08:18:06.011580631
99,109.83,16,109.84,08:18:07.304134458
99,109.83,17,109.84,08:18:07.450095346
99,109.83,16,109.84,08:18:09.190267637
99,109.83,15,109.84,08:18:09.190267637
99,109.83,14,109.84,08:18:09.190267637
111,109.83,14,109.84,08:18:09.190346498
121,109.83,14,109.84,08:18:09.311935878
121,109.83,15,109.84,08:18:09.695307956
121,109.83,16,109.84,08:18:09.695754241
109,109.83,16,109.84,08:18:09.695919082
109,109.83,15,109.84,08:18:10.255258963
109,109.83,16,109.84,08:18:10.870830875
109,109.83,15,109.84,08:18:11.658827680
109,109.83,14,109.84,08:18:11.659094319
109,109.83,15,109.84,08:18:11.764586034
109,109.83,14,109.84,08:18:12.140001682
109,109.83,13,109.84,08:18:12.221234791
109,109.83,11,109.84,08:18:12.221333936
109,109.83,10,109.84,08:18:12.221333936
109,109.83,133,109.85,08:18:12.221513520
121,109.83,133,109.85,08:18:12.221744893
121,109.83,135,109.85,08:18:12.232479385
121,109.83,127,109.85,08:18:14.440425869
121,109.83,125,109.85,08:18:14.440849801
116,109.83,125,109.85,08:18:14.442170735
116,109.83,123,109.85,08:18:14.442352095
122,109.83,123,109.85,08:18:14.442598430
116,109.83,123,109.85,08:18:14.442951508
106,109.83,123,109.85,08:18:14.557222561
111,109.83,123,109.85,08:18:33.255007934
111,109.83,139,109.85,08:18:36.135022697
111,109.83,143,109.85,08:18:36.172044347
111,109.83,139,109.85,08:18:36.190416615
111,109.83,125,109.85,08:18:36.190906653
111,109.83,123,109.85,08:18:36.191249536
111,109.83,125,109.85,08:18:36.323572947
111,109.83,123,109.85,08:18:36.367346133
2,109.84,123,109.85,08:18:37.736216289
2,109.84,119,109.85,08:18:37.736216289
2,109.84,104,109.85,08:18:37.736216289
13,109.84,104,109.85,08:18:37.736238520
23,109.84,104,109.85,08:18:37.736551349
26,109.84,104,109.85,08:18:37.736661889
51,109.84,104,109.85,08:18:37.736661889
52,109.84,104,109.85,08:18:37.736661889
54,109.84,104,109.85,08:18:37.736679074
74,109.84,104,109.85,08:18:37.736695388
75,109.84,104,109.85,08:18:37.736784460
74,109.84,104,109.85,08:18:37.736881899
72,109.84,104,109.85,08:18:37.736881899
72,109.84,106,109.85,08:18:37.737170739
72,109.84,104,109.85,08:18:37.737546010
52,109.84,104,109.85,08:18:37.737761825
27,109.84,104,109.85,08:18:37.737840269
17,109.84,104,109.85,08:18:37.738103323
14,109.84,104,109.85,08:18:37.738103323
17,109.84,104,109.85,08:18:37.738469914
14,109.84,104,109.85,08:18:37.746513011
3,109.84,104,109.85,08:18:37.746577926
5,109.84,104,109.85,08:18:37.746696242
6,109.84,104,109.85,08:18:37.746905919
5,109.84,104,109.85,08:18:37.747056070
6,109.84,104,109.85,08:18:37.757315961
17,109.84,104,109.85,08:18:37.761053350
18,109.84,104,109.85,08:18:37.761204185
18,109.84,114,109.85,08:18:37.844162897
28,109.84,114,109.85,08:18:38.161756813
18,109.84,114,109.85,08:18:38.495296152
17,109.84,114,109.85,08:18:38.495531031
18,109.84,114,109.85,08:18:41.375313923
16,109.84,114,109.85,08:18:42.090408874
14,109.84,114,109.85,08:18:42.090494284
13,109.84,114,109.85,08:18:42.090593923
12,109.84,114,109.85,08:18:42.090613536
1,109.84,114,109.85,08:18:42.090732880
123,109.83,114,109.85,08:18:42.091870886
111,109.83,114,109.85,08:18:42.092178428
111,109.83,116,109.85,08:18:42.097129159
111,109.83,114,109.85,08:18:42.097716464
111,109.83,1,109.84,08:18:56.035181713
111,109.83,3,109.84,08:18:56.035435943
111,109.83,4,109.84,08:18:56.659576528
111,109.83,2,109.84,08:18:56.659734611
111,109.83,1,109.84,08:18:56.659809667
121,109.83,1,109.84,08:18:56.777048599
121,109.83,13,109.84,08:18:58.187087004
121,109.83,24,109.84,08:18:58.245661858
109,109.83,24,109.84,08:18:58.245852104
99,109.83,24,109.84,08:18:58.299236976
99,109.83,26,109.84,08:19:00.086148434
99,109.83,24,109.84,08:19:00.086317547
99,109.83,25,109.84,08:19:00.087351607
99,109.83,26,109.84,08:19:00.087417466
99,109.83,27,109.84,08:19:00.087529479
99,109.83,28,109.84,08:19:00.087601034
99,109.83,27,109.84,08:19:00.087841453
99,109.83,26,109.84,08:19:00.151836654
99,109.83,25,109.84,08:19:00.152046554
99,109.83,24,109.84,08:19:00.152157261
99,109.83,25,109.84,08:19:00.201038453
99,109.83,26,109.84,08:19:00.290134623
99,109.83,25,109.84,08:19:00.685240387
99,109.83,24,109.84,08:19:00.685240387
99,109.83,13,109.84,08:19:00.693186405
99,109.83,1,109.84,08:19:00.693381532
99,109.83,104,109.85,08:19:00.802783332
111,109.83,104,109.85,08:19:00.803015697
121,109.83,104,109.85,08:19:00.805147612
111,109.83,104,109.85,08:19:00.992084904
30,109.84,104,109.85,08:19:05.236583347
47,109.84,104,109.85,08:19:05.236732585
48,109.84,104,109.85,08:19:05.236874368
48,109.84,115,109.85,08:19:05.237083064
47,109.84,115,109.85,08:19:05.237346956
30,109.84,115,109.85,08:19:05.262542128
141,109.83,115,109.85,08:19:05.262614547
111,109.83,115,109.85,08:19:05.263025597
111,109.83,117,109.85,08:19:05.274018412
111,109.83,118,109.85,08:19:05.274108859
38,109.84,118,109.85,08:19:14.412187453
41,109.84,118,109.85,08:19:14.412361328
42,109.84,118,109.85,08:19:14.412663101
41,109.84,118,109.85,08:19:14.412886678
42,109.84,118,109.85,08:19:14.413107536
41,109.84,118,109.85,08:19:14.413874662
42,109.84,118,109.85,08:19:14.414220591
42,109.84,119,109.85,08:19:14.423567603
42,109.84,120,109.85,08:19:14.423638220
43,109.84,120,109.85,08:19:14.423708389
42,109.84,120,109.85,08:19:14.474833267
41,109.84,120,109.85,08:19:14.478885350
38,109.84,120,109.85,08:19:15.483609576
141,109.83,120,109.85,08:19:15.483795928
111,109.83,120,109.85,08:19:15.484278479
111,109.83,121,109.85,08:19:15.495105706
40,109.84,121,109.85,08:19:15.652949296
51,109.84,121,109.85,08:19:15.653072439
51,109.84,110,109.85,08:19:15.653072439
54,109.84,110,109.85,08:19:15.653235297
55,109.84,110,109.85,08:19:15.653332567
44,109.84,110,109.85,08:19:15.653353070
44,109.84,109,109.85,08:19:15.664249594
44,109.84,108,109.85,08:19:15.664332160
55,109.84,108,109.85,08:19:15.664406881
55,109.84,118,109.85,08:19:15.763767947
55,109.84,129,109.85,08:19:15.791673232
52,109.84,129,109.85,08:19:17.032394071
41,109.84,129,109.85,08:19:17.032550349
42,109.84,129,109.85,08:19:17.032839274
44,109.84,129,109.85,08:19:17.032906202
42,109.84,129,109.85,08:19:17.033144077
43,109.84,129,109.85,08:19:17.034023910
44,109.84,129,109.85,08:19:17.040791907
43,109.84,129,109.85,08:19:17.094635101
42,109.84,129,109.85,08:19:17.254329923
43,109.84,129,109.85,08:19:17.256478334
44,109.84,129,109.85,08:19:17.366655427
43,109.84,129,109.85,08:19:17.693795046
42,109.84,129,109.85,08:19:17.762559936
41,109.84,129,109.85,08:19:18.001032974
40,109.84,129,109.85,08:19:18.001153380
141,109.83,129,109.85,08:19:18.001315143
111,109.83,129,109.85,08:19:18.001811420
11,109.84,129,109.85,08:19:22.392852260
14,109.84,129,109.85,08:19:22.393128832
15,109.84,129,109.85,08:19:22.393219229
16,109.84,129,109.85,08:19:22.393236966
18,109.84,129,109.85,08:19:22.393236966
63,109.84,129,109.85,08:19:22.393349187
61,109.84,129,109.85,08:19:22.393511683
63,109.84,129,109.85,08:19:22.493627880
69,109.84,129,109.85,08:19:22.493690516
67,109.84,129,109.85,08:19:22.497758500
61,109.84,129,109.85,08:19:22.522188878
63,109.84,129,109.85,08:19:22.731974703
69,109.84,129,109.85,08:19:22.731974703
79,109.84,129,109.85,08:19:22.731992628
79,109.84,116,109.85,08:19:22.732474719
79,109.84,106,109.85,08:19:22.732474719
79,109.84,97,109.85,08:19:22.732474719
79,109.84,77,109.85,08:19:22.732474719
79,109.84,51,109.85,08:19:22.732474719
79,109.84,49,109.85,08:19:22.743773662
79,109.84,48,109.85,08:19:22.743848334
79,109.84,43,109.85,08:19:22.874514316
79,109.84,40,109.85,08:19:31.335794166
79,109.84,39,109.85,08:19:31.336038040
92,109.84,39,109.85,08:19:31.344484868
92,109.84,31,109.85,08:19:31.344586404
98,109.84,31,109.85,08:19:31.344657978
98,109.84,29,109.85,08:19:31.347187723
98,109.84,28,109.85,08:19:31.347187723
98,109.84,16,109.85,08:19:31.347226677
98,109.84,15,109.85,08:19:31.347478254
110,109.84,15,109.85,08:19:31.347495950
98,109.84,15,109.85,08:19:31.348717706
98,109.84,17,109.85,08:19:31.349121472
98,109.84,18,109.85,08:19:31.349222723
98,109.84,16,109.85,08:19:31.349461280
98,109.84,15,109.85,08:19:31.349810943
98,109.84,13,109.85,08:19:31.349810943
98,109.84,12,109.85,08:19:31.349810943
99,109.84,12,109.85,08:19:31.350169969
99,109.84,11,109.85,08:19:31.350457141
100,109.84,11,109.85,08:19:31.352732064
100,109.84,110,109.86,08:19:31.352821596
13,109.85,110,109.86,08:19:31.352821596
13,109.85,113,109.86,08:19:31.353244963
13,109.85,103,109.86,08:19:31.354021342
13,109.85,115,109.86,08:19:31.354400898
9,109.85,115,109.86,08:19:31.358196734
120,109.84,115,109.86,08:19:31.362934615
112,109.84,115,109.86,08:19:31.363363500
112,109.84,11,109.85,08:19:31.363484121
122,109.84,11,109.85,08:19:31.459645391
122,109.84,10,109.85,08:19:31.515182139
122,109.84,9,109.85,08:19:31.515458392
112,109.84,9,109.85,08:19:31.651735745
122,109.84,9,109.85,08:19:31.652903968
122,109.84,8,109.85,08:19:36.479286069
122,109.84,113,109.86,08:19:36.479615893
25,109.85,113,109.86,08:19:36.479615893
46,109.85,113,109.86,08:19:36.479791167
47,109.85,113,109.86,08:19:36.480028367
47,109.85,103,109.86,08:19:36.480105672
46,109.85,103,109.86,08:19:36.480348062
56,109.85,103,109.86,08:19:36.481510394
57,109.85,103,109.86,08:19:36.482015586
56,109.85,103,109.86,08:19:36.482438309
45,109.85,103,109.86,08:19:36.490098051
24,109.85,103,109.86,08:19:36.490275705
10,109.85,103,109.86,08:19:36.490355254
38,109.85,103,109.86,08:19:36.490355254
28,109.85,103,109.86,08:19:36.490475510
29,109.85,103,109.86,08:19:36.494080268
30,109.85,103,109.86,08:19:36.495823435
19,109.85,103,109.86,08:19:36.500646697
2,109.85,103,109.86,08:19:36.500871744
1,109.85,103,109.86,08:19:36.500957945
29,109.85,103,109.86,08:19:36.500957945
28,109.85,103,109.86,08:19:36.501025606
29,109.85,103,109.86,08:19:36.501395691
29,109.85,110,109.86,08:19:36.501660713
29,109.85,115,109.86,08:19:36.501660713
30,109.85,115,109.86,08:19:36.507271629
19,109.85,115,109.86,08:19:36.511381965
2,109.85,115,109.86,08:19:36.511597536
1,109.85,115,109.86,08:19:36.511680259
122,109.84,115,109.86,08:19:36.511680259
122,109.84,11,109.85,08:19:36.521878817
123,109.84,11,109.85,08:19:36.522961612
125,109.84,11,109.85,08:19:36.523080694
126,109.84,11,109.85,08:19:36.533845955
127,109.84,11,109.85,08:19:36.533914405
127,109.84,1,109.85,08:19:36.635037249
126,109.84,1,109.85,08:19:36.646292062
116,109.84,1,109.85,08:19:36.825576130
116,109.84,12,109.85,08:19:37.926897782
116,109.84,1,109.85,08:19:44.065236721
122,109.84,1,109.85,08:19:44.066431257
122,109.84,2,109.85,08:19:48.037086228
122,109.84,13,109.85,08:19:48.037086228
122,109.84,14,109.85,08:19:48.037150484
116,109.84,14,109.85,08:19:48.037608323
116,109.84,13,109.85,08:19:48.037760995
116,109.84,14,109.85,08:19:48.826263210
116,109.84,16,109.85,08:19:48.827474799
116,109.84,17,109.85,08:19:48.827815404
116,109.84,19,109.85,08:19:48.828476052
116,109.84,25,109.85,08:19:48.828476052
116,109.84,26,109.85,08:19:48.828805588
116,109.84,27,109.85,08:19:48.828904273
104,109.84,27,109.85,08:19:48.829038138
104,109.84,39,109.85,08:19:48.829304087
104,109.84,38,109.85,08:19:48.829719360
98,109.84,38,109.85,08:19:48.829935312
85,109.84,38,109.85,08:19:48.829955731
85,109.84,36,109.85,08:19:48.829955731
85,109.84,37,109.85,08:19:48.830169481
85,109.84,25,109.85,08:19:48.830183523
85,109.84,26,109.85,08:19:48.830633369
85,109.84,25,109.85,08:19:48.831337848
85,109.84,24,109.85,08:19:48.832407204
85,109.84,25,109.85,08:19:48.832829703
85,109.84,26,109.85,08:19:48.832973344
85,109.84,27,109.85,08:19:48.833378368
85,109.84,26,109.85,08:19:48.834408380
85,109.84,27,109.85,08:19:48.854983120
85,109.84,26,109.85,08:19:48.860475275
85,109.84,27,109.85,08:19:48.865528596
84,109.84,27,109.85,08:19:48.866271053
83,109.84,27,109.85,08:19:48.866345315
81,109.84,27,109.85,08:19:48.866415670
75,109.84,27,109.85,08:19:49.018197534
75,109.84,29,109.85,08:19:49.018763120
75,109.84,30,109.85,08:19:49.019273801
75,109.84,42,109.85,08:19:49.221480859
75,109.84,30,109.85,08:19:49.643349027
75,109.84,29,109.85,08:19:49.675200432
86,109.84,29,109.85,08:19:49.675218876
96,109.84,29,109.85,08:19:49.675218876
105,109.84,29,109.85,08:19:49.675218876
105,109.84,28,109.85,08:19:49.698132680
105,109.84,27,109.85,08:19:49.707345050
105,109.84,26,109.85,08:19:49.757648868
105,109.84,25,109.85,08:19:49.760005800
105,109.84,19,109.85,08:19:49.760089995
105,109.84,20,109.85,08:19:50.035019896
105,109.84,21,109.85,08:19:50.035157614
105,109.84,22,109.85,08:19:50.046583421
105,109.84,28,109.85,08:19:50.046646720
105,109.84,29,109.85,08:19:50.557289935
94,109.84,29,109.85,08:19:50.557785170
94,109.84,41,109.85,08:19:50.557785170
85,109.84,41,109.85,08:19:50.557785170
75,109.84,41,109.85,08:19:50.557802551
75,109.84,42,109.85,08:19:50.557913965
65,109.84,42,109.85,08:19:50.557933553
65,109.84,41,109.85,08:19:50.591432870
75,109.84,41,109.85,08:19:50.591621879
75,109.84,29,109.85,08:19:50.591637274
87,109.84,29,109.85,08:19:50.898855335
87,109.84,28,109.85,08:19:50.898855335
98,109.84,28,109.85,08:19:50.898946778
106,109.84,28,109.85,08:19:50.898963741
106,109.84,22,109.85,08:19:50.899184622
106,109.84,21,109.85,08:19:50.899184622
106,109.84,20,109.85,08:19:50.899255155
106,109.84,21,109.85,08:19:51.025407880
106,109.84,20,109.85,08:19:51.946672976
