price,volume,timestamp
109.79,1,08:10:05.411698067
109.79,1,08:10:05.411899073
109.79,1,08:10:05.602636315
109.8,10,08:10:11.086183726
109.8,1,08:10:11.086183726
109.8,1,08:10:11.086260049
109.8,1,08:10:11.086275617
109.8,11,08:10:11.086275617
109.8,2,08:10:11.087278506
109.8,3,08:10:11.087403677
109.8,1,08:10:11.087430458
109.8,10,08:10:11.087430458
109.8,11,08:10:22.700692323
109.8,1,08:10:22.700711776
109.8,2,08:10:22.700948157
109.8,12,08:10:22.700979051
109.8,8,08:10:22.700995768
109.8,5,08:10:22.701378888
109.8,56,08:10:22.701393094
109.8,10,08:10:22.702022143
109.8,1,08:10:32.025305861
109.8,1,08:10:38.000533607
109.81,103,08:10:44.991540824
109.81,1,08:10:44.991560017
109.81,2,08:10:44.991560017
109.81,2,08:10:44.991575000
109.81,20,08:10:44.991575000
109.81,6,08:10:44.991575000
109.81,45,08:10:44.991575000
109.81,1,08:10:44.991575000
109.81,12,08:10:44.991905464
109.81,18,08:10:44.992426256
109.8,1,08:11:19.373077871
109.8,2,08:11:19.373171104
109.8,2,08:11:19.373193299
109.8,1,08:11:19.373193299
109.8,1,08:11:19.373682174
109.8,9,08:11:19.373701246
109.8,8,08:11:31.711470072
109.79,1,08:11:35.036435172
109.8,1,08:12:38.034770022
109.81,2,08:12:45.246720800
109.81,4,08:12:45.246720800
109.82,40,08:13:09.300675951
109.82,1,08:13:09.300696120
109.82,12,08:13:09.300696120
109.82,11,08:13:09.300696120
109.82,11,08:13:09.300711854
109.82,1,08:13:09.300711854
109.82,1,08:13:09.301613505
109.82,1,08:13:09.301764555
109.82,2,08:13:15.134319940
109.82,2,08:13:15.134334756
109.82,7,08:13:15.134447770
109.82,2,08:13:15.136135577
109.82,1,08:13:15.136135577
109.82,2,08:13:15.142287690
109.82,2,08:13:15.142563818
109.82,4,08:13:15.142651241
109.82,11,08:13:15.161114728
109.82,11,08:13:15.181611359
109.82,1,08:13:15.181833963
109.82,3,08:13:15.181948802
109.82,10,08:13:15.255708944
109.82,1,08:13:15.255932636
109.82,4,08:13:15.266764412
109.82,2,08:13:15.266764412
109.82,1,08:13:15.266764412
109.82,4,08:13:15.267399714
109.82,1,08:13:15.268263348
109.82,11,08:13:19.359340976
109.82,11,08:13:19.370135647
109.82,11,08:13:19.380917620
109.82,1,08:13:19.391507946
109.82,1,08:13:29.992714377
109.82,15,08:13:29.993399961
109.82,1,08:13:29.993509288
109.82,1,08:13:41.573061168
109.82,1,08:14:44.034302330
109.82,1,08:15:47.025728183
109.83,1,08:15:56.921968266
109.83,2,08:15:56.921981885
109.83,7,08:15:56.922170426
109.83,11,08:15:56.922185534
109.83,2,08:15:56.922185534
109.83,1,08:15:56.922198983
109.83,50,08:15:56.922216196
109.83,1,08:15:56.922216196
109.83,2,08:15:56.922233130
109.83,1,08:15:56.922233130
109.83,12,08:15:56.922233130
109.83,3,08:15:56.922233130
109.83,2,08:15:56.922879642
109.83,7,08:16:00.046658066
109.83,7,08:16:00.062953360
109.83,7,08:16:00.073847686
109.83,7,08:16:00.084566591
109.83,7,08:16:00.095350210
109.83,7,08:16:00.105981573
109.83,7,08:16:00.116780433
109.83,7,08:16:00.127474845
109.83,44,08:16:00.127768621
109.83,3,08:16:16.787051279
109.83,1,08:16:16.787238511
109.83,1,08:16:16.787279231
109.83,2,08:16:16.787314208
109.83,5,08:16:16.956957265
109.83,1,08:16:20.424803541
109.83,1,08:16:20.425023608
109.83,2,08:16:20.435876429
109.83,1,08:16:20.435876429
109.83,1,08:16:20.435979181
109.83,1,08:16:20.435995770
109.83,3,08:16:20.448879381
109.83,4,08:16:20.685656220
109.83,2,08:16:20.696341285
109.83,1,08:16:20.696341285
109.83,2,08:16:20.696406347
109.83,2,08:16:20.696773202
109.83,1,08:16:20.696882010
109.83,1,08:16:20.707240267
109.83,1,08:16:20.707939740
109.83,1,08:16:50.043988722
109.84,9,08:17:26.790824885
109.84,2,08:17:26.790839179
109.84,39,08:17:26.790839179
109.84,7,08:17:26.790952011
109.84,2,08:17:26.790966366
109.84,1,08:17:26.790966366
109.84,3,08:17:26.790966366
109.84,3,08:17:26.790980094
109.84,1,08:17:26.791191757
109.84,1,08:17:26.791214170
109.84,12,08:17:26.791214170
109.84,14,08:17:26.791714884
109.84,1,08:17:26.792258902
109.84,1,08:17:48.996980972
109.84,1,08:17:50.697792245
109.84,1,08:17:50.698009374
109.84,1,08:18:12.221234791
109.84,1,08:18:12.221333936
109.84,2,08:18:12.221333936
109.84,1,08:18:42.091870886
109.84,1,08:19:00.802783332
109.85,2,08:19:31.349810943
109.85,1,08:19:31.349810943
109.85,1,08:19:31.350457141
109.85,11,08:19:31.352821596
109.85,4,08:19:31.358196734
109.85,1,08:19:31.515182139
109.85,1,08:19:31.515458392
109.85,1,08:19:36.479286069
109.85,8,08:19:36.479615893
109.85,11,08:19:36.490098051
109.85,11,08:19:36.500646697
109.85,11,08:19:36.511381965
109.85,10,08:19:36.635037249
109.84,1,08:19:59.040608250
109.85,2,08:20:00.041266405
109.85,1,08:20:00.041266405
109.85,11,08:20:00.052118766
109.85,11,08:20:06.602163204
109.85,1,08:20:06.602666115
109.85,11,08:20:06.612925415
109.85,2,08:20:17.660097662
109.85,1,08:20:17.660097662
109.85,9,08:20:17.660171525
109.85,5,08:20:17.662993171
109.85,5,08:20:17.663013660
109.85,2,08:20:17.663463778
109.85,12,08:20:17.710402072
109.83,3,08:20:40.727691591
109.83,1,08:21:02.043912267
109.83,1,08:22:05.036054337
109.83,41,08:22:20.174699014
109.83,1,08:22:20.174699014
109.83,1,08:22:20.174713238
109.83,1,08:22:20.174727922
109.83,1,08:22:20.174745081
109.83,13,08:22:20.174745081
109.83,12,08:22:20.251547382
109.83,1,08:22:20.251547382
109.83,6,08:22:20.251622287
109.83,1,08:22:20.251622287
109.84,7,08:22:35.232985501
109.84,1,08:22:35.233001415
109.84,3,08:22:35.233018919
109.84,10,08:22:35.312814344
109.83,2,08:23:00.153547119
109.83,1,08:23:00.153547119
109.83,1,08:23:00.153561049
109.83,1,08:23:00.153575507
109.83,11,08:23:00.153589926
109.83,12,08:23:00.153605021
109.83,1,08:23:00.153605021
109.83,10,08:23:00.153619827
109.83,1,08:23:00.153633241
109.83,8,08:23:00.155505608
109.83,1,08:23:00.155621659
109.83,10,08:23:00.164240061
109.83,1,08:23:00.164699075
109.83,3,08:23:00.164713069
109.83,1,08:23:00.164713069
109.83,1,08:23:08.029791645
109.83,1,08:24:11.027076534
109.83,1,08:24:12.109804455
109.83,2,08:24:12.119242607
109.83,1,08:24:12.119585647
109.83,1,08:24:27.233342378
109.83,11,08:24:27.233342378
109.83,1,08:24:27.233438958
109.83,1,08:24:27.233459457
109.83,1,08:24:27.234059882
109.83,33,08:24:27.236362837
109.83,1,08:24:27.236362837
109.83,9,08:24:27.236833323
109.83,1,08:24:38.992793823
109.84,1,08:25:14.028482171
109.85,1,08:25:15.338312177
109.85,3,08:25:15.338327841
109.85,11,08:25:23.245737034
109.85,2,08:25:23.245737034
109.85,1,08:25:23.245885226
109.85,1,08:25:23.245900116
109.85,2,08:25:23.245900116
109.85,40,08:25:23.245996237
109.85,1,08:25:23.245996237
109.85,1,08:25:23.246013742
109.85,2,08:25:23.246184493
109.85,11,08:25:23.246401606
109.85,11,08:25:23.246716445
109.85,10,08:25:23.360758538
109.85,4,08:25:29.802592200
109.85,1,08:25:29.802679975
109.85,1,08:25:29.802903019
109.85,1,08:25:29.803134481
109.85,10,08:25:29.803229121
109.85,12,08:25:29.803469149
109.85,1,08:25:29.803641780
109.85,5,08:25:29.912329637
109.85,2,08:25:38.513374773
109.84,12,08:26:15.049454441
109.84,4,08:26:15.049454441
109.84,64,08:26:15.049843839
109.84,1,08:26:15.049949768
109.84,1,08:26:15.049971471
109.84,1,08:26:17.035434203
109.84,39,08:26:24.791893082
109.84,10,08:26:24.791893082
109.84,12,08:26:24.791893082
109.84,1,08:26:24.792036615
109.84,1,08:26:24.792052730
109.84,1,08:26:24.792260839
109.84,15,08:26:24.792919763
109.84,6,08:26:24.793307811
109.84,1,08:26:24.793307811
109.84,3,08:26:24.793561759
109.84,3,08:26:24.793652838
109.84,17,08:26:24.793941064
109.84,12,08:26:24.793941064
109.84,12,08:26:24.805636876
109.84,1,08:26:24.845209518
109.84,2,08:26:24.845949799
109.84,2,08:26:24.886989649
109.84,6,08:26:30.276865211
109.84,2,08:26:30.277338738
109.84,1,08:26:30.277399209
109.84,3,08:26:30.277399209
109.84,1,08:26:42.614556394
109.84,3,08:26:42.614639702
109.84,11,08:26:42.614639702
109.84,1,08:27:20.025531556
109.85,1,08:27:29.894662475
109.85,2,08:27:29.894796215
109.85,1,08:27:29.894814538
109.85,11,08:27:29.894814538
109.85,2,08:27:29.894814538
109.85,21,08:27:29.894832599
109.85,1,08:27:29.894832599
109.85,2,08:27:29.895212461
109.85,3,08:27:29.895834954
109.85,1,08:27:51.508749626
109.85,11,08:27:51.508767876
109.85,5,08:28:03.501171175
109.85,1,08:28:03.501171175
109.85,2,08:28:08.256457041
109.85,6,08:28:21.875419244
109.85,3,08:28:21.876085746
109.85,1,08:28:21.876101503
109.84,1,08:28:23.028047927
109.84,1,08:28:35.389389829
109.84,1,08:28:35.390078963
109.84,3,08:28:35.390078963
109.84,1,08:28:35.390269749
109.84,47,08:28:35.390439682
109.84,4,08:28:35.452068725
109.85,1,08:28:38.439699791
109.85,4,08:28:38.439699791
109.85,39,08:28:38.439790371
109.85,6,08:28:38.439790371
109.84,1,08:28:48.088967047
109.84,11,08:28:56.391930303
109.83,1,08:29:21.000719122
109.83,1,08:29:21.000822562
109.83,1,08:29:21.000837221
109.83,1,08:29:21.000997671
109.83,17,08:29:21.000997671
109.83,2,08:29:21.001282315
109.83,1,08:29:21.001506913
109.84,21,08:29:21.892865539
109.84,2,08:29:21.892865539
109.84,1,08:29:21.892865539
109.84,3,08:29:21.893283920
109.84,1,08:29:21.893611347
109.84,5,08:29:21.893933529
109.84,2,08:29:21.893933529
109.84,6,08:29:21.893949343
109.84,1,08:29:21.941728012
109.83,1,08:29:26.029025242
109.84,4,08:29:32.222987669
109.84,1,08:29:32.223068507
109.83,2,08:29:45.473359372
109.83,1,08:29:45.473375064
109.83,2,08:29:50.311078990
109.83,2,08:29:56.444849707
109.82,1,08:29:57.114542058
109.82,1,08:29:57.625403440
109.81,1,08:30:01.073159786
109.81,11,08:30:01.073159786
109.81,1,08:30:01.073176295
109.8,1,08:30:01.074080686
109.8,1,08:30:01.074259239
109.8,1,08:30:01.074283757
109.79,5,08:30:01.077689294
109.78,1,08:30:01.078837722
109.78,9,08:30:01.079104214
109.78,6,08:30:01.079104214
109.78,1,08:30:01.079735894
109.77,14,08:30:01.097427143
109.77,6,08:30:01.097548029
109.77,5,08:30:01.097548029
109.75,4,08:30:01.130422064
109.77,1,08:30:01.222160867
109.76,1,08:30:01.223716136
109.75,1,08:30:01.277329944
109.74,1,08:30:01.380952750
109.74,1,08:30:01.381255301
109.73,4,08:30:01.383332903
109.73,1,08:30:01.383425027
109.74,1,08:30:01.478920822
109.72,5,08:30:01.522003421
109.71,1,08:30:01.584413361
109.71,5,08:30:01.584507869
109.67,1,08:30:01.656191808
109.67,1,08:30:01.656403001
109.67,1,08:30:01.656800872
109.67,1,08:30:01.656943375
109.68,1,08:30:01.657509253
109.68,1,08:30:01.657615170
109.68,1,08:30:01.717366708
109.68,1,08:30:01.783697720
109.69,2,08:30:02.657947879
109.67,1,08:30:02.855224106
109.66,1,08:30:02.955888274
109.66,1,08:30:03.343343926
109.65,1,08:30:03.347182243
109.65,2,08:30:03.819385380
109.65,2,08:30:03.819474055
109.63,1,08:30:04.261306064
109.62,1,08:30:04.647597030
109.62,13,08:30:04.647689154
109.62,1,08:30:04.655480444
109.62,11,08:30:04.655674182
109.63,4,08:30:04.662994842
109.63,16,08:30:04.663010474
109.64,4,08:30:04.665005127
109.64,10,08:30:04.665206990
109.64,1,08:30:04.770428123
109.64,1,08:30:04.770444307
109.66,1,08:30:04.932163931
109.66,3,08:30:04.932579038
109.64,1,08:30:04.992994710
109.65,3,08:30:05.410886098
109.65,1,08:30:05.508585579
109.65,1,08:30:05.509703843
109.64,12,08:30:05.579608537
109.64,2,08:30:05.579980646
109.6,1,08:30:06.769533069
109.61,3,08:30:07.542977142
109.62,14,08:30:07.639940606
109.63,1,08:30:07.640467607
109.63,14,08:30:07.640467607
109.65,1,08:30:07.768232693
109.65,1,08:30:07.768686954
109.66,3,08:30:07.937832005
109.66,1,08:30:07.937832005
109.66,1,08:30:07.937912120
109.66,2,08:30:08.201839825
109.66,1,08:30:08.202952685
109.66,2,08:30:08.614012384
109.65,1,08:30:08.616609373
109.65,6,08:30:08.624434967
109.64,1,08:30:08.691930022
109.64,8,08:30:09.076407546
109.63,1,08:30:09.094933883
109.63,3,08:30:09.473852445
109.63,15,08:30:10.053758412
109.63,6,08:30:10.075906612
109.62,1,08:30:10.137924110
109.61,1,08:30:10.899044890
109.61,1,08:30:11.105231074
109.61,2,08:30:11.108382909
109.61,1,08:30:11.132559465
109.61,1,08:30:11.136778662
109.61,6,08:30:11.176640575
109.61,2,08:30:11.379775855
109.61,2,08:30:11.379873595
109.6,1,08:30:11.610904675
109.6,1,08:30:11.758426592
109.6,2,08:30:11.959273821
109.6,1,08:30:11.959514439
109.61,1,08:30:12.840774022
109.61,2,08:30:12.840774022
109.61,6,08:30:12.841108457
109.61,1,08:30:12.841224930
109.62,8,08:30:13.106147515
109.63,1,08:30:13.106531493
109.63,5,08:30:13.106928657
109.63,2,08:30:13.107021630
109.63,1,08:30:13.841194003
109.64,3,08:30:14.498100684
109.64,2,08:30:14.498100684
109.64,1,08:30:14.498100684
109.65,1,08:30:14.520797292
109.65,3,08:30:14.520797292
109.63,1,08:30:15.712535151
109.64,12,08:30:16.297175702
109.64,1,08:30:17.772279196
109.65,2,08:30:18.499760469
109.65,3,08:30:18.499868016
109.66,1,08:30:18.547147698
109.66,5,08:30:18.547735868
109.67,1,08:30:18.588278103
109.67,2,08:30:18.588417479
109.67,2,08:30:18.632595542
109.67,1,08:30:18.632722784
109.67,1,08:30:18.647584960
109.67,5,08:30:18.651560569
109.68,1,08:30:21.800107701
109.68,2,08:30:21.800186404
109.68,2,08:30:21.800472424
109.68,6,08:30:21.800488421
109.68,2,08:30:21.912583210
109.68,3,08:30:21.912583210
109.67,1,08:30:22.544244860
109.66,1,08:30:23.598236189
109.67,1,08:30:25.747099908
109.68,1,08:30:26.067026702
109.68,2,08:30:26.067371752
109.69,1,08:30:26.826614890
109.69,2,08:30:26.826769760
109.7,1,08:30:26.863019145
109.71,1,08:30:27.272595599
109.7,2,08:30:27.317216716
109.7,1,08:30:28.906060837
109.69,1,08:30:28.906060837
109.69,2,08:30:28.906486062
109.69,1,08:30:28.906738811
109.69,1,08:30:29.037737191
109.69,2,08:30:31.423329723
109.69,15,08:30:31.423329723
109.69,9,08:30:31.423970606
109.69,1,08:30:31.423993080
109.69,1,08:30:31.430830062
109.69,1,08:30:31.430843611
109.69,1,08:30:31.430862238
109.69,1,08:30:31.430883486
109.69,3,08:30:31.433654249
109.69,1,08:30:31.433668882
109.69,2,08:30:31.434462204
109.69,2,08:30:31.436604995
109.69,1,08:30:31.436604995
109.68,2,08:30:31.879588605
109.68,1,08:30:31.879682790
109.68,45,08:30:31.879928169
109.68,4,08:30:31.879928169
109.68,3,08:30:32.016583560
109.67,2,08:30:32.761671203
109.67,1,08:30:32.761684467
109.67,2,08:30:32.842438496
109.67,1,08:30:33.224299684
109.67,1,08:30:33.271519320
109.67,1,08:30:33.271720656
109.67,1,08:30:33.434048841
109.67,1,08:30:33.434068841
109.67,1,08:30:33.434432239
109.68,2,08:30:35.946726216
109.67,3,08:30:36.906457721
109.68,1,08:30:37.409630171
109.69,3,08:30:40.505097229
109.69,13,08:30:40.505115199
109.7,1,08:30:42.553777118
109.7,1,08:30:42.554002876
109.7,1,08:30:42.554016316
109.7,1,08:30:42.554031353
109.7,12,08:30:42.554031353
109.7,3,08:30:42.554044934
109.7,4,08:30:42.554058329
109.7,5,08:30:42.554076934
109.7,1,08:30:42.554654931
109.7,3,08:30:42.554669414
109.7,10,08:30:49.091756582
109.7,15,08:30:49.092173625
109.7,8,08:30:49.102718806
109.7,7,08:30:49.102841206
109.7,1,08:30:49.102841206
109.7,2,08:30:49.102841206
109.7,1,08:30:49.102865040
109.7,1,08:30:49.103343129
109.7,3,08:30:49.103387900
109.69,2,08:30:50.496726787
109.69,2,08:30:52.626349681
109.69,1,08:30:52.626431556
109.69,18,08:30:52.640628255
109.69,1,08:30:52.640954430
109.69,1,08:30:53.447696598
109.69,2,08:30:53.447696598
109.69,2,08:30:55.868786298
109.69,1,08:30:55.868786298
109.68,2,08:30:59.209447238
109.68,4,08:30:59.209447238
109.67,1,08:30:59.565028157
109.68,1,08:31:00.440737986
109.68,8,08:31:00.440753903
109.68,3,08:31:00.441259288
109.68,2,08:31:00.449467887
109.67,1,08:31:01.938770033
109.67,1,08:31:01.938861095
109.67,1,08:31:01.951498227
109.68,3,08:31:01.954132277
109.68,12,08:31:01.954132277
109.68,1,08:31:04.194453362
109.68,7,08:31:05.209897337
109.68,3,08:31:05.209897337
109.68,3,08:31:05.210684956
109.68,5,08:31:05.670801190
109.68,1,08:31:06.088348829
109.68,2,08:31:06.088374597
109.68,4,08:31:08.599868416
109.68,3,08:31:08.640134273
109.68,1,08:31:11.379113253
109.67,2,08:31:12.120073572
109.67,1,08:31:12.120073572
109.67,1,08:31:12.120087188
109.67,2,08:31:12.120087188
109.67,1,08:31:12.120101394
109.67,7,08:31:12.120101394
109.67,3,08:31:12.120101394
109.67,3,08:31:12.121694992
109.66,2,08:31:13.298099733
109.66,1,08:31:15.004028328
109.67,1,08:31:16.251261908
109.67,1,08:31:16.251389443
109.67,3,08:31:16.251407319
109.67,14,08:31:16.251407319
109.67,1,08:31:16.251407319
109.67,12,08:31:16.251407319
109.67,4,08:31:16.251422788
109.67,12,08:31:16.251422788
109.66,4,08:31:22.848146339
109.66,3,08:31:22.848146339
109.66,1,08:31:22.931113089
109.66,1,08:31:22.985216801
109.66,1,08:31:23.146409582
109.66,1,08:31:23.146758446
109.67,1,08:31:24.375945981
109.67,12,08:31:24.375945981
109.66,2,08:31:26.066325908
109.66,1,08:31:26.066436810
109.66,1,08:31:26.066921667
109.66,2,08:31:26.128670816
109.66,1,08:31:26.649281971
109.66,3,08:31:29.072172258
109.67,2,08:31:29.594627224
109.67,3,08:31:29.594627224
109.67,1,08:31:29.594627224
109.67,10,08:31:29.595053860
109.67,1,08:31:29.596700703
109.67,1,08:31:29.601024787
109.66,1,08:31:32.026001292
109.67,1,08:31:32.811497244
109.67,2,08:31:33.383486872
109.67,1,08:31:33.383577956
109.68,1,08:31:34.399976698
109.68,2,08:31:34.400477183
109.68,12,08:31:34.400492819
109.69,1,08:31:35.570382442
109.69,2,08:31:35.570959318
109.69,1,08:31:35.571274150
109.69,4,08:31:36.455472138
109.7,13,08:31:38.402486020
109.7,6,08:31:38.402486020
109.7,8,08:31:38.402486020
109.71,1,08:31:39.045189675
109.71,2,08:31:39.045189675
109.71,1,08:31:39.045280552
109.7,4,08:31:41.244707167
109.7,1,08:31:41.244707167
109.7,1,08:31:41.244826958
109.7,1,08:31:41.246850513
109.7,1,08:31:41.247398253
109.7,1,08:31:41.249530703
109.71,1,08:31:43.094963373
109.71,2,08:31:43.094963373
109.71,8,08:31:45.231431841
109.71,3,08:31:45.231755847
109.71,24,08:31:45.274648016
109.71,1,08:31:45.274665104
109.71,6,08:31:45.274665104
109.71,1,08:31:46.101218497
109.71,1,08:31:49.437623069
109.71,1,08:31:49.442127735
109.71,2,08:31:52.484512103
109.71,8,08:31:52.484838823
109.71,7,08:31:52.484838823
109.72,1,08:31:52.599890379
109.72,1,08:31:52.599906254
109.72,3,08:31:52.599906254
109.72,1,08:31:54.759550822
109.72,1,08:31:54.760285212
109.71,1,08:31:55.438813287
109.71,1,08:31:55.508027636
109.71,1,08:31:55.508051768
109.71,5,08:31:57.784481853
109.69,3,08:32:01.285386172
109.7,6,08:32:02.590224045
109.7,1,08:32:02.590928458
109.7,2,08:32:02.591832287
109.7,1,08:32:02.603188087
109.71,3,08:32:04.979658474
109.71,4,08:32:07.298903443
109.71,1,08:32:07.298918150
109.71,3,08:32:07.298918150
109.71,9,08:32:07.298918150
109.71,9,08:32:07.299050915
109.71,2,08:32:07.299065235
109.71,6,08:32:07.299079619
109.71,1,08:32:07.299079619
109.71,13,08:32:07.299535174
109.71,1,08:32:07.842249741
109.71,1,08:32:07.874232193
109.71,33,08:32:07.874551326
109.71,2,08:32:07.874566996
109.71,3,08:32:07.874791194
109.71,10,08:32:07.875200145
109.71,1,08:32:10.281757605
109.71,1,08:32:10.281771279
109.71,2,08:32:10.281854408
109.71,1,08:32:10.281873279
109.71,1,08:32:10.425175478
109.71,3,08:32:13.865210900
109.71,1,08:32:13.865210900
109.71,1,08:32:13.904808603
109.71,1,08:32:15.628608634
109.7,1,08:32:17.631858091
109.7,1,08:32:18.008347413
109.7,1,08:32:18.356239849
109.71,4,08:32:21.623674655
109.71,1,08:32:21.623780034
109.71,1,08:32:22.067794381
109.71,1,08:32:24.670143697
109.71,1,08:32:29.064756600
109.71,2,08:32:29.064773634
109.71,1,08:32:29.718024562
109.71,1,08:32:29.719392438
109.71,1,08:32:30.574170408
109.72,1,08:32:33.454594566
109.72,8,08:32:33.454861330
109.72,1,08:32:33.454876579
109.72,1,08:32:33.454890255
109.72,1,08:32:33.454905673
109.72,4,08:32:33.454905673
109.72,1,08:32:33.454921481
109.72,2,08:32:33.454921481
109.72,16,08:32:33.454934629
109.72,9,08:32:33.454948178
109.72,1,08:32:33.455253856
109.72,2,08:32:33.455833139
109.72,3,08:32:33.455848486
109.72,3,08:32:33.455898975
109.72,26,08:32:33.455912469
109.72,1,08:32:33.456036716
109.72,5,08:32:33.456369308
109.72,1,08:32:33.456396886
109.72,1,08:32:33.456597839
109.72,1,08:32:33.456667010
109.72,1,08:32:33.456801423
109.71,1,08:32:35.036159914
109.72,1,08:32:38.704441881
109.72,1,08:32:38.705704537
109.72,3,08:32:38.705704537
109.72,1,08:32:40.508246305
109.72,1,08:32:40.509225812
109.72,1,08:32:40.518464716
109.72,1,08:32:41.367046651
109.73,2,08:32:45.775665533
109.73,1,08:32:45.776108220
109.73,3,08:32:45.776108220
109.73,1,08:32:45.776242678
109.73,1,08:32:45.776263865
109.73,3,08:32:45.776263865
109.73,1,08:32:45.776471369
109.73,1,08:32:45.776606776
109.73,4,08:32:45.776639636
109.73,4,08:32:48.576830467
109.73,1,08:32:48.576846262
109.73,3,08:32:51.305213376
109.73,1,08:32:51.305213376
109.73,1,08:32:51.305792498
109.73,2,08:32:51.305792498
109.73,1,08:32:51.306213452
109.74,1,08:32:51.938223817
109.74,1,08:32:51.938385091
109.74,2,08:32:51.938409378
109.74,8,08:32:51.938409378
109.74,3,08:32:51.938409378
109.74,15,08:32:51.938409378
109.74,12,08:32:51.938409378
109.74,5,08:32:51.938427913
109.74,1,08:32:51.938427913
109.74,4,08:32:51.938427913
109.73,1,08:32:53.763137503
109.73,2,08:32:53.763137503
109.73,1,08:32:53.763157358
109.73,1,08:32:53.763718850
109.73,4,08:32:53.774388608
109.73,1,08:32:53.774649126
109.73,3,08:32:53.775089680
109.73,1,08:32:53.775234799
109.73,1,08:32:53.775514126
109.73,1,08:32:58.418878739
109.73,2,08:32:58.418892870
109.73,12,08:32:58.419089225
109.73,4,08:32:58.419113881
109.73,1,08:33:02.404354646
109.73,2,08:33:02.404561222
109.73,2,08:33:02.404662492
109.73,2,08:33:02.404678069
109.73,3,08:33:02.406599188
109.73,1,08:33:03.755403736
109.73,2,08:33:03.755403736
109.73,1,08:33:03.755539690
109.73,4,08:33:03.755539690
109.74,2,08:33:04.418678307
109.74,1,08:33:04.418678307
109.74,12,08:33:04.418802054
109.74,4,08:33:04.418819577
109.74,2,08:33:04.418819577
109.74,1,08:33:04.418819577
109.74,3,08:33:04.418819577
109.74,5,08:33:04.418819577
109.74,1,08:33:04.418834739
109.74,1,08:33:07.217991319
109.73,1,08:33:13.323692938
109.73,3,08:33:13.323692938
109.73,1,08:33:13.357431189
109.72,1,08:33:21.828676662
109.72,1,08:33:21.828764617
109.72,2,08:33:21.828764617
109.73,1,08:33:28.367385607
109.73,1,08:33:28.367721640
109.74,1,08:33:30.470602386
109.74,2,08:33:30.470620718
109.74,3,08:33:30.470620718
109.74,2,08:33:30.470992747
109.74,1,08:33:30.470992747
109.74,2,08:33:30.471333732
109.74,4,08:33:30.471497550
109.74,1,08:33:30.689557051
109.74,1,08:33:30.689659681
109.74,1,08:33:32.413039429
109.74,1,08:33:32.413162920
109.74,1,08:33:32.413180114
109.74,2,08:33:32.413180114
109.74,1,08:33:32.413195160
109.73,1,08:33:36.779290248
109.73,1,08:33:36.808939645
109.73,1,08:33:38.041833781
109.73,1,08:33:38.042131332
109.73,2,08:33:38.042146324
109.73,1,08:33:38.042230513
109.73,1,08:33:39.085192891
109.73,1,08:33:39.085454820
109.73,1,08:33:39.085468167
109.73,2,08:33:39.085601203
109.73,1,08:33:39.086395692
109.73,1,08:33:42.733754077
109.73,1,08:33:42.734041116
109.73,2,08:33:42.771128174
109.73,1,08:33:42.771270919
109.73,1,08:33:42.771299767
109.73,4,08:33:43.600861146
109.73,1,08:33:43.713611115
109.73,1,08:33:43.736483169
109.73,1,08:33:45.023569237
109.73,1,08:33:45.023582971
109.72,1,08:33:51.125468796
109.72,1,08:33:51.125548780
109.72,1,08:33:51.125956786
109.72,23,08:33:51.126103202
109.72,1,08:33:51.126103202
109.72,5,08:33:51.126135480
109.72,3,08:33:51.319717622
109.72,2,08:33:51.319717622
109.72,1,08:34:05.581593751
109.72,12,08:34:05.581888474
109.72,10,08:34:05.582065405
109.72,1,08:34:05.582396547
109.72,1,08:34:13.921395156
109.72,1,08:34:13.921763811
109.72,1,08:34:14.011707162
109.72,1,08:34:14.011722163
109.72,1,08:34:17.869206339
109.72,5,08:34:17.869413750
109.72,1,08:34:17.869590466
109.72,1,08:34:17.869781596
109.72,1,08:34:17.870032152
109.72,7,08:34:17.870243250
109.72,1,08:34:18.826436496
109.72,1,08:34:20.145864754
109.72,1,08:34:24.280636673
109.72,1,08:34:24.280661047
109.72,5,08:34:24.280678327
109.72,1,08:34:24.280692557
109.72,1,08:34:24.280706151
109.72,1,08:34:24.280720573
109.72,1,08:34:24.280738464
109.72,5,08:34:24.280755818
109.72,7,08:34:24.281070425
109.72,3,08:34:24.281112079
109.72,2,08:34:24.281128546
109.72,6,08:34:24.281307930
109.72,4,08:34:24.281324285
109.72,8,08:34:24.281364208
109.72,10,08:34:24.281380211
109.73,1,08:34:27.164783523
109.73,1,08:34:27.164797332
109.73,1,08:34:27.164935488
109.73,1,08:34:27.164967824
109.73,1,08:34:27.165525354
109.73,2,08:34:27.167810715
109.73,1,08:34:27.168002148
109.73,2,08:34:27.671979001
109.73,2,08:34:27.672815925
109.73,1,08:34:27.672930900
109.73,4,08:34:27.728468825
109.74,1,08:34:28.859445145
109.74,1,08:34:28.859524143
109.74,1,08:34:28.859925128
109.74,4,08:34:28.859925128
109.74,1,08:34:28.860012645
109.74,1,08:34:28.860040185
109.74,5,08:34:28.860370478
109.74,1,08:34:28.861679687
109.74,2,08:34:29.515436841
109.73,1,08:34:39.254274686
109.73,2,08:34:39.254295134
109.73,1,08:34:39.254295134
109.73,6,08:34:39.254295134
109.73,2,08:34:39.254522261
109.73,1,08:34:39.264906012
109.73,1,08:34:39.276599109
109.72,1,08:34:41.029446687
109.73,1,08:34:43.833598481
109.74,2,08:34:47.537878367
109.74,5,08:34:47.537898182
109.74,1,08:34:47.537914524
109.74,1,08:34:48.193271081
109.75,1,08:34:50.825438187
109.75,5,08:34:50.825580891
109.75,12,08:34:50.825598340
109.75,1,08:34:50.825598340
109.75,2,08:34:50.825598340
109.75,4,08:34:50.825614699
109.75,5,08:34:50.825614699
109.75,3,08:34:50.825614699
109.75,1,08:34:51.483461137
109.75,2,08:34:51.483547466
109.75,1,08:34:51.483547466
109.74,1,08:34:52.550509977
109.74,8,08:34:52.550536082
109.74,4,08:34:52.550536082
109.74,1,08:34:52.550536082
109.74,6,08:34:52.745628752
109.74,2,08:34:52.745658950
109.74,2,08:34:52.745671795
109.74,1,08:34:52.745687180
109.74,6,08:34:52.745700598
109.74,1,08:34:53.435025728
109.74,6,08:34:53.435194621
109.74,12,08:34:53.435194621
109.74,2,08:34:53.435210797
109.74,1,08:34:53.435210797
109.74,1,08:34:53.446113956
109.74,2,08:34:53.446231298
109.74,1,08:34:55.190489283
109.74,3,08:34:55.190588604
109.74,2,08:34:55.190604748
109.74,1,08:34:55.191123693
109.73,1,08:34:57.203056666
109.73,12,08:34:57.203186887
109.73,1,08:34:57.203186887
109.73,6,08:34:57.203209987
109.73,1,08:34:57.203795702
109.73,1,08:34:58.895656874
109.73,1,08:34:58.895670960
109.73,1,08:34:58.895781783
109.73,1,08:34:58.895808094
109.73,2,08:35:01.019038512
109.73,1,08:35:01.019038512
109.73,1,08:35:01.019149732
109.73,1,08:35:01.019165303
109.72,1,08:35:02.568787011
109.72,1,08:35:02.569273403
109.72,5,08:35:02.569273403
109.72,3,08:35:02.569789726
109.72,1,08:35:02.569789726
109.72,4,08:35:02.570045060
109.72,1,08:35:03.136391911
109.72,8,08:35:03.136391911
109.72,1,08:35:03.136409601
109.71,1,08:35:04.864101402
109.71,2,08:35:04.864101402
109.71,4,08:35:04.864123670
109.71,1,08:35:04.864123670
109.71,2,08:35:04.864123670
109.71,2,08:35:04.864312278
109.71,1,08:35:04.864326605
109.71,4,08:35:04.864326605
109.71,1,08:35:04.864435597
109.72,1,08:35:06.965799468
109.72,1,08:35:06.983574652
109.72,1,08:35:07.355522904
109.72,1,08:35:07.463109622
109.72,2,08:35:07.463109622
109.72,1,08:35:07.463123430
109.72,1,08:35:07.463156642
109.72,2,08:35:07.463169321
109.72,5,08:35:07.463182454
109.72,1,08:35:07.463376614
109.72,1,08:35:07.466855078
109.72,1,08:35:07.466869695
109.72,2,08:35:07.466903228
109.72,6,08:35:07.466930559
109.72,2,08:35:07.466985765
109.72,1,08:35:07.467139833
109.72,3,08:35:07.467153692
109.73,1,08:35:09.373746448
109.72,1,08:35:14.922658946
109.72,15,08:35:14.922675263
109.72,2,08:35:14.922691122
109.72,1,08:35:14.922713237
109.72,1,08:35:14.922735388
109.72,8,08:35:14.922763484
109.72,8,08:35:14.922824338
109.72,6,08:35:14.922838588
109.72,2,08:35:17.218528511
109.72,1,08:35:17.218622005
109.72,1,08:35:17.218639435
109.72,3,08:35:17.218639435
109.73,1,08:35:17.975510769
109.74,1,08:35:20.145162910
109.74,1,08:35:20.145263056
109.74,1,08:35:20.145279690
109.74,2,08:35:20.145279690
109.74,1,08:35:20.271356912
109.74,1,08:35:20.275660302
109.74,1,08:35:20.515918135
109.74,1,08:35:20.524113618
109.74,1,08:35:23.981646938
109.74,1,08:35:23.981814230
109.74,2,08:35:23.981836131
109.74,8,08:35:23.981836131
109.74,1,08:35:23.981836131
109.74,1,08:35:23.981854563
109.74,18,08:35:23.981854563
109.74,4,08:35:23.981854563
109.74,1,08:35:24.062693188
109.74,1,08:35:24.063148541
109.74,1,08:35:24.063161933
109.74,2,08:35:24.064449900
109.74,1,08:35:24.064546434
109.74,5,08:35:24.064561749
109.74,1,08:35:24.067020999
109.74,3,08:35:24.068260841
109.74,1,08:35:24.068260841
109.74,1,08:35:24.120156585
109.74,1,08:35:24.120172831
109.74,1,08:35:24.150201680
109.74,1,08:35:24.150276979
109.74,1,08:35:24.150418271
109.74,4,08:35:24.150418271
109.74,5,08:35:26.260514601
109.74,2,08:35:28.529555929
109.74,1,08:35:28.609760080
109.73,1,08:35:34.488718326
109.73,1,08:35:34.488740178
109.73,2,08:35:34.488740178
109.73,2,08:35:34.489191105
109.73,30,08:35:34.489191105
109.73,1,08:35:34.489191105
109.73,2,08:35:34.489516002
109.73,8,08:35:34.489651973
109.73,6,08:35:34.490145056
109.73,10,08:35:34.490638058
109.73,1,08:35:35.008595722
109.73,1,08:35:35.009504130
109.73,2,08:35:37.021026261
109.73,1,08:35:37.021026261
109.73,1,08:35:37.021183666
109.73,2,08:35:37.021199535
109.73,1,08:35:37.021199535
109.73,1,08:35:37.021218050
109.73,1,08:35:37.031626144
109.73,1,08:35:37.131561647
109.73,1,08:35:37.131871045
109.73,1,08:35:37.784464431
109.73,1,08:35:38.270194837
109.73,1,08:35:43.525712097
109.72,1,08:35:44.028754909
109.73,1,08:35:46.600238976
109.73,1,08:35:46.610854433
109.74,1,08:35:47.190299554
109.74,1,08:35:47.214575244
109.74,1,08:35:47.665654845
109.73,1,08:35:56.542794846
109.73,1,08:35:56.543240157
109.73,1,08:35:56.543255463
109.73,2,08:35:56.543275313
109.73,2,08:35:56.543294945
109.73,4,08:35:56.543312346
109.73,1,08:36:00.059089185
109.72,1,08:36:03.241758174
109.72,2,08:36:03.241758174
109.72,4,08:36:03.241758174
109.72,1,08:36:03.242128390
109.72,1,08:36:03.682189424
109.71,7,08:36:04.016737311
109.71,1,08:36:04.016737311
109.71,4,08:36:04.017310143
109.71,7,08:36:04.017344513
109.71,4,08:36:04.017344513
109.71,1,08:36:05.976183590
109.72,3,08:36:09.143815507
109.72,5,08:36:09.144003686
109.72,1,08:36:09.144151126
109.72,1,08:36:09.144170016
109.72,4,08:36:09.144170016
109.72,1,08:36:09.144729976
109.72,1,08:36:09.144863666
109.72,5,08:36:09.144879522
109.72,1,08:36:09.144921990
109.72,1,08:36:09.145426194
109.72,2,08:36:10.596212552
109.72,4,08:36:10.596721083
109.72,7,08:36:10.596948122
109.72,1,08:36:10.596962756
109.72,2,08:36:10.596979632
109.72,6,08:36:10.596998852
109.72,1,08:36:10.597138965
109.71,1,08:36:14.403627326
109.71,1,08:36:14.403716313
109.71,8,08:36:14.404413611
109.71,1,08:36:14.404413611
109.71,1,08:36:14.404440907
109.71,3,08:36:14.404440907
109.71,1,08:36:14.442610515
109.71,1,08:36:14.460161291
109.71,4,08:36:14.647074002
109.71,3,08:36:14.657905098
109.72,1,08:36:33.011148992
109.72,1,08:36:38.415960284
109.72,1,08:36:38.426671324
109.72,2,08:36:46.572519991
109.72,1,08:36:47.034292391
109.72,1,08:37:04.399770320
109.72,1,08:37:04.399784118
109.72,1,08:37:04.400141092
109.72,4,08:37:04.400141092
109.72,4,08:37:04.400163176
109.72,1,08:37:04.410162784
109.72,1,08:37:05.095220159
109.72,8,08:37:05.095511104
109.72,1,08:37:05.124294841
109.72,1,08:37:05.526904750
109.72,1,08:37:06.111418109
109.72,1,08:37:13.639573397
109.73,2,08:37:21.599645822
109.73,1,08:37:21.599645822
109.74,1,08:37:23.229696682
109.74,1,08:37:23.229769677
109.74,3,08:37:23.229785366
109.74,1,08:37:24.548412930
109.75,1,08:37:26.488052534
109.75,7,08:37:26.488160238
109.75,1,08:37:26.488160238
109.75,1,08:37:26.530852482
109.75,2,08:37:29.500341369
109.76,1,08:37:31.541548509
109.76,4,08:37:31.541637924
109.76,5,08:37:31.541637924
109.75,1,08:37:35.563278122
109.75,1,08:37:35.684776826
109.75,1,08:37:43.183318611
109.75,1,08:37:43.183379133
109.74,1,08:37:43.782074077
109.74,2,08:37:43.782196308
109.74,1,08:37:43.782220478
109.74,2,08:37:43.782220478
109.74,1,08:37:43.876015400
109.74,1,08:37:44.510076867
109.74,1,08:37:44.510092330
109.74,1,08:37:49.877815551
109.73,1,08:37:50.039608480
109.74,1,08:37:59.976602249
109.74,1,08:37:59.976863490
109.74,1,08:38:06.685239612
109.74,1,08:38:10.709899734
109.74,1,08:38:15.801680055
109.74,1,08:38:18.645190497
109.74,3,08:38:19.179240155
109.74,2,08:38:19.179240155
109.74,1,08:38:19.179395236
109.73,1,08:38:34.872729810
109.73,1,08:38:34.872764315
109.73,1,08:38:34.872787528
109.73,1,08:38:34.872804049
109.73,1,08:38:34.872832788
109.73,1,08:38:34.872854113
109.73,2,08:38:34.872871732
109.73,2,08:38:34.872886302
109.73,12,08:38:34.872903329
109.73,1,08:38:34.872923790
109.73,5,08:38:34.872950923
109.73,1,08:38:34.873728256
109.73,1,08:38:34.873743450
109.73,1,08:38:34.873780605
109.73,1,08:38:35.684450250
109.73,1,08:38:37.305618788
109.73,1,08:38:37.819413922
109.72,14,08:38:40.249945253
109.72,12,08:38:40.250092251
109.72,2,08:38:40.250113329
109.72,1,08:38:41.149730204
109.71,1,08:38:48.041756457
109.71,1,08:38:48.041770956
109.71,1,08:38:48.041908875
109.71,1,08:38:48.041924894
109.71,2,08:38:48.041924894
109.71,8,08:38:48.041940047
109.71,18,08:38:48.041940047
109.71,1,08:38:48.041960382
109.71,1,08:38:48.054129759
109.71,1,08:38:53.036837350
109.71,1,08:39:00.994900551
109.71,4,08:39:00.994900551
109.71,1,08:39:03.482370149
109.71,1,08:39:03.482387590
109.71,2,08:39:03.482791948
109.71,1,08:39:03.482791948
109.71,12,08:39:03.483512904
109.71,9,08:39:06.228232700
109.71,2,08:39:14.400401868
109.71,1,08:39:14.400401868
109.71,1,08:39:17.798031892
109.71,1,08:39:17.798211504
109.71,1,08:39:17.798237882
109.71,2,08:39:17.798237882
109.71,8,08:39:17.798237882
109.71,1,08:39:17.798254234
109.71,80,08:39:17.800654754
109.71,1,08:39:17.826272132
109.71,1,08:39:20.029886413
109.71,1,08:39:20.029967190
109.71,1,08:39:20.029986083
109.71,13,08:39:20.070081821
109.71,5,08:39:22.392007969
109.71,18,08:39:22.392286353
109.71,4,08:39:22.392401549
109.71,6,08:39:22.392931042
109.71,2,08:39:22.392931042
109.71,48,08:39:22.392975260
109.71,1,08:39:22.392975260
109.7,1,08:39:31.281037981
109.7,1,08:39:31.282158341
109.7,1,08:39:31.282359317
109.7,1,08:39:31.282374153
109.7,3,08:39:31.282387692
109.7,1,08:39:31.282401333
109.7,1,08:39:31.282418168
109.7,3,08:39:31.282418168
109.7,2,08:39:31.282790284
109.7,8,08:39:31.283336707
109.7,2,08:39:31.283367348
109.7,2,08:39:31.297190884
109.7,2,08:39:31.297206423
109.7,1,08:39:31.297323229
109.7,5,08:39:31.297399882
109.7,1,08:39:31.306860348
109.7,1,08:39:56.041300697
109.71,1,08:39:57.434924544
109.71,1,08:39:57.680040013
109.71,1,08:40:01.919061172
109.71,1,08:40:13.199941016
109.71,1,08:40:27.051653247
109.71,1,08:40:27.052305292
109.71,2,08:40:27.052305292
109.71,1,08:40:27.062267752
109.71,1,08:40:34.062013134
109.71,1,08:40:51.491110742
109.7,1,08:40:59.031699897
109.71,1,08:41:01.069899614
109.72,1,08:41:03.906450733
109.72,1,08:41:03.906466135
109.72,1,08:41:06.022356464
109.72,1,08:41:06.022374998
109.72,1,08:41:06.273236267
109.73,1,08:41:14.619781492
109.73,1,08:41:14.643671281
109.74,1,08:41:15.496203321
109.74,1,08:41:16.522464964
109.74,2,08:41:20.070535504
109.74,1,08:41:20.070616896
109.74,1,08:41:25.882513059
109.74,1,08:41:25.884167963
109.74,1,08:41:25.884268570
109.74,1,08:41:28.780274252
109.73,1,08:41:35.834099347
109.73,1,08:41:42.908344865
109.73,1,08:41:43.169544215
109.73,3,08:41:48.792713089
109.73,6,08:41:48.792928439
109.73,1,08:41:48.792972212
109.74,1,08:41:55.966352923
109.74,2,08:41:55.966591975
109.74,2,08:41:55.966607149
109.74,8,08:41:55.966607149
109.74,3,08:41:55.966607149
109.74,2,08:41:55.966620186
109.74,1,08:41:55.966754429
109.74,1,08:41:55.966768231
109.74,17,08:41:55.966783527
109.74,2,08:41:55.966783527
109.74,1,08:41:55.966783527
109.74,5,08:41:55.966797697
109.74,12,08:41:55.966988112
109.74,8,08:41:55.967003005
109.74,1,08:41:55.967003005
109.74,1,08:41:55.967017140
109.74,6,08:41:55.967017140
109.74,2,08:41:55.967031735
109.74,1,08:41:55.967452567
109.73,1,08:42:00.265039841
109.72,1,08:42:02.038891516
109.72,1,08:42:06.832674381
109.72,1,08:42:07.071202750
109.72,2,08:42:07.072864573
109.73,2,08:42:09.249713521
109.73,1,08:42:09.249713521
109.73,1,08:42:11.661391271
109.73,2,08:42:11.661391271
109.72,1,08:42:35.393555270
109.72,1,08:42:35.393950617
109.72,1,08:42:35.394519980
109.73,1,08:42:41.257599785
109.73,1,08:42:41.273480145
109.73,4,08:42:41.274195146
109.73,1,08:42:44.358821454
109.73,1,08:42:44.358985300
109.73,1,08:42:44.359011947
109.73,1,08:42:44.780650763
109.73,1,08:42:44.780667883
109.73,2,08:42:59.829348508
109.73,1,08:42:59.829348508
109.73,2,08:42:59.829456524
109.73,1,08:42:59.829474047
109.73,2,08:42:59.829474047
109.73,8,08:42:59.829474047
109.73,2,08:42:59.829488255
109.72,1,08:43:05.053609796
109.73,1,08:43:11.426000228
109.73,1,08:43:16.052138826
109.72,1,08:43:42.344171078
109.72,1,08:43:42.344521433
109.72,1,08:43:42.344535257
109.72,1,08:43:42.916668354
109.71,1,08:43:53.845700253
109.71,1,08:43:53.845714919
109.71,3,08:43:53.845851606
109.71,8,08:43:53.845866506
109.71,1,08:43:53.845866506
109.71,1,08:43:53.846125878
109.71,1,08:43:53.846144599
109.71,24,08:43:53.846144599
109.71,5,08:43:53.846144599
109.71,1,08:43:53.846158080
109.71,1,08:44:02.355002918
109.71,1,08:44:02.355587980
109.71,11,08:44:02.355764997
109.71,1,08:44:02.355780206
109.71,4,08:44:02.355794180
109.7,1,08:44:08.036423064
109.71,1,08:44:09.841908628
109.71,3,08:44:09.841908628
109.71,1,08:44:12.753203374
109.71,1,08:44:12.894787175
109.71,1,08:44:18.866929908
109.72,2,08:44:26.890257348
109.72,1,08:44:26.890257348
109.73,1,08:44:30.640519061
109.73,1,08:44:33.509412345
109.73,1,08:44:36.265019112
109.73,1,08:44:38.791072552
109.73,1,08:44:38.801679738
109.73,5,08:44:47.601212644
109.73,5,08:44:47.611957065
109.73,1,08:44:47.622615956
109.73,2,08:44:47.622615956
109.73,1,08:44:47.622699383
109.73,5,08:44:47.634157177
109.73,3,08:44:47.644645982
109.73,2,08:44:47.644645982
109.73,1,08:44:47.655354429
109.73,1,08:44:47.655373642
109.73,3,08:44:47.655707951
109.73,2,08:44:47.666290794
109.73,1,08:44:47.666290794
109.73,2,08:44:47.780023953
109.73,2,08:44:47.780227463
109.73,1,08:44:47.780345008
109.73,2,08:44:47.790859068
109.73,1,08:44:47.790859068
109.74,1,08:44:52.617395138
109.74,3,08:44:52.617408872
109.74,1,08:44:52.617408872
109.74,3,08:44:52.617422956
109.74,1,08:44:52.617437564
109.74,3,08:44:52.617437564
109.74,1,08:44:52.617560067
109.74,1,08:44:56.847007803
109.74,5,08:44:56.847026146
109.74,3,08:44:56.847057247
109.74,1,08:44:56.847071032
109.74,1,08:44:56.847537214
109.74,1,08:44:56.847551659
109.74,1,08:45:02.617795473
109.74,4,08:45:02.617795473
109.73,1,08:45:11.039852922
109.74,1,08:45:16.419925048
109.74,1,08:45:17.235643026
109.74,1,08:45:17.235868403
109.74,1,08:45:24.770567088
109.73,1,08:45:29.972514995
109.73,1,08:45:29.972619823
109.73,4,08:45:29.972636029
109.73,1,08:45:29.972636029
109.73,2,08:45:33.758316930
109.73,8,08:45:33.759023309
109.73,6,08:45:33.759275960
109.73,1,08:45:33.759497075
109.74,1,08:45:36.731883173
109.73,1,08:45:47.136320211
109.73,1,08:45:47.136439040
109.73,3,08:45:47.136761529
109.73,1,08:45:47.136761529
109.73,1,08:45:50.188327713
109.73,10,08:45:50.188343831
109.73,1,08:45:50.188343831
109.73,8,08:45:50.188343831
109.73,11,08:45:50.188611185
109.73,9,08:45:50.188626343
109.73,1,08:45:50.491748021
109.73,1,08:45:53.295508096
109.73,2,08:46:01.357437161
109.73,1,08:46:01.357437161
109.73,1,08:46:01.357529228
109.73,1,08:46:11.182290879
109.73,1,08:46:11.182305090
109.73,1,08:46:11.182404290
109.73,1,08:46:11.182422371
109.73,7,08:46:11.182422371
109.73,1,08:46:11.182790411
109.72,1,08:46:14.035834416
109.73,1,08:46:18.443728875
109.74,1,08:46:38.253188024
109.74,1,08:46:38.367677358
109.74,1,08:46:52.962362688
109.74,1,08:46:52.962548444
109.74,2,08:46:52.962563311
109.74,1,08:46:52.962563311
109.74,5,08:46:52.962577084
109.74,1,08:46:52.962755750
109.74,1,08:46:52.962770985
109.74,8,08:46:52.962770985
109.74,5,08:46:52.962770985
109.74,1,08:46:52.963028137
109.74,1,08:46:52.963058633
109.74,12,08:46:52.963058633
109.73,1,08:47:17.038173890
109.74,1,08:47:25.431432871
109.74,8,08:47:25.431605037
109.74,1,08:47:25.431620452
109.74,4,08:47:25.431620452
109.74,8,08:47:25.431800231
109.74,6,08:47:25.453304806
109.74,14,08:47:25.480288095
109.74,4,08:47:25.480512661
109.74,12,08:47:25.480749240
109.74,4,08:47:25.481131172
109.74,10,08:47:25.481436075
109.74,1,08:47:30.347375825
109.74,12,08:47:30.347393716
109.74,1,08:47:30.347918391
109.74,1,08:47:50.746178032
109.74,1,08:47:50.746198294
109.74,1,08:47:50.756757091
109.73,1,08:48:06.598637961
109.73,1,08:48:06.598807634
109.73,1,08:48:06.598832914
109.73,1,08:48:06.621957114
109.73,1,08:48:10.366065917
109.73,2,08:48:10.366065917
109.73,1,08:48:10.366257255
109.73,1,08:48:10.366271171
109.73,1,08:48:10.366287921
109.73,8,08:48:10.366287921
109.73,5,08:48:10.476060174
109.73,18,08:48:10.476346452
109.73,10,08:48:10.476587499
109.73,17,08:48:10.476692289
109.73,1,08:48:13.240585238
109.73,2,08:48:13.494460947
109.73,1,08:48:20.040687273
109.73,1,08:48:24.850241968
109.73,25,08:48:24.850445395
109.73,25,08:48:25.648238173
109.73,1,08:48:27.572819349
109.73,24,08:48:27.573118866
109.73,1,08:48:27.584229949
109.73,2,08:48:27.584229949
109.73,12,08:48:27.584229949
109.73,1,08:48:27.584344096
109.73,1,08:48:27.584364538
109.73,2,08:48:27.584364538
109.73,3,08:48:27.584364538
109.73,8,08:48:27.598022034
109.73,1,08:48:27.598022034
109.73,1,08:48:27.598135205
109.73,1,08:48:27.598152300
109.73,8,08:48:27.598595295
109.73,1,08:48:27.609354314
109.73,1,08:48:27.609552020
109.73,23,08:48:27.609654756
109.72,1,08:48:35.240670875
109.72,1,08:48:35.240684750
109.72,2,08:48:35.240825345
109.72,1,08:48:35.240839351
109.72,1,08:48:35.240854797
109.72,1,08:48:35.240867866
109.72,2,08:48:35.240886507
109.72,1,08:48:35.240886507
109.72,2,08:48:35.242125216
109.72,1,08:48:35.264012397
109.73,4,08:48:53.351939797
109.73,2,08:48:53.351960837
109.73,1,08:48:53.351960837
109.73,1,08:48:53.362629406
109.73,2,08:48:58.562983824
109.73,1,08:48:58.562983824
109.73,1,08:49:01.282569708
109.73,3,08:49:01.282569708
109.73,2,08:49:01.282590354
109.73,1,08:49:01.282590354
109.73,4,08:49:02.395447426
109.73,6,08:49:02.395447426
109.73,50,08:49:02.395540863
109.73,1,08:49:02.395557017
109.73,1,08:49:04.849322864
109.73,2,08:49:08.802660469
109.73,3,08:49:08.802745375
109.73,8,08:49:08.802764034
109.73,1,08:49:08.802764034
109.72,1,08:49:16.321879797
109.72,1,08:49:16.321894479
109.72,1,08:49:16.321910748
109.72,2,08:49:16.321910748
109.72,1,08:49:16.374522022
109.72,1,08:49:16.374536821
109.72,1,08:49:16.374550741
109.72,1,08:49:16.374566405
109.72,1,08:49:16.374853164
109.72,1,08:49:16.374875509
109.72,1,08:49:18.080613931
109.72,1,08:49:23.025587464
109.73,28,08:49:23.805448185
109.73,2,08:49:23.805755140
109.73,16,08:49:23.805770027
109.73,3,08:49:23.806019537
109.73,5,08:49:23.806019537
109.73,19,08:49:23.806041467
109.73,1,08:49:23.806041467
109.73,13,08:49:23.806041467
109.73,1,08:49:37.829654958
109.73,1,08:49:40.070307192
109.74,1,08:49:47.549827976
109.74,8,08:49:47.549995903
109.74,12,08:49:47.550009439
109.74,1,08:49:47.550023951
109.74,5,08:49:47.550023951
109.74,1,08:49:47.550201714
109.74,2,08:49:47.550216739
109.74,20,08:49:47.550216739
109.74,1,08:49:47.550216739
109.74,5,08:49:47.550230198
109.74,3,08:49:47.550364351
109.74,5,08:49:47.550392505
109.74,1,08:49:47.550392505
109.74,5,08:49:47.550513699
109.74,25,08:49:47.550611669
109.74,3,08:49:48.041383519
109.74,1,08:49:48.041383519
109.74,3,08:49:48.041474706
109.74,1,08:49:48.041495167
109.74,74,08:49:51.912495585
109.74,16,08:49:51.913272615
109.74,1,08:49:51.913466848
109.74,1,08:49:59.705822839
109.74,1,08:50:00.194886814
109.73,1,08:50:02.519506115
109.73,8,08:50:02.519506115
109.73,1,08:50:02.519622512
109.73,1,08:50:02.519637885
109.72,2,08:50:06.931586135
109.72,1,08:50:06.931780842
109.72,5,08:50:06.931795460
109.72,1,08:50:06.931795460
109.72,1,08:50:06.931810003
109.72,8,08:50:06.931810003
109.72,1,08:50:06.931956077
109.72,2,08:50:06.931982835
109.72,1,08:50:06.931982835
109.72,1,08:50:06.932586371
109.72,1,08:50:06.932645100
109.72,14,08:50:06.932739651
109.72,7,08:50:06.932810582
109.72,1,08:50:07.722554569
109.72,1,08:50:09.510601074
109.72,1,08:50:09.510698142
109.72,1,08:50:09.510723492
109.72,8,08:50:09.510723492
109.72,1,08:50:09.521167527
109.72,21,08:50:11.458305021
109.72,4,08:50:11.458321827
109.72,11,08:50:11.459086020
109.72,7,08:50:11.459086020
109.72,1,08:50:11.459101709
109.71,1,08:50:14.319320284
109.71,1,08:50:14.319429409
109.71,2,08:50:14.319448971
109.71,4,08:50:14.319448971
109.71,1,08:50:14.319448971
109.71,1,08:50:14.858865027
109.71,1,08:50:14.990211135
109.71,24,08:50:18.199806319
109.71,1,08:50:18.199959180
109.71,2,08:50:18.199976012
109.71,5,08:50:18.199976012
109.71,1,08:50:18.199976012
109.71,1,08:50:18.200844187
109.71,2,08:50:18.201580292
109.71,6,08:50:18.201822215
109.71,1,08:50:18.224037223
109.71,8,08:50:19.013667433
109.71,1,08:50:19.013742354
109.7,1,08:50:26.026840271
109.71,1,08:50:31.703219152
109.71,8,08:50:31.703235635
109.71,1,08:50:31.704126261
109.71,4,08:50:31.704126261
109.71,1,08:50:33.866339307
109.71,2,08:50:33.866651978
109.71,1,08:50:33.866651978
109.7,1,08:50:40.091504754
109.7,1,08:50:40.091519697
109.7,1,08:50:40.092155429
109.7,8,08:50:40.092155429
109.7,1,08:50:40.092178650
109.7,1,08:50:40.092201783
109.7,1,08:50:40.129105477
109.7,1,08:50:45.522091558
109.7,1,08:50:45.522178835
109.7,4,08:50:46.430832735
109.7,3,08:50:46.431451132
109.7,1,08:50:46.431465544
109.7,1,08:50:46.431479672
109.7,1,08:50:46.431494453
109.7,2,08:50:46.431555016
109.7,2,08:50:46.431571307
109.7,1,08:50:46.431588168
109.7,1,08:50:46.431617515
109.7,1,08:50:46.431633970
109.7,1,08:50:46.432467332
109.7,14,08:50:46.432467332
109.7,8,08:50:46.432467332
109.7,1,08:50:46.433669607
109.7,2,08:50:46.433872390
109.7,8,08:50:46.434028250
109.7,2,08:50:46.434058176
109.7,1,08:50:46.434076627
109.7,1,08:50:46.434272393
109.7,1,08:50:46.434461612
109.7,1,08:50:46.434735260
109.7,1,08:50:51.175601858
109.7,1,08:50:51.176530846
109.7,1,08:50:52.914853502
109.71,1,08:51:09.556493267
109.71,1,08:51:09.556802239
109.71,1,08:51:29.049954323
109.71,7,08:51:36.139176405
109.71,4,08:51:36.139590498
109.71,1,08:51:36.139590498
109.71,5,08:51:36.139606014
109.71,1,08:51:40.097860990
109.71,1,08:51:49.847366554
109.71,1,08:51:49.847627850
109.71,1,08:51:49.847869616
109.71,1,08:51:49.848360186
109.71,1,08:51:49.848860851
109.71,1,08:51:49.849529266
109.71,4,08:51:49.849609535
109.71,4,08:51:49.849730575
109.71,1,08:51:49.849748722
109.71,10,08:51:49.849748722
109.71,1,08:51:49.849882354
109.71,1,08:51:49.849899816
109.71,1,08:51:49.850010053
109.71,2,08:51:49.850010053
109.71,1,08:51:49.850158988
109.71,2,08:51:49.850158988
109.71,4,08:51:49.850158988
109.71,3,08:51:49.850282692
109.71,2,08:51:49.850374344
109.71,14,08:51:49.927790203
109.71,12,08:51:50.187783855
109.71,1,08:51:53.938943099
109.71,19,08:51:53.939601265
109.71,12,08:51:53.939601265
109.71,1,08:51:54.647230659
109.71,1,08:51:54.647316734
109.71,1,08:51:54.647425140
109.71,1,08:51:58.288047312
109.72,1,08:52:11.461588898
109.72,2,08:52:11.461761275
109.72,2,08:52:11.461871828
109.72,1,08:52:11.461889797
109.72,1,08:52:11.462395866
109.72,1,08:52:11.462430353
109.72,4,08:52:11.462430353
109.72,1,08:52:17.488834342
109.72,1,08:52:17.488920467
109.72,1,08:52:17.489148326
109.72,1,08:52:17.489366672
109.72,1,08:52:17.489495868
109.72,4,08:52:17.489495868
109.72,1,08:52:17.818371239
109.72,1,08:52:22.501450454
109.72,1,08:52:22.512091501
109.73,1,08:52:27.769199873
109.73,1,08:52:32.051321062
109.73,1,08:52:39.299999235
109.73,1,08:52:42.405041391
109.73,1,08:52:43.010360877
109.73,1,08:52:52.020717260
109.73,1,08:52:52.020819698
109.73,1,08:52:52.020840610
109.74,2,08:52:55.256841400
109.74,1,08:52:55.256855224
109.74,1,08:52:55.257030593
109.74,1,08:52:55.257045242
109.74,9,08:52:55.257045242
109.74,12,08:52:55.257059077
109.74,20,08:52:55.257059077
109.74,2,08:52:55.257271377
109.74,2,08:52:56.655822389
109.74,2,08:52:56.655836648
109.74,1,08:52:56.655851189
109.74,1,08:52:56.655871688
109.74,1,08:52:56.655886034
109.74,1,08:52:56.655901048
109.74,8,08:52:56.655914334
109.74,1,08:52:56.655927989
109.74,1,08:52:56.655941661
109.74,12,08:52:56.655955511
109.74,18,08:52:56.655974426
109.74,1,08:52:57.745782260
109.74,1,08:52:57.747023785
109.74,1,08:52:58.556365657
109.74,1,08:53:04.912818194
109.74,1,08:53:07.291779907
109.74,1,08:53:07.302413223
109.74,1,08:53:10.928476086
109.75,2,08:53:20.412801578
109.75,1,08:53:20.412821831
109.75,2,08:53:20.412821831
109.75,6,08:53:30.745273335
109.75,4,08:53:30.745767790
109.75,1,08:53:30.745781671
109.75,1,08:53:30.745796186
109.75,6,08:53:30.745821367
109.75,2,08:53:30.745837348
109.75,4,08:53:30.745858957
109.75,1,08:53:30.745929934
109.75,1,08:53:30.745972938
109.75,1,08:53:31.025651374
109.75,1,08:53:32.791277763
109.75,1,08:53:34.114235889
109.75,1,08:53:35.056247622
109.75,1,08:53:36.543428583
109.75,1,08:53:46.513299659
109.75,10,08:53:46.513759892
109.75,2,08:53:46.513759892
109.75,4,08:53:46.514151929
109.75,1,08:53:46.514151929
109.75,2,08:53:46.514273194
109.75,1,08:53:46.514273194
109.75,1,08:53:46.514387779
109.75,5,08:53:46.514501747
109.75,5,08:53:46.514704309
109.75,1,08:53:46.514704309
109.75,5,08:53:46.515564667
109.75,6,08:53:46.515665089
109.75,24,08:53:46.517973546
109.75,1,08:53:52.796737312
109.75,1,08:53:52.796848880
109.75,1,08:53:55.580086530
109.75,1,08:54:00.962553989
109.74,1,08:54:06.864590763
109.74,1,08:54:06.864712263
109.74,8,08:54:06.864735819
109.74,1,08:54:06.864735819
109.74,1,08:54:14.857542047
109.74,1,08:54:14.857558373
109.74,1,08:54:14.857806293
109.74,1,08:54:14.884657650
109.74,1,08:54:14.884674031
109.74,1,08:54:14.885209345
109.74,1,08:54:14.885969211
109.74,1,08:54:20.454795717
109.74,4,08:54:20.454857474
109.74,4,08:54:23.610869434
109.74,1,08:54:23.611074582
109.74,1,08:54:23.611092940
109.74,12,08:54:23.611113104
109.74,5,08:54:23.611113104
109.74,1,08:54:23.611113104
109.74,4,08:54:23.611113104
109.74,18,08:54:23.611113104
109.74,1,08:54:23.611498934
109.74,1,08:54:23.611540457
109.74,8,08:54:23.612164277
109.74,6,08:54:23.612229701
109.74,10,08:54:23.612276908
109.74,1,08:54:23.621661905
109.74,4,08:54:23.622251165
109.74,4,08:54:23.622342550
109.75,1,08:54:24.995546820
109.75,1,08:54:24.995560749
109.75,1,08:54:24.995584672
109.75,8,08:54:24.995608509
109.75,5,08:54:24.995621975
109.75,1,08:54:24.995637047
109.75,12,08:54:24.996264781
109.75,5,08:54:24.996282150
109.75,2,08:54:24.996303136
109.75,20,08:54:24.996324166
109.75,1,08:54:24.996349465
109.75,2,08:54:24.996364537
109.75,2,08:54:24.996387616
109.75,3,08:54:24.996403302
109.75,3,08:54:24.996427148
109.75,8,08:54:24.996664179
109.75,1,08:54:24.996689194
109.75,10,08:54:24.997854680
109.75,1,08:54:26.629722439
109.75,2,08:54:26.629722439
109.75,1,08:54:26.629814759
109.74,1,08:54:38.039714649
109.75,1,08:54:39.408331388
109.75,4,08:54:39.408515906
109.75,3,08:54:39.408617321
109.75,18,08:54:39.408896660
109.75,9,08:54:39.409010056
109.75,1,08:54:39.409429889
109.75,1,08:54:49.398456633
109.75,1,08:54:49.398471305
109.75,2,08:54:49.398485596
109.75,1,08:54:49.398499932
109.75,1,08:54:49.398513522
109.75,1,08:54:49.398697743
109.75,8,08:54:49.398697743
109.75,1,08:54:49.398719711
109.75,1,08:54:49.398734367
109.75,1,08:54:49.398749030
109.75,1,08:54:49.398763503
109.75,1,08:54:50.497936592
109.75,2,08:54:50.519635596
109.75,1,08:54:50.519635596
109.75,1,08:54:54.992778405
109.75,3,08:54:55.016976309
109.75,1,08:54:55.016976309
109.75,1,08:54:56.909802208
109.75,8,08:54:56.909957091
109.75,20,08:54:56.909978986
109.75,1,08:55:03.389814578
109.75,2,08:55:03.503549974
109.75,1,08:55:03.503549974
109.75,1,08:55:09.060699570
109.75,2,08:55:09.060838591
109.75,1,08:55:14.290014252
109.75,1,08:55:14.290116439
109.74,1,08:55:36.376535981
109.74,1,08:55:36.573975630
109.74,1,08:55:39.424409584
109.74,1,08:55:41.027565365
109.74,3,08:55:48.535236164
109.74,8,08:55:48.535236164
109.74,6,08:55:48.535236164
109.74,10,08:55:48.535254404
109.74,6,08:55:48.535254404
109.74,2,08:55:48.535254404
109.74,1,08:55:48.535658937
109.74,2,08:55:48.535658937
109.74,10,08:55:48.535716473
109.74,1,08:55:48.535861820
109.74,1,08:55:48.570338948
109.74,2,08:55:48.673431502
109.74,1,08:55:48.673758350
109.74,2,08:55:49.229990673
109.74,1,08:55:49.258147876
109.74,1,08:55:49.258403105
109.74,1,08:55:49.286685319
109.74,3,08:55:49.286685319
109.74,1,08:55:49.379941845
109.74,1,08:55:49.380146996
109.74,2,08:55:49.408101356
109.75,1,08:55:57.010011087
109.75,1,08:55:57.010477704
109.75,1,08:55:57.010495499
109.73,1,08:56:28.641037292
109.73,2,08:56:28.641275287
109.73,1,08:56:29.545823335
109.73,1,08:56:29.545905362
109.73,2,08:56:29.583375113
109.73,1,08:56:29.583571721
109.73,1,08:56:44.037734192
109.73,1,08:56:47.713700117
109.73,1,08:56:47.741598799
109.73,3,08:56:53.519562376
109.73,1,08:56:58.517720123
109.73,1,08:56:58.518278477
109.73,1,08:56:58.518296682
109.73,2,08:56:58.546095556
109.73,1,08:56:58.662094185
109.73,1,08:56:58.662354637
109.73,1,08:56:58.662461981
109.73,1,08:56:58.702594645
109.73,2,08:57:05.453915173
109.73,1,08:57:05.453915173
109.73,1,08:57:05.475500404
109.73,1,08:57:05.481839439
109.73,1,08:57:05.538024897
109.73,1,08:57:05.644048228
109.73,2,08:57:05.644150869
109.73,1,08:57:05.671879320
109.73,1,08:57:05.699659717
109.73,3,08:57:05.865655384
109.73,2,08:57:06.356192918
109.73,1,08:57:06.384040284
109.73,1,08:57:07.916670268
109.73,1,08:57:07.944319384
109.73,1,08:57:09.096988176
109.73,2,08:57:10.454990202
109.73,1,08:57:10.455071325
109.73,3,08:57:25.652509406
109.73,1,08:57:25.652609716
109.73,1,08:57:25.667157490
109.73,1,08:57:25.667261669
109.73,2,08:57:25.667487425
109.73,1,08:57:25.667487425
109.73,1,08:57:25.667662295
109.73,1,08:57:25.676275742
109.73,1,08:57:25.680194270
109.73,1,08:57:25.680273850
109.73,2,08:57:25.746538531
109.73,3,08:57:27.832945902
109.73,1,08:57:27.863029467
109.73,1,08:57:27.890420920
109.73,5,08:57:27.917884191
109.73,1,08:57:27.917963653
109.73,1,08:57:27.918531860
109.73,2,08:57:27.974310468
109.73,2,08:57:31.866810926
109.73,1,08:57:31.866904080
109.73,1,08:57:31.866921418
109.73,2,08:57:31.866921418
109.73,1,08:57:32.870426198
109.73,1,08:57:32.870571869
109.73,1,08:57:32.907691727
109.73,1,08:57:36.866755441
109.73,1,08:57:42.351478344
109.73,1,08:57:42.351571412
109.73,1,08:57:42.379576275
109.73,2,08:57:46.640921669
109.73,2,08:57:46.668406876
109.73,1,08:57:46.673509841
109.73,2,08:57:46.696175941
109.73,1,08:57:47.030379722
109.73,3,08:57:51.273768580
109.73,1,08:57:51.273768580
109.73,3,08:57:51.587715561
109.73,2,08:57:57.814272509
109.73,1,08:57:57.814510233
109.73,3,08:57:57.827762552
109.73,12,08:57:57.828057314
109.73,2,08:57:57.843617227
109.73,1,08:57:57.871067593
109.73,6,08:57:57.871193111
109.73,1,08:57:57.871211517
109.73,1,08:57:57.871229680
109.73,2,08:57:57.927618728
109.73,1,08:57:57.954668903
109.73,2,08:57:57.954668903
109.73,1,08:57:57.982179246
109.73,1,08:57:57.982260196
109.73,3,08:57:58.066289640
109.73,1,08:57:58.095344540
109.73,1,08:57:58.122114591
109.73,1,08:57:58.122302390
109.73,1,08:57:58.152378243
109.73,2,08:57:58.207940943
109.73,3,08:58:03.200774362
109.73,1,08:58:03.200871072
109.73,2,08:58:09.412440559
109.73,1,08:58:09.412572396
109.73,1,08:58:09.412588233
109.73,1,08:58:09.412608720
109.73,7,08:58:09.412608720
109.74,1,08:58:43.197326544
109.74,2,08:58:43.500168314
109.74,1,08:58:43.500285499
109.74,1,08:58:43.500301122
109.74,6,08:58:43.500301122
109.74,1,08:58:43.500319390
109.74,13,08:58:45.645624282
109.74,6,08:58:45.645639670
109.74,1,08:58:48.240031834
109.74,1,08:58:48.240193872
109.74,2,08:58:48.240208829
109.74,1,08:58:50.029890727
109.74,1,08:59:04.897386135
109.74,2,08:59:04.897556528
109.74,1,08:59:04.897572115
109.74,2,08:59:04.897572115
109.74,6,08:59:04.897572115
109.74,2,08:59:04.897845248
109.74,1,08:59:04.897845248
109.74,8,08:59:04.897860022
109.74,1,08:59:04.897860022
109.74,5,08:59:04.897860022
109.74,18,08:59:04.898035616
109.74,1,08:59:12.094469520
109.74,1,08:59:12.095097331
109.74,1,08:59:12.095126730
109.74,2,08:59:21.084954567
109.74,1,08:59:28.528551828
109.74,3,08:59:28.528780044
109.74,6,08:59:28.528888548
109.74,1,08:59:28.529423094
109.74,1,08:59:30.188049274
109.74,1,08:59:30.188142311
109.74,1,08:59:30.198782782
109.73,1,08:59:53.029807894
109.74,3,08:59:55.181770593
109.74,1,08:59:55.181770593
109.74,1,08:59:55.181844366
109.74,1,08:59:55.182048152
109.74,5,08:59:55.182210250
109.74,1,08:59:55.182361239
109.74,11,08:59:55.182782122
109.74,2,08:59:55.182894020
109.74,1,08:59:55.182912640
109.74,3,08:59:55.182957040
109.74,8,08:59:55.182981376
109.74,2,08:59:55.183023649
109.74,1,08:59:55.183039459
109.74,8,08:59:55.204773357
109.74,33,08:59:55.204796567
109.74,1,08:59:55.204828804
109.74,1,08:59:55.204845143
109.74,2,08:59:55.204859159
109.74,1,08:59:55.204879146
109.74,2,08:59:55.205406054
109.74,1,08:59:55.205653441
109.74,3,08:59:55.263974535
109.74,1,08:59:55.263988151
109.74,8,08:59:55.264002334
109.74,1,08:59:55.264016593
109.74,1,08:59:55.264030244
109.74,1,08:59:55.264044343
109.74,1,08:59:55.264058919
109.74,1,08:59:55.264074071
109.74,1,08:59:55.264088081
109.74,1,08:59:55.264251847
109.74,4,08:59:55.264539028
109.75,1,08:59:56.769959243
109.75,5,08:59:56.769959243
109.75,3,08:59:56.769959243
109.75,4,08:59:56.769959243
109.75,1,08:59:56.769982556
109.75,1,08:59:56.773252645
109.75,2,08:59:56.775492742
109.75,8,08:59:56.775708505
109.75,2,08:59:56.775914774
109.75,2,08:59:56.778638061
109.75,2,08:59:56.778654286
109.75,2,08:59:56.782290765
109.75,2,08:59:56.784106463
109.75,2,08:59:56.784352514
109.75,1,08:59:56.784459295
109.74,1,09:00:01.069271008
109.73,1,09:00:10.879128458
109.73,1,09:00:10.879623695
109.72,18,09:00:30.164751994
109.72,4,09:00:30.165128419
109.72,1,09:00:34.939642966
109.72,1,09:00:34.940056835
109.72,1,09:00:34.940148489
109.72,4,09:00:34.940878124
109.72,1,09:00:36.821037420
109.72,1,09:00:36.821052885
109.73,1,09:00:44.833027071
109.73,1,09:00:44.833479202
109.73,12,09:00:44.833580443
109.73,1,09:00:44.833617209
109.73,19,09:00:44.834668306
109.73,1,09:00:57.029314044
109.73,1,09:01:04.092210140
109.73,1,09:01:04.290698664
109.73,11,09:01:24.783494554
109.73,2,09:01:24.783842595
109.73,1,09:01:42.204046509
109.73,1,09:01:42.204141264
109.73,6,09:01:42.204497123
109.74,1,09:01:45.360613942
109.74,8,09:01:45.360613942
109.74,1,09:01:45.360786117
109.74,1,09:01:45.360800562
109.74,1,09:01:45.360815263
109.74,2,09:01:45.360815263
109.74,1,09:01:45.360830504
109.74,2,09:01:45.360830504
109.74,1,09:01:45.360846175
109.74,2,09:01:45.406955868
109.74,1,09:01:45.406955868
109.74,2,09:01:51.406909721
109.74,1,09:01:51.407034864
109.74,4,09:01:51.407556063
109.74,12,09:01:51.407574828
109.74,1,09:01:51.407574828
109.74,2,09:01:51.407658447
109.74,2,09:01:52.157015034
109.74,9,09:01:52.157233690
109.74,2,09:01:56.320608387
109.73,1,09:02:00.027812721
109.74,2,09:02:02.261183043
109.74,1,09:02:02.261183043
109.74,1,09:02:02.261358854
109.74,1,09:02:02.261373462
109.74,8,09:02:02.261373462
109.74,1,09:02:02.261388451
109.74,2,09:02:02.261388451
109.74,1,09:02:02.261406918
109.74,1,09:02:02.261422105
109.73,2,09:02:20.017400627
109.73,2,09:02:20.017415724
109.73,1,09:02:20.017463824
109.73,8,09:02:20.017483021
109.73,2,09:02:20.028014307
109.73,2,09:02:20.028282989
109.74,1,09:02:20.529921780
109.74,2,09:02:20.530109424
109.74,8,09:02:20.530124599
109.74,1,09:02:20.530124599
109.74,1,09:02:20.530138309
109.74,1,09:02:20.530154428
109.74,1,09:02:20.530168892
109.74,1,09:02:20.530183961
109.74,1,09:02:20.530199823
109.74,1,09:02:20.530214108
109.74,1,09:02:20.530228325
109.74,1,09:02:20.530245439
109.74,5,09:02:20.530394531
109.74,3,09:02:20.530413536
109.74,1,09:02:20.530427664
109.74,1,09:02:20.530445258
109.74,5,09:02:20.530459869
109.74,1,09:02:20.530473766
109.74,10,09:02:20.530493805
109.73,1,09:03:03.033773258
109.73,31,09:03:03.681569822
109.73,5,09:03:03.681584174
109.73,1,09:03:03.681605061
109.73,1,09:03:03.681640421
109.73,1,09:03:03.681660977
109.73,1,09:03:03.681678139
109.73,2,09:03:03.681692421
109.73,5,09:03:03.681713381
109.73,3,09:03:03.681728071
109.74,11,09:03:22.759651797
109.74,12,09:03:22.759894282
109.74,2,09:03:22.759908356
109.74,1,09:03:22.759923971
109.74,1,09:03:22.759942282
109.74,10,09:03:22.759942282
109.74,4,09:03:22.759956336
109.74,1,09:03:22.760037351
109.74,24,09:03:22.760054756
109.74,3,09:03:22.760069909
109.74,1,09:03:22.760069909
109.74,1,09:03:22.760087028
109.74,1,09:03:22.760106548
109.74,69,09:03:22.760709930
109.74,1,09:03:37.221413322
109.74,8,09:03:37.221427210
109.74,1,09:03:37.221494160
109.74,6,09:03:41.756120430
109.74,2,09:03:41.756265453
109.74,2,09:03:41.756287693
109.74,5,09:03:41.756287693
109.74,4,09:03:41.756287693
109.74,2,09:03:53.163822792
109.74,1,09:03:53.205992027
109.74,3,09:03:53.206238721
109.74,1,09:04:01.480009937
109.73,1,09:04:06.028234370
109.74,1,09:04:10.364813627
109.74,1,09:04:10.364892472
109.74,1,09:04:10.365197629
109.74,3,09:04:30.401013999
109.74,1,09:04:32.316300843
109.73,3,09:04:50.538939127
109.73,2,09:04:50.539196932
109.73,1,09:04:50.539210356
109.73,1,09:04:50.539230554
109.73,1,09:04:50.539258999
109.73,2,09:04:50.539678765
109.73,3,09:04:50.539701376
109.73,3,09:04:50.539737082
109.73,1,09:04:50.540280890
109.73,1,09:04:50.540700623
109.73,1,09:04:50.540837865
109.73,1,09:04:50.541120233
109.73,1,09:04:50.541408905
109.73,1,09:04:50.541556937
109.73,6,09:04:50.541556937
109.73,4,09:04:50.541556937
109.73,5,09:04:50.559265029
109.73,2,09:04:50.569863472
109.73,1,09:04:50.569879798
109.73,2,09:04:50.569879798
109.73,1,09:04:50.580678677
109.73,1,09:04:50.580695688
109.73,1,09:04:50.601953754
109.73,1,09:04:50.602146204
109.73,1,09:04:50.602459968
109.73,1,09:04:50.602771421
109.73,1,09:04:50.603026315
109.73,3,09:04:50.658483622
109.73,2,09:04:50.658957935
109.73,4,09:04:50.863090432
109.73,1,09:04:50.959512799
109.73,3,09:04:50.970093881
109.73,2,09:04:50.970181058
109.73,2,09:04:50.980818392
109.73,1,09:04:50.980818392
109.73,1,09:04:50.980900854
109.73,5,09:04:50.992079497
109.73,5,09:04:51.002444108
109.73,1,09:04:51.013037155
109.73,4,09:04:51.013037155
109.73,5,09:04:51.023918515
109.73,5,09:04:51.034328548
109.73,1,09:04:51.044874311
109.73,4,09:04:51.045266525
109.73,5,09:04:51.055661699
109.73,5,09:04:51.070181182
109.73,2,09:04:51.080694088
109.73,1,09:04:51.081880330
109.73,3,09:04:51.092374132
109.73,2,09:04:51.093026001
109.73,1,09:04:52.771774539
109.73,3,09:04:52.771833076
109.73,5,09:04:52.782664840
109.73,1,09:04:52.793546578
109.73,2,09:04:52.793633512
109.73,2,09:04:52.804397803
109.73,3,09:04:52.804397803
109.73,5,09:04:52.815198786
109.73,5,09:04:52.825935810
109.73,5,09:04:52.836613007
109.73,5,09:04:52.847307346
109.73,5,09:04:52.857929865
109.73,3,09:04:52.868704786
109.73,2,09:04:52.868769881
109.73,5,09:04:52.879596559
109.73,1,09:04:52.890341641
109.73,1,09:04:52.890427071
109.73,1,09:04:52.890442857
109.73,2,09:04:52.890442857
109.73,5,09:04:52.901298662
109.73,5,09:04:52.911970531
109.73,2,09:04:52.922834982
109.73,3,09:04:52.922904524
109.73,2,09:04:52.933698569
109.73,1,09:04:52.933712198
109.73,1,09:04:52.933787084
109.73,1,09:04:52.944847503
109.73,1,09:04:52.944945084
109.73,1,09:04:52.944959801
109.73,5,09:04:52.956329333
109.73,1,09:04:52.967318910
109.73,1,09:04:52.967334062
109.73,1,09:04:52.981169132
109.73,4,09:04:52.991576486
109.73,1,09:04:52.991576486
109.73,1,09:04:53.033053835
109.73,1,09:04:53.172086237
109.73,1,09:04:53.201671013
109.73,1,09:04:53.212373708
109.73,2,09:04:53.236650782
109.73,2,09:04:53.237000359
109.73,3,09:04:53.345323073
109.73,2,09:04:53.346307277
109.73,1,09:04:53.356901929
109.73,4,09:04:54.600891651
109.73,1,09:04:54.612301241
109.73,1,09:04:54.622849987
109.73,2,09:04:54.633722198
109.73,1,09:04:54.634118925
109.72,1,09:05:09.029452692
109.73,2,09:05:31.729621975
109.73,9,09:05:31.729714669
109.73,4,09:05:31.729731001
109.73,2,09:05:31.729731001
109.73,1,09:05:31.729731001
109.73,1,09:05:37.129480019
109.73,1,09:05:37.129797869
109.73,2,09:05:38.486410331
109.73,2,09:05:38.489136265
109.73,2,09:05:41.678623868
109.73,4,09:05:44.671928512
109.73,1,09:05:44.671928512
109.73,1,09:05:44.682636631
109.73,3,09:05:44.683002723
109.73,5,09:05:44.693364695
109.73,2,09:05:58.631176195
109.73,2,09:05:58.730883181
109.73,1,09:05:58.730902273
109.73,1,09:06:07.205950870
109.73,1,09:06:12.034361004
109.73,1,09:06:12.650130717
109.73,1,09:06:17.458432213
109.73,1,09:06:18.147521434
109.73,2,09:06:35.241186259
109.73,1,09:06:35.241186259
109.73,1,09:06:57.720564303
109.73,1,09:06:59.828404460
109.74,1,09:07:08.023992064
109.74,1,09:07:08.024346269
109.74,1,09:07:08.024622281
109.74,1,09:07:15.042486129
109.74,1,09:07:35.868241904
109.74,1,09:07:41.032562347
109.74,1,09:07:41.032578037
109.74,1,09:07:41.048367186
109.73,1,09:07:47.758918069
109.73,1,09:07:47.759196635
109.73,2,09:07:47.759311169
109.73,2,09:07:47.759342769
109.73,13,09:07:47.759342769
109.73,4,09:07:47.759342769
109.73,3,09:07:47.759342769
109.73,1,09:07:53.420915039
109.73,1,09:07:53.421003132
109.73,1,09:07:53.421019368
109.73,1,09:07:53.431824431
109.73,4,09:07:53.431824431
109.73,4,09:07:53.442472726
109.73,1,09:07:53.442472726
109.73,1,09:07:53.453863675
109.73,1,09:07:53.453944730
109.73,1,09:07:53.453959982
109.73,2,09:07:53.453959982
109.73,1,09:07:53.464692329
109.73,4,09:07:53.464707695
109.73,1,09:07:53.475304252
109.73,4,09:07:53.475378872
109.73,3,09:07:53.486145697
109.73,2,09:07:53.486532016
109.73,5,09:07:53.496939288
109.73,2,09:07:53.507643980
109.73,1,09:07:53.517299684
109.73,2,09:07:53.517584734
109.73,3,09:07:53.528111999
109.73,1,09:07:53.528131903
109.73,1,09:07:53.733691653
109.73,5,09:07:53.744255163
109.73,1,09:07:53.774025636
109.73,4,09:07:53.834568890
109.73,5,09:07:53.845077832
109.73,1,09:07:59.114219072
109.72,1,09:08:18.029133651
109.72,1,09:08:22.766191810
109.72,1,09:08:22.766205029
109.72,1,09:08:22.766221634
109.72,2,09:08:22.766236558
109.72,3,09:08:22.766698530
109.72,1,09:08:22.770039822
109.72,4,09:08:22.783406977
109.72,1,09:08:22.791208746
109.72,1,09:08:22.791801219
109.72,1,09:08:22.810183914
109.72,1,09:08:23.031148778
109.72,1,09:08:23.273861589
109.72,1,09:08:23.274066280
109.72,2,09:08:23.274234336
109.72,1,09:08:23.297161982
109.72,1,09:08:23.297497678
109.72,1,09:08:23.297598187
109.72,1,09:08:23.297783830
109.72,5,09:08:23.308261961
109.72,4,09:08:23.386415253
109.72,1,09:08:23.386749493
109.72,5,09:08:23.397136810
109.72,1,09:08:23.408276436
109.72,4,09:08:23.408503694
109.72,5,09:08:23.419568126
109.72,4,09:08:23.480826191
109.72,1,09:08:23.505344863
109.72,4,09:08:23.516154531
109.72,1,09:08:53.727489783
109.72,3,09:08:53.727503940
109.72,1,09:08:53.727524498
109.72,1,09:08:53.727548632
109.72,8,09:08:53.727575231
109.72,1,09:08:53.727592108
109.72,1,09:08:53.727615669
109.72,1,09:08:53.727630050
109.72,2,09:08:53.727644079
109.72,2,09:08:53.727661256
109.72,4,09:08:53.727674971
109.72,1,09:08:53.727896178
109.72,5,09:08:53.737982012
109.72,4,09:08:53.748556909
109.72,1,09:08:53.749238381
109.72,1,09:08:53.749338714
109.72,2,09:08:53.759704801
109.72,1,09:08:53.759704801
109.72,2,09:08:53.760142973
109.72,2,09:08:53.761384758
109.72,1,09:08:53.770710885
109.72,5,09:08:53.770797617
109.72,5,09:08:53.781407836
109.72,1,09:08:53.893556582
109.72,1,09:08:55.598775472
109.72,3,09:09:01.170789724
109.72,5,09:09:01.181689578
109.72,5,09:09:01.192744468
109.72,1,09:09:01.203477858
109.72,4,09:09:01.203477858
109.72,1,09:09:01.214368114
109.72,1,09:09:01.214448495
109.72,2,09:09:01.283045820
109.71,2,09:09:13.760252897
109.71,4,09:09:13.760357175
109.71,2,09:09:13.760582471
109.71,5,09:09:13.760844819
109.71,14,09:09:13.761796099
109.71,1,09:09:13.761894780
109.71,1,09:09:21.026725491
109.71,1,09:09:21.549569260
109.71,1,09:09:21.550073286
109.71,16,09:09:21.550328153
109.71,17,09:09:21.550328153
109.71,6,09:09:21.550456133
109.71,18,09:09:21.550456133
109.71,2,09:09:21.550581858
109.71,1,09:09:21.550744757
109.71,4,09:09:21.551210542
109.71,2,09:09:21.551265300
109.71,1,09:09:21.551265300
109.71,7,09:09:21.551265300
109.71,12,09:09:21.895107526
109.71,1,09:09:21.895190613
109.71,1,09:09:21.895206668
109.71,1,09:09:23.912939852
109.71,1,09:09:23.912955775
109.71,2,09:09:28.526117377
109.71,3,09:09:42.803587581
109.71,1,09:09:42.803720397
109.71,3,09:09:42.803738890
109.71,1,09:09:42.803738890
109.71,8,09:09:42.803738890
109.71,24,09:09:42.803754348
109.71,2,09:09:42.803754348
109.71,6,09:09:42.803754348
109.71,3,09:09:50.017527984
109.71,1,09:09:56.529797629
109.71,3,09:09:56.529797629
109.71,1,09:09:56.529943156
109.71,1,09:09:56.529963479
109.71,6,09:09:56.529963479
109.71,1,09:09:56.529994468
109.71,8,09:09:56.529994468
109.71,5,09:09:56.529994468
109.71,2,09:09:56.529994468
109.71,1,09:09:56.530399764
109.71,15,09:09:56.530937408
109.71,1,09:09:58.123238563
109.71,1,09:09:58.270531187
109.71,3,09:09:58.270531187
109.71,3,09:09:58.270614198
109.71,6,09:09:58.270979094
109.71,1,09:09:58.270979094
