bidVolume,bidPrice,askVolume,askPrice,timestamp
41,5139.75,21,5140.0,09:45:00.012864986
41,5139.75,22,5140.0,09:45:00.012875076
42,5139.75,22,5140.0,09:45:00.012962937
42,5139.75,22,5140.0,09:45:00.013693342
42,5139.75,24,5140.0,09:45:00.015465640
42,5139.75,26,5140.0,09:45:00.015475845
43,5139.75,26,5140.0,09:45:00.016265538
43,5139.75,24,5140.0,09:45:00.016544778
43,5139.75,22,5140.0,09:45:00.016550731
43,5139.75,22,5140.0,09:45:00.022068407
43,5139.75,22,5140.0,09:45:00.022068407
43,5139.75,22,5140.0,09:45:00.022077070
43,5139.75,22,5140.0,09:45:00.022077070
43,5139.75,24,5140.0,09:45:00.023990535
43,5139.75,26,5140.0,09:45:00.023998490
43,5139.75,24,5140.0,09:45:00.024435568
43,5139.75,22,5140.0,09:45:00.024443315
43,5139.75,21,5140.0,09:45:00.034817893
43,5139.75,19,5140.0,09:45:00.035001666
43,5139.75,17,5140.0,09:45:00.035007842
43,5139.75,16,5140.0,09:45:00.035016463
43,5139.75,15,5140.0,09:45:00.035029266
44,5139.75,15,5140.0,09:45:00.035035964
45,5139.75,15,5140.0,09:45:00.035112919
45,5139.75,12,5140.0,09:45:00.035283134
45,5139.75,11,5140.0,09:45:00.035283134
45,5139.75,10,5140.0,09:45:00.035283134
45,5139.75,9,5140.0,09:45:00.035283134
46,5139.75,9,5140.0,09:45:00.035283134
46,5139.75,8,5140.0,09:45:00.035283134
46,5139.75,5,5140.0,09:45:00.035436152
46,5139.75,3,5140.0,09:45:00.035436152
46,5139.75,2,5140.0,09:45:00.035436152
46,5139.75,48,5140.25,09:45:00.035471753
46,5139.75,48,5140.25,09:45:00.035471753
2,5140.0,48,5140.25,09:45:00.035481350
3,5140.0,48,5140.25,09:45:00.035481350
4,5140.0,48,5140.25,09:45:00.035488972
5,5140.0,48,5140.25,09:45:00.035495797
6,5140.0,48,5140.25,09:45:00.035501708
6,5140.0,48,5140.25,09:45:00.035507321
7,5140.0,48,5140.25,09:45:00.035522025
5,5140.0,48,5140.25,09:45:00.035654272
7,5140.0,48,5140.25,09:45:00.035654272
8,5140.0,48,5140.25,09:45:00.035654272
9,5140.0,48,5140.25,09:45:00.035654272
9,5140.0,48,5140.25,09:45:00.035664422
9,5140.0,48,5140.25,09:45:00.035664422
9,5140.0,48,5140.25,09:45:00.035664422
9,5140.0,48,5140.25,09:45:00.035664422
9,5140.0,48,5140.25,09:45:00.035670227
9,5140.0,48,5140.25,09:45:00.035675967
11,5140.0,48,5140.25,09:45:00.035692438
11,5140.0,48,5140.25,09:45:00.035698890
12,5140.0,48,5140.25,09:45:00.035711392
13,5140.0,48,5140.25,09:45:00.035722263
13,5140.0,48,5140.25,09:45:00.035727450
13,5140.0,47,5140.25,09:45:00.035738103
14,5140.0,47,5140.25,09:45:00.035746625
14,5140.0,47,5140.25,09:45:00.035746625
14,5140.0,48,5140.25,09:45:00.035753617
14,5140.0,49,5140.25,09:45:00.035759883
14,5140.0,49,5140.25,09:45:00.035767764
12,5140.0,49,5140.25,09:45:00.035773547
11,5140.0,49,5140.25,09:45:00.035792930
10,5140.0,49,5140.25,09:45:00.035798706
10,5140.0,48,5140.25,09:45:00.035811468
10,5140.0,47,5140.25,09:45:00.035816255
9,5140.0,47,5140.25,09:45:00.035827151
8,5140.0,47,5140.25,09:45:00.035836713
8,5140.0,47,5140.25,09:45:00.035855965
8,5140.0,47,5140.25,09:45:00.035867885
8,5140.0,47,5140.25,09:45:00.035907534
8,5140.0,47,5140.25,09:45:00.036049691
8,5140.0,47,5140.25,09:45:00.036049691
8,5140.0,47,5140.25,09:45:00.036107893
8,5140.0,24,5140.25,09:45:00.036715400
9,5140.0,24,5140.25,09:45:00.036770460
11,5140.0,24,5140.25,09:45:00.036779020
14,5140.0,24,5140.25,09:45:00.036791356
14,5140.0,21,5140.25,09:45:00.036796208
14,5140.0,18,5140.25,09:45:00.036804474
16,5140.0,18,5140.25,09:45:00.036811878
17,5140.0,18,5140.25,09:45:00.036818928
20,5140.0,18,5140.25,09:45:00.037304861
22,5140.0,18,5140.25,09:45:00.037316957
24,5140.0,18,5140.25,09:45:00.037321940
26,5140.0,18,5140.25,09:45:00.037350488
27,5140.0,18,5140.25,09:45:00.037372274
27,5140.0,18,5140.25,09:45:00.037386028
27,5140.0,18,5140.25,09:45:00.037386028
28,5140.0,18,5140.25,09:45:00.037391890
28,5140.0,18,5140.25,09:45:00.037400486
28,5140.0,18,5140.25,09:45:00.037400486
28,5140.0,19,5140.25,09:45:00.037405695
28,5140.0,20,5140.25,09:45:00.037416931
28,5140.0,23,5140.25,09:45:00.037422473
28,5140.0,25,5140.25,09:45:00.037428342
28,5140.0,27,5140.25,09:45:00.037434598
29,5140.0,27,5140.25,09:45:00.037445402
30,5140.0,27,5140.25,09:45:00.037465008
30,5140.0,26,5140.25,09:45:00.037470119
31,5140.0,26,5140.25,09:45:00.037496270
31,5140.0,27,5140.25,09:45:00.037536264
32,5140.0,27,5140.25,09:45:00.037544946
32,5140.0,28,5140.25,09:45:00.037580853
32,5140.0,29,5140.25,09:45:00.037778352
32,5140.0,29,5140.25,09:45:00.038551389
32,5140.0,29,5140.25,09:45:00.038557696
33,5140.0,29,5140.25,09:45:00.038577639
33,5140.0,29,5140.25,09:45:00.039322982
33,5140.0,29,5140.25,09:45:00.039381277
33,5140.0,29,5140.25,09:45:00.039502173
33,5140.0,29,5140.25,09:45:00.039581160
33,5140.0,29,5140.25,09:45:00.039664320
33,5140.0,29,5140.25,09:45:00.039710666
33,5140.0,29,5140.25,09:45:00.039775340
33,5140.0,29,5140.25,09:45:00.040464954
34,5140.0,29,5140.25,09:45:00.043670481
33,5140.0,29,5140.25,09:45:00.043832433
32,5140.0,29,5140.25,09:45:00.043925996
32,5140.0,26,5140.25,09:45:00.044951947
32,5140.0,26,5140.25,09:45:00.044985208
32,5140.0,24,5140.25,09:45:00.045222067
32,5140.0,22,5140.25,09:45:00.045232615
39,5140.0,22,5140.25,09:45:00.045392418
39,5140.0,21,5140.25,09:45:00.045983078
39,5140.0,21,5140.25,09:45:00.045999030
39,5140.0,21,5140.25,09:45:00.045999030
39,5140.0,21,5140.25,09:45:00.046006781
39,5140.0,21,5140.25,09:45:00.046006781
39,5140.0,20,5140.25,09:45:00.046091320
39,5140.0,19,5140.25,09:45:00.046300124
39,5140.0,18,5140.25,09:45:00.046306313
40,5140.0,18,5140.25,09:45:00.046311955
40,5140.0,17,5140.25,09:45:00.046401822
40,5140.0,16,5140.25,09:45:00.046449596
40,5140.0,15,5140.25,09:45:00.046551678
40,5140.0,14,5140.25,09:45:00.046557739
40,5140.0,13,5140.25,09:45:00.046564001
40,5140.0,11,5140.25,09:45:00.046623078
40,5140.0,12,5140.25,09:45:00.046727294
40,5140.0,14,5140.25,09:45:00.046735090
40,5140.0,15,5140.25,09:45:00.046742197
40,5140.0,15,5140.25,09:45:00.050137066
40,5140.0,15,5140.25,09:45:00.050137066
40,5140.0,13,5140.25,09:45:00.054801835
40,5140.0,12,5140.25,09:45:00.054807918
40,5140.0,12,5140.25,09:45:00.054860137
40,5140.0,12,5140.25,09:45:00.054860137
40,5140.0,12,5140.25,09:45:00.054866931
40,5140.0,12,5140.25,09:45:00.054866931
40,5140.0,11,5140.25,09:45:00.054903562
40,5140.0,12,5140.25,09:45:00.054979006
40,5140.0,13,5140.25,09:45:00.054988126
40,5140.0,13,5140.25,09:45:00.059034045
40,5140.0,13,5140.25,09:45:00.059034045
40,5140.0,12,5140.25,09:45:00.061467806
40,5140.0,13,5140.25,09:45:00.061573498
40,5140.0,13,5140.25,09:45:00.061579178
40,5140.0,13,5140.25,09:45:00.061579178
40,5140.0,13,5140.25,09:45:00.074066982
40,5140.0,13,5140.25,09:45:00.074066982
40,5140.0,13,5140.25,09:45:00.074435693
40,5140.0,15,5140.25,09:45:00.078199215
40,5140.0,14,5140.25,09:45:00.079584619
40,5140.0,12,5140.25,09:45:00.079661859
44,5140.0,12,5140.25,09:45:00.080556918
44,5140.0,12,5140.25,09:45:00.080556918
44,5140.0,12,5140.25,09:45:00.082654192
44,5140.0,12,5140.25,09:45:00.082654192
44,5140.0,15,5140.25,09:45:00.090942615
44,5140.0,16,5140.25,09:45:00.090947632
44,5140.0,13,5140.25,09:45:00.091046827
44,5140.0,12,5140.25,09:45:00.091055374
44,5140.0,13,5140.25,09:45:00.091062664
44,5140.0,12,5140.25,09:45:00.104377787
44,5140.0,11,5140.25,09:45:00.121827039
44,5140.0,10,5140.25,09:45:00.121833349
44,5140.0,9,5140.25,09:45:00.121839417
44,5140.0,8,5140.25,09:45:00.121938110
44,5140.0,7,5140.25,09:45:00.122161218
43,5140.0,7,5140.25,09:45:00.124513787
43,5140.0,9,5140.25,09:45:00.124604852
43,5140.0,10,5140.25,09:45:00.124611412
43,5140.0,11,5140.25,09:45:00.124715670
43,5140.0,9,5140.25,09:45:00.136144288
43,5140.0,8,5140.25,09:45:00.136150678
43,5140.0,10,5140.25,09:45:00.136707789
43,5140.0,11,5140.25,09:45:00.136714202
43,5140.0,9,5140.25,09:45:00.137774959
43,5140.0,8,5140.25,09:45:00.138111233
43,5140.0,3,5140.25,09:45:00.138274180
43,5140.0,52,5140.5,09:45:00.138324232
43,5140.0,52,5140.5,09:45:00.138324232
1,5140.25,52,5140.5,09:45:00.138330825
43,5140.0,52,5140.5,09:45:00.138339740
43,5140.0,52,5140.5,09:45:00.138339740
1,5140.25,52,5140.5,09:45:00.138374704
2,5140.25,52,5140.5,09:45:00.138379910
3,5140.25,52,5140.5,09:45:00.138390202
4,5140.25,52,5140.5,09:45:00.138398442
4,5140.25,52,5140.5,09:45:00.138405699
4,5140.25,52,5140.5,09:45:00.138441284
4,5140.25,52,5140.5,09:45:00.138449515
6,5140.25,52,5140.5,09:45:00.138491365
6,5140.25,52,5140.5,09:45:00.138496025
7,5140.25,52,5140.5,09:45:00.138521113
6,5140.25,52,5140.5,09:45:00.138531324
5,5140.25,52,5140.5,09:45:00.138548762
6,5140.25,52,5140.5,09:45:00.138595710
6,5140.25,52,5140.5,09:45:00.138702109
6,5140.25,52,5140.5,09:45:00.139505600
6,5140.25,52,5140.5,09:45:00.139505600
6,5140.25,52,5140.5,09:45:00.139512116
6,5140.25,52,5140.5,09:45:00.139512116
6,5140.25,52,5140.5,09:45:00.139525050
6,5140.25,52,5140.5,09:45:00.139546554
6,5140.25,52,5140.5,09:45:00.139552673
6,5140.25,52,5140.5,09:45:00.140547003
6,5140.25,51,5140.5,09:45:00.147280291
7,5140.25,51,5140.5,09:45:00.147355573
8,5140.25,51,5140.5,09:45:00.147367128
10,5140.25,51,5140.5,09:45:00.147375823
10,5140.25,52,5140.5,09:45:00.147386156
9,5140.25,52,5140.5,09:45:00.147709609
7,5140.25,52,5140.5,09:45:00.147821066
7,5140.25,53,5140.5,09:45:00.147886351
6,5140.25,53,5140.5,09:45:00.148704237
1,5140.25,53,5140.5,09:45:00.150041952
1,5140.25,54,5140.5,09:45:00.150086604
42,5140.0,54,5140.5,09:45:00.150234005
42,5140.0,54,5140.5,09:45:00.150234005
42,5140.0,1,5140.25,09:45:00.150234005
42,5140.0,2,5140.25,09:45:00.150245485
42,5140.0,4,5140.25,09:45:00.150245485
42,5140.0,9,5140.25,09:45:00.150245485
42,5140.0,10,5140.25,09:45:00.150245485
42,5140.0,11,5140.25,09:45:00.150275312
42,5140.0,13,5140.25,09:45:00.150281868
42,5140.0,14,5140.25,09:45:00.150324164
42,5140.0,16,5140.25,09:45:00.150344091
42,5140.0,17,5140.25,09:45:00.150357752
42,5140.0,18,5140.25,09:45:00.150367941
42,5140.0,19,5140.25,09:45:00.150376514
42,5140.0,18,5140.25,09:45:00.150415388
42,5140.0,16,5140.25,09:45:00.150420022
41,5140.0,16,5140.25,09:45:00.150429440
41,5140.0,17,5140.25,09:45:00.150481009
41,5140.0,18,5140.25,09:45:00.157419564
41,5140.0,20,5140.25,09:45:00.157427411
41,5140.0,18,5140.25,09:45:00.164643700
41,5140.0,17,5140.25,09:45:00.164788769
41,5140.0,16,5140.25,09:45:00.164805339
41,5140.0,11,5140.25,09:45:00.164895574
41,5140.0,10,5140.25,09:45:00.167945386
41,5140.0,6,5140.25,09:45:00.170301027
41,5140.0,3,5140.25,09:45:00.170301027
42,5140.0,3,5140.25,09:45:00.170311728
42,5140.0,54,5140.5,09:45:00.170490775
42,5140.0,54,5140.5,09:45:00.170490775
41,5140.0,54,5140.5,09:45:00.170490775
2,5140.25,54,5140.5,09:45:00.170490775
3,5140.25,54,5140.5,09:45:00.170490775
1,5140.25,54,5140.5,09:45:00.170600179
41,5140.0,54,5140.5,09:45:00.170609047
41,5140.0,54,5140.5,09:45:00.170609047
1,5140.25,54,5140.5,09:45:00.170655326
2,5140.25,54,5140.5,09:45:00.170662267
2,5140.25,53,5140.5,09:45:00.170696658
6,5140.25,53,5140.5,09:45:00.171109147
6,5140.25,53,5140.5,09:45:00.171109147
7,5140.25,53,5140.5,09:45:00.171213829
8,5140.25,53,5140.5,09:45:00.171303323
10,5140.25,53,5140.5,09:45:00.171311320
11,5140.25,53,5140.5,09:45:00.171406480
12,5140.25,53,5140.5,09:45:00.171421341
12,5140.25,53,5140.5,09:45:00.176760463
12,5140.25,53,5140.5,09:45:00.176760463
12,5140.25,53,5140.5,09:45:00.176775093
9,5140.25,53,5140.5,09:45:00.203837924
9,5140.25,54,5140.5,09:45:00.203892037
8,5140.25,54,5140.5,09:45:00.203915366
6,5140.25,54,5140.5,09:45:00.203923484
37,5140.0,54,5140.5,09:45:00.204077344
37,5140.0,54,5140.5,09:45:00.204077344
37,5140.0,1,5140.25,09:45:00.204147559
37,5140.0,2,5140.25,09:45:00.204174005
37,5140.0,3,5140.25,09:45:00.204193250
37,5140.0,4,5140.25,09:45:00.204222537
37,5140.0,6,5140.25,09:45:00.204237865
37,5140.0,11,5140.25,09:45:00.204243856
37,5140.0,13,5140.25,09:45:00.204277108
37,5140.0,16,5140.25,09:45:00.204287604
37,5140.0,17,5140.25,09:45:00.204297124
37,5140.0,20,5140.25,09:45:00.204302900
37,5140.0,18,5140.25,09:45:00.204313652
37,5140.0,15,5140.25,09:45:00.204325976
37,5140.0,14,5140.25,09:45:00.204414371
37,5140.0,15,5140.25,09:45:00.204414371
37,5140.0,16,5140.25,09:45:00.204414371
37,5140.0,15,5140.25,09:45:00.204969189
37,5140.0,15,5140.25,09:45:00.205538800
37,5140.0,14,5140.25,09:45:00.225584996
37,5140.0,13,5140.25,09:45:00.225676620
37,5140.0,14,5140.25,09:45:00.225687116
37,5140.0,12,5140.25,09:45:00.229646093
37,5140.0,11,5140.25,09:45:00.229651978
37,5140.0,8,5140.25,09:45:00.229669581
37,5140.0,3,5140.25,09:45:00.229768601
37,5140.0,2,5140.25,09:45:00.230116736
38,5140.0,2,5140.25,09:45:00.230187626
38,5140.0,3,5140.25,09:45:00.230813924
38,5140.0,5,5140.25,09:45:00.230819688
38,5140.0,3,5140.25,09:45:00.231075414
38,5140.0,2,5140.25,09:45:00.231116093
38,5140.0,2,5140.25,09:45:00.234615225
38,5140.0,54,5140.5,09:45:00.235236327
38,5140.0,54,5140.5,09:45:00.235236327
1,5140.25,54,5140.5,09:45:00.235284283
1,5140.25,54,5140.5,09:45:00.235292510
3,5140.25,54,5140.5,09:45:00.235314345
4,5140.25,54,5140.5,09:45:00.235334179
5,5140.25,54,5140.5,09:45:00.235394356
6,5140.25,54,5140.5,09:45:00.235443128
5,5140.25,54,5140.5,09:45:00.235482012
5,5140.25,54,5140.5,09:45:00.235541418
6,5140.25,54,5140.5,09:45:00.235546922
6,5140.25,54,5140.5,09:45:00.235552884
7,5140.25,54,5140.5,09:45:00.235636044
7,5140.25,54,5140.5,09:45:00.238482648
6,5140.25,54,5140.5,09:45:00.245670556
6,5140.25,54,5140.5,09:45:00.257580051
6,5140.25,53,5140.5,09:45:00.262514386
7,5140.25,53,5140.5,09:45:00.262605452
6,5140.25,53,5140.5,09:45:00.275902500
5,5140.25,53,5140.5,09:45:00.275990710
5,5140.25,53,5140.5,09:45:00.276914729
4,5140.25,53,5140.5,09:45:00.285523283
3,5140.25,53,5140.5,09:45:00.285588785
4,5140.25,53,5140.5,09:45:00.285808172
5,5140.25,53,5140.5,09:45:00.285815660
5,5140.25,53,5140.5,09:45:00.289827120
5,5140.25,54,5140.5,09:45:00.303128470
4,5140.25,54,5140.5,09:45:00.303364257
3,5140.25,54,5140.5,09:45:00.303371579
2,5140.25,54,5140.5,09:45:00.304387017
39,5140.0,54,5140.5,09:45:00.304519932
39,5140.0,54,5140.5,09:45:00.304519932
39,5140.0,1,5140.25,09:45:00.304583623
39,5140.0,3,5140.25,09:45:00.304600087
39,5140.0,4,5140.25,09:45:00.304641045
39,5140.0,5,5140.25,09:45:00.304646302
39,5140.0,10,5140.25,09:45:00.304658328
39,5140.0,11,5140.25,09:45:00.304682310
39,5140.0,12,5140.25,09:45:00.304701097
39,5140.0,13,5140.25,09:45:00.304770503
39,5140.0,15,5140.25,09:45:00.304776331
39,5140.0,16,5140.25,09:45:00.304783694
39,5140.0,17,5140.25,09:45:00.304791768
39,5140.0,16,5140.25,09:45:00.304807029
40,5140.0,16,5140.25,09:45:00.306105205
40,5140.0,16,5140.25,09:45:00.309963818
40,5140.0,16,5140.25,09:45:00.309963818
40,5140.0,15,5140.25,09:45:00.318477432
40,5140.0,13,5140.25,09:45:00.318542266
40,5140.0,12,5140.25,09:45:00.318548183
40,5140.0,11,5140.25,09:45:00.318651327
40,5140.0,6,5140.25,09:45:00.318660902
40,5140.0,7,5140.25,09:45:00.318669420
40,5140.0,9,5140.25,09:45:00.318774235
40,5140.0,10,5140.25,09:45:00.318780693
40,5140.0,10,5140.25,09:45:00.330396223
40,5140.0,8,5140.25,09:45:00.330405404
40,5140.0,7,5140.25,09:45:00.330409951
40,5140.0,6,5140.25,09:45:00.330494702
40,5140.0,4,5140.25,09:45:00.330587507
41,5140.0,4,5140.25,09:45:00.341658098
41,5140.0,4,5140.25,09:45:00.345986749
41,5140.0,4,5140.25,09:45:00.345986749
41,5140.0,2,5140.25,09:45:00.349510247
41,5140.0,1,5140.25,09:45:00.349711279
41,5140.0,54,5140.5,09:45:00.349711279
41,5140.0,54,5140.5,09:45:00.349711279
1,5140.25,54,5140.5,09:45:00.349711279
3,5140.25,54,5140.5,09:45:00.349719717
4,5140.25,54,5140.5,09:45:00.349719717
5,5140.25,54,5140.5,09:45:00.349825770
5,5140.25,54,5140.5,09:45:00.349825770
6,5140.25,54,5140.5,09:45:00.349850849
6,5140.25,53,5140.5,09:45:00.349878747
4,5140.25,53,5140.5,09:45:00.349916636
3,5140.25,53,5140.5,09:45:00.349925081
4,5140.25,53,5140.5,09:45:00.349960867
3,5140.25,53,5140.5,09:45:00.350069013
4,5140.25,53,5140.5,09:45:00.357747738
6,5140.25,53,5140.5,09:45:00.357754615
5,5140.25,53,5140.5,09:45:00.378227325
3,5140.25,53,5140.5,09:45:00.378233610
2,5140.25,53,5140.5,09:45:00.378329858
1,5140.25,53,5140.5,09:45:00.378428257
40,5140.0,53,5140.5,09:45:00.378654812
40,5140.0,53,5140.5,09:45:00.378654812
39,5140.0,53,5140.5,09:45:00.378809721
3,5140.25,53,5140.5,09:45:00.379061175
39,5140.0,53,5140.5,09:45:00.379199886
39,5140.0,53,5140.5,09:45:00.379199886
39,5140.0,53,5140.5,09:45:00.387465338
39,5140.0,51,5140.5,09:45:00.393760541
2,5140.25,51,5140.5,09:45:00.393830462
5,5140.25,51,5140.5,09:45:00.393842254
8,5140.25,51,5140.5,09:45:00.393856568
11,5140.25,51,5140.5,09:45:00.393870050
12,5140.25,51,5140.5,09:45:00.393921651
13,5140.25,51,5140.5,09:45:00.393957565
10,5140.25,51,5140.5,09:45:00.393963674
7,5140.25,51,5140.5,09:45:00.393968282
8,5140.25,51,5140.5,09:45:00.393984107
9,5140.25,51,5140.5,09:45:00.394021295
6,5140.25,51,5140.5,09:45:00.394106186
5,5140.25,51,5140.5,09:45:00.404142375
5,5140.25,51,5140.5,09:45:00.421591550
5,5140.25,50,5140.5,09:45:00.428198016
7,5140.25,50,5140.5,09:45:00.428268040
8,5140.25,50,5140.5,09:45:00.428276852
8,5140.25,51,5140.5,09:45:00.428358873
7,5140.25,51,5140.5,09:45:00.438151083
5,5140.25,51,5140.5,09:45:00.438245463
7,5140.25,51,5140.5,09:45:00.438960799
8,5140.25,51,5140.5,09:45:00.438973535
9,5140.25,51,5140.5,09:45:00.438979385
7,5140.25,51,5140.5,09:45:00.439672301
6,5140.25,51,5140.5,09:45:00.439681277
5,5140.25,51,5140.5,09:45:00.439805789
6,5140.25,51,5140.5,09:45:00.445288923
8,5140.25,51,5140.5,09:45:00.447147098
9,5140.25,51,5140.5,09:45:00.447153425
7,5140.25,51,5140.5,09:45:00.459456293
6,5140.25,51,5140.5,09:45:00.459462443
5,5140.25,51,5140.5,09:45:00.459627856
3,5140.25,51,5140.5,09:45:00.468980396
39,5140.0,51,5140.5,09:45:00.469167680
39,5140.0,51,5140.5,09:45:00.469167680
39,5140.0,3,5140.25,09:45:00.469167680
39,5140.0,5,5140.25,09:45:00.469167680
39,5140.0,6,5140.25,09:45:00.469167680
39,5140.0,10,5140.25,09:45:00.469167680
39,5140.0,11,5140.25,09:45:00.469167680
39,5140.0,7,5140.25,09:45:00.469186973
39,5140.0,6,5140.25,09:45:00.469197367
39,5140.0,7,5140.25,09:45:00.469245809
39,5140.0,8,5140.25,09:45:00.469267356
39,5140.0,13,5140.25,09:45:00.469289996
39,5140.0,14,5140.25,09:45:00.469294642
39,5140.0,15,5140.25,09:45:00.469302438
39,5140.0,16,5140.25,09:45:00.469317366
39,5140.0,17,5140.25,09:45:00.469321974
39,5140.0,15,5140.25,09:45:00.469335203
39,5140.0,14,5140.25,09:45:00.469348071
39,5140.0,11,5140.25,09:45:00.469355325
39,5140.0,13,5140.25,09:45:00.470976734
39,5140.0,14,5140.25,09:45:00.476607686
39,5140.0,16,5140.25,09:45:00.476613702
39,5140.0,18,5140.25,09:45:00.476626425
39,5140.0,19,5140.25,09:45:00.476642314
39,5140.0,20,5140.25,09:45:00.476718603
39,5140.0,21,5140.25,09:45:00.476732757
39,5140.0,20,5140.25,09:45:00.486850481
40,5140.0,20,5140.25,09:45:00.491768686
40,5140.0,20,5140.25,09:45:00.503555480
40,5140.0,20,5140.25,09:45:00.537802344
40,5140.0,19,5140.25,09:45:00.540165191
40,5140.0,20,5140.25,09:45:00.540330499
25,5140.0,20,5140.25,09:45:00.546835089
25,5140.0,21,5140.25,09:45:00.546835089
25,5140.0,24,5140.25,09:45:00.546835089
25,5140.0,27,5140.25,09:45:00.546851009
23,5140.0,27,5140.25,09:45:00.546860360
21,5140.0,27,5140.25,09:45:00.546868136
20,5140.0,27,5140.25,09:45:00.546876543
20,5140.0,28,5140.25,09:45:00.546891487
20,5140.0,29,5140.25,09:45:00.546917148
21,5140.0,29,5140.25,09:45:00.546939709
22,5140.0,29,5140.25,09:45:00.546947859
23,5140.0,29,5140.25,09:45:00.546955597
25,5140.0,29,5140.25,09:45:00.546965162
24,5140.0,29,5140.25,09:45:00.546975399
24,5140.0,30,5140.25,09:45:00.546984733
23,5140.0,30,5140.25,09:45:00.547015806
24,5140.0,30,5140.25,09:45:00.547021570
24,5140.0,29,5140.25,09:45:00.547029182
24,5140.0,30,5140.25,09:45:00.547049509
25,5140.0,30,5140.25,09:45:00.547054018
27,5140.0,30,5140.25,09:45:00.547060428
28,5140.0,30,5140.25,09:45:00.547068511
31,5140.0,30,5140.25,09:45:00.547074041
32,5140.0,30,5140.25,09:45:00.547183645
32,5140.0,29,5140.25,09:45:00.547189505
33,5140.0,29,5140.25,09:45:00.547288180
33,5140.0,28,5140.25,09:45:00.547294573
33,5140.0,25,5140.25,09:45:00.547400649
33,5140.0,24,5140.25,09:45:00.551770922
34,5140.0,24,5140.25,09:45:00.552190413
34,5140.0,23,5140.25,09:45:00.557034152
33,5140.0,23,5140.25,09:45:00.557401024
33,5140.0,26,5140.25,09:45:00.557495371
33,5140.0,26,5140.25,09:45:00.561249351
33,5140.0,26,5140.25,09:45:00.561249351
32,5140.0,26,5140.25,09:45:00.589340732
32,5140.0,27,5140.25,09:45:00.589407133
30,5140.0,27,5140.25,09:45:00.589419615
30,5140.0,33,5140.25,09:45:00.589452255
29,5140.0,33,5140.25,09:45:00.589491267
26,5140.0,33,5140.25,09:45:00.589508976
26,5140.0,34,5140.25,09:45:00.589582476
26,5140.0,33,5140.25,09:45:00.591040706
26,5140.0,34,5140.25,09:45:00.591097569
26,5140.0,34,5140.25,09:45:00.596879717
26,5140.0,34,5140.25,09:45:00.599648556
26,5140.0,34,5140.25,09:45:00.599648556
26,5140.0,34,5140.25,09:45:00.626590937
26,5140.0,28,5140.25,09:45:00.629424751
29,5140.0,28,5140.25,09:45:00.629530145
29,5140.0,27,5140.25,09:45:00.629536446
29,5140.0,24,5140.25,09:45:00.629666884
30,5140.0,24,5140.25,09:45:00.629712590
32,5140.0,24,5140.25,09:45:00.629720600
31,5140.0,24,5140.25,09:45:00.633100258
29,5140.0,24,5140.25,09:45:00.633106153
26,5140.0,24,5140.25,09:45:00.633238860
26,5140.0,27,5140.25,09:45:00.633324986
27,5140.0,27,5140.25,09:45:00.634227276
29,5140.0,27,5140.25,09:45:00.634233897
32,5140.0,27,5140.25,09:45:00.634313889
32,5140.0,24,5140.25,09:45:00.634358188
33,5140.0,24,5140.25,09:45:00.634451591
33,5140.0,24,5140.25,09:45:00.640631168
33,5140.0,27,5140.25,09:45:00.640941744
33,5140.0,28,5140.25,09:45:00.640951534
30,5140.0,28,5140.25,09:45:00.641055504
30,5140.0,28,5140.25,09:45:00.641251255
30,5140.0,28,5140.25,09:45:00.641811445
30,5140.0,28,5140.25,09:45:00.641811445
29,5140.0,28,5140.25,09:45:00.649500442
27,5140.0,28,5140.25,09:45:00.649583381
26,5140.0,28,5140.25,09:45:00.649606796
26,5140.0,28,5140.25,09:45:00.652919301
26,5140.0,27,5140.25,09:45:00.653022234
25,5140.0,27,5140.25,09:45:00.654044085
23,5140.0,27,5140.25,09:45:00.654051001
22,5140.0,27,5140.25,09:45:00.654057494
21,5140.0,27,5140.25,09:45:00.654065721
20,5140.0,27,5140.25,09:45:00.654074972
20,5140.0,30,5140.25,09:45:00.654088573
20,5140.0,31,5140.25,09:45:00.654100608
17,5140.0,31,5140.25,09:45:00.654325429
16,5140.0,31,5140.25,09:45:00.654325429
14,5140.0,31,5140.25,09:45:00.654368152
10,5140.0,31,5140.25,09:45:00.654454740
9,5140.0,31,5140.25,09:45:00.654454740
46,5139.75,31,5140.25,09:45:00.654582945
46,5139.75,31,5140.25,09:45:00.654582945
46,5139.75,1,5140.0,09:45:00.654582945
46,5139.75,3,5140.0,09:45:00.654582945
46,5139.75,3,5140.0,09:45:00.654582945
46,5139.75,5,5140.0,09:45:00.654639227
46,5139.75,5,5140.0,09:45:00.654692431
46,5139.75,5,5140.0,09:45:00.654720291
46,5139.75,5,5140.0,09:45:00.654720291
46,5139.75,5,5140.0,09:45:00.654726330
46,5139.75,5,5140.0,09:45:00.654726330
46,5139.75,6,5140.0,09:45:00.654736765
46,5139.75,5,5140.0,09:45:00.654745149
46,5139.75,3,5140.0,09:45:00.654762756
46,5139.75,3,5140.0,09:45:00.654768910
46,5139.75,4,5140.0,09:45:00.654778327
46,5139.75,4,5140.0,09:45:00.654787163
46,5139.75,5,5140.0,09:45:00.654801563
46,5139.75,5,5140.0,09:45:00.654807288
47,5139.75,5,5140.0,09:45:00.654814094
47,5139.75,2,5140.0,09:45:00.654989245
47,5139.75,3,5140.0,09:45:00.654989245
47,5139.75,3,5140.0,09:45:00.654989245
47,5139.75,3,5140.0,09:45:00.654989245
47,5139.75,3,5140.0,09:45:00.654989245
47,5139.75,3,5140.0,09:45:00.654989245
47,5139.75,3,5140.0,09:45:00.654989245
47,5139.75,2,5140.0,09:45:00.655109179
47,5139.75,43,5140.25,09:45:00.655199552
47,5139.75,43,5140.25,09:45:00.655199552
47,5139.75,1,5140.0,09:45:00.655199552
47,5139.75,43,5140.25,09:45:00.655199552
3,5140.0,43,5140.25,09:45:00.655199552
3,5140.0,43,5140.25,09:45:00.655199552
4,5140.0,43,5140.25,09:45:00.655199552
4,5140.0,44,5140.25,09:45:00.655199552
3,5140.0,44,5140.25,09:45:00.655199552
1,5140.0,44,5140.25,09:45:00.655199552
47,5139.75,44,5140.25,09:45:00.655199552
47,5139.75,44,5140.25,09:45:00.655199552
1,5140.0,44,5140.25,09:45:00.655212208
1,5140.0,44,5140.25,09:45:00.655228465
2,5140.0,44,5140.25,09:45:00.655228465
3,5140.0,44,5140.25,09:45:00.655228465
2,5140.0,44,5140.25,09:45:00.655243089
3,5140.0,44,5140.25,09:45:00.655275163
5,5140.0,44,5140.25,09:45:00.655279893
6,5140.0,44,5140.25,09:45:00.655285541
5,5140.0,44,5140.25,09:45:00.655302047
3,5140.0,44,5140.25,09:45:00.655307759
2,5140.0,44,5140.25,09:45:00.655348499
3,5140.0,44,5140.25,09:45:00.655369658
2,5140.0,44,5140.25,09:45:00.655534611
3,5140.0,44,5140.25,09:45:00.656705909
5,5140.0,44,5140.25,09:45:00.656807210
6,5140.0,44,5140.25,09:45:00.656811351
6,5140.0,45,5140.25,09:45:00.656820845
7,5140.0,45,5140.25,09:45:00.656853819
7,5140.0,44,5140.25,09:45:00.656920921
7,5140.0,43,5140.25,09:45:00.657054031
8,5140.0,43,5140.25,09:45:00.659839767
6,5140.0,43,5140.25,09:45:00.662429566
5,5140.0,43,5140.25,09:45:00.662435326
4,5140.0,43,5140.25,09:45:00.662659193
3,5140.0,43,5140.25,09:45:00.662751806
5,5140.0,43,5140.25,09:45:00.662995395
6,5140.0,43,5140.25,09:45:00.663003667
7,5140.0,43,5140.25,09:45:00.663114310
8,5140.0,43,5140.25,09:45:00.663182916
8,5140.0,44,5140.25,09:45:00.667003505
7,5140.0,44,5140.25,09:45:00.667554578
5,5140.0,44,5140.25,09:45:00.667562406
4,5140.0,44,5140.25,09:45:00.667867781
3,5140.0,44,5140.25,09:45:00.667966352
5,5140.0,44,5140.25,09:45:00.673053995
6,5140.0,44,5140.25,09:45:00.673059339
7,5140.0,44,5140.25,09:45:00.673072494
10,5140.0,44,5140.25,09:45:00.673077378
10,5140.0,44,5140.25,09:45:00.673110559
10,5140.0,44,5140.25,09:45:00.673110559
11,5140.0,44,5140.25,09:45:00.673178247
8,5140.0,44,5140.25,09:45:00.673184721
9,5140.0,44,5140.25,09:45:00.673282614
7,5140.0,44,5140.25,09:45:00.675456149
6,5140.0,44,5140.25,09:45:00.675463883
8,5140.0,44,5140.25,09:45:00.676077726
9,5140.0,44,5140.25,09:45:00.676085512
7,5140.0,44,5140.25,09:45:00.684087062
6,5140.0,44,5140.25,09:45:00.684094147
5,5140.0,44,5140.25,09:45:00.684197077
4,5140.0,44,5140.25,09:45:00.684202901
3,5140.0,44,5140.25,09:45:00.684300753
3,5140.0,44,5140.25,09:45:00.685721533
5,5140.0,44,5140.25,09:45:00.703665239
6,5140.0,44,5140.25,09:45:00.703672196
7,5140.0,44,5140.25,09:45:00.703678813
8,5140.0,44,5140.25,09:45:00.703698004
10,5140.0,44,5140.25,09:45:00.703705019
9,5140.0,44,5140.25,09:45:00.703773961
7,5140.0,44,5140.25,09:45:00.703780121
8,5140.0,44,5140.25,09:45:00.703815235
9,5140.0,44,5140.25,09:45:00.703824429
8,5140.0,44,5140.25,09:45:00.703894872
6,5140.0,44,5140.25,09:45:00.709679308
5,5140.0,44,5140.25,09:45:00.709685299
4,5140.0,44,5140.25,09:45:00.709793266
6,5140.0,44,5140.25,09:45:00.714911702
7,5140.0,44,5140.25,09:45:00.714917433
8,5140.0,44,5140.25,09:45:00.714937770
10,5140.0,44,5140.25,09:45:00.714958567
11,5140.0,44,5140.25,09:45:00.715058514
12,5140.0,44,5140.25,09:45:00.715154971
14,5140.0,44,5140.25,09:45:00.715881026
15,5140.0,44,5140.25,09:45:00.715983231
15,5140.0,44,5140.25,09:45:00.736674569
13,5140.0,44,5140.25,09:45:00.738943108
11,5140.0,44,5140.25,09:45:00.739051417
10,5140.0,44,5140.25,09:45:00.739151025
9,5140.0,44,5140.25,09:45:00.739254778
9,5140.0,44,5140.25,09:45:00.740511245
9,5140.0,44,5140.25,09:45:00.740511245
8,5140.0,44,5140.25,09:45:00.743002402
6,5140.0,44,5140.25,09:45:00.750865578
5,5140.0,44,5140.25,09:45:00.750872983
3,5140.0,44,5140.25,09:45:00.751086521
48,5139.75,44,5140.25,09:45:00.751086521
48,5139.75,44,5140.25,09:45:00.751086521
48,5139.75,2,5140.0,09:45:00.751096665
48,5139.75,3,5140.0,09:45:00.751096665
48,5139.75,4,5140.0,09:45:00.751096665
48,5139.75,5,5140.0,09:45:00.751151884
48,5139.75,5,5140.0,09:45:00.751248772
48,5139.75,6,5140.0,09:45:00.751253822
48,5139.75,4,5140.0,09:45:00.751265099
48,5139.75,3,5140.0,09:45:00.751275449
48,5139.75,4,5140.0,09:45:00.751288534
48,5139.75,4,5140.0,09:45:00.751293571
48,5139.75,4,5140.0,09:45:00.751300457
48,5139.75,5,5140.0,09:45:00.751305325
48,5139.75,6,5140.0,09:45:00.751319242
48,5139.75,5,5140.0,09:45:00.751455251
47,5139.75,5,5140.0,09:45:00.751455251
47,5139.75,5,5140.0,09:45:00.751455251
47,5139.75,5,5140.0,09:45:00.751455251
47,5139.75,4,5140.0,09:45:00.751455251
47,5139.75,5,5140.0,09:45:00.751455251
47,5139.75,4,5140.0,09:45:00.751459648
47,5139.75,46,5140.25,09:45:00.751611271
47,5139.75,46,5140.25,09:45:00.751611271
47,5139.75,46,5140.25,09:45:00.751611271
48,5139.75,46,5140.25,09:45:00.751611271
1,5140.0,46,5140.25,09:45:00.751658343
2,5140.0,46,5140.25,09:45:00.751688638
48,5139.75,46,5140.25,09:45:00.752429872
48,5139.75,46,5140.25,09:45:00.752429872
48,5139.75,1,5140.0,09:45:00.752510447
48,5139.75,2,5140.0,09:45:00.752522060
48,5139.75,4,5140.0,09:45:00.752540527
48,5139.75,4,5140.0,09:45:00.752581030
48,5139.75,9,5140.0,09:45:00.752589613
48,5139.75,10,5140.0,09:45:00.752621898
48,5139.75,11,5140.0,09:45:00.752626938
48,5139.75,12,5140.0,09:45:00.752636945
48,5139.75,13,5140.0,09:45:00.752646043
48,5139.75,12,5140.0,09:45:00.752740788
48,5139.75,13,5140.0,09:45:00.752740788
48,5139.75,12,5140.0,09:45:00.752803940
48,5139.75,13,5140.0,09:45:00.752825746
48,5139.75,13,5140.0,09:45:00.754875829
48,5139.75,12,5140.0,09:45:00.759307774
48,5139.75,11,5140.0,09:45:00.759349186
48,5139.75,6,5140.0,09:45:00.759422643
48,5139.75,6,5140.0,09:45:00.761114390
48,5139.75,5,5140.0,09:45:00.762852361
48,5139.75,5,5140.0,09:45:00.765986547
48,5139.75,4,5140.0,09:45:00.768938362
48,5139.75,47,5140.25,09:45:00.769173749
48,5139.75,47,5140.25,09:45:00.769173749
1,5140.0,47,5140.25,09:45:00.769173749
3,5140.0,47,5140.25,09:45:00.769181791
4,5140.0,47,5140.25,09:45:00.769181791
3,5140.0,47,5140.25,09:45:00.769197634
1,5140.0,47,5140.25,09:45:00.769197634
48,5139.75,47,5140.25,09:45:00.769197634
48,5139.75,47,5140.25,09:45:00.769197634
1,5140.0,47,5140.25,09:45:00.769279949
2,5140.0,47,5140.25,09:45:00.769286224
3,5140.0,47,5140.25,09:45:00.769298324
4,5140.0,47,5140.25,09:45:00.769347451
1,5140.0,47,5140.25,09:45:00.769489504
48,5139.75,47,5140.25,09:45:00.769685148
48,5139.75,47,5140.25,09:45:00.769685148
48,5139.75,1,5140.0,09:45:00.769693497
48,5139.75,1,5140.0,09:45:00.769700463
48,5139.75,6,5140.0,09:45:00.769717971
48,5139.75,7,5140.0,09:45:00.769765770
48,5139.75,8,5140.0,09:45:00.769798558
48,5139.75,8,5140.0,09:45:00.769803768
48,5139.75,9,5140.0,09:45:00.769843756
48,5139.75,10,5140.0,09:45:00.769851410
48,5139.75,9,5140.0,09:45:00.769950427
48,5139.75,11,5140.0,09:45:00.769964357
48,5139.75,12,5140.0,09:45:00.769964357
48,5139.75,13,5140.0,09:45:00.769964357
48,5139.75,11,5140.0,09:45:00.770015686
48,5139.75,10,5140.0,09:45:00.770022611
48,5139.75,9,5140.0,09:45:00.771110447
48,5139.75,8,5140.0,09:45:00.780068877
48,5139.75,3,5140.0,09:45:00.780177199
49,5139.75,3,5140.0,09:45:00.780231901
49,5139.75,49,5140.25,09:45:00.780860538
49,5139.75,49,5140.25,09:45:00.780860538
50,5139.75,49,5140.25,09:45:00.780913617
1,5140.0,49,5140.25,09:45:00.780952245
3,5140.0,49,5140.25,09:45:00.780958306
6,5140.0,49,5140.25,09:45:00.780963666
7,5140.0,49,5140.25,09:45:00.780992220
8,5140.0,49,5140.25,09:45:00.780998448
10,5140.0,49,5140.25,09:45:00.781008067
11,5140.0,49,5140.25,09:45:00.781066814
12,5140.0,49,5140.25,09:45:00.781102783
13,5140.0,49,5140.25,09:45:00.781109759
13,5140.0,48,5140.25,09:45:00.781202570
13,5140.0,47,5140.25,09:45:00.788595775
15,5140.0,47,5140.25,09:45:00.788668554
16,5140.0,47,5140.25,09:45:00.788678225
17,5140.0,47,5140.25,09:45:00.788696580
18,5140.0,47,5140.25,09:45:00.788764463
17,5140.0,47,5140.25,09:45:00.798894754
15,5140.0,47,5140.25,09:45:00.799003847
15,5140.0,47,5140.25,09:45:00.905545866
16,5140.0,47,5140.25,09:45:00.912251806
19,5140.0,47,5140.25,09:45:00.912352249
19,5140.0,46,5140.25,09:45:00.912363242
19,5140.0,45,5140.25,09:45:00.912465423
19,5140.0,44,5140.25,09:45:00.912478802
19,5140.0,44,5140.25,09:45:00.912525258
19,5140.0,44,5140.25,09:45:00.912525258
20,5140.0,44,5140.25,09:45:00.912611738
20,5140.0,38,5140.25,09:45:00.920993594
21,5140.0,38,5140.25,09:45:00.921098655
21,5140.0,37,5140.25,09:45:00.921104130
21,5140.0,36,5140.25,09:45:00.921204613
20,5140.0,36,5140.25,09:45:00.961500948
19,5140.0,36,5140.25,09:45:00.961614080
19,5140.0,42,5140.25,09:45:00.966481909
16,5140.0,42,5140.25,09:45:00.966611093
15,5140.0,42,5140.25,09:45:00.966713284
15,5140.0,42,5140.25,09:45:00.966731031
15,5140.0,40,5140.25,09:45:00.968226085
16,5140.0,40,5140.25,09:45:00.968864626
16,5140.0,37,5140.25,09:45:00.968929373
19,5140.0,37,5140.25,09:45:00.968936429
19,5140.0,31,5140.25,09:45:00.968947629
22,5140.0,31,5140.25,09:45:00.968965044
29,5140.0,31,5140.25,09:45:00.968986324
30,5140.0,31,5140.25,09:45:00.969060028
30,5140.0,28,5140.25,09:45:00.969070528
30,5140.0,29,5140.25,09:45:00.969126593
30,5140.0,29,5140.25,09:45:00.969133387
31,5140.0,29,5140.25,09:45:00.969173503
32,5140.0,29,5140.25,09:45:00.969186479
32,5140.0,29,5140.25,09:45:00.969191657
32,5140.0,28,5140.25,09:45:00.969211715
31,5140.0,28,5140.25,09:45:00.979285886
24,5140.0,28,5140.25,09:45:00.979393669
24,5140.0,28,5140.25,09:45:00.983373453
23,5140.0,28,5140.25,09:45:00.984474880
23,5140.0,31,5140.25,09:45:00.984515738
23,5140.0,32,5140.25,09:45:00.984524468
20,5140.0,32,5140.25,09:45:00.984613225
19,5140.0,32,5140.25,09:45:00.984708910
16,5140.0,32,5140.25,09:45:00.984715691
16,5140.0,32,5140.25,09:45:00.985105443
16,5140.0,32,5140.25,09:45:00.985105443
16,5140.0,31,5140.25,09:45:00.985437651
16,5140.0,31,5140.25,09:45:00.990939113
16,5140.0,31,5140.25,09:45:00.990939113
16,5140.0,37,5140.25,09:45:00.993981067
16,5140.0,36,5140.25,09:45:00.997845735
18,5140.0,36,5140.25,09:45:00.997932348
18,5140.0,37,5140.25,09:45:00.998019060
18,5140.0,37,5140.25,09:45:00.998729241
18,5140.0,37,5140.25,09:45:00.998729241
18,5140.0,37,5140.25,09:45:01.008641997
18,5140.0,37,5140.25,09:45:01.015412374
18,5140.0,37,5140.25,09:45:01.015412374
18,5140.0,37,5140.25,09:45:01.028690548
18,5140.0,37,5140.25,09:45:01.028718683
18,5140.0,37,5140.25,09:45:01.030291630
19,5140.0,37,5140.25,09:45:01.034743108
19,5140.0,37,5140.25,09:45:01.035257630
19,5140.0,37,5140.25,09:45:01.035257630
19,5140.0,37,5140.25,09:45:01.035354820
19,5140.0,37,5140.25,09:45:01.038130012
19,5140.0,37,5140.25,09:45:01.038130012
19,5140.0,37,5140.25,09:45:01.038543179
18,5140.0,37,5140.25,09:45:01.053212936
18,5140.0,38,5140.25,09:45:01.053275847
18,5140.0,37,5140.25,09:45:01.053356079
19,5140.0,37,5140.25,09:45:01.057664140
19,5140.0,34,5140.25,09:45:01.057767220
20,5140.0,34,5140.25,09:45:01.057859625
20,5140.0,28,5140.25,09:45:01.057878986
21,5140.0,28,5140.25,09:45:01.057959775
21,5140.0,27,5140.25,09:45:01.058073620
28,5140.0,27,5140.25,09:45:01.058105176
28,5140.0,27,5140.25,09:45:01.058220020
28,5140.0,27,5140.25,09:45:01.058238743
21,5140.0,27,5140.25,09:45:01.068615359
21,5140.0,33,5140.25,09:45:01.082957033
20,5140.0,33,5140.25,09:45:01.083219218
21,5140.0,33,5140.25,09:45:01.108819750
21,5140.0,33,5140.25,09:45:01.130582543
21,5140.0,33,5140.25,09:45:01.130618329
21,5140.0,33,5140.25,09:45:01.138697670
20,5140.0,33,5140.25,09:45:01.180655027
18,5140.0,33,5140.25,09:45:01.180732715
17,5140.0,33,5140.25,09:45:01.180743515
16,5140.0,33,5140.25,09:45:01.180751941
15,5140.0,33,5140.25,09:45:01.180859565
16,5140.0,33,5140.25,09:45:01.181057341
19,5140.0,33,5140.25,09:45:01.181144592
20,5140.0,33,5140.25,09:45:01.184350609
20,5140.0,27,5140.25,09:45:01.184717266
20,5140.0,27,5140.25,09:45:01.196525107
20,5140.0,27,5140.25,09:45:01.228503904
20,5140.0,27,5140.25,09:45:01.228523738
20,5140.0,26,5140.25,09:45:01.236345422
21,5140.0,26,5140.25,09:45:01.236412086
22,5140.0,26,5140.25,09:45:01.236515883
23,5140.0,26,5140.25,09:45:01.236605786
24,5140.0,26,5140.25,09:45:01.236614858
25,5140.0,26,5140.25,09:45:01.236806813
24,5140.0,26,5140.25,09:45:01.246737155
24,5140.0,29,5140.25,09:45:01.246826098
26,5140.0,29,5140.25,09:45:01.251991805
26,5140.0,26,5140.25,09:45:01.252096924
33,5140.0,26,5140.25,09:45:01.252467674
33,5140.0,23,5140.25,09:45:01.257574761
33,5140.0,23,5140.25,09:45:01.260496335
33,5140.0,23,5140.25,09:45:01.260496335
33,5140.0,23,5140.25,09:45:01.279220696
34,5140.0,23,5140.25,09:45:01.297869574
34,5140.0,27,5140.25,09:45:01.305337539
34,5140.0,27,5140.25,09:45:01.347423955
34,5140.0,27,5140.25,09:45:01.347423955
34,5140.0,29,5140.25,09:45:01.347486420
34,5140.0,29,5140.25,09:45:01.371831676
34,5140.0,29,5140.25,09:45:01.371831676
34,5140.0,29,5140.25,09:45:01.371840626
34,5140.0,29,5140.25,09:45:01.371840626
34,5140.0,27,5140.25,09:45:01.419565219
34,5140.0,26,5140.25,09:45:01.419569898
34,5140.0,24,5140.25,09:45:01.432825882
35,5140.0,24,5140.25,09:45:01.432893251
35,5140.0,23,5140.25,09:45:01.439089498
35,5140.0,22,5140.25,09:45:01.439095735
35,5140.0,21,5140.25,09:45:01.439101914
35,5140.0,20,5140.25,09:45:01.439218172
35,5140.0,19,5140.25,09:45:01.527901047
35,5140.0,17,5140.25,09:45:01.527910461
35,5140.0,16,5140.25,09:45:01.528010419
35,5140.0,15,5140.25,09:45:01.528055850
35,5140.0,14,5140.25,09:45:01.528126949
35,5140.0,13,5140.25,09:45:01.528219271
35,5140.0,13,5140.25,09:45:01.531983987
35,5140.0,13,5140.25,09:45:01.538688106
35,5140.0,15,5140.25,09:45:01.540073385
35,5140.0,16,5140.25,09:45:01.540082083
35,5140.0,17,5140.25,09:45:01.546927248
36,5140.0,17,5140.25,09:45:01.547067446
37,5140.0,17,5140.25,09:45:01.547181429
37,5140.0,15,5140.25,09:45:01.555018374
37,5140.0,14,5140.25,09:45:01.555027312
37,5140.0,13,5140.25,09:45:01.555676740
38,5140.0,13,5140.25,09:45:01.555676740
38,5140.0,12,5140.25,09:45:01.555915278
38,5140.0,10,5140.25,09:45:01.555915278
38,5140.0,7,5140.25,09:45:01.555999601
38,5140.0,4,5140.25,09:45:01.555999601
38,5140.0,2,5140.25,09:45:01.556070495
38,5140.0,51,5140.5,09:45:01.556070495
1,5140.25,51,5140.5,09:45:01.556070495
1,5140.25,51,5140.5,09:45:01.556070495
3,5140.25,51,5140.5,09:45:01.556075154
4,5140.25,51,5140.5,09:45:01.556090696
5,5140.25,51,5140.5,09:45:01.556105244
6,5140.25,51,5140.5,09:45:01.556105244
6,5140.25,51,5140.5,09:45:01.556110914
7,5140.25,51,5140.5,09:45:01.556116626
6,5140.25,51,5140.5,09:45:01.556144416
6,5140.25,51,5140.5,09:45:01.556159734
6,5140.25,51,5140.5,09:45:01.556182797
6,5140.25,51,5140.5,09:45:01.556240568
5,5140.25,51,5140.5,09:45:01.556406530
5,5140.25,51,5140.5,09:45:01.556406530
6,5140.25,51,5140.5,09:45:01.556413554
7,5140.25,51,5140.5,09:45:01.556434509
7,5140.25,51,5140.5,09:45:01.556434509
8,5140.25,51,5140.5,09:45:01.556434509
9,5140.25,51,5140.5,09:45:01.556443191
9,5140.25,51,5140.5,09:45:01.556443191
9,5140.25,50,5140.5,09:45:01.556443191
8,5140.25,50,5140.5,09:45:01.556443191
5,5140.25,50,5140.5,09:45:01.556728536
2,5140.25,50,5140.5,09:45:01.556728536
40,5140.0,50,5140.5,09:45:01.556728536
40,5140.0,50,5140.5,09:45:01.556728536
40,5140.0,3,5140.25,09:45:01.556728536
40,5140.0,4,5140.25,09:45:01.556728536
40,5140.0,6,5140.25,09:45:01.556728536
41,5140.0,6,5140.25,09:45:01.556728536
41,5140.0,6,5140.25,09:45:01.556739321
41,5140.0,6,5140.25,09:45:01.556739321
41,5140.0,7,5140.25,09:45:01.556759446
41,5140.0,7,5140.25,09:45:01.556759446
41,5140.0,7,5140.25,09:45:01.556759446
41,5140.0,7,5140.25,09:45:01.556764230
41,5140.0,4,5140.25,09:45:01.556783037
41,5140.0,5,5140.25,09:45:01.556822967
41,5140.0,6,5140.25,09:45:01.556862805
41,5140.0,5,5140.25,09:45:01.557085529
41,5140.0,3,5140.25,09:45:01.557093069
40,5140.0,3,5140.25,09:45:01.557153780
40,5140.0,4,5140.25,09:45:01.557200853
40,5140.0,1,5140.25,09:45:01.557366025
40,5140.0,51,5140.5,09:45:01.557366025
2,5140.25,51,5140.5,09:45:01.557366025
2,5140.25,51,5140.5,09:45:01.557366025
3,5140.25,51,5140.5,09:45:01.557366025
5,5140.25,51,5140.5,09:45:01.557366025
3,5140.25,51,5140.5,09:45:01.557366025
4,5140.25,51,5140.5,09:45:01.557401676
5,5140.25,51,5140.5,09:45:01.557409782
6,5140.25,51,5140.5,09:45:01.557489595
7,5140.25,51,5140.5,09:45:01.557511842
5,5140.25,51,5140.5,09:45:01.557520188
4,5140.25,51,5140.5,09:45:01.557541196
3,5140.25,51,5140.5,09:45:01.557683720
2,5140.25,51,5140.5,09:45:01.557814997
1,5140.25,51,5140.5,09:45:01.557911207
1,5140.25,51,5140.5,09:45:01.558133855
1,5140.25,51,5140.5,09:45:01.558133855
3,5140.25,51,5140.5,09:45:01.558534707
4,5140.25,51,5140.5,09:45:01.558547683
7,5140.25,51,5140.5,09:45:01.558555533
8,5140.25,51,5140.5,09:45:01.558569793
10,5140.25,51,5140.5,09:45:01.558580267
11,5140.25,51,5140.5,09:45:01.558643602
8,5140.25,51,5140.5,09:45:01.558656354
9,5140.25,51,5140.5,09:45:01.558685065
10,5140.25,51,5140.5,09:45:01.558693622
12,5140.25,51,5140.5,09:45:01.559137494
13,5140.25,51,5140.5,09:45:01.559223620
13,5140.25,51,5140.5,09:45:01.564741386
13,5140.25,51,5140.5,09:45:01.564741386
13,5140.25,51,5140.5,09:45:01.565026195
13,5140.25,51,5140.5,09:45:01.565026195
12,5140.25,51,5140.5,09:45:01.567290320
10,5140.25,51,5140.5,09:45:01.567297559
8,5140.25,51,5140.5,09:45:01.567304615
8,5140.25,51,5140.5,09:45:01.567898633
9,5140.25,51,5140.5,09:45:01.573282985
11,5140.25,51,5140.5,09:45:01.573289142
9,5140.25,51,5140.5,09:45:01.574783735
8,5140.25,51,5140.5,09:45:01.575014735
8,5140.25,51,5140.5,09:45:01.578423553
11,5140.25,51,5140.5,09:45:01.588665842
10,5140.25,51,5140.5,09:45:01.603071240
7,5140.25,51,5140.5,09:45:01.603148278
6,5140.25,51,5140.5,09:45:01.607658769
5,5140.25,51,5140.5,09:45:01.607728389
4,5140.25,51,5140.5,09:45:01.607735916
4,5140.25,52,5140.5,09:45:01.619128011
6,5140.25,52,5140.5,09:45:01.647167357
7,5140.25,52,5140.5,09:45:01.647173497
9,5140.25,52,5140.5,09:45:01.647181242
7,5140.25,52,5140.5,09:45:01.647223649
6,5140.25,52,5140.5,09:45:01.647233320
4,5140.25,52,5140.5,09:45:01.647336474
6,5140.25,52,5140.5,09:45:01.647976122
8,5140.25,52,5140.5,09:45:01.647982547
9,5140.25,52,5140.5,09:45:01.647988605
12,5140.25,52,5140.5,09:45:01.658790951
16,5140.25,52,5140.5,09:45:01.664406017
17,5140.25,52,5140.5,09:45:01.664525297
18,5140.25,52,5140.5,09:45:01.664631571
18,5140.25,52,5140.5,09:45:01.664960202
18,5140.25,52,5140.5,09:45:01.664960202
18,5140.25,51,5140.5,09:45:01.665072098
19,5140.25,51,5140.5,09:45:01.665164468
19,5140.25,50,5140.5,09:45:01.680690361
15,5140.25,50,5140.5,09:45:01.685572117
12,5140.25,50,5140.5,09:45:01.685590988
11,5140.25,50,5140.5,09:45:01.685686337
9,5140.25,50,5140.5,09:45:01.685691989
7,5140.25,50,5140.5,09:45:01.685701525
6,5140.25,50,5140.5,09:45:01.685718860
5,5140.25,50,5140.5,09:45:01.685799702
4,5140.25,50,5140.5,09:45:01.685807868
7,5140.25,50,5140.5,09:45:01.685816179
9,5140.25,50,5140.5,09:45:01.685893637
10,5140.25,50,5140.5,09:45:01.685900694
13,5140.25,50,5140.5,09:45:01.685907657
10,5140.25,50,5140.5,09:45:01.685943046
11,5140.25,50,5140.5,09:45:01.687225248
11,5140.25,50,5140.5,09:45:01.701835155
8,5140.25,50,5140.5,09:45:01.714218342
7,5140.25,50,5140.5,09:45:01.714397642
5,5140.25,50,5140.5,09:45:01.714414830
4,5140.25,50,5140.5,09:45:01.752243124
6,5140.25,50,5140.5,09:45:01.752599819
7,5140.25,50,5140.5,09:45:01.752605128
7,5140.25,49,5140.5,09:45:01.757421289
10,5140.25,49,5140.5,09:45:01.757488647
11,5140.25,49,5140.5,09:45:01.757498763
14,5140.25,49,5140.5,09:45:01.757509922
15,5140.25,49,5140.5,09:45:01.757622986
12,5140.25,49,5140.5,09:45:01.757663141
11,5140.25,49,5140.5,09:45:01.757721158
12,5140.25,49,5140.5,09:45:01.757731884
13,5140.25,49,5140.5,09:45:01.758059715
14,5140.25,49,5140.5,09:45:01.765326569
16,5140.25,49,5140.5,09:45:01.765333007
17,5140.25,49,5140.5,09:45:01.852731766
20,5140.25,49,5140.5,09:45:01.852821905
21,5140.25,49,5140.5,09:45:01.852843848
22,5140.25,49,5140.5,09:45:01.852972433
21,5140.25,49,5140.5,09:45:01.862967108
20,5140.25,49,5140.5,09:45:01.863056835
23,5140.25,49,5140.5,09:45:01.869285642
23,5140.25,46,5140.5,09:45:01.869386860
24,5140.25,46,5140.5,09:45:01.869397337
24,5140.25,46,5140.5,09:45:01.870049708
21,5140.25,46,5140.5,09:45:01.871650822
18,5140.25,46,5140.5,09:45:01.871761224
21,5140.25,46,5140.5,09:45:01.874373581
18,5140.25,46,5140.5,09:45:01.879793284
19,5140.25,46,5140.5,09:45:01.892022308
21,5140.25,46,5140.5,09:45:01.892027937
22,5140.25,46,5140.5,09:45:01.892035069
23,5140.25,46,5140.5,09:45:01.892041038
26,5140.25,46,5140.5,09:45:01.892047598
24,5140.25,46,5140.5,09:45:01.892131078
25,5140.25,46,5140.5,09:45:01.892143923
26,5140.25,46,5140.5,09:45:01.892173696
25,5140.25,46,5140.5,09:45:01.892231176
24,5140.25,46,5140.5,09:45:01.902266156
26,5140.25,46,5140.5,09:45:01.904742423
27,5140.25,46,5140.5,09:45:01.904838681
28,5140.25,46,5140.5,09:45:01.904846921
27,5140.25,46,5140.5,09:45:01.948667138
26,5140.25,46,5140.5,09:45:01.948708784
23,5140.25,46,5140.5,09:45:01.948794648
24,5140.25,46,5140.5,09:45:01.977997908
25,5140.25,46,5140.5,09:45:01.978006731
31,5140.25,46,5140.5,09:45:01.982025227
31,5140.25,39,5140.5,09:45:01.982031038
34,5140.25,39,5140.5,09:45:01.982119329
35,5140.25,39,5140.5,09:45:01.982125655
35,5140.25,38,5140.5,09:45:01.982140612
36,5140.25,38,5140.5,09:45:01.982157618
36,5140.25,37,5140.5,09:45:01.982170616
36,5140.25,36,5140.5,09:45:01.982179148
37,5140.25,36,5140.5,09:45:01.982221318
37,5140.25,35,5140.5,09:45:01.982327787
38,5140.25,35,5140.5,09:45:01.983823353
39,5140.25,35,5140.5,09:45:01.983921628
39,5140.25,35,5140.5,09:45:01.988501009
39,5140.25,33,5140.5,09:45:01.989510342
39,5140.25,31,5140.5,09:45:01.989516642
40,5140.25,31,5140.5,09:45:01.989629976
40,5140.25,30,5140.5,09:45:01.989637096
41,5140.25,30,5140.5,09:45:01.989728599
41,5140.25,31,5140.5,09:45:01.989838166
41,5140.25,25,5140.5,09:45:01.990021517
41,5140.25,19,5140.5,09:45:01.990269404
41,5140.25,17,5140.5,09:45:01.990269404
41,5140.25,16,5140.5,09:45:01.990269404
41,5140.25,15,5140.5,09:45:01.990269404
42,5140.25,15,5140.5,09:45:01.990269404
42,5140.25,14,5140.5,09:45:01.990269404
42,5140.25,12,5140.5,09:45:01.990269404
42,5140.25,11,5140.5,09:45:01.990269404
42,5140.25,75,5140.75,09:45:01.990430773
42,5140.25,75,5140.75,09:45:01.990430773
42,5140.25,75,5140.75,09:45:01.990438520
42,5140.25,75,5140.75,09:45:01.990438520
1,5140.5,75,5140.75,09:45:01.990480998
6,5140.5,75,5140.75,09:45:01.990556145
7,5140.5,75,5140.75,09:45:01.990565038
8,5140.5,75,5140.75,09:45:01.990574113
10,5140.5,75,5140.75,09:45:01.990579998
12,5140.5,75,5140.75,09:45:01.990591576
13,5140.5,75,5140.75,09:45:01.990611602
16,5140.5,75,5140.75,09:45:01.990620060
16,5140.5,75,5140.75,09:45:01.990626851
16,5140.5,75,5140.75,09:45:01.990650467
16,5140.5,75,5140.75,09:45:01.990661069
19,5140.5,75,5140.75,09:45:01.990679216
19,5140.5,75,5140.75,09:45:01.990684881
19,5140.5,75,5140.75,09:45:01.990710887
19,5140.5,74,5140.75,09:45:01.990760936
16,5140.5,74,5140.75,09:45:01.990770505
16,5140.5,74,5140.75,09:45:01.990787545
16,5140.5,73,5140.75,09:45:01.990793235
17,5140.5,73,5140.75,09:45:01.990799024
17,5140.5,73,5140.75,09:45:01.990804870
16,5140.5,73,5140.75,09:45:01.991037816
17,5140.5,73,5140.75,09:45:01.991037816
15,5140.5,73,5140.75,09:45:01.991173021
12,5140.5,73,5140.75,09:45:01.991180852
11,5140.5,73,5140.75,09:45:01.991233400
11,5140.5,73,5140.75,09:45:01.991274995
10,5140.5,73,5140.75,09:45:01.991294096
10,5140.5,73,5140.75,09:45:01.991369797
10,5140.5,73,5140.75,09:45:01.992551370
10,5140.5,73,5140.75,09:45:01.992551370
12,5140.5,73,5140.75,09:45:01.993065665
12,5140.5,73,5140.75,09:45:01.993065665
13,5140.5,73,5140.75,09:45:01.998863007
12,5140.5,73,5140.75,09:45:01.999017498
12,5140.5,73,5140.75,09:45:02.000040007
12,5140.5,73,5140.75,09:45:02.000040007
12,5140.5,73,5140.75,09:45:02.000354298
12,5140.5,73,5140.75,09:45:02.000354298
12,5140.5,73,5140.75,09:45:02.010671069
12,5140.5,73,5140.75,09:45:02.010671069
13,5140.5,73,5140.75,09:45:02.010925874
14,5140.5,73,5140.75,09:45:02.014150111
14,5140.5,73,5140.75,09:45:02.016098064
14,5140.5,73,5140.75,09:45:02.039432823
14,5140.5,73,5140.75,09:45:02.039432823
14,5140.5,74,5140.75,09:45:02.041361450
9,5140.5,74,5140.75,09:45:02.049061823
41,5140.25,74,5140.75,09:45:02.049361518
41,5140.25,74,5140.75,09:45:02.049361518
41,5140.25,1,5140.5,09:45:02.049361518
41,5140.25,2,5140.5,09:45:02.049376847
41,5140.25,4,5140.5,09:45:02.049388008
41,5140.25,9,5140.5,09:45:02.049411567
41,5140.25,10,5140.5,09:45:02.049427116
41,5140.25,11,5140.5,09:45:02.049431961
41,5140.25,13,5140.5,09:45:02.049438025
41,5140.25,15,5140.5,09:45:02.049445837
41,5140.25,16,5140.5,09:45:02.049457127
41,5140.25,20,5140.5,09:45:02.049468676
41,5140.25,21,5140.5,09:45:02.049473757
40,5140.25,21,5140.5,09:45:02.049495607
40,5140.25,17,5140.5,09:45:02.049500830
40,5140.25,16,5140.5,09:45:02.049513537
40,5140.25,18,5140.5,09:45:02.049517963
40,5140.25,19,5140.5,09:45:02.049524462
40,5140.25,20,5140.5,09:45:02.049552447
40,5140.25,15,5140.5,09:45:02.049818415
40,5140.25,16,5140.5,09:45:02.049818415
40,5140.25,15,5140.5,09:45:02.049818415
40,5140.25,14,5140.5,09:45:02.049818415
40,5140.25,15,5140.5,09:45:02.049818415
40,5140.25,16,5140.5,09:45:02.049830357
41,5140.25,16,5140.5,09:45:02.049830357
41,5140.25,14,5140.5,09:45:02.049836188
42,5140.25,14,5140.5,09:45:02.049836188
42,5140.25,13,5140.5,09:45:02.049862956
42,5140.25,14,5140.5,09:45:02.049903936
42,5140.25,13,5140.5,09:45:02.049927715
42,5140.25,11,5140.5,09:45:02.051053408
42,5140.25,10,5140.5,09:45:02.051061085
42,5140.25,8,5140.5,09:45:02.051094231
42,5140.25,7,5140.5,09:45:02.051103866
42,5140.25,6,5140.5,09:45:02.059910710
42,5140.25,5,5140.5,09:45:02.062698097
43,5140.25,5,5140.5,09:45:02.062765929
43,5140.25,74,5140.75,09:45:02.062964346
43,5140.25,74,5140.75,09:45:02.062964346
44,5140.25,74,5140.75,09:45:02.062973124
1,5140.5,74,5140.75,09:45:02.063049983
2,5140.5,74,5140.75,09:45:02.063055657
44,5140.25,74,5140.75,09:45:02.063198626
44,5140.25,1,5140.5,09:45:02.063198626
44,5140.25,1,5140.5,09:45:02.063198626
44,5140.25,4,5140.5,09:45:02.063198626
44,5140.25,5,5140.5,09:45:02.063306177
44,5140.25,6,5140.5,09:45:02.063315841
44,5140.25,11,5140.5,09:45:02.063327908
44,5140.25,12,5140.5,09:45:02.063335841
44,5140.25,11,5140.5,09:45:02.063431693
44,5140.25,12,5140.5,09:45:02.063431693
44,5140.25,13,5140.5,09:45:02.063456634
44,5140.25,15,5140.5,09:45:02.063471412
44,5140.25,13,5140.5,09:45:02.063524344
44,5140.25,13,5140.5,09:45:02.063709238
44,5140.25,12,5140.5,09:45:02.073546354
44,5140.25,7,5140.5,09:45:02.073659732
44,5140.25,6,5140.5,09:45:02.073764018
44,5140.25,5,5140.5,09:45:02.081998595
44,5140.25,3,5140.5,09:45:02.082056929
44,5140.25,4,5140.5,09:45:02.082277103
44,5140.25,6,5140.5,09:45:02.082282444
44,5140.25,6,5140.5,09:45:02.105565725
44,5140.25,6,5140.5,09:45:02.108535734
44,5140.25,6,5140.5,09:45:02.131904531
44,5140.25,6,5140.5,09:45:02.131950935
44,5140.25,9,5140.5,09:45:02.175753128
44,5140.25,10,5140.5,09:45:02.250054610
44,5140.25,12,5140.5,09:45:02.250060889
44,5140.25,15,5140.5,09:45:02.250144663
44,5140.25,16,5140.5,09:45:02.250156180
44,5140.25,17,5140.5,09:45:02.250182158
44,5140.25,14,5140.5,09:45:02.250224415
44,5140.25,12,5140.5,09:45:02.271216832
44,5140.25,11,5140.5,09:45:02.271222915
44,5140.25,8,5140.5,09:45:02.282906940
44,5140.25,7,5140.5,09:45:02.282906940
44,5140.25,4,5140.5,09:45:02.282906940
44,5140.25,73,5140.75,09:45:02.282963203
44,5140.25,73,5140.75,09:45:02.282963203
1,5140.5,73,5140.75,09:45:02.282982973
3,5140.5,73,5140.75,09:45:02.283017933
6,5140.5,73,5140.75,09:45:02.283030785
6,5140.5,73,5140.75,09:45:02.283043185
7,5140.5,73,5140.75,09:45:02.283082574
9,5140.5,73,5140.75,09:45:02.283099935
11,5140.5,73,5140.75,09:45:02.283104946
12,5140.5,73,5140.75,09:45:02.283114754
13,5140.5,73,5140.75,09:45:02.283146781
14,5140.5,73,5140.75,09:45:02.283205390
14,5140.5,73,5140.75,09:45:02.283835355
14,5140.5,73,5140.75,09:45:02.283881071
15,5140.5,73,5140.75,09:45:02.283888095
16,5140.5,73,5140.75,09:45:02.284014273
16,5140.5,72,5140.75,09:45:02.284114691
16,5140.5,71,5140.75,09:45:02.284212348
18,5140.5,71,5140.75,09:45:02.284301834
19,5140.5,71,5140.75,09:45:02.289068378
20,5140.5,71,5140.75,09:45:02.289160575
21,5140.5,71,5140.75,09:45:02.289173008
22,5140.5,71,5140.75,09:45:02.289278632
21,5140.5,71,5140.75,09:45:02.299397898
21,5140.5,73,5140.75,09:45:02.325357205
20,5140.5,73,5140.75,09:45:02.325466446
18,5140.5,73,5140.75,09:45:02.325472331
17,5140.5,73,5140.75,09:45:02.325577133
14,5140.5,73,5140.75,09:45:02.325695958
12,5140.5,73,5140.75,09:45:02.325702086
14,5140.5,73,5140.75,09:45:02.326030089
15,5140.5,73,5140.75,09:45:02.326036304
14,5140.5,73,5140.75,09:45:02.338035201
15,5140.5,73,5140.75,09:45:02.410681801
15,5140.5,73,5140.75,09:45:02.411354336
16,5140.5,73,5140.75,09:45:02.412030990
16,5140.5,73,5140.75,09:45:02.412521067
16,5140.5,74,5140.75,09:45:02.418866164
16,5140.5,74,5140.75,09:45:02.446685819
16,5140.5,74,5140.75,09:45:02.496994647
16,5140.5,74,5140.75,09:45:02.515505708
17,5140.5,74,5140.75,09:45:02.535294347
18,5140.5,74,5140.75,09:45:02.535380877
19,5140.5,74,5140.75,09:45:02.535440539
20,5140.5,74,5140.75,09:45:02.535481384
21,5140.5,74,5140.75,09:45:02.535826558
23,5140.5,74,5140.75,09:45:02.535832722
24,5140.5,74,5140.75,09:45:02.535922136
25,5140.5,74,5140.75,09:45:02.535964156
24,5140.5,74,5140.75,09:45:02.535971762
22,5140.5,74,5140.75,09:45:02.535977679
22,5140.5,73,5140.75,09:45:02.536030112
23,5140.5,73,5140.75,09:45:02.536071390
22,5140.5,73,5140.75,09:45:02.536077668
21,5140.5,73,5140.75,09:45:02.536151574
22,5140.5,73,5140.75,09:45:02.538898791
24,5140.5,73,5140.75,09:45:02.538904765
24,5140.5,73,5140.75,09:45:02.545717258
24,5140.5,70,5140.75,09:45:02.550984212
24,5140.5,69,5140.75,09:45:02.550991303
25,5140.5,69,5140.75,09:45:02.551078597
26,5140.5,69,5140.75,09:45:02.551091090
26,5140.5,68,5140.75,09:45:02.551099049
26,5140.5,67,5140.75,09:45:02.551114976
28,5140.5,67,5140.75,09:45:02.551274042
35,5140.5,67,5140.75,09:45:02.551282340
35,5140.5,67,5140.75,09:45:02.551330946
35,5140.5,67,5140.75,09:45:02.551330946
35,5140.5,67,5140.75,09:45:02.551339835
36,5140.5,67,5140.75,09:45:02.551367781
37,5140.5,67,5140.75,09:45:02.551383071
38,5140.5,67,5140.75,09:45:02.551410160
39,5140.5,67,5140.75,09:45:02.551462488
39,5140.5,67,5140.75,09:45:02.551462488
39,5140.5,67,5140.75,09:45:02.551623809
39,5140.5,67,5140.75,09:45:02.551623809
39,5140.5,67,5140.75,09:45:02.551806600
39,5140.5,67,5140.75,09:45:02.551806600
39,5140.5,67,5140.75,09:45:02.555373040
32,5140.5,67,5140.75,09:45:02.556459788
31,5140.5,67,5140.75,09:45:02.556560660
31,5140.5,68,5140.75,09:45:02.556566740
29,5140.5,68,5140.75,09:45:02.556750197
28,5140.5,68,5140.75,09:45:02.556756479
27,5140.5,68,5140.75,09:45:02.556855377
26,5140.5,68,5140.75,09:45:02.556966646
26,5140.5,69,5140.75,09:45:02.557538763
25,5140.5,69,5140.75,09:45:02.557662833
25,5140.5,69,5140.75,09:45:02.557668421
25,5140.5,69,5140.75,09:45:02.557668421
25,5140.5,69,5140.75,09:45:02.558178802
25,5140.5,69,5140.75,09:45:02.559464940
25,5140.5,69,5140.75,09:45:02.559470940
23,5140.5,69,5140.75,09:45:02.561738150
23,5140.5,68,5140.75,09:45:02.561744371
26,5140.5,68,5140.75,09:45:02.562136446
28,5140.5,68,5140.75,09:45:02.562225776
28,5140.5,68,5140.75,09:45:02.564430067
28,5140.5,68,5140.75,09:45:02.564430067
28,5140.5,68,5140.75,09:45:02.568470776
28,5140.5,68,5140.75,09:45:02.568470776
28,5140.5,68,5140.75,09:45:02.573945628
28,5140.5,68,5140.75,09:45:02.583743983
27,5140.5,68,5140.75,09:45:02.620062695
25,5140.5,68,5140.75,09:45:02.625240246
22,5140.5,68,5140.75,09:45:02.625247430
22,5140.5,71,5140.75,09:45:02.625283789
21,5140.5,71,5140.75,09:45:02.625392508
21,5140.5,72,5140.75,09:45:02.625398704
21,5140.5,73,5140.75,09:45:02.625403686
21,5140.5,74,5140.75,09:45:02.625505928
20,5140.5,74,5140.75,09:45:02.625512824
20,5140.5,74,5140.75,09:45:02.625652200
20,5140.5,74,5140.75,09:45:02.625652200
20,5140.5,73,5140.75,09:45:02.626025027
20,5140.5,74,5140.75,09:45:02.626410829
19,5140.5,74,5140.75,09:45:02.627111564
19,5140.5,74,5140.75,09:45:02.627111564
18,5140.5,74,5140.75,09:45:02.633280341
16,5140.5,74,5140.75,09:45:02.633294728
14,5140.5,74,5140.75,09:45:02.633315250
13,5140.5,74,5140.75,09:45:02.633323468
13,5140.5,74,5140.75,09:45:02.633364038
12,5140.5,74,5140.75,09:45:02.633385713
11,5140.5,74,5140.75,09:45:02.633406302
9,5140.5,74,5140.75,09:45:02.633413060
8,5140.5,74,5140.75,09:45:02.633479657
7,5140.5,74,5140.75,09:45:02.633581896
7,5140.5,75,5140.75,09:45:02.633593390
7,5140.5,75,5140.75,09:45:02.633604687
7,5140.5,75,5140.75,09:45:02.633777986
7,5140.5,75,5140.75,09:45:02.633788949
6,5140.5,75,5140.75,09:45:02.640634614
7,5140.5,75,5140.75,09:45:02.653324991
9,5140.5,75,5140.75,09:45:02.653331836
9,5140.5,75,5140.75,09:45:02.657978512
9,5140.5,75,5140.75,09:45:02.682341706
9,5140.5,75,5140.75,09:45:02.682350346
8,5140.5,75,5140.75,09:45:02.723457208
10,5140.5,75,5140.75,09:45:02.758322061
11,5140.5,75,5140.75,09:45:02.758327798
12,5140.5,75,5140.75,09:45:02.758423439
12,5140.5,74,5140.75,09:45:02.758495401
12,5140.5,75,5140.75,09:45:02.768862564
12,5140.5,78,5140.75,09:45:02.792126467
10,5140.5,78,5140.75,09:45:02.796790989
9,5140.5,78,5140.75,09:45:02.796801639
7,5140.5,78,5140.75,09:45:02.796896329
6,5140.5,78,5140.75,09:45:02.797113319
9,5140.5,78,5140.75,09:45:02.798621916
11,5140.5,78,5140.75,09:45:02.831471046
12,5140.5,78,5140.75,09:45:02.831479829
13,5140.5,78,5140.75,09:45:02.831489647
15,5140.5,78,5140.75,09:45:02.831501145
15,5140.5,75,5140.75,09:45:02.831510304
18,5140.5,75,5140.75,09:45:02.831545053
19,5140.5,75,5140.75,09:45:02.831591179
20,5140.5,75,5140.75,09:45:02.831612926
17,5140.5,75,5140.75,09:45:02.831626527
17,5140.5,74,5140.75,09:45:02.831671427
17,5140.5,73,5140.75,09:45:02.831720673
20,5140.5,73,5140.75,09:45:02.831747358
17,5140.5,73,5140.75,09:45:02.831851750
17,5140.5,73,5140.75,09:45:02.832000605
17,5140.5,73,5140.75,09:45:02.832023728
18,5140.5,73,5140.75,09:45:02.832036247
19,5140.5,73,5140.75,09:45:02.832044977
21,5140.5,73,5140.75,09:45:02.832050948
22,5140.5,73,5140.75,09:45:02.832153036
23,5140.5,73,5140.75,09:45:02.832267116
23,5140.5,73,5140.75,09:45:02.832778643
30,5140.5,73,5140.75,09:45:02.855081287
31,5140.5,73,5140.75,09:45:02.855171091
32,5140.5,73,5140.75,09:45:02.855185501
33,5140.5,73,5140.75,09:45:02.855193145
34,5140.5,73,5140.75,09:45:02.855310601
35,5140.5,73,5140.75,09:45:02.855415557
35,5140.5,70,5140.75,09:45:02.856006906
35,5140.5,69,5140.75,09:45:02.856121862
36,5140.5,69,5140.75,09:45:02.863243206
36,5140.5,69,5140.75,09:45:02.863243206
35,5140.5,69,5140.75,09:45:02.865537748
36,5140.5,69,5140.75,09:45:02.877625217
36,5140.5,69,5140.75,09:45:02.880721568
36,5140.5,69,5140.75,09:45:02.880721568
35,5140.5,69,5140.75,09:45:02.881045468
35,5140.5,69,5140.75,09:45:02.885344621
35,5140.5,69,5140.75,09:45:02.885344621
28,5140.5,69,5140.75,09:45:02.904097184
27,5140.5,69,5140.75,09:45:02.904197010
26,5140.5,69,5140.75,09:45:02.904205074
25,5140.5,69,5140.75,09:45:02.904683747
25,5140.5,69,5140.75,09:45:02.904683747
25,5140.5,72,5140.75,09:45:02.912408206
23,5140.5,72,5140.75,09:45:02.912522730
22,5140.5,72,5140.75,09:45:02.912542010
21,5140.5,72,5140.75,09:45:02.912547553
21,5140.5,73,5140.75,09:45:02.912661840
19,5140.5,73,5140.75,09:45:02.912667814
19,5140.5,74,5140.75,09:45:02.912780837
19,5140.5,73,5140.75,09:45:02.913258489
19,5140.5,74,5140.75,09:45:02.930109052
19,5140.5,75,5140.75,09:45:02.943311526
19,5140.5,77,5140.75,09:45:02.943317584
18,5140.5,77,5140.75,09:45:02.943419532
17,5140.5,77,5140.75,09:45:02.943433141
16,5140.5,77,5140.75,09:45:02.943534932
15,5140.5,77,5140.75,09:45:02.943542667
14,5140.5,77,5140.75,09:45:02.943649520
13,5140.5,77,5140.75,09:45:02.966592328
12,5140.5,77,5140.75,09:45:02.966849828
10,5140.5,77,5140.75,09:45:02.967034452
12,5140.5,77,5140.75,09:45:02.974708421
13,5140.5,77,5140.75,09:45:02.974715177
13,5140.5,76,5140.75,09:45:02.974721154
13,5140.5,74,5140.75,09:45:02.974731193
14,5140.5,74,5140.75,09:45:02.974738326
16,5140.5,74,5140.75,09:45:02.974757168
15,5140.5,74,5140.75,09:45:02.974856763
13,5140.5,74,5140.75,09:45:02.974862856
13,5140.5,77,5140.75,09:45:02.985356860
11,5140.5,77,5140.75,09:45:02.987572709
10,5140.5,77,5140.75,09:45:02.987579637
12,5140.5,77,5140.75,09:45:02.988445914
13,5140.5,77,5140.75,09:45:02.988455991
13,5140.5,77,5140.75,09:45:02.991170580
13,5140.5,77,5140.75,09:45:02.991272547
13,5140.5,77,5140.75,09:45:02.991396274
13,5140.5,77,5140.75,09:45:02.994643492
13,5140.5,74,5140.75,09:45:02.994871106
12,5140.5,74,5140.75,09:45:03.000819818
12,5140.5,74,5140.75,09:45:03.000819818
12,5140.5,74,5140.75,09:45:03.028556910
12,5140.5,74,5140.75,09:45:03.037506471
15,5140.5,74,5140.75,09:45:03.039836668
16,5140.5,74,5140.75,09:45:03.039856902
18,5140.5,74,5140.75,09:45:03.039866544
18,5140.5,73,5140.75,09:45:03.039898490
17,5140.5,73,5140.75,09:45:03.040341283
18,5140.5,73,5140.75,09:45:03.040784146
18,5140.5,73,5140.75,09:45:03.040819491
18,5140.5,73,5140.75,09:45:03.040819491
19,5140.5,73,5140.75,09:45:03.040872925
20,5140.5,73,5140.75,09:45:03.040969849
21,5140.5,73,5140.75,09:45:03.041078015
21,5140.5,73,5140.75,09:45:03.047454512
21,5140.5,73,5140.75,09:45:03.047454512
21,5140.5,73,5140.75,09:45:03.056993840
21,5140.5,73,5140.75,09:45:03.099977503
21,5140.5,73,5140.75,09:45:03.110187539
21,5140.5,73,5140.75,09:45:03.111089045
21,5140.5,73,5140.75,09:45:03.111253685
21,5140.5,73,5140.75,09:45:03.111408926
21,5140.5,71,5140.75,09:45:03.157609693
28,5140.5,71,5140.75,09:45:03.157700058
29,5140.5,71,5140.75,09:45:03.157706106
30,5140.5,71,5140.75,09:45:03.157789407
31,5140.5,71,5140.75,09:45:03.157800338
32,5140.5,71,5140.75,09:45:03.157918923
33,5140.5,71,5140.75,09:45:03.158236904
33,5140.5,70,5140.75,09:45:03.158352084
34,5140.5,70,5140.75,09:45:03.158458438
34,5140.5,67,5140.75,09:45:03.158868119
35,5140.5,67,5140.75,09:45:03.198246167
35,5140.5,67,5140.75,09:45:03.198290546
35,5140.5,67,5140.75,09:45:03.198290546
35,5140.5,67,5140.75,09:45:03.198296015
35,5140.5,67,5140.75,09:45:03.198296015
35,5140.5,67,5140.75,09:45:03.198403179
35,5140.5,67,5140.75,09:45:03.211464261
34,5140.5,67,5140.75,09:45:03.228443960
34,5140.5,67,5140.75,09:45:03.284328389
34,5140.5,67,5140.75,09:45:03.284994463
34,5140.5,67,5140.75,09:45:03.286026292
34,5140.5,67,5140.75,09:45:03.325932664
34,5140.5,67,5140.75,09:45:03.338574765
34,5140.5,67,5140.75,09:45:03.347346830
34,5140.5,67,5140.75,09:45:03.347346830
34,5140.5,68,5140.75,09:45:03.383561790
33,5140.5,68,5140.75,09:45:03.383691828
33,5140.5,71,5140.75,09:45:03.384455594
32,5140.5,71,5140.75,09:45:03.384556799
32,5140.5,73,5140.75,09:45:03.384995339
25,5140.5,73,5140.75,09:45:03.385001531
24,5140.5,73,5140.75,09:45:03.385113216
24,5140.5,72,5140.75,09:45:03.391076850
24,5140.5,69,5140.75,09:45:03.391110313
25,5140.5,69,5140.75,09:45:03.391203937
26,5140.5,69,5140.75,09:45:03.391310074
27,5140.5,69,5140.75,09:45:03.391396985
34,5140.5,69,5140.75,09:45:03.410017366
38,5140.5,69,5140.75,09:45:03.410074887
39,5140.5,69,5140.75,09:45:03.410153382
40,5140.5,69,5140.75,09:45:03.410177101
41,5140.5,69,5140.75,09:45:03.410997706
41,5140.5,69,5140.75,09:45:03.410997706
41,5140.5,68,5140.75,09:45:03.411292486
41,5140.5,66,5140.75,09:45:03.411301386
41,5140.5,65,5140.75,09:45:03.411306730
42,5140.5,65,5140.75,09:45:03.411314589
42,5140.5,58,5140.75,09:45:03.411577872
42,5140.5,57,5140.75,09:45:03.411577872
42,5140.5,57,5140.75,09:45:03.411577872
42,5140.5,57,5140.75,09:45:03.411584847
43,5140.5,57,5140.75,09:45:03.411624010
43,5140.5,55,5140.75,09:45:03.411630672
43,5140.5,54,5140.75,09:45:03.411835442
43,5140.5,52,5140.75,09:45:03.411835442
43,5140.5,51,5140.75,09:45:03.411890269
43,5140.5,50,5140.75,09:45:03.411890269
43,5140.5,48,5140.75,09:45:03.411890269
43,5140.5,46,5140.75,09:45:03.411946794
43,5140.5,45,5140.75,09:45:03.411946794
43,5140.5,43,5140.75,09:45:03.411960718
43,5140.5,21,5140.75,09:45:03.412195615
43,5140.5,20,5140.75,09:45:03.412195615
43,5140.5,18,5140.75,09:45:03.412195615
44,5140.5,18,5140.75,09:45:03.412202443
44,5140.5,14,5140.75,09:45:03.412319532
45,5140.5,14,5140.75,09:45:03.412319532
45,5140.5,14,5140.75,09:45:03.412319532
45,5140.5,12,5140.75,09:45:03.412319532
45,5140.5,11,5140.75,09:45:03.412393056
46,5140.5,11,5140.75,09:45:03.412393056
47,5140.5,11,5140.75,09:45:03.412393056
47,5140.5,10,5140.75,09:45:03.412393056
47,5140.5,7,5140.75,09:45:03.412482009
47,5140.5,3,5140.75,09:45:03.412482009
47,5140.5,2,5140.75,09:45:03.412570653
47,5140.5,2,5140.75,09:45:03.412570653
47,5140.5,2,5140.75,09:45:03.412570653
47,5140.5,1,5140.75,09:45:03.412570653
47,5140.5,98,5141.0,09:45:03.412570653
47,5140.5,98,5141.0,09:45:03.412570653
1,5140.75,98,5141.0,09:45:03.412582010
3,5140.75,98,5141.0,09:45:03.412582010
3,5140.75,98,5141.0,09:45:03.412582010
3,5140.75,98,5141.0,09:45:03.412582010
4,5140.75,98,5141.0,09:45:03.412604235
5,5140.75,98,5141.0,09:45:03.412604235
5,5140.75,98,5141.0,09:45:03.412604235
5,5140.75,98,5141.0,09:45:03.412611764
5,5140.75,98,5141.0,09:45:03.412617758
5,5140.75,98,5141.0,09:45:03.412643404
5,5140.75,98,5141.0,09:45:03.412643404
6,5140.75,98,5141.0,09:45:03.412690959
7,5140.75,98,5141.0,09:45:03.412696255
6,5140.75,98,5141.0,09:45:03.412708259
4,5140.75,98,5141.0,09:45:03.412720441
4,5140.75,98,5141.0,09:45:03.412727923
5,5140.75,98,5141.0,09:45:03.412738775
6,5140.75,98,5141.0,09:45:03.412754279
8,5140.75,98,5141.0,09:45:03.412768708
9,5140.75,98,5141.0,09:45:03.412774913
9,5140.75,98,5141.0,09:45:03.412812664
9,5140.75,98,5141.0,09:45:03.412822764
9,5140.75,98,5141.0,09:45:03.412836236
9,5140.75,98,5141.0,09:45:03.412846953
9,5140.75,98,5141.0,09:45:03.412852838
12,5140.75,98,5141.0,09:45:03.412871772
12,5140.75,97,5141.0,09:45:03.412877267
12,5140.75,97,5141.0,09:45:03.412882803
12,5140.75,96,5141.0,09:45:03.412892855
12,5140.75,96,5141.0,09:45:03.412898474
12,5140.75,96,5141.0,09:45:03.412906135
12,5140.75,96,5141.0,09:45:03.412918110
12,5140.75,96,5141.0,09:45:03.412918110
12,5140.75,96,5141.0,09:45:03.412929000
12,5140.75,96,5141.0,09:45:03.412929000
12,5140.75,97,5141.0,09:45:03.412954110
13,5140.75,97,5141.0,09:45:03.412958978
13,5140.75,96,5141.0,09:45:03.412967781
13,5140.75,97,5141.0,09:45:03.412974139
13,5140.75,97,5141.0,09:45:03.412979768
13,5140.75,97,5141.0,09:45:03.412985532
13,5140.75,97,5141.0,09:45:03.413003260
14,5140.75,97,5141.0,09:45:03.413015561
13,5140.75,97,5141.0,09:45:03.413043312
13,5140.75,96,5141.0,09:45:03.413052115
12,5140.75,96,5141.0,09:45:03.413061261
12,5140.75,96,5141.0,09:45:03.413072871
12,5140.75,96,5141.0,09:45:03.413083329
12,5140.75,96,5141.0,09:45:03.413119960
12,5140.75,97,5141.0,09:45:03.413125627
14,5140.75,97,5141.0,09:45:03.413164604
14,5140.75,97,5141.0,09:45:03.413209297
14,5140.75,97,5141.0,09:45:03.413209297
14,5140.75,97,5141.0,09:45:03.413215706
14,5140.75,97,5141.0,09:45:03.413215706
15,5140.75,97,5141.0,09:45:03.414210481
15,5140.75,97,5141.0,09:45:03.414483919
16,5140.75,97,5141.0,09:45:03.415764353
18,5140.75,97,5141.0,09:45:03.415772548
18,5140.75,96,5141.0,09:45:03.415867695
19,5140.75,96,5141.0,09:45:03.419122715
22,5140.75,96,5141.0,09:45:03.419164232
23,5140.75,96,5141.0,09:45:03.419225193
23,5140.75,95,5141.0,09:45:03.419302718
24,5140.75,95,5141.0,09:45:03.419314811
24,5140.75,93,5141.0,09:45:03.419328191
24,5140.75,92,5141.0,09:45:03.419334002
24,5140.75,91,5141.0,09:45:03.419410730
25,5140.75,91,5141.0,09:45:03.419422567
26,5140.75,91,5141.0,09:45:03.419448561
27,5140.75,91,5141.0,09:45:03.419464273
27,5140.75,91,5141.0,09:45:03.419622667
27,5140.75,91,5141.0,09:45:03.419622667
27,5140.75,91,5141.0,09:45:03.419629055
27,5140.75,91,5141.0,09:45:03.419629055
29,5140.75,91,5141.0,09:45:03.420550292
36,5140.75,91,5141.0,09:45:03.420595055
37,5140.75,91,5141.0,09:45:03.420637206
38,5140.75,91,5141.0,09:45:03.420712350
36,5140.75,91,5141.0,09:45:03.420720004
37,5140.75,91,5141.0,09:45:03.420809334
34,5140.75,91,5141.0,09:45:03.420850685
27,5140.75,91,5141.0,09:45:03.421715535
28,5140.75,91,5141.0,09:45:03.426672156
27,5140.75,91,5141.0,09:45:03.429786869
26,5140.75,91,5141.0,09:45:03.429792821
25,5140.75,91,5141.0,09:45:03.429900292
24,5140.75,91,5141.0,09:45:03.429905799
23,5140.75,91,5141.0,09:45:03.430002607
22,5140.75,91,5141.0,09:45:03.430941161
22,5140.75,91,5141.0,09:45:03.434385211
22,5140.75,91,5141.0,09:45:03.434385211
22,5140.75,91,5141.0,09:45:03.436096027
22,5140.75,91,5141.0,09:45:03.436096027
22,5140.75,91,5141.0,09:45:03.436101927
21,5140.75,91,5141.0,09:45:03.442764388
19,5140.75,91,5141.0,09:45:03.442880614
18,5140.75,91,5141.0,09:45:03.442983434
18,5140.75,92,5141.0,09:45:03.457439186
18,5140.75,94,5141.0,09:45:03.457445042
17,5140.75,94,5141.0,09:45:03.457547787
15,5140.75,94,5141.0,09:45:03.457554315
14,5140.75,94,5141.0,09:45:03.457562331
14,5140.75,95,5141.0,09:45:03.457570606
4,5140.75,95,5141.0,09:45:03.458104895
4,5140.75,96,5141.0,09:45:03.458131040
4,5140.75,98,5141.0,09:45:03.458138650
3,5140.75,98,5141.0,09:45:03.458188999
1,5140.75,98,5141.0,09:45:03.458332110
47,5140.5,98,5141.0,09:45:03.458332110
47,5140.5,98,5141.0,09:45:03.458332110
47,5140.5,1,5140.75,09:45:03.458342190
47,5140.5,3,5140.75,09:45:03.458342190
47,5140.5,5,5140.75,09:45:03.458342190
47,5140.5,8,5140.75,09:45:03.458347435
47,5140.5,9,5140.75,09:45:03.458375560
47,5140.5,7,5140.75,09:45:03.458381810
47,5140.5,4,5140.75,09:45:03.458392754
47,5140.5,4,5140.75,09:45:03.458398594
47,5140.5,4,5140.75,09:45:03.458405228
49,5140.5,4,5140.75,09:45:03.458444960
49,5140.5,3,5140.75,09:45:03.458453946
49,5140.5,1,5140.75,09:45:03.458461341
49,5140.5,1,5140.75,09:45:03.458471601
49,5140.5,1,5140.75,09:45:03.458471601
50,5140.5,1,5140.75,09:45:03.458477508
50,5140.5,2,5140.75,09:45:03.458486538
50,5140.5,3,5140.75,09:45:03.458505076
50,5140.5,2,5140.75,09:45:03.458617006
50,5140.5,2,5140.75,09:45:03.458617006
50,5140.5,3,5140.75,09:45:03.458630490
50,5140.5,1,5140.75,09:45:03.458798913
51,5140.5,1,5140.75,09:45:03.458798913
51,5140.5,101,5141.0,09:45:03.458965267
51,5140.5,101,5141.0,09:45:03.458965267
1,5140.75,101,5141.0,09:45:03.458975670
2,5140.75,101,5141.0,09:45:03.458975670
3,5140.75,101,5141.0,09:45:03.458975670
3,5140.75,101,5141.0,09:45:03.458983242
3,5140.75,100,5141.0,09:45:03.459002517
3,5140.75,98,5141.0,09:45:03.459008360
3,5140.75,98,5141.0,09:45:03.459023058
3,5140.75,98,5141.0,09:45:03.459049679
6,5140.75,98,5141.0,09:45:03.459069216
6,5140.75,98,5141.0,09:45:03.459114852
6,5140.75,97,5141.0,09:45:03.459121962
3,5140.75,97,5141.0,09:45:03.459130654
4,5140.75,97,5141.0,09:45:03.459190873
4,5140.75,98,5141.0,09:45:03.459214707
4,5140.75,100,5141.0,09:45:03.459229868
3,5140.75,100,5141.0,09:45:03.459331925
53,5140.5,100,5141.0,09:45:03.459835772
53,5140.5,100,5141.0,09:45:03.459835772
53,5140.5,2,5140.75,09:45:03.459835772
53,5140.5,5,5140.75,09:45:03.459845890
53,5140.5,7,5140.75,09:45:03.459877578
53,5140.5,8,5140.75,09:45:03.459885827
53,5140.5,10,5140.75,09:45:03.459894208
53,5140.5,13,5140.75,09:45:03.459900884
52,5140.5,13,5140.75,09:45:03.459933275
52,5140.5,18,5140.75,09:45:03.459974440
52,5140.5,19,5140.75,09:45:03.459981132
52,5140.5,20,5140.75,09:45:03.459981132
52,5140.5,21,5140.75,09:45:03.459993727
52,5140.5,22,5140.75,09:45:03.460090468
52,5140.5,21,5140.75,09:45:03.504639355
52,5140.5,21,5140.75,09:45:03.505086684
51,5140.5,21,5140.75,09:45:03.521744580
50,5140.5,21,5140.75,09:45:03.521855371
50,5140.5,21,5140.75,09:45:03.525049470
49,5140.5,21,5140.75,09:45:03.532852764
49,5140.5,21,5140.75,09:45:03.532852764
49,5140.5,22,5140.75,09:45:03.550705482
49,5140.5,23,5140.75,09:45:03.550711674
49,5140.5,24,5140.75,09:45:03.550718922
49,5140.5,31,5140.75,09:45:03.550765557
42,5140.5,31,5140.75,09:45:03.550773464
42,5140.5,32,5140.75,09:45:03.550808114
42,5140.5,33,5140.75,09:45:03.550820028
42,5140.5,34,5140.75,09:45:03.550830742
42,5140.5,37,5140.75,09:45:03.550836860
41,5140.5,37,5140.75,09:45:03.550844560
40,5140.5,37,5140.75,09:45:03.550857830
39,5140.5,37,5140.75,09:45:03.550874266
38,5140.5,37,5140.75,09:45:03.550879197
34,5140.5,37,5140.75,09:45:03.550885408
34,5140.5,38,5140.75,09:45:03.550891329
33,5140.5,38,5140.75,09:45:03.550901642
33,5140.5,39,5140.75,09:45:03.550907150
33,5140.5,40,5140.75,09:45:03.550945442
32,5140.5,40,5140.75,09:45:03.550988780
32,5140.5,39,5140.75,09:45:03.550996899
31,5140.5,39,5140.75,09:45:03.551002790
30,5140.5,39,5140.75,09:45:03.551024515
29,5140.5,39,5140.75,09:45:03.551032141
26,5140.5,39,5140.75,09:45:03.551059201
25,5140.5,39,5140.75,09:45:03.551119512
24,5140.5,39,5140.75,09:45:03.551125692
24,5140.5,39,5140.75,09:45:03.551227422
24,5140.5,39,5140.75,09:45:03.551227422
24,5140.5,39,5140.75,09:45:03.551233601
24,5140.5,39,5140.75,09:45:03.551233601
23,5140.5,39,5140.75,09:45:03.551238897
23,5140.5,39,5140.75,09:45:03.551292438
23,5140.5,39,5140.75,09:45:03.551292438
23,5140.5,39,5140.75,09:45:03.558667370
23,5140.5,39,5140.75,09:45:03.558667370
26,5140.5,39,5140.75,09:45:03.558752556
23,5140.5,39,5140.75,09:45:03.558869537
26,5140.5,39,5140.75,09:45:03.559064572
29,5140.5,39,5140.75,09:45:03.559071666
29,5140.5,38,5140.75,09:45:03.559083411
30,5140.5,38,5140.75,09:45:03.559152052
30,5140.5,35,5140.75,09:45:03.559216008
30,5140.5,36,5140.75,09:45:03.559243942
30,5140.5,29,5140.75,09:45:03.559329297
30,5140.5,28,5140.75,09:45:03.559368881
29,5140.5,28,5140.75,09:45:03.559374852
30,5140.5,28,5140.75,09:45:03.559430921
30,5140.5,27,5140.75,09:45:03.561065319
30,5140.5,27,5140.75,09:45:03.572470909
27,5140.5,27,5140.75,09:45:03.572591964
27,5140.5,27,5140.75,09:45:03.603565152
27,5140.5,27,5140.75,09:45:03.611967865
27,5140.5,27,5140.75,09:45:03.612615728
29,5140.5,27,5140.75,09:45:03.621463733
36,5140.5,27,5140.75,09:45:03.621467913
36,5140.5,26,5140.75,09:45:03.621578565
36,5140.5,25,5140.75,09:45:03.621585957
36,5140.5,24,5140.75,09:45:03.621688045
36,5140.5,23,5140.75,09:45:03.621695377
36,5140.5,22,5140.75,09:45:03.621795753
36,5140.5,21,5140.75,09:45:03.621803564
37,5140.5,21,5140.75,09:45:03.650667070
37,5140.5,20,5140.75,09:45:03.664750382
37,5140.5,17,5140.75,09:45:03.664812559
38,5140.5,17,5140.75,09:45:03.664828528
38,5140.5,14,5140.75,09:45:03.664840675
38,5140.5,9,5140.75,09:45:03.664917393
37,5140.5,9,5140.75,09:45:03.665624579
37,5140.5,12,5140.75,09:45:03.665767282
37,5140.5,9,5140.75,09:45:03.673071772
38,5140.5,9,5140.75,09:45:03.673186811
38,5140.5,9,5140.75,09:45:03.678241390
38,5140.5,9,5140.75,09:45:03.678241390
38,5140.5,9,5140.75,09:45:03.685373966
39,5140.5,9,5140.75,09:45:03.685378868
39,5140.5,7,5140.75,09:45:03.685470592
39,5140.5,5,5140.75,09:45:03.685558763
39,5140.5,4,5140.75,09:45:03.685569874
39,5140.5,4,5140.75,09:45:03.694202726
39,5140.5,4,5140.75,09:45:03.694202726
39,5140.5,3,5140.75,09:45:03.705497609
40,5140.5,3,5140.75,09:45:03.705677341
40,5140.5,3,5140.75,09:45:03.705727170
40,5140.5,1,5140.75,09:45:03.705977491
40,5140.5,100,5141.0,09:45:03.706764586
40,5140.5,100,5141.0,09:45:03.706764586
41,5140.5,100,5141.0,09:45:03.706839611
1,5140.75,100,5141.0,09:45:03.706856824
41,5140.5,100,5141.0,09:45:03.706894861
41,5140.5,100,5141.0,09:45:03.706894861
42,5140.5,100,5141.0,09:45:03.706962894
43,5140.5,100,5141.0,09:45:03.706978359
42,5140.5,100,5141.0,09:45:03.707040294
43,5140.5,100,5141.0,09:45:03.707049001
44,5140.5,100,5141.0,09:45:03.707059436
44,5140.5,100,5141.0,09:45:03.707068979
4,5140.75,100,5141.0,09:45:03.707114554
4,5140.75,100,5141.0,09:45:03.707172443
4,5140.75,99,5141.0,09:45:03.707209551
7,5140.75,99,5141.0,09:45:03.707215824
10,5140.75,99,5141.0,09:45:03.707227584
10,5140.75,97,5141.0,09:45:03.707235517
11,5140.75,97,5141.0,09:45:03.707252855
11,5140.75,97,5141.0,09:45:03.707287089
14,5140.75,97,5141.0,09:45:03.707342735
14,5140.75,97,5141.0,09:45:03.707349711
14,5140.75,97,5141.0,09:45:03.707363529
14,5140.75,96,5141.0,09:45:03.707370438
14,5140.75,96,5141.0,09:45:03.707385657
14,5140.75,96,5141.0,09:45:03.707562362
14,5140.75,96,5141.0,09:45:03.707674162
14,5140.75,96,5141.0,09:45:03.707682489
14,5140.75,96,5141.0,09:45:03.707997718
14,5140.75,96,5141.0,09:45:03.707997718
15,5140.75,96,5141.0,09:45:03.714297150
16,5140.75,96,5141.0,09:45:03.714390167
17,5140.75,96,5141.0,09:45:03.714396548
18,5140.75,96,5141.0,09:45:03.718622383
18,5140.75,96,5141.0,09:45:03.755505043
17,5140.75,96,5141.0,09:45:03.775711591
17,5140.75,96,5141.0,09:45:03.785890373
17,5140.75,96,5141.0,09:45:03.785890373
17,5140.75,96,5141.0,09:45:03.786104652
20,5140.75,96,5141.0,09:45:03.790690434
17,5140.75,96,5141.0,09:45:03.807345093
17,5140.75,96,5141.0,09:45:03.866789728
17,5140.75,96,5141.0,09:45:03.882380958
17,5140.75,96,5141.0,09:45:03.882380958
17,5140.75,96,5141.0,09:45:03.883739788
17,5140.75,96,5141.0,09:45:03.904373273
17,5140.75,96,5141.0,09:45:03.912860964
17,5140.75,96,5141.0,09:45:03.927611527
17,5140.75,92,5141.0,09:45:03.927888119
18,5140.75,92,5141.0,09:45:03.927961790
21,5140.75,92,5141.0,09:45:03.927973234
22,5140.75,92,5141.0,09:45:03.928014706
22,5140.75,91,5141.0,09:45:03.928024207
23,5140.75,91,5141.0,09:45:03.928032472
24,5140.75,91,5141.0,09:45:03.928039733
26,5140.75,91,5141.0,09:45:03.928052156
27,5140.75,91,5141.0,09:45:03.928155282
28,5140.75,91,5141.0,09:45:03.928161682
28,5140.75,90,5141.0,09:45:03.928168735
29,5140.75,90,5141.0,09:45:03.928248762
29,5140.75,90,5141.0,09:45:03.928456101
36,5140.75,90,5141.0,09:45:03.931558855
37,5140.75,90,5141.0,09:45:03.931662390
37,5140.75,89,5141.0,09:45:03.931954271
37,5140.75,87,5141.0,09:45:03.931962533
38,5140.75,87,5141.0,09:45:03.932363601
39,5140.75,87,5141.0,09:45:03.932487510
39,5140.75,86,5141.0,09:45:03.938096142
40,5140.75,86,5141.0,09:45:03.938209190
40,5140.75,84,5141.0,09:45:03.938217037
42,5140.75,84,5141.0,09:45:03.938225997
43,5140.75,84,5141.0,09:45:03.938303647
44,5140.75,84,5141.0,09:45:03.938321602
44,5140.75,81,5141.0,09:45:03.938330588
44,5140.75,80,5141.0,09:45:03.938629977
44,5140.75,81,5141.0,09:45:03.938944482
42,5140.75,81,5141.0,09:45:03.939190202
41,5140.75,81,5141.0,09:45:03.939292998
40,5140.75,81,5141.0,09:45:03.939299520
39,5140.75,81,5141.0,09:45:03.948438149
40,5140.75,81,5141.0,09:45:03.953985016
42,5140.75,81,5141.0,09:45:03.953992027
42,5140.75,81,5141.0,09:45:03.957211807
42,5140.75,81,5141.0,09:45:03.959342426
40,5140.75,81,5141.0,09:45:03.963050805
39,5140.75,81,5141.0,09:45:03.963092892
40,5140.75,81,5141.0,09:45:03.972081838
40,5140.75,81,5141.0,09:45:04.011812687
33,5140.75,81,5141.0,09:45:04.027112311
32,5140.75,81,5141.0,09:45:04.027230118
31,5140.75,81,5141.0,09:45:04.027344424
31,5140.75,82,5141.0,09:45:04.027462215
31,5140.75,84,5141.0,09:45:04.027469326
30,5140.75,84,5141.0,09:45:04.027566483
33,5140.75,84,5141.0,09:45:04.062657958
40,5140.75,84,5141.0,09:45:04.062709502
40,5140.75,83,5141.0,09:45:04.062740910
40,5140.75,81,5141.0,09:45:04.062753077
41,5140.75,81,5141.0,09:45:04.062763077
42,5140.75,81,5141.0,09:45:04.062773241
42,5140.75,80,5141.0,09:45:04.062791132
43,5140.75,80,5141.0,09:45:04.062831043
43,5140.75,79,5141.0,09:45:04.062871182
44,5140.75,79,5141.0,09:45:04.062926485
44,5140.75,79,5141.0,09:45:04.063208581
44,5140.75,79,5141.0,09:45:04.063208581
44,5140.75,80,5141.0,09:45:04.063733020
44,5140.75,80,5141.0,09:45:04.063921606
44,5140.75,80,5141.0,09:45:04.070952471
44,5140.75,79,5141.0,09:45:04.071060675
45,5140.75,79,5141.0,09:45:04.071148226
45,5140.75,79,5141.0,09:45:04.071896634
45,5140.75,79,5141.0,09:45:04.071896634
44,5140.75,79,5141.0,09:45:04.073037995
44,5140.75,69,5141.0,09:45:04.114562838
44,5140.75,68,5141.0,09:45:04.114744256
44,5140.75,67,5141.0,09:45:04.114744256
45,5140.75,67,5141.0,09:45:04.114744256
45,5140.75,66,5141.0,09:45:04.114785345
48,5140.75,66,5141.0,09:45:04.114785345
48,5140.75,48,5141.0,09:45:04.114983190
48,5140.75,46,5141.0,09:45:04.114983190
48,5140.75,45,5141.0,09:45:04.114983190
48,5140.75,44,5141.0,09:45:04.115038998
48,5140.75,43,5141.0,09:45:04.115038998
49,5140.75,43,5141.0,09:45:04.115049843
49,5140.75,42,5141.0,09:45:04.115141023
48,5140.75,42,5141.0,09:45:04.115141023
49,5140.75,42,5141.0,09:45:04.115141023
49,5140.75,41,5141.0,09:45:04.115141023
49,5140.75,40,5141.0,09:45:04.115206330
50,5140.75,40,5141.0,09:45:04.115206330
50,5140.75,39,5141.0,09:45:04.115206330
51,5140.75,39,5141.0,09:45:04.115206330
52,5140.75,39,5141.0,09:45:04.115206330
53,5140.75,39,5141.0,09:45:04.115206330
53,5140.75,37,5141.0,09:45:04.115294418
53,5140.75,36,5141.0,09:45:04.115294418
53,5140.75,35,5141.0,09:45:04.115342288
53,5140.75,33,5141.0,09:45:04.115342288
53,5140.75,31,5141.0,09:45:04.115419185
53,5140.75,30,5141.0,09:45:04.115450987
53,5140.75,28,5141.0,09:45:04.115450987
53,5140.75,28,5141.0,09:45:04.115450987
54,5140.75,28,5141.0,09:45:04.115450987
54,5140.75,26,5141.0,09:45:04.115512148
54,5140.75,26,5141.0,09:45:04.115512148
55,5140.75,26,5141.0,09:45:04.115519287
56,5140.75,26,5141.0,09:45:04.115594546
56,5140.75,25,5141.0,09:45:04.115594546
56,5140.75,24,5141.0,09:45:04.115620447
55,5140.75,24,5141.0,09:45:04.115620447
56,5140.75,24,5141.0,09:45:04.115665100
56,5140.75,25,5141.0,09:45:04.115716343
56,5140.75,27,5141.0,09:45:04.115726254
56,5140.75,30,5141.0,09:45:04.115733879
55,5140.75,30,5141.0,09:45:04.115741006
55,5140.75,31,5141.0,09:45:04.115812652
55,5140.75,32,5141.0,09:45:04.116023888
55,5140.75,33,5141.0,09:45:04.116114917
48,5140.75,33,5141.0,09:45:04.116900274
47,5140.75,33,5141.0,09:45:04.117007627
47,5140.75,36,5141.0,09:45:04.117038984
44,5140.75,36,5141.0,09:45:04.117093478
45,5140.75,36,5141.0,09:45:04.123631853
45,5140.75,36,5141.0,09:45:04.123631853
45,5140.75,35,5141.0,09:45:04.123748252
45,5140.75,33,5141.0,09:45:04.123904275
45,5140.75,32,5141.0,09:45:04.123904275
45,5140.75,33,5141.0,09:45:04.123908934
45,5140.75,32,5141.0,09:45:04.124014558
48,5140.75,32,5141.0,09:45:04.124031000
48,5140.75,31,5141.0,09:45:04.124138293
48,5140.75,28,5141.0,09:45:04.124138293
48,5140.75,27,5141.0,09:45:04.124233817
45,5140.75,27,5141.0,09:45:04.124442564
45,5140.75,26,5141.0,09:45:04.126236417
45,5140.75,26,5141.0,09:45:04.138152917
45,5140.75,26,5141.0,09:45:04.138152917
52,5140.75,26,5141.0,09:45:04.142071351
52,5140.75,26,5141.0,09:45:04.142167849
52,5140.75,25,5141.0,09:45:04.142174867
52,5140.75,23,5141.0,09:45:04.142183504
52,5140.75,22,5141.0,09:45:04.142190224
53,5140.75,22,5141.0,09:45:04.142200307
53,5140.75,19,5141.0,09:45:04.142207917
53,5140.75,17,5141.0,09:45:04.142393889
53,5140.75,16,5141.0,09:45:04.142579039
53,5140.75,15,5141.0,09:45:04.142579039
53,5140.75,12,5141.0,09:45:04.142811391
53,5140.75,11,5141.0,09:45:04.142811391
53,5140.75,10,5141.0,09:45:04.142900120
53,5140.75,9,5141.0,09:45:04.143005828
53,5140.75,8,5141.0,09:45:04.143005828
53,5140.75,7,5141.0,09:45:04.143123737
52,5140.75,7,5141.0,09:45:04.143231535
52,5140.75,6,5141.0,09:45:04.143231535
50,5140.75,6,5141.0,09:45:04.143231535
50,5140.75,4,5141.0,09:45:04.143231535
50,5140.75,3,5141.0,09:45:04.143402498
51,5140.75,3,5141.0,09:45:04.143460861
51,5140.75,60,5141.25,09:45:04.143653352
51,5140.75,60,5141.25,09:45:04.143653352
51,5140.75,3,5141.0,09:45:04.143653352
51,5140.75,4,5141.0,09:45:04.143653352
51,5140.75,6,5141.0,09:45:04.143653352
51,5140.75,7,5141.0,09:45:04.143653352
51,5140.75,6,5141.0,09:45:04.143893235
51,5140.75,3,5141.0,09:45:04.143893235
48,5140.75,3,5141.0,09:45:04.143893235
48,5140.75,3,5141.0,09:45:04.143893235
48,5140.75,3,5141.0,09:45:04.143893235
48,5140.75,3,5141.0,09:45:04.143912154
48,5140.75,3,5141.0,09:45:04.143912154
48,5140.75,3,5141.0,09:45:04.143912154
48,5140.75,3,5141.0,09:45:04.143912154
48,5140.75,3,5141.0,09:45:04.143912154
48,5140.75,3,5141.0,09:45:04.143912154
48,5140.75,3,5141.0,09:45:04.143919235
49,5140.75,3,5141.0,09:45:04.143919235
49,5140.75,3,5141.0,09:45:04.143933133
49,5140.75,3,5141.0,09:45:04.143933133
49,5140.75,3,5141.0,09:45:04.143933133
49,5140.75,3,5141.0,09:45:04.143933133
49,5140.75,3,5141.0,09:45:04.143938214
49,5140.75,3,5141.0,09:45:04.143945437
49,5140.75,1,5141.0,09:45:04.143952173
49,5140.75,69,5141.25,09:45:04.143975108
49,5140.75,69,5141.25,09:45:04.143975108
49,5140.75,70,5141.25,09:45:04.143980647
49,5140.75,1,5141.0,09:45:04.143991405
49,5140.75,1,5141.0,09:45:04.143997082
50,5140.75,1,5141.0,09:45:04.144004979
50,5140.75,70,5141.25,09:45:04.144130216
50,5140.75,70,5141.25,09:45:04.144130216
50,5140.75,71,5141.25,09:45:04.144130216
1,5141.0,71,5141.25,09:45:04.144130216
5,5141.0,71,5141.25,09:45:04.144187375
6,5141.0,71,5141.25,09:45:04.144204972
6,5141.0,71,5141.25,09:45:04.144237868
6,5141.0,71,5141.25,09:45:04.144251795
6,5141.0,71,5141.25,09:45:04.144259357
7,5141.0,71,5141.25,09:45:04.144296906
9,5141.0,71,5141.25,09:45:04.144320475
10,5141.0,71,5141.25,09:45:04.144326027
9,5141.0,71,5141.25,09:45:04.144336843
9,5141.0,71,5141.25,09:45:04.144361925
9,5141.0,71,5141.25,09:45:04.144417037
10,5141.0,71,5141.25,09:45:04.144424077
11,5141.0,71,5141.25,09:45:04.144763581
11,5141.0,71,5141.25,09:45:04.144944568
11,5141.0,71,5141.25,09:45:04.144944568
11,5141.0,71,5141.25,09:45:04.145992288
10,5141.0,71,5141.25,09:45:04.150144908
11,5141.0,71,5141.25,09:45:04.151625950
10,5141.0,71,5141.25,09:45:04.151788123
9,5141.0,71,5141.25,09:45:04.154551379
8,5141.0,71,5141.25,09:45:04.154734163
6,5141.0,71,5141.25,09:45:04.154740992
5,5141.0,71,5141.25,09:45:04.154844546
5,5141.0,71,5141.25,09:45:04.156700955
5,5141.0,71,5141.25,09:45:04.156797651
6,5141.0,71,5141.25,09:45:04.159479824
8,5141.0,71,5141.25,09:45:04.159568862
9,5141.0,71,5141.25,09:45:04.159583109
10,5141.0,71,5141.25,09:45:04.159692647
11,5141.0,71,5141.25,09:45:04.170558255
12,5141.0,71,5141.25,09:45:04.170655188
13,5141.0,71,5141.25,09:45:04.170749142
20,5141.0,71,5141.25,09:45:04.207407151
22,5141.0,71,5141.25,09:45:04.207499395
23,5141.0,71,5141.25,09:45:04.207599354
24,5141.0,71,5141.25,09:45:04.207695362
24,5141.0,71,5141.25,09:45:04.230307120
23,5141.0,71,5141.25,09:45:04.256922041
21,5141.0,71,5141.25,09:45:04.257036814
14,5141.0,71,5141.25,09:45:04.257386437
10,5141.0,71,5141.25,09:45:04.257488169
5,5141.0,71,5141.25,09:45:04.257784061
4,5141.0,71,5141.25,09:45:04.257979416
2,5141.0,71,5141.25,09:45:04.257979416
1,5141.0,71,5141.25,09:45:04.258016229
51,5140.75,71,5141.25,09:45:04.258049417
51,5140.75,71,5141.25,09:45:04.258049417
51,5140.75,2,5141.0,09:45:04.258056563
51,5140.75,4,5141.0,09:45:04.258071812
51,5140.75,6,5141.0,09:45:04.258071812
51,5140.75,9,5141.0,09:45:04.258071812
50,5140.75,9,5141.0,09:45:04.258071812
50,5140.75,10,5141.0,09:45:04.258078221
50,5140.75,8,5141.0,09:45:04.258083766
50,5140.75,5,5141.0,09:45:04.258093808
50,5140.75,6,5141.0,09:45:04.258110858
50,5140.75,4,5141.0,09:45:04.258117262
50,5140.75,2,5141.0,09:45:04.258123604
50,5140.75,3,5141.0,09:45:04.258178104
50,5140.75,4,5141.0,09:45:04.258183724
50,5140.75,2,5141.0,09:45:04.258311915
50,5140.75,3,5141.0,09:45:04.258322057
50,5140.75,5,5141.0,09:45:04.258322057
50,5140.75,4,5141.0,09:45:04.258475058
51,5140.75,4,5141.0,09:45:04.258475058
51,5140.75,3,5141.0,09:45:04.258475058
51,5140.75,1,5141.0,09:45:04.258475058
52,5140.75,1,5141.0,09:45:04.258569133
52,5140.75,71,5141.25,09:45:04.258708476
52,5140.75,71,5141.25,09:45:04.258708476
1,5141.0,71,5141.25,09:45:04.258790768
2,5141.0,71,5141.25,09:45:04.258798971
2,5141.0,71,5141.25,09:45:04.258798971
5,5141.0,71,5141.25,09:45:04.258808830
6,5141.0,71,5141.25,09:45:04.258909854
3,5141.0,71,5141.25,09:45:04.258970898
51,5140.75,71,5141.25,09:45:04.269841937
51,5140.75,71,5141.25,09:45:04.269841937
51,5140.75,2,5141.0,09:45:04.269923356
51,5140.75,3,5141.0,09:45:04.269954979
51,5140.75,6,5141.0,09:45:04.269961843
51,5140.75,7,5141.0,09:45:04.270070331
51,5140.75,4,5141.0,09:45:04.270137466
51,5140.75,2,5141.0,09:45:04.278627675
51,5140.75,1,5141.0,09:45:04.278633749
51,5140.75,71,5141.25,09:45:04.278735060
51,5140.75,71,5141.25,09:45:04.278735060
1,5141.0,71,5141.25,09:45:04.278779771
2,5141.0,71,5141.25,09:45:04.286856570
1,5141.0,71,5141.25,09:45:04.286987152
51,5140.75,71,5141.25,09:45:04.287027883
51,5140.75,71,5141.25,09:45:04.287027883
52,5140.75,71,5141.25,09:45:04.287191361
52,5140.75,71,5141.25,09:45:04.287740095
52,5140.75,71,5141.25,09:45:04.287792410
3,5141.0,71,5141.25,09:45:04.289814012
3,5141.0,71,5141.25,09:45:04.290514769
3,5141.0,71,5141.25,09:45:04.290549807
4,5141.0,71,5141.25,09:45:04.297105913
6,5141.0,71,5141.25,09:45:04.297112486
7,5141.0,71,5141.25,09:45:04.297117750
8,5141.0,71,5141.25,09:45:04.297128832
10,5141.0,71,5141.25,09:45:04.297142877
11,5141.0,71,5141.25,09:45:04.297205538
11,5141.0,71,5141.25,09:45:04.297213538
11,5141.0,71,5141.25,09:45:04.297213538
11,5141.0,71,5141.25,09:45:04.297218665
11,5141.0,71,5141.25,09:45:04.297218665
12,5141.0,71,5141.25,09:45:04.297229967
13,5141.0,71,5141.25,09:45:04.297280672
14,5141.0,71,5141.25,09:45:04.297292986
14,5141.0,70,5141.25,09:45:04.297333393
13,5141.0,70,5141.25,09:45:04.307493937
11,5141.0,70,5141.25,09:45:04.307604982
10,5141.0,70,5141.25,09:45:04.307693141
11,5141.0,70,5141.25,09:45:04.323013911
10,5141.0,70,5141.25,09:45:04.333294617
8,5141.0,70,5141.25,09:45:04.333300374
5,5141.0,70,5141.25,09:45:04.333306659
6,5141.0,70,5141.25,09:45:04.340396962
8,5141.0,70,5141.25,09:45:04.340402978
9,5141.0,70,5141.25,09:45:04.340417093
11,5141.0,70,5141.25,09:45:04.340426466
12,5141.0,70,5141.25,09:45:04.340494829
12,5141.0,71,5141.25,09:45:04.340543480
13,5141.0,71,5141.25,09:45:04.340606057
14,5141.0,71,5141.25,09:45:04.340612275
13,5141.0,71,5141.25,09:45:04.340638378
12,5141.0,71,5141.25,09:45:04.341422102
10,5141.0,71,5141.25,09:45:04.341429549
9,5141.0,71,5141.25,09:45:04.348239907
7,5141.0,71,5141.25,09:45:04.348246285
6,5141.0,71,5141.25,09:45:04.348340280
7,5141.0,71,5141.25,09:45:04.348386073
6,5141.0,71,5141.25,09:45:04.348429536
5,5141.0,71,5141.25,09:45:04.366563495
5,5141.0,71,5141.25,09:45:04.405684617
5,5141.0,71,5141.25,09:45:04.405710278
5,5141.0,71,5141.25,09:45:04.416472038
5,5141.0,71,5141.25,09:45:04.429478671
5,5141.0,71,5141.25,09:45:04.429478671
6,5141.0,71,5141.25,09:45:04.431732358
8,5141.0,71,5141.25,09:45:04.431739270
8,5141.0,73,5141.25,09:45:04.431842853
8,5141.0,73,5141.25,09:45:04.435914839
8,5141.0,73,5141.25,09:45:04.439334169
7,5141.0,73,5141.25,09:45:04.439654172
5,5141.0,73,5141.25,09:45:04.439660207
5,5141.0,73,5141.25,09:45:04.439799064
4,5141.0,73,5141.25,09:45:04.448728835
3,5141.0,73,5141.25,09:45:04.448837102
2,5141.0,73,5141.25,09:45:04.448936650
1,5141.0,73,5141.25,09:45:04.448944772
51,5140.75,73,5141.25,09:45:04.449165302
51,5140.75,1,5141.0,09:45:04.449165302
51,5140.75,1,5141.0,09:45:04.449165302
51,5140.75,2,5141.0,09:45:04.449250967
51,5140.75,3,5141.0,09:45:04.449272973
51,5140.75,5,5141.0,09:45:04.449281853
51,5140.75,4,5141.0,09:45:04.449413403
51,5140.75,3,5141.0,09:45:04.449413403
51,5140.75,1,5141.0,09:45:04.449413403
51,5140.75,2,5141.0,09:45:04.449413403
51,5140.75,2,5141.0,09:45:04.449439259
51,5140.75,2,5141.0,09:45:04.449467160
51,5140.75,2,5141.0,09:45:04.460170941
51,5140.75,1,5141.0,09:45:04.460246715
51,5140.75,73,5141.25,09:45:04.460345904
51,5140.75,73,5141.25,09:45:04.460345904
51,5140.75,3,5141.0,09:45:04.460460204
51,5140.75,73,5141.25,09:45:04.460564798
51,5140.75,73,5141.25,09:45:04.460564798
51,5140.75,73,5141.25,09:45:04.464647005
51,5140.75,73,5141.25,09:45:04.476403728
51,5140.75,73,5141.25,09:45:04.507446504
50,5140.75,73,5141.25,09:45:04.518279059
50,5140.75,1,5141.0,09:45:04.518342644
50,5140.75,4,5141.0,09:45:04.518351892
50,5140.75,7,5141.0,09:45:04.518359707
50,5140.75,10,5141.0,09:45:04.518368779
50,5140.75,10,5141.0,09:45:04.518434035
50,5140.75,10,5141.0,09:45:04.518434035
50,5140.75,11,5141.0,09:45:04.518457897
50,5140.75,8,5141.0,09:45:04.518467843
50,5140.75,5,5141.0,09:45:04.518474458
50,5140.75,6,5141.0,09:45:04.518547358
50,5140.75,3,5141.0,09:45:04.518584953
50,5140.75,4,5141.0,09:45:04.518700427
50,5140.75,5,5141.0,09:45:04.518793399
50,5140.75,4,5141.0,09:45:04.519002340
50,5140.75,5,5141.0,09:45:04.525992689
50,5140.75,7,5141.0,09:45:04.526151384
50,5140.75,8,5141.0,09:45:04.526156929
50,5140.75,9,5141.0,09:45:04.526184213
50,5140.75,12,5141.0,09:45:04.526224028
50,5140.75,13,5141.0,09:45:04.526328248
50,5140.75,16,5141.0,09:45:04.526673346
50,5140.75,16,5141.0,09:45:04.526682537
50,5140.75,16,5141.0,09:45:04.526682537
50,5140.75,16,5141.0,09:45:04.526689839
49,5140.75,16,5141.0,09:45:04.526758670
49,5140.75,17,5141.0,09:45:04.526777316
49,5140.75,18,5141.0,09:45:04.526783243
49,5140.75,18,5141.0,09:45:04.531750213
49,5140.75,19,5141.0,09:45:04.535295997
46,5140.75,19,5141.0,09:45:04.535333764
46,5140.75,20,5141.0,09:45:04.535382898
46,5140.75,21,5141.0,09:45:04.535391541
46,5140.75,24,5141.0,09:45:04.535419203
39,5140.75,24,5141.0,09:45:04.535509380
38,5140.75,24,5141.0,09:45:04.535611909
37,5140.75,24,5141.0,09:45:04.536027826
37,5140.75,24,5141.0,09:45:04.536027826
37,5140.75,24,5141.0,09:45:04.536045324
37,5140.75,24,5141.0,09:45:04.536045324
37,5140.75,25,5141.0,09:45:04.536467086
37,5140.75,32,5141.0,09:45:04.538482042
37,5140.75,33,5141.0,09:45:04.538589007
37,5140.75,34,5141.0,09:45:04.538595055
36,5140.75,34,5141.0,09:45:04.538605855
35,5140.75,34,5141.0,09:45:04.538615072
34,5140.75,34,5141.0,09:45:04.538721519
34,5140.75,35,5141.0,09:45:04.538731564
36,5140.75,35,5141.0,09:45:04.539795505
36,5140.75,34,5141.0,09:45:04.539899997
36,5140.75,33,5141.0,09:45:04.539908570
36,5140.75,32,5141.0,09:45:04.540006498
36,5140.75,25,5141.0,09:45:04.540161071
36,5140.75,25,5141.0,09:45:04.542490312
36,5140.75,25,5141.0,09:45:04.542490312
35,5140.75,25,5141.0,09:45:04.553170981
35,5140.75,24,5141.0,09:45:04.585464278
35,5140.75,31,5141.0,09:45:04.598455161
35,5140.75,32,5141.0,09:45:04.598544835
35,5140.75,33,5141.0,09:45:04.598568212
35,5140.75,33,5141.0,09:45:04.599114825
35,5140.75,33,5141.0,09:45:04.607328735
35,5140.75,33,5141.0,09:45:04.607328735
35,5140.75,34,5141.0,09:45:04.611274876
35,5140.75,34,5141.0,09:45:04.611274876
35,5140.75,34,5141.0,09:45:04.611293407
35,5140.75,34,5141.0,09:45:04.611293407
35,5140.75,34,5141.0,09:45:04.611320451
35,5140.75,34,5141.0,09:45:04.611320451
35,5140.75,34,5141.0,09:45:04.611392595
35,5140.75,34,5141.0,09:45:04.611392595
35,5140.75,34,5141.0,09:45:04.611426631
35,5140.75,34,5141.0,09:45:04.611426631
35,5140.75,34,5141.0,09:45:04.611445608
35,5140.75,34,5141.0,09:45:04.611445608
35,5140.75,34,5141.0,09:45:04.611450719
35,5140.75,34,5141.0,09:45:04.611450719
35,5140.75,34,5141.0,09:45:04.611476457
35,5140.75,34,5141.0,09:45:04.611476457
35,5140.75,34,5141.0,09:45:04.611488861
35,5140.75,34,5141.0,09:45:04.611488861
34,5140.75,34,5141.0,09:45:04.625268070
34,5140.75,34,5141.0,09:45:04.625268070
34,5140.75,34,5141.0,09:45:04.629336052
34,5140.75,34,5141.0,09:45:04.629336052
34,5140.75,34,5141.0,09:45:04.635295987
34,5140.75,34,5141.0,09:45:04.672021366
34,5140.75,34,5141.0,09:45:04.679576860
34,5140.75,34,5141.0,09:45:04.679576860
34,5140.75,34,5141.0,09:45:04.696641344
34,5140.75,34,5141.0,09:45:04.697873808
34,5140.75,34,5141.0,09:45:04.698043491
34,5140.75,33,5141.0,09:45:04.724855001
34,5140.75,26,5141.0,09:45:04.724871542
34,5140.75,26,5141.0,09:45:04.725055885
34,5140.75,26,5141.0,09:45:04.725064212
34,5140.75,26,5141.0,09:45:04.746940457
34,5140.75,26,5141.0,09:45:04.751956347
34,5140.75,25,5141.0,09:45:04.791457867
35,5140.75,25,5141.0,09:45:04.791522473
37,5140.75,25,5141.0,09:45:04.791532825
38,5140.75,25,5141.0,09:45:04.791577575
37,5140.75,25,5141.0,09:45:04.791664779
35,5140.75,25,5141.0,09:45:04.791675612
36,5140.75,25,5141.0,09:45:04.792013257
36,5140.75,24,5141.0,09:45:04.792112654
37,5140.75,24,5141.0,09:45:04.799699745
39,5140.75,24,5141.0,09:45:04.799710628
39,5140.75,21,5141.0,09:45:04.799833741
39,5140.75,20,5141.0,09:45:04.799920322
39,5140.75,19,5141.0,09:45:04.799932610
40,5140.75,19,5141.0,09:45:04.800192181
40,5140.75,19,5141.0,09:45:04.800192181
40,5140.75,15,5141.0,09:45:04.802291506
40,5140.75,12,5141.0,09:45:04.802359107
40,5140.75,11,5141.0,09:45:04.802386535
41,5140.75,11,5141.0,09:45:04.802402826
42,5140.75,11,5141.0,09:45:04.802501004
49,5140.75,11,5141.0,09:45:04.802644415
50,5140.75,11,5141.0,09:45:04.802733419
50,5140.75,11,5141.0,09:45:04.803210757
50,5140.75,11,5141.0,09:45:04.803210757
50,5140.75,11,5141.0,09:45:04.805587627
50,5140.75,11,5141.0,09:45:04.805587627
50,5140.75,13,5141.0,09:45:04.806639289
50,5140.75,13,5141.0,09:45:04.815918663
49,5140.75,13,5141.0,09:45:04.936348198
49,5140.75,13,5141.0,09:45:04.936460081
49,5140.75,11,5141.0,09:45:04.938410463
49,5140.75,8,5141.0,09:45:04.938419142
49,5140.75,10,5141.0,09:45:04.938535490
49,5140.75,13,5141.0,09:45:04.955313623
49,5140.75,14,5141.0,09:45:04.955320942
49,5140.75,16,5141.0,09:45:04.955328948
48,5140.75,16,5141.0,09:45:04.955349566
46,5140.75,16,5141.0,09:45:04.955359909
46,5140.75,19,5141.0,09:45:04.955372347
46,5140.75,20,5141.0,09:45:04.955380863
42,5140.5,20,5141.0,09:45:04.955879827
42,5140.5,20,5141.0,09:45:04.955879827
42,5140.5,53,5140.75,09:45:04.955887062
42,5140.5,53,5140.75,09:45:04.955971800
42,5140.5,54,5140.75,09:45:04.955975080
42,5140.5,66,5140.75,09:45:04.956090461
42,5140.5,66,5140.75,09:45:04.956182585
42,5140.5,66,5140.75,09:45:04.956233347
42,5140.5,69,5140.75,09:45:04.956351695
42,5140.5,71,5140.75,09:45:04.956365811
42,5140.5,72,5140.75,09:45:04.956381517
42,5140.5,74,5140.75,09:45:04.956388963
42,5140.5,77,5140.75,09:45:04.956400755
42,5140.5,77,5140.75,09:45:04.956485147
42,5140.5,77,5140.75,09:45:04.956495337
42,5140.5,77,5140.75,09:45:04.956503903
42,5140.5,77,5140.75,09:45:04.956852204
42,5140.5,77,5140.75,09:45:04.956862141
42,5140.5,77,5140.75,09:45:04.956869859
35,5140.5,77,5140.75,09:45:04.956891725
35,5140.5,77,5140.75,09:45:04.956922945
35,5140.5,77,5140.75,09:45:04.956922945
35,5140.5,77,5140.75,09:45:04.956943413
35,5140.5,77,5140.75,09:45:04.956943413
35,5140.5,75,5140.75,09:45:04.956949787
35,5140.5,72,5140.75,09:45:04.956955794
35,5140.5,72,5140.75,09:45:04.956961586
35,5140.5,74,5140.75,09:45:04.956966847
35,5140.5,75,5140.75,09:45:04.957003919
35,5140.5,76,5140.75,09:45:04.957011821
35,5140.5,76,5140.75,09:45:04.957056244
35,5140.5,77,5140.75,09:45:04.957571195
32,5140.5,77,5140.75,09:45:04.958237157
32,5140.5,77,5140.75,09:45:04.958266902
32,5140.5,77,5140.75,09:45:04.958274380
32,5140.5,77,5140.75,09:45:04.958313018
32,5140.5,77,5140.75,09:45:04.958313018
32,5140.5,77,5140.75,09:45:04.958319472
21,5140.5,77,5140.75,09:45:04.958580201
21,5140.5,78,5140.75,09:45:04.958591667
