price,volume,timestamp
5137.75,1,09:46:11.757966088
5137.5,1,09:46:12.039888474
5137.5,8,09:46:12.039997961
5137.5,3,09:46:12.040096577
5137.5,1,09:46:12.040096577
5137.5,2,09:46:12.040212990
5137.5,3,09:46:12.040212990
5137.5,24,09:46:12.041244984
5137.5,2,09:46:12.041508134
5137.5,1,09:46:12.041508134
5137.5,1,09:46:12.043409774
5137.5,2,09:46:12.087043762
5137.25,2,09:46:12.143619928
5137.25,1,09:46:12.143629621
5137.25,2,09:46:12.143629621
5137.5,6,09:46:12.203344174
5137.25,1,09:46:12.248740104
5137.25,1,09:46:12.298163614
5137.25,1,09:46:12.573503682
5137.25,1,09:46:12.692975769
5137.25,10,09:46:12.772803184
5137.5,1,09:46:12.806353752
5137.5,1,09:46:12.845787303
5137.5,37,09:46:12.985548080
5137.5,1,09:46:12.985915333
5137.5,3,09:46:12.986163367
5137.5,2,09:46:12.986209892
5137.5,1,09:46:12.986231831
5137.5,9,09:46:12.986323863
5137.5,3,09:46:12.986590946
5137.5,1,09:46:12.986637353
5137.5,1,09:46:12.986710398
5137.5,2,09:46:12.986790931
5137.5,17,09:46:12.988722855
5137.5,8,09:46:13.015271547
5137.5,2,09:46:13.015432428
5137.5,1,09:46:13.015473539
5137.5,1,09:46:13.015741266
5137.5,3,09:46:13.015953577
5137.5,9,09:46:13.024382282
5137.5,1,09:46:13.024506943
5137.5,1,09:46:13.024580909
5137.5,1,09:46:13.024649135
5137.5,1,09:46:13.024681305
5137.5,1,09:46:13.024866595
5137.5,7,09:46:13.041285163
5137.5,2,09:46:13.041599403
5137.25,1,09:46:13.257876982
5137.5,4,09:46:13.713134199
5137.25,1,09:46:13.782922475
5137.25,1,09:46:13.881260593
5137.25,3,09:46:14.083962588
5137.5,12,09:46:14.102607688
5137.5,1,09:46:14.174798930
5137.75,20,09:46:14.213795376
5137.75,1,09:46:14.213816882
5137.5,5,09:46:14.306203471
5137.5,2,09:46:14.442680890
5137.5,5,09:46:14.486512181
5137.5,19,09:46:14.486972727
5137.5,25,09:46:14.487459569
5137.5,1,09:46:14.487497527
5137.5,2,09:46:14.487623192
5137.5,1,09:46:14.487913965
5137.5,1,09:46:14.747080622
5137.5,1,09:46:14.820618084
5137.5,3,09:46:14.974951669
5137.5,1,09:46:15.001982019
5137.5,1,09:46:15.036204620
5137.5,1,09:46:15.208879666
5137.5,1,09:46:15.252632965
5137.5,22,09:46:15.508572526
5137.25,1,09:46:15.642523302
5137.25,2,09:46:15.650315142
5137.25,53,09:46:15.650632185
5137.25,2,09:46:15.650699220
5137.25,1,09:46:15.650732760
5137.25,2,09:46:15.650778767
5137.25,1,09:46:15.650834173
5137.25,1,09:46:15.650888008
5137.25,4,09:46:15.651514867
5137.25,2,09:46:15.770052873
5137.25,8,09:46:15.770353765
5137.25,1,09:46:15.770549520
5137.25,1,09:46:15.770777790
5137.25,1,09:46:15.770873404
5137.25,5,09:46:15.794295409
5137.25,2,09:46:15.794663187
5137.25,4,09:46:15.794691312
5137.25,3,09:46:15.794760721
5137.25,1,09:46:15.794848688
5137.25,1,09:46:15.794893083
5137.25,2,09:46:15.794942776
5137.25,2,09:46:15.795093989
5137.25,1,09:46:15.795167786
5137.25,1,09:46:15.795202689
5137.25,1,09:46:15.805432182
5137.25,2,09:46:15.853183446
5137.25,5,09:46:15.853266468
5137.25,1,09:46:15.853421342
5137.25,1,09:46:15.853570093
5137.25,1,09:46:15.853626575
5137.25,1,09:46:15.853689846
5137.25,1,09:46:15.853982214
5137.25,3,09:46:15.855118342
5137.25,1,09:46:15.861630275
5137.25,1,09:46:15.861744683
5137.25,2,09:46:15.861832484
5137.25,6,09:46:15.862074403
5137.25,1,09:46:15.862156497
5137.25,1,09:46:15.862384425
5137.25,1,09:46:15.912012495
5137.25,1,09:46:15.954306509
5137.25,4,09:46:16.095377986
5137.25,2,09:46:16.095500397
5137.25,4,09:46:16.095500397
5137.25,1,09:46:16.095540660
5137.25,1,09:46:16.095776303
5137.25,1,09:46:16.095872482
5137.25,9,09:46:16.096069283
5137.25,2,09:46:16.097703053
5137.25,2,09:46:16.198109133
5137.0,3,09:46:16.328177497
5137.0,2,09:46:16.328192505
5137.0,1,09:46:16.328192505
5137.0,1,09:46:16.349784944
5137.0,1,09:46:16.385442460
5137.25,17,09:46:16.408772331
5137.25,1,09:46:16.872328523
5137.25,9,09:46:17.024577018
5137.25,1,09:46:17.024758993
5137.25,4,09:46:17.024857471
5137.25,2,09:46:17.024886742
5137.25,1,09:46:17.221189332
5137.5,3,09:46:17.344462652
5137.5,2,09:46:17.344551492
5137.5,1,09:46:17.344605964
5137.5,2,09:46:17.344640659
5137.5,3,09:46:17.344697067
5137.5,3,09:46:17.344745090
5137.5,4,09:46:17.345014583
5137.5,5,09:46:17.345463780
5137.5,1,09:46:17.345571833
5137.5,1,09:46:17.345761562
5137.25,1,09:46:17.346074861
5137.5,1,09:46:17.348072924
5137.5,2,09:46:17.348303155
5137.5,2,09:46:17.348384575
5137.5,1,09:46:17.355414905
5137.5,1,09:46:17.355596835
5137.5,2,09:46:17.355596835
5137.5,3,09:46:17.355596835
5137.25,1,09:46:17.730189658
5137.5,21,09:46:17.803670498
5137.5,1,09:46:17.803725587
5137.5,3,09:46:17.803784155
5137.5,5,09:46:17.803825017
5137.5,1,09:46:17.804229895
5137.5,3,09:46:17.804281471
5137.5,1,09:46:17.804446315
5137.5,1,09:46:17.804526569
5137.5,1,09:46:17.874221522
5137.5,1,09:46:17.906708997
5137.75,1,09:46:18.107503641
5137.75,14,09:46:18.107808399
5137.75,1,09:46:18.107933585
5137.75,2,09:46:18.108018925
5137.75,1,09:46:18.108358531
5137.75,1,09:46:18.108415889
5137.75,1,09:46:18.115845540
5137.75,1,09:46:18.128841050
5137.75,1,09:46:18.146799819
5137.75,3,09:46:18.187819399
5137.75,3,09:46:18.187852631
5137.75,1,09:46:18.187880558
5137.75,3,09:46:18.188189967
5137.75,3,09:46:18.188246470
5137.75,5,09:46:18.188407621
5137.75,1,09:46:18.188444928
5137.75,1,09:46:18.343107867
5137.75,1,09:46:18.378277095
5137.75,1,09:46:18.378574413
5137.75,3,09:46:18.418610538
5137.75,1,09:46:18.443757495
5137.5,1,09:46:18.503766415
5137.5,3,09:46:18.505125879
5137.75,1,09:46:18.830756909
5137.75,1,09:46:19.078944101
5137.75,3,09:46:19.147976576
5137.75,2,09:46:19.148007495
5137.75,4,09:46:19.148083749
5137.75,1,09:46:19.148152992
5137.75,2,09:46:19.148152992
5137.75,3,09:46:19.148410821
5137.75,3,09:46:19.148487939
5137.75,1,09:46:19.148537883
5137.75,1,09:46:19.156704294
5137.75,3,09:46:19.156894449
5137.75,1,09:46:19.156949856
5137.75,1,09:46:19.267584935
5138.0,1,09:46:19.356897605
5137.75,1,09:46:19.376344718
5138.0,5,09:46:19.400164603
5137.75,1,09:46:19.411952474
5137.75,13,09:46:19.444983688
5137.75,1,09:46:19.616349793
5137.75,5,09:46:19.616628992
5137.75,1,09:46:19.616665668
5137.75,2,09:46:19.616902838
5137.75,1,09:46:19.616944672
5137.75,2,09:46:19.696722484
5137.75,1,09:46:19.696751041
5137.75,9,09:46:19.706295624
5137.5,2,09:46:19.757109697
5137.5,1,09:46:20.152860897
5137.5,1,09:46:20.162149216
5137.5,3,09:46:20.326223094
5137.75,2,09:46:20.423209141
5137.75,7,09:46:20.423336321
5138.0,26,09:46:20.607064279
5138.0,12,09:46:20.607177475
5138.0,4,09:46:20.607227851
5138.0,2,09:46:20.607313282
5138.0,1,09:46:20.607383114
5138.0,1,09:46:20.607490877
5138.0,1,09:46:20.607590834
5138.0,2,09:46:20.607590834
5138.0,3,09:46:20.607675505
5138.0,1,09:46:20.607675505
5138.0,5,09:46:20.607706318
5138.0,1,09:46:20.607798447
5138.0,1,09:46:20.608053889
5138.0,1,09:46:20.608180469
5138.0,2,09:46:20.608180469
5138.0,2,09:46:20.608235666
5138.0,4,09:46:20.608385775
5138.0,1,09:46:20.608525134
5138.0,8,09:46:20.608686379
5138.0,2,09:46:20.608686379
5138.0,2,09:46:20.608739891
5138.0,1,09:46:20.608798362
5138.0,5,09:46:20.608997445
5138.0,2,09:46:20.609034843
5138.0,1,09:46:20.609195686
5138.0,2,09:46:20.609236838
5138.0,1,09:46:20.609304824
5138.25,5,09:46:20.794189035
5138.0,10,09:46:20.802075523
5138.0,1,09:46:20.810644637
5138.0,1,09:46:20.811177128
5138.0,1,09:46:20.850383779
5138.0,1,09:46:20.858500269
5138.25,1,09:46:20.902599264
5138.0,1,09:46:20.919065865
5138.0,4,09:46:20.919329893
5138.0,3,09:46:21.093926846
5138.0,1,09:46:21.110994273
5138.0,1,09:46:21.369473288
5137.75,1,09:46:21.448599086
5138.0,10,09:46:21.643819240
5137.75,2,09:46:21.644060395
5137.75,1,09:46:21.683614823
5137.75,23,09:46:21.690007201
5137.75,1,09:46:21.940674608
5137.75,1,09:46:21.947988778
5137.5,7,09:46:22.015805252
5137.5,1,09:46:22.015906732
5137.5,12,09:46:22.016053958
5137.5,4,09:46:22.016093065
5137.5,4,09:46:22.016139082
5137.5,1,09:46:22.016204236
5137.5,9,09:46:22.016244892
5137.5,1,09:46:22.016277328
5137.5,1,09:46:22.016324740
5137.5,1,09:46:22.016346917
5137.5,1,09:46:22.016379910
5137.5,2,09:46:22.016434234
5137.5,1,09:46:22.016494178
5137.5,2,09:46:22.016541660
5137.5,5,09:46:22.016615847
5137.5,1,09:46:22.016719068
5137.5,1,09:46:22.016799057
5137.5,1,09:46:22.016835945
5137.5,2,09:46:22.017008015
5137.5,1,09:46:22.017074401
5137.5,1,09:46:22.080928737
5137.5,2,09:46:22.129589176
5137.5,2,09:46:22.129640201
5137.5,3,09:46:22.129676740
5137.5,17,09:46:22.361073632
5137.5,2,09:46:22.369401669
5137.5,10,09:46:22.369653879
5137.5,2,09:46:22.593929597
5137.5,10,09:46:22.594055129
5137.5,3,09:46:22.594125422
5137.5,1,09:46:22.594326633
5137.5,1,09:46:22.594359030
5137.5,3,09:46:22.594622911
5137.5,2,09:46:22.594663414
5137.5,2,09:46:22.594781669
5137.5,1,09:46:22.594853917
5137.5,1,09:46:22.734613036
5137.5,3,09:46:22.734679556
5137.5,2,09:46:22.734710152
5137.5,1,09:46:22.735131751
5137.5,4,09:46:22.735210798
5137.5,1,09:46:23.499283434
5137.5,6,09:46:23.510688663
5137.5,12,09:46:23.535345643
5137.5,1,09:46:23.562183415
5137.5,1,09:46:23.570866275
5137.5,2,09:46:23.571046977
5137.5,3,09:46:23.701554501
5137.5,1,09:46:23.717634030
5137.5,2,09:46:23.717869584
5137.5,1,09:46:23.718109184
5137.25,1,09:46:23.752811646
5137.25,1,09:46:23.907017868
5137.25,3,09:46:23.917865674
5137.25,2,09:46:23.918047105
5137.25,3,09:46:23.918096945
5137.25,4,09:46:23.920731975
5137.25,6,09:46:23.920863988
5137.25,2,09:46:23.920863988
5137.25,1,09:46:23.920962431
5137.25,1,09:46:23.921216266
5137.25,1,09:46:23.921682253
5137.25,3,09:46:23.921803843
5137.25,1,09:46:23.921803843
5137.25,1,09:46:23.921922134
5137.25,1,09:46:23.921974755
5137.25,1,09:46:23.922182069
5137.25,1,09:46:23.922487963
5137.25,1,09:46:23.922782685
5137.25,1,09:46:23.922844632
5137.25,8,09:46:23.934384414
5137.25,1,09:46:24.031823528
5137.5,1,09:46:24.431645569
5137.5,4,09:46:24.431814171
5137.5,6,09:46:24.431887003
5137.5,2,09:46:24.431952425
5137.5,1,09:46:24.432012642
5137.5,2,09:46:24.432224768
5137.5,1,09:46:24.432293524
5137.5,4,09:46:24.432515080
5137.5,1,09:46:24.432634072
5137.75,5,09:46:24.559536473
5137.5,7,09:46:24.994478238
5137.5,1,09:46:25.008003557
5137.5,11,09:46:25.105935847
5137.5,1,09:46:25.106051731
5137.5,1,09:46:25.428456971
5137.5,2,09:46:25.473510407
5137.75,1,09:46:26.001096976
5137.5,1,09:46:26.081455679
5137.75,20,09:46:26.827867555
5137.5,10,09:46:26.896579140
5137.75,2,09:46:26.975752412
5137.75,8,09:46:26.975872449
5137.75,1,09:46:26.975917747
5137.75,1,09:46:26.975973562
5137.75,3,09:46:26.976235682
5137.75,1,09:46:26.976276964
5137.75,1,09:46:26.976314362
5137.75,1,09:46:26.976348459
5137.75,1,09:46:26.976424419
5137.75,8,09:46:26.976602858
5137.5,1,09:46:27.021152996
5137.75,2,09:46:27.087117492
5137.75,6,09:46:27.087196568
5137.75,4,09:46:27.087749696
5137.5,3,09:46:27.294970448
5137.75,1,09:46:27.324488833
5137.75,6,09:46:27.368261533
5137.75,1,09:46:27.390059417
5137.75,2,09:46:27.390273053
5137.75,2,09:46:27.394119294
5137.75,1,09:46:27.394316088
5137.75,1,09:46:27.394412253
5137.75,1,09:46:27.394448264
5137.75,1,09:46:27.394675218
5137.75,1,09:46:27.394775589
5137.75,3,09:46:27.597383465
5137.75,1,09:46:27.597401649
5137.75,2,09:46:27.597911574
5137.75,3,09:46:27.597962895
5137.75,1,09:46:27.597996124
5137.75,1,09:46:27.598024298
5137.5,1,09:46:27.638604052
5137.5,50,09:46:27.786715113
5137.75,1,09:46:28.744773365
5137.5,1,09:46:28.814290963
5137.5,10,09:46:28.930017709
5137.5,4,09:46:28.930222695
5137.5,3,09:46:28.930268600
5137.5,1,09:46:28.930434149
5137.5,4,09:46:28.930651126
5137.5,2,09:46:28.930697703
5137.5,1,09:46:28.952314139
5137.75,1,09:46:28.981002594
5137.5,1,09:46:29.194781597
5137.75,21,09:46:29.220336026
5137.75,1,09:46:29.220449555
5137.75,4,09:46:29.220742697
5137.75,1,09:46:29.220840964
5137.75,3,09:46:29.220945481
5137.75,4,09:46:29.221092134
5137.75,4,09:46:29.221532514
5137.75,2,09:46:29.221593718
5137.75,3,09:46:29.221593718
5137.75,2,09:46:29.221633185
5137.75,1,09:46:29.221706853
5137.75,2,09:46:29.221807746
5137.75,2,09:46:29.222151701
5137.75,2,09:46:29.227221000
5137.75,1,09:46:29.227426086
5137.75,1,09:46:29.611947451
5137.75,1,09:46:29.612135576
5137.75,2,09:46:29.612182906
5137.75,2,09:46:29.612421218
5137.75,1,09:46:29.716241107
5137.75,2,09:46:29.716951305
5138.0,1,09:46:30.070399301
5138.0,1,09:46:30.083758188
5138.0,2,09:46:30.095838762
5138.0,1,09:46:30.095868087
5138.0,1,09:46:30.096010740
5138.0,2,09:46:30.096052036
5138.0,2,09:46:30.096182542
5138.25,1,09:46:30.827566192
5138.25,1,09:46:30.986975035
5138.25,3,09:46:30.999460014
5138.25,7,09:46:30.999705433
5138.25,7,09:46:30.999817288
5138.25,2,09:46:30.999863023
5138.25,1,09:46:30.999914649
5138.25,2,09:46:30.999986389
5138.25,1,09:46:31.000164661
5138.25,2,09:46:31.008143853
5138.25,3,09:46:31.008399336
5138.5,1,09:46:31.059440709
5138.5,1,09:46:31.339150490
5138.5,2,09:46:31.339188167
5138.5,1,09:46:31.339227525
5138.5,2,09:46:31.339301722
5138.5,1,09:46:31.339341747
5138.5,7,09:46:31.339449888
5138.5,1,09:46:31.339518651
5138.5,1,09:46:31.339597315
5138.5,3,09:46:31.339636497
5138.5,2,09:46:31.339680871
5138.5,2,09:46:31.339718543
5138.5,2,09:46:31.339753747
5138.5,3,09:46:31.339806880
5138.5,1,09:46:31.339857237
5138.5,1,09:46:31.339946836
5138.5,1,09:46:31.340079328
5138.5,2,09:46:31.340176921
5138.5,1,09:46:31.340493621
5138.5,1,09:46:31.343321483
5138.5,1,09:46:31.343510898
5138.5,1,09:46:31.348926070
5138.5,6,09:46:31.349892265
5138.5,2,09:46:31.350083543
5138.5,1,09:46:31.350111998
5138.5,2,09:46:31.350175273
5138.5,1,09:46:31.441576074
5138.5,2,09:46:31.441766133
5138.5,2,09:46:31.441823090
5138.5,1,09:46:31.442020589
5138.5,1,09:46:31.442136527
5138.5,2,09:46:31.449760137
5138.5,3,09:46:31.449803033
5138.5,2,09:46:31.449849236
5138.5,10,09:46:31.647655470
5138.5,1,09:46:31.647723513
5138.5,1,09:46:31.647765655
5138.5,11,09:46:31.647862607
5138.5,8,09:46:31.656533064
5138.75,1,09:46:32.045287642
5138.75,2,09:46:32.045297105
5138.75,1,09:46:32.070980390
5138.75,1,09:46:33.019724534
5138.5,1,09:46:33.116876974
5138.75,1,09:46:33.630323471
5138.75,1,09:46:33.630524371
5138.75,2,09:46:33.638669764
5138.75,16,09:46:33.639046798
5138.75,1,09:46:33.639507864
5138.75,3,09:46:33.639611408
5138.75,1,09:46:33.639694262
5138.75,2,09:46:33.639694262
5138.75,1,09:46:33.639828991
5138.75,2,09:46:33.640302117
5138.75,3,09:46:33.640456811
5138.75,1,09:46:33.640456811
5138.75,2,09:46:33.640456811
5138.75,1,09:46:33.640522051
5138.75,1,09:46:33.640654277
5138.75,2,09:46:33.647031914
5138.75,2,09:46:33.647354666
5138.75,2,09:46:33.647594249
5138.75,1,09:46:33.653018211
5138.75,5,09:46:33.696924946
5138.75,1,09:46:33.744816671
5138.75,2,09:46:33.744883249
5138.75,1,09:46:33.744883249
5138.75,1,09:46:33.744921093
5138.75,1,09:46:33.744989808
5138.75,1,09:46:33.745030618
5138.75,6,09:46:33.755538293
5138.75,2,09:46:33.755595846
5138.75,5,09:46:33.949515256
5138.75,1,09:46:33.949822936
5138.75,2,09:46:34.124625905
5138.75,4,09:46:34.124706691
5138.75,1,09:46:34.125076480
5138.75,4,09:46:34.125292705
5138.75,1,09:46:34.125631023
5138.75,1,09:46:34.125947746
5138.75,1,09:46:34.126132722
5138.75,1,09:46:34.126576162
5138.75,1,09:46:34.129509567
5138.75,1,09:46:34.240325620
5138.75,1,09:46:34.240615786
5138.75,1,09:46:34.240817220
5138.75,1,09:46:34.241089290
5138.75,1,09:46:34.241120001
5138.75,4,09:46:34.241286868
5138.75,1,09:46:34.241579808
5138.75,2,09:46:34.480709001
5138.75,2,09:46:34.480741869
5138.75,10,09:46:34.480895424
5138.75,1,09:46:34.481029397
5138.75,3,09:46:34.481029397
5138.75,1,09:46:34.481058022
5138.75,1,09:46:34.481152667
5138.75,1,09:46:34.481183068
5138.75,1,09:46:34.481247290
5138.5,9,09:46:34.897083942
5138.5,1,09:46:34.897183906
5138.5,9,09:46:34.897298465
5138.5,17,09:46:34.897386872
5138.5,1,09:46:34.897801630
5138.5,1,09:46:34.906031790
5138.5,2,09:46:34.906335802
5138.5,1,09:46:35.043579223
5138.5,1,09:46:35.043927054
5138.5,1,09:46:35.044213623
5138.5,7,09:46:35.044458117
5138.5,1,09:46:35.044520534
5138.25,1,09:46:35.321607463
5138.25,1,09:46:35.587279912
5138.25,1,09:46:35.667180786
5138.5,3,09:46:35.757065669
5138.5,1,09:46:35.757227495
5138.5,1,09:46:35.757261236
5138.5,1,09:46:35.757425438
5138.5,1,09:46:35.824732414
5138.25,1,09:46:35.834299618
5138.5,1,09:46:36.523161971
5138.5,1,09:46:36.919982212
5138.5,1,09:46:36.920023812
5138.5,1,09:46:36.920092099
5138.5,3,09:46:36.924212780
5138.25,1,09:46:37.463048070
5138.25,1,09:46:37.474768827
5138.25,1,09:46:37.605911969
5138.25,1,09:46:37.764020703
5138.5,5,09:46:37.789644432
5138.5,1,09:46:37.789774988
5138.5,2,09:46:37.789811123
5138.5,3,09:46:37.789895381
5138.5,1,09:46:38.298759276
5138.5,1,09:46:38.746216201
5138.5,1,09:46:38.889498983
5138.5,1,09:46:38.952182882
5138.75,2,09:46:39.141266931
5138.75,2,09:46:39.141301469
5138.75,1,09:46:39.141339816
5138.75,1,09:46:39.141448480
5138.75,4,09:46:39.142065266
5138.75,2,09:46:39.142065266
5138.75,1,09:46:39.142065266
5139.0,1,09:46:39.147786397
5139.0,4,09:46:39.147799011
5139.0,3,09:46:39.147799011
5139.0,1,09:46:39.147799011
5139.0,1,09:46:39.147947711
5139.0,1,09:46:39.158053694
5139.0,2,09:46:39.158097406
5138.75,3,09:46:39.166946216
5138.75,1,09:46:39.910274498
5139.0,1,09:46:40.438043411
5138.75,16,09:46:40.728703369
5138.75,2,09:46:40.728939902
5138.75,4,09:46:40.729117774
5138.75,8,09:46:40.729117774
5138.75,1,09:46:40.729117774
5138.75,1,09:46:40.730070449
5138.75,2,09:46:40.730070449
5138.75,10,09:46:40.730070449
5138.75,3,09:46:40.730070449
5138.75,3,09:46:40.730932611
5138.75,1,09:46:40.731004612
5138.75,1,09:46:40.731051605
5138.75,1,09:46:40.731577094
5138.75,7,09:46:40.731707044
5138.75,2,09:46:40.731707044
5138.75,1,09:46:40.731707044
5138.75,1,09:46:40.731820338
5138.75,2,09:46:40.736909807
5138.75,1,09:46:40.736938860
5138.75,2,09:46:40.738146133
5138.75,6,09:46:40.758007509
5138.75,3,09:46:40.758056874
5138.75,1,09:46:40.758179753
5138.75,2,09:46:40.758179753
5138.75,11,09:46:40.784797481
5138.75,1,09:46:40.785094732
5139.0,1,09:46:40.809442975
5139.0,1,09:46:40.858146868
5139.0,3,09:46:41.451918820
5139.0,1,09:46:41.484540110
5139.0,1,09:46:41.499138313
5139.0,1,09:46:41.506024324
5138.75,1,09:46:42.225933481
5138.75,5,09:46:42.225984923
5138.75,1,09:46:42.226090007
5138.75,11,09:46:42.226294907
5138.75,1,09:46:42.226581963
5138.75,1,09:46:42.289828124
5138.5,4,09:46:42.462268656
5138.75,2,09:46:42.789701997
5138.5,1,09:46:43.047824817
5138.5,2,09:46:43.231125088
5138.5,3,09:46:43.231177514
5138.5,4,09:46:43.231237071
5138.5,1,09:46:43.231267113
5138.5,5,09:46:43.231336583
5138.5,4,09:46:43.231480096
5138.5,2,09:46:43.231514225
5138.5,1,09:46:43.231559570
5138.5,1,09:46:43.231604687
5138.25,6,09:46:43.772823241
5138.25,5,09:46:43.772880932
5138.25,2,09:46:43.772924251
5138.25,8,09:46:43.773063889
5138.25,4,09:46:43.789506026
5138.25,5,09:46:43.789763413
5138.25,19,09:46:43.790345873
5138.25,1,09:46:43.790511851
5138.25,1,09:46:44.732252469
5138.5,1,09:46:45.085957867
5138.25,5,09:46:45.189899939
5138.25,2,09:46:45.189947844
5138.25,2,09:46:45.189982545
5138.25,2,09:46:45.190041270
5138.25,1,09:46:45.190089109
5138.25,1,09:46:45.190129843
5138.25,3,09:46:45.190185061
5138.25,16,09:46:45.190831474
5138.25,1,09:46:45.190867754
5138.25,4,09:46:45.191065335
5138.25,8,09:46:45.191367700
5138.25,1,09:46:45.191541665
5138.25,2,09:46:45.191608847
5138.25,1,09:46:45.191608847
5138.25,1,09:46:45.191669085
5138.25,1,09:46:45.467049025
5138.25,5,09:46:45.467122120
5138.25,1,09:46:45.467152807
5138.25,10,09:46:45.468512789
5138.25,1,09:46:45.468783991
5138.25,4,09:46:45.475231565
5138.25,4,09:46:45.548901822
5138.25,2,09:46:45.548934257
5138.25,4,09:46:45.549109128
5138.25,1,09:46:45.549411301
5138.25,5,09:46:45.549657894
5138.25,25,09:46:45.998617162
5138.25,1,09:46:46.766051983
5138.25,3,09:46:46.803118302
5138.25,1,09:46:46.803274158
5138.25,9,09:46:46.803373207
5138.25,1,09:46:46.803413518
5138.25,2,09:46:46.803658227
5138.25,1,09:46:46.803741272
5138.25,12,09:46:46.803928251
5138.25,25,09:46:46.972940864
5138.25,2,09:46:47.108273389
5138.25,1,09:46:47.108481528
5138.25,1,09:46:47.108523579
5138.25,3,09:46:47.108742627
5138.25,1,09:46:47.108900467
5138.25,1,09:46:47.109309602
5138.25,1,09:46:47.811763078
5138.0,67,09:46:48.463567534
5137.75,52,09:46:48.463567534
5137.5,36,09:46:48.463567534
5138.25,45,09:46:48.463567534
5138.25,1,09:46:48.465046947
5137.75,2,09:46:48.465451899
5138.0,3,09:46:48.466447753
5138.0,1,09:46:48.466673312
5138.0,2,09:46:48.467161918
5137.75,4,09:46:48.467230776
5138.0,3,09:46:48.467359941
5138.0,2,09:46:48.467359941
5138.0,6,09:46:48.467429322
5138.0,3,09:46:48.467571888
5138.0,1,09:46:48.467607063
5138.0,1,09:46:48.468065290
5138.0,3,09:46:48.468266855
5138.0,1,09:46:48.468266855
5138.0,4,09:46:48.468497525
5138.0,2,09:46:48.468497525
5138.0,1,09:46:48.468571472
5138.0,1,09:46:48.468739389
5138.0,1,09:46:48.468876599
5138.0,4,09:46:48.468968140
5138.0,3,09:46:48.468968140
5138.0,1,09:46:48.469154926
5138.0,4,09:46:48.474567203
5138.0,1,09:46:48.526634392
5138.0,1,09:46:48.526778661
5138.0,1,09:46:48.526812472
5138.0,1,09:46:48.539636280
5138.0,1,09:46:48.539671065
5138.0,2,09:46:48.539719655
5138.0,1,09:46:48.539831542
5138.0,1,09:46:48.539862058
5138.0,17,09:46:48.540009129
5138.0,1,09:46:48.540107540
5138.0,6,09:46:48.552740763
5138.0,1,09:46:48.552957141
5138.0,7,09:46:48.553086801
5138.0,3,09:46:48.553179188
5138.0,2,09:46:48.553179188
5138.0,1,09:46:48.553179188
5138.0,7,09:46:48.553251803
5138.0,3,09:46:48.553450271
5138.0,4,09:46:48.553505498
5138.0,1,09:46:48.553570845
5138.0,2,09:46:48.553604158
5138.0,3,09:46:48.553708202
5138.0,5,09:46:48.553752735
5138.0,1,09:46:48.553823008
5138.0,1,09:46:48.557834744
5138.0,6,09:46:48.592947059
5138.0,2,09:46:48.689127011
5138.0,3,09:46:48.689307663
5138.0,5,09:46:48.689372478
5138.0,12,09:46:48.689785395
5138.0,2,09:46:48.765767477
5138.0,4,09:46:48.765981952
5138.0,1,09:46:48.856799270
5137.75,1,09:46:48.924898303
5138.0,6,09:46:49.167519448
5138.0,10,09:46:49.167777306
5138.0,2,09:46:49.167818162
5138.0,1,09:46:49.167885789
5138.0,2,09:46:49.167969707
5138.0,3,09:46:49.168227306
5137.75,27,09:46:49.292798848
5137.75,16,09:46:49.293379810
5137.75,1,09:46:49.293796059
5137.75,21,09:46:49.297448120
5137.75,1,09:46:49.601552641
5138.0,1,09:46:49.841411270
5138.0,1,09:46:50.160279413
5138.0,5,09:46:50.162774369
5138.0,2,09:46:50.162827718
5138.0,7,09:46:50.162883774
5138.0,1,09:46:50.162925351
5138.0,10,09:46:50.163728351
5138.0,2,09:46:50.163765183
5138.0,5,09:46:50.163825348
5138.0,3,09:46:50.163876606
5138.0,1,09:46:50.163944905
5138.0,1,09:46:50.163981395
5138.0,1,09:46:50.164023131
5138.0,1,09:46:50.164173141
5138.0,1,09:46:50.164235592
5138.0,1,09:46:50.164495064
5138.0,2,09:46:50.164703126
5138.0,10,09:46:50.164949188
5138.0,2,09:46:50.165060669
5138.0,1,09:46:50.200509487
5138.0,4,09:46:50.228292672
5138.0,1,09:46:50.228497291
5138.0,1,09:46:50.228580496
5138.0,1,09:46:50.229282750
5138.0,1,09:46:50.229315044
5138.0,3,09:46:50.267125408
5138.0,3,09:46:50.267335774
5138.0,1,09:46:50.267365612
5138.0,1,09:46:50.268067600
5138.0,1,09:46:50.310102996
5137.75,1,09:46:50.418283894
5138.0,1,09:46:50.663675625
5138.0,1,09:46:50.663698237
5138.0,1,09:46:50.663740417
5138.0,1,09:46:50.663810597
5138.0,3,09:46:50.663845373
5138.0,2,09:46:50.664349082
5138.0,1,09:46:50.664526589
5138.0,1,09:46:51.138968656
5138.0,2,09:46:51.452992694
5138.0,10,09:46:51.698092608
5137.5,71,09:46:51.805844547
5137.0,29,09:46:51.805844547
5138.0,11,09:46:51.805844547
5137.75,63,09:46:51.805844547
5137.25,76,09:46:51.805844547
5137.25,1,09:46:51.808053167
5137.25,1,09:46:51.808158055
5137.5,1,09:46:51.809378605
5137.5,1,09:46:51.809822214
5137.5,1,09:46:51.809930065
5137.5,1,09:46:51.810080184
5137.5,1,09:46:51.810154723
5137.5,2,09:46:51.810198721
5137.5,2,09:46:51.810308142
5137.5,1,09:46:51.810308142
5137.5,5,09:46:51.810370184
5137.5,1,09:46:51.810430962
5137.5,1,09:46:51.810630051
5137.5,6,09:46:51.810770054
5137.5,1,09:46:51.811084614
5137.75,1,09:46:51.814480605
5137.75,4,09:46:51.815455556
5137.75,3,09:46:51.818938655
5137.75,2,09:46:51.818970700
5137.75,1,09:46:51.851905903
5137.75,1,09:46:51.852084744
5137.75,1,09:46:51.884238607
5137.75,1,09:46:51.884436224
5137.75,1,09:46:51.910904858
5137.5,1,09:46:52.015798734
5137.75,2,09:46:52.068444662
5137.5,2,09:46:52.353373910
5137.5,1,09:46:52.793007217
5137.5,1,09:46:52.793062149
5137.5,1,09:46:53.017603869
5137.5,1,09:46:53.422671058
5137.5,2,09:46:53.650838637
5137.75,1,09:46:53.785922225
5137.5,2,09:46:53.844235457
5137.5,26,09:46:53.844604985
5137.5,1,09:46:53.845392175
5137.5,1,09:46:53.845522075
5137.25,1,09:46:53.867968679
5137.25,10,09:46:53.970811987
5137.25,1,09:46:53.970879987
5137.25,19,09:46:53.971616013
5137.25,12,09:46:53.972058945
5137.25,1,09:46:53.972175308
5137.25,1,09:46:53.972329605
5137.25,1,09:46:53.972366031
5137.25,3,09:46:53.972419527
5137.25,4,09:46:53.972468606
5137.25,1,09:46:53.972543948
5137.25,9,09:46:53.972918058
5137.25,3,09:46:53.979479889
5137.0,1,09:46:54.851438199
5137.0,3,09:46:54.851447297
5137.0,1,09:46:54.851629688
5137.0,2,09:46:54.851672322
5137.0,1,09:46:54.851789733
5137.0,1,09:46:54.851825254
5137.0,1,09:46:54.852008380
5137.0,1,09:46:54.852154774
5137.0,1,09:46:54.910865300
5137.0,2,09:46:54.928813576
5137.0,6,09:46:54.929021865
5137.0,1,09:46:54.929080676
5137.0,1,09:46:54.929129505
5137.0,5,09:46:54.929288122
5137.25,1,09:46:55.072911013
5137.0,6,09:46:55.309903363
5137.0,1,09:46:55.309928880
5137.0,1,09:46:55.310032210
5137.0,1,09:46:55.310086182
5137.0,2,09:46:55.645209117
5137.0,1,09:46:56.030440387
5137.0,1,09:46:56.095824954
5137.0,1,09:46:56.145289332
5137.0,5,09:46:56.145829231
5137.0,1,09:46:56.564729399
5137.25,50,09:46:56.642358923
5137.25,1,09:46:56.716632156
5137.5,1,09:46:56.748821019
5137.5,1,09:46:56.748831470
5137.5,1,09:46:56.960120913
5137.5,33,09:46:56.961613689
5137.5,1,09:46:56.964213498
5137.5,1,09:46:56.964254752
5137.5,9,09:46:56.964361324
5137.5,2,09:46:56.964398416
5137.75,1,09:46:57.075695922
5137.75,1,09:46:57.076704141
5137.75,6,09:46:57.076882131
5137.75,1,09:46:57.076911536
5137.75,2,09:46:57.077090021
5137.75,1,09:46:57.077149803
5137.75,5,09:46:57.077220179
5137.75,1,09:46:57.077259271
5137.75,12,09:46:57.077896078
5137.75,1,09:46:57.077952444
5137.75,3,09:46:57.078210877
5137.75,4,09:46:57.078337635
5137.75,1,09:46:57.078368555
5137.75,1,09:46:57.078538446
5137.75,1,09:46:57.078593122
5137.75,1,09:46:57.078649197
5137.75,2,09:46:57.078696743
5137.75,2,09:46:57.078888434
5137.75,1,09:46:57.079090838
5137.75,1,09:46:57.079281405
5137.75,1,09:46:57.079553241
5137.75,1,09:46:57.079583482
5137.75,1,09:46:57.079736277
5137.75,1,09:46:57.080933003
5138.0,1,09:46:57.260072981
5138.0,1,09:46:57.260083595
5137.75,2,09:46:57.833217008
5137.75,1,09:46:58.446742696
5138.0,1,09:46:58.594425141
5137.75,1,09:46:59.454063033
5138.0,2,09:46:59.464382318
5138.0,1,09:46:59.533296992
5138.0,1,09:46:59.629083207
5138.0,6,09:46:59.629342992
5138.0,1,09:46:59.640657220
5138.0,17,09:46:59.641152369
5138.0,1,09:46:59.654519126
5138.25,1,09:46:59.750137223
5138.25,1,09:46:59.750172135
5138.25,1,09:46:59.750366018
5138.25,10,09:46:59.755584750
5138.25,2,09:46:59.755771612
5138.25,2,09:46:59.755819513
5138.25,2,09:46:59.755863363
5138.25,2,09:46:59.755962822
5138.25,2,09:46:59.756060715
5138.25,4,09:46:59.756060715
5138.25,1,09:46:59.756186647
5138.25,2,09:46:59.756213930
5138.25,2,09:46:59.756451139
5138.25,1,09:46:59.756706622
5138.25,1,09:46:59.756778845
5138.25,1,09:46:59.764376518
5137.25,1,09:48:09.706914032
5137.25,1,09:48:09.706978591
5137.25,1,09:48:09.707086634
5137.25,2,09:48:09.707188912
5137.25,2,09:48:09.707237216
5137.25,1,09:48:09.707538148
5137.25,2,09:48:09.709832450
5137.25,4,09:48:09.718421820
5137.25,4,09:48:09.986897561
5137.25,1,09:48:10.512947740
5137.25,1,09:48:10.561419234
5137.25,17,09:48:10.570901604
5137.25,1,09:48:10.571073200
5137.25,1,09:48:10.571228161
5137.25,1,09:48:10.571407292
5137.5,1,09:48:10.636203207
5137.5,1,09:48:10.636213921
5137.5,1,09:48:10.673617108
5137.5,1,09:48:10.780022786
5137.5,4,09:48:10.802225118
5137.5,17,09:48:10.802599487
5137.5,4,09:48:10.803123523
5137.5,1,09:48:10.875778002
5137.5,6,09:48:10.876048315
5137.5,2,09:48:10.876347268
5137.5,1,09:48:10.876546794
5137.5,3,09:48:10.876615775
5137.5,2,09:48:10.876665370
5137.5,2,09:48:10.876700638
5137.5,1,09:48:10.876966707
5137.5,1,09:48:10.879014765
5137.5,1,09:48:10.879046676
5137.5,1,09:48:10.879185203
5137.25,1,09:48:10.961076691
5137.25,3,09:48:11.122646125
5137.25,2,09:48:11.127979110
5137.25,10,09:48:11.128221527
5137.25,1,09:48:11.128696516
5137.25,1,09:48:11.136806194
5137.25,1,09:48:11.137056067
5137.25,1,09:48:11.150147432
5137.25,1,09:48:11.267731580
5137.25,1,09:48:11.267757743
5137.5,1,09:48:11.483539197
5137.5,5,09:48:11.516169125
5137.25,1,09:48:11.740877662
5137.5,1,09:48:11.743297487
5137.25,2,09:48:11.797227365
5137.25,2,09:48:11.797373618
5137.25,2,09:48:11.799174099
5137.25,3,09:48:11.799378685
5137.25,3,09:48:11.799743550
5137.25,1,09:48:11.799789045
5137.25,1,09:48:11.799870778
5137.25,1,09:48:11.799939448
5137.25,8,09:48:11.866206874
5137.25,1,09:48:12.195355286
5137.25,1,09:48:12.195379159
5137.25,2,09:48:12.195558897
5137.25,2,09:48:12.195630092
5137.25,5,09:48:12.195664985
5137.25,2,09:48:12.206661022
5137.25,2,09:48:12.206700436
5137.25,3,09:48:12.251505519
5137.25,2,09:48:12.298467727
5137.25,2,09:48:12.298626492
5137.25,1,09:48:12.298660758
5137.25,1,09:48:12.299282517
5137.5,1,09:48:12.872834315
5137.25,10,09:48:13.169183977
5137.25,2,09:48:13.169218966
5137.25,5,09:48:13.180693800
5137.25,2,09:48:13.180731518
5137.25,2,09:48:13.180780349
5137.25,1,09:48:13.180822522
5137.5,2,09:48:13.733951793
5137.5,10,09:48:13.839548836
5137.5,1,09:48:13.839581406
5137.5,3,09:48:13.859923410
5137.5,2,09:48:13.860245277
5137.5,2,09:48:13.860450446
5137.5,3,09:48:14.918263666
5137.5,3,09:48:14.974881668
5137.5,18,09:48:14.975043813
5137.5,1,09:48:14.975304932
5137.5,3,09:48:14.975378517
5137.5,1,09:48:14.975378517
5137.5,1,09:48:14.975488912
5137.5,4,09:48:14.975644516
5137.5,1,09:48:14.975644516
5137.5,1,09:48:14.975804958
5137.5,5,09:48:14.975804958
5137.5,1,09:48:14.975980271
5137.75,1,09:48:15.220227156
5137.75,2,09:48:15.220238455
5137.5,4,09:48:15.269153991
5137.5,1,09:48:15.269215877
5137.5,4,09:48:15.269283111
5137.5,9,09:48:15.295324446
5137.5,4,09:48:15.295540424
5137.5,1,09:48:15.445028394
5137.5,2,09:48:15.445096837
5137.5,3,09:48:15.445158034
5137.25,1,09:48:15.554076996
5137.5,6,09:48:15.720619160
5137.25,10,09:48:16.141247996
5137.25,2,09:48:16.195296910
5137.25,10,09:48:16.195591922
5137.25,10,09:48:16.599037810
5137.25,10,09:48:16.599502739
5137.25,1,09:48:16.599542132
5137.25,2,09:48:16.599687328
5137.25,1,09:48:16.599865895
5137.25,1,09:48:16.599967689
5137.25,1,09:48:16.600026803
5137.25,1,09:48:16.600099048
5137.25,2,09:48:16.600274748
5137.25,1,09:48:16.600312969
5137.25,1,09:48:16.600350234
5137.25,3,09:48:16.600410856
5137.25,5,09:48:16.600598034
5137.25,3,09:48:16.600785587
5137.25,4,09:48:18.109971836
5137.0,2,09:48:18.533719314
5137.0,1,09:48:18.533731512
5137.0,1,09:48:18.533786518
5137.0,2,09:48:18.533830992
5137.0,2,09:48:18.533900252
5137.0,8,09:48:18.533958947
5136.75,1,09:48:18.556541342
5136.75,18,09:48:18.558197567
5136.75,1,09:48:18.558305236
5136.75,8,09:48:18.558452605
5136.75,19,09:48:18.560085160
5136.75,3,09:48:18.560285506
5136.75,3,09:48:18.573044292
5136.75,2,09:48:18.573084484
5136.75,1,09:48:18.573121531
5136.75,3,09:48:18.573229335
5136.75,1,09:48:19.125942262
5136.75,1,09:48:19.244859489
5136.75,1,09:48:19.841738829
5136.5,1,09:48:20.045179372
5136.5,2,09:48:20.045190812
5136.5,4,09:48:20.045328252
5136.5,1,09:48:20.045360026
5136.5,2,09:48:20.045502447
5136.5,2,09:48:20.045646716
5136.5,5,09:48:20.045646716
5136.5,1,09:48:20.045763398
5136.5,4,09:48:20.045763398
5136.5,1,09:48:20.045869473
5136.5,1,09:48:20.045949906
5136.5,2,09:48:20.045949906
5136.75,13,09:48:20.426555919
5136.75,1,09:48:20.426594483
5136.75,1,09:48:20.426650558
5136.75,3,09:48:20.426789543
5136.75,1,09:48:20.426822792
5136.75,1,09:48:20.426884994
5137.0,1,09:48:20.633705416
5136.75,1,09:48:20.852425634
5136.75,2,09:48:21.155875616
5136.75,2,09:48:21.155917482
5136.75,2,09:48:21.155983880
5136.75,2,09:48:21.156022656
5136.75,3,09:48:21.194831493
5136.75,2,09:48:21.329107028
5136.75,1,09:48:21.329129783
5136.75,3,09:48:21.329187182
5136.75,4,09:48:21.329819435
5136.75,1,09:48:21.330177404
5136.75,3,09:48:21.330241377
5136.75,1,09:48:21.330273912
5136.75,1,09:48:21.330355629
5136.75,1,09:48:21.330428677
5136.75,2,09:48:21.336871837
5136.75,1,09:48:21.336910545
5136.75,2,09:48:21.336970953
5136.75,4,09:48:21.939280885
5136.5,1,09:48:22.166252992
5136.5,1,09:48:22.166262621
5136.5,1,09:48:22.199324212
5136.75,1,09:48:22.862634085
5136.75,2,09:48:22.862680684
5136.75,2,09:48:22.862713142
5136.75,2,09:48:22.862746685
5136.75,1,09:48:22.862798103
5136.75,4,09:48:22.862863833
5136.75,1,09:48:22.862918896
5136.75,2,09:48:22.862994117
5136.75,3,09:48:22.862994117
5136.75,10,09:48:22.863107546
5136.75,2,09:48:22.863162546
5136.75,3,09:48:22.863162546
5136.75,5,09:48:22.863223709
5136.75,8,09:48:22.866667782
5136.5,6,09:48:23.022072016
5136.5,1,09:48:23.022100484
5136.5,2,09:48:23.022272472
5136.5,2,09:48:23.022320476
5136.5,2,09:48:23.022360655
5136.5,2,09:48:23.022399316
5136.5,1,09:48:23.022455098
5136.5,1,09:48:23.022486266
5136.5,1,09:48:23.042259329
5136.5,1,09:48:23.042437694
5136.5,5,09:48:23.042643109
5136.5,1,09:48:23.049820221
5136.5,4,09:48:23.417187216
5136.5,1,09:48:23.445941997
5136.75,2,09:48:23.546883484
5136.5,1,09:48:23.767352916
5136.5,1,09:48:23.923555827
5136.5,1,09:48:23.923586078
5136.5,1,09:48:23.923623239
5136.5,2,09:48:23.923674450
5136.5,2,09:48:23.923738938
5136.5,2,09:48:23.923803448
5136.5,5,09:48:23.924760204
5136.5,3,09:48:23.924951893
5136.5,1,09:48:23.925128502
5136.5,2,09:48:23.925395711
5136.5,2,09:48:23.932113273
5136.5,3,09:48:23.932402633
5136.5,3,09:48:23.932576706
5136.5,2,09:48:23.932990648
5136.5,1,09:48:24.372339249
5136.75,2,09:48:24.761520535
5136.75,1,09:48:24.761716183
5136.75,1,09:48:24.761746342
5136.75,5,09:48:24.761855428
5136.75,3,09:48:24.761880852
5136.75,2,09:48:24.762264169
5136.75,1,09:48:24.762448547
5136.75,2,09:48:24.763816907
5136.75,3,09:48:24.764029707
5136.75,2,09:48:24.764071693
5136.75,1,09:48:25.201413057
5136.75,1,09:48:25.272037618
5136.75,6,09:48:25.454862906
5136.75,1,09:48:25.454998986
5136.75,1,09:48:25.455262515
5136.75,10,09:48:25.455447801
5137.0,50,09:48:26.425844104
5137.0,1,09:48:26.426255533
5137.0,3,09:48:26.426348965
5137.0,4,09:48:26.426348965
5137.0,1,09:48:26.426656081
5137.0,1,09:48:26.426746190
5137.0,4,09:48:26.429298128
5137.0,1,09:48:26.887911368
5137.25,7,09:48:27.136925278
5137.25,2,09:48:27.136980479
5137.25,1,09:48:27.137039454
5137.25,1,09:48:27.137064315
5137.25,1,09:48:27.137094392
5137.25,2,09:48:27.137178250
5137.25,7,09:48:27.137236200
5137.25,2,09:48:27.137285675
5137.25,1,09:48:27.137285675
5137.25,2,09:48:27.137483437
5137.25,1,09:48:27.137539588
5137.25,4,09:48:27.137653541
5137.25,1,09:48:27.137739544
5137.25,3,09:48:27.137739544
5137.25,1,09:48:27.137795513
5137.25,1,09:48:27.137906399
5137.25,1,09:48:27.137959449
5137.25,1,09:48:27.145488718
5137.25,1,09:48:27.322216389
5137.25,1,09:48:27.416563924
5137.25,1,09:48:28.335653029
5137.25,1,09:48:28.346478105
5137.25,2,09:48:28.346543229
5137.25,3,09:48:28.346606827
5137.25,1,09:48:28.346606827
5137.25,1,09:48:28.346671180
5137.25,1,09:48:28.346793909
5137.25,1,09:48:28.346853837
5137.25,3,09:48:28.346853837
5137.5,1,09:48:28.355383379
5137.5,1,09:48:28.355392672
5137.25,11,09:48:28.402781412
5137.25,10,09:48:29.593248196
5137.0,1,09:48:30.185576622
5137.0,1,09:48:30.196349562
5137.0,41,09:48:30.276552002
5137.0,3,09:48:30.380541659
5137.0,20,09:48:30.533458951
5137.0,2,09:48:30.533671583
5137.0,3,09:48:30.533729667
5137.0,1,09:48:30.533729667
5137.0,1,09:48:30.533804991
5137.0,2,09:48:30.533804991
5137.0,1,09:48:30.533887450
5137.0,1,09:48:30.785171350
5137.0,1,09:48:30.864948874
5137.0,3,09:48:31.101320476
5137.0,9,09:48:31.101622077
5137.0,2,09:48:31.101677674
5137.0,1,09:48:31.101677674
5137.0,17,09:48:31.102126736
5137.0,1,09:48:31.102192270
5137.0,1,09:48:31.102357455
5137.0,10,09:48:31.102448451
5137.0,1,09:48:31.102533521
5137.0,1,09:48:31.102638880
5137.0,1,09:48:31.102753190
5136.75,1,09:48:31.189570429
5137.0,28,09:48:31.258673739
5137.25,1,09:48:32.095873202
5137.0,1,09:48:32.100375411
5137.25,1,09:48:32.380371069
5137.25,1,09:48:32.382347723
5137.0,16,09:48:33.582721177
5137.0,1,09:48:33.610869950
5137.25,1,09:48:33.997586867
5137.25,9,09:48:33.997671182
5137.25,9,09:48:33.997800151
5137.25,1,09:48:33.997926317
5137.25,10,09:48:33.998175851
5137.25,19,09:48:33.998500818
5137.25,2,09:48:33.998600900
5137.25,1,09:48:33.998600900
5137.25,1,09:48:33.998730989
5137.25,1,09:48:33.998827442
5137.25,1,09:48:33.998905290
5137.25,4,09:48:33.999107652
5137.25,1,09:48:33.999297471
5137.25,1,09:48:33.999339772
5137.5,2,09:48:34.040460950
5137.5,1,09:48:34.040471308
5137.25,1,09:48:34.304431182
5137.25,10,09:48:34.363422704
5137.25,2,09:48:34.363555439
5137.25,1,09:48:34.363604192
5137.25,1,09:48:34.363648631
5137.25,1,09:48:34.363695397
5137.25,2,09:48:34.363785853
5137.25,1,09:48:34.363785853
5137.25,2,09:48:34.363822919
5137.25,8,09:48:34.363911936
5137.25,6,09:48:34.363976772
5137.25,2,09:48:34.446417391
5137.25,11,09:48:34.587245425
5137.25,1,09:48:34.587325376
5137.25,5,09:48:34.587452070
5137.25,2,09:48:34.587849861
5137.25,2,09:48:34.588034463
5137.25,5,09:48:34.588118954
5137.25,2,09:48:34.908059235
5137.25,1,09:48:34.908100478
5137.25,1,09:48:34.908133860
5137.25,3,09:48:34.908200473
5137.5,1,09:48:34.950136471
5137.25,9,09:48:35.008978984
5137.25,1,09:48:35.009372090
5137.25,1,09:48:35.141925979
5137.25,2,09:48:35.820966309
5137.0,9,09:48:36.180487803
5137.0,5,09:48:36.180706706
5137.0,1,09:48:36.180789598
5137.0,2,09:48:36.180789598
5137.0,5,09:48:36.180839141
5137.0,1,09:48:36.181089777
5137.0,1,09:48:36.181225225
5137.0,1,09:48:36.184717843
5136.75,1,09:48:36.201372576
5137.0,1,09:48:36.510361090
5137.0,1,09:48:36.792598396
5136.75,2,09:48:36.960382593
5136.75,29,09:48:36.960900039
5136.75,1,09:48:36.961106985
5136.75,2,09:48:36.961147904
5136.75,1,09:48:36.961185286
5136.75,1,09:48:36.961606790
5136.75,2,09:48:36.961746646
5136.75,2,09:48:36.961819815
5136.75,2,09:48:36.961872107
5136.75,1,09:48:36.961932402
5136.75,1,09:48:36.962009374
5136.75,1,09:48:36.962249824
5136.75,1,09:48:36.962284532
5136.75,2,09:48:36.962369676
5136.5,15,09:48:38.021498532
5136.5,2,09:48:38.021626439
5136.5,2,09:48:38.021662075
5136.5,2,09:48:38.021707275
5136.5,2,09:48:38.021745992
5136.5,2,09:48:38.021795059
5136.5,17,09:48:38.022709555
5136.5,1,09:48:38.023069564
5136.5,1,09:48:38.075950592
5136.5,2,09:48:38.076541870
5136.5,2,09:48:38.076584188
5136.5,3,09:48:38.274356546
5136.25,3,09:48:38.285297534
5136.25,1,09:48:38.356579220
5136.25,11,09:48:38.356907120
5136.25,1,09:48:38.357028531
5136.25,1,09:48:38.357289324
5136.25,3,09:48:38.357407348
5136.25,2,09:48:38.357442754
5136.25,1,09:48:38.357515178
5136.25,1,09:48:38.357684077
5136.25,1,09:48:38.357744600
5136.25,1,09:48:38.357784466
5136.25,11,09:48:38.727107100
5136.25,2,09:48:38.784325431
5136.25,1,09:48:38.784423906
5136.25,2,09:48:38.784423906
5136.25,7,09:48:38.784908898
5136.5,5,09:48:38.801490138
5136.25,2,09:48:38.817809309
5136.25,1,09:48:38.845324212
5136.5,2,09:48:38.849000770
5136.5,4,09:48:38.849062895
5136.5,1,09:48:38.849310235
5136.5,2,09:48:38.849413843
5136.5,1,09:48:38.849486059
5136.5,3,09:48:38.850603563
5136.5,6,09:48:38.850816614
5136.5,1,09:48:38.850866243
5136.5,1,09:48:38.851008720
5136.5,1,09:48:38.852728710
5136.5,3,09:48:38.852976666
5136.5,1,09:48:38.853955388
5136.5,3,09:48:38.854145842
5136.5,1,09:48:38.854491789
5136.5,1,09:48:38.855051224
5136.5,1,09:48:38.856207676
5136.75,1,09:48:38.856981065
5136.75,1,09:48:38.857536529
5136.75,1,09:48:38.858097042
5136.75,1,09:48:38.858659937
5136.75,1,09:48:38.859228687
5136.75,1,09:48:38.859800997
5136.75,1,09:48:38.860373411
5136.75,1,09:48:38.860940376
5136.75,1,09:48:38.861507303
5136.75,5,09:48:38.958267211
5136.75,2,09:48:39.357239301
5136.75,1,09:48:39.357268150
5136.75,1,09:48:39.357387730
5136.75,1,09:48:39.357433669
5136.75,2,09:48:39.357545384
5136.75,1,09:48:39.357585797
5136.75,10,09:48:39.369196559
5136.75,1,09:48:39.369536522
5136.75,3,09:48:39.391272770
5136.75,9,09:48:39.423072989
5136.75,5,09:48:39.423166277
5136.75,1,09:48:39.824986368
5136.75,1,09:48:39.825396187
5136.75,2,09:48:39.828523316
5136.75,5,09:48:39.829019779
5136.75,1,09:48:39.829065663
5136.75,2,09:48:39.829185393
5136.75,1,09:48:39.829224139
5136.75,1,09:48:39.829272268
5136.75,1,09:48:39.829314873
5136.75,3,09:48:39.830895411
5136.75,2,09:48:39.830937582
5136.75,1,09:48:39.830970021
5136.75,1,09:48:39.831333219
5136.75,1,09:48:39.831394554
5136.75,1,09:48:39.831570263
5137.0,1,09:48:40.221336282
5137.0,1,09:48:40.402630290
5137.0,1,09:48:40.583157761
5137.0,3,09:48:41.104807416
5137.0,1,09:48:41.104836816
5137.0,13,09:48:41.104966376
5137.0,1,09:48:41.105014408
5137.0,2,09:48:41.105055491
5137.0,10,09:48:41.105142825
5137.0,1,09:48:41.105989562
5137.0,3,09:48:41.106069717
5137.0,2,09:48:41.106107070
5136.75,1,09:48:41.930126474
5136.75,4,09:48:42.492034008
5136.75,4,09:48:42.492105116
5136.75,2,09:48:42.492144691
5136.75,2,09:48:42.492203314
5136.75,1,09:48:42.532916521
5136.75,6,09:48:42.648518757
5136.75,3,09:48:42.648586451
5136.75,1,09:48:42.648620023
5136.75,1,09:48:42.648671329
5136.75,1,09:48:42.648967987
5136.75,6,09:48:42.649233322
5136.75,1,09:48:42.649460766
5136.75,1,09:48:42.650577243
5137.0,1,09:48:42.983249800
5137.0,1,09:48:42.983284162
5137.0,2,09:48:42.983417998
5137.0,2,09:48:42.983460566
5137.0,4,09:48:42.983534241
5137.0,3,09:48:42.983617452
5137.0,4,09:48:42.983617452
5137.0,2,09:48:42.983617452
5137.0,2,09:48:42.983707598
5137.0,3,09:48:42.983707598
5137.0,6,09:48:43.012154686
5137.0,1,09:48:43.012298648
5137.0,1,09:48:43.012357573
5137.0,4,09:48:43.012574599
5137.0,2,09:48:43.012788459
5137.0,1,09:48:43.012818217
5137.0,3,09:48:43.013016921
5137.0,1,09:48:43.013081197
5137.0,6,09:48:43.023943247
5136.75,1,09:48:44.114027337
5136.75,10,09:48:44.114138411
5136.75,2,09:48:44.114212348
5136.75,1,09:48:44.114212348
5136.75,4,09:48:44.114295220
5136.75,1,09:48:44.114295220
5136.75,1,09:48:44.239351425
5136.75,2,09:48:44.239386487
5136.75,1,09:48:44.239457135
5136.75,2,09:48:44.239501364
5136.75,1,09:48:44.239586690
5136.75,2,09:48:44.239758818
5136.75,3,09:48:44.239964712
5136.75,1,09:48:44.240270848
5136.75,1,09:48:44.240297873
5136.75,1,09:48:44.240382466
5136.5,1,09:48:44.619549396
5136.75,5,09:48:45.163732372
5136.75,1,09:48:45.164436018
5136.75,2,09:48:45.164641802
5136.75,3,09:48:45.164693713
5136.75,2,09:48:45.164713416
5136.75,2,09:48:45.164770476
5136.75,2,09:48:45.164832707
5136.75,1,09:48:45.164868884
5136.75,2,09:48:45.165074358
5136.75,1,09:48:45.165106409
5136.75,1,09:48:45.165179390
5136.75,1,09:48:45.165240243
5136.75,1,09:48:45.165270064
5136.75,2,09:48:45.165537362
5136.75,1,09:48:45.165564048
5136.75,3,09:48:45.165625527
5136.75,1,09:48:45.165898557
5136.75,1,09:48:45.166454539
5136.75,1,09:48:45.166686544
5136.75,1,09:48:45.166753918
5137.0,1,09:48:45.604345257
5137.0,1,09:48:45.669588571
5137.0,1,09:48:45.669733272
5137.0,3,09:48:45.669847661
5137.0,2,09:48:45.669847661
5137.0,1,09:48:45.669884343
5137.0,24,09:48:45.670005459
5137.0,1,09:48:45.670119401
5137.0,1,09:48:45.670337681
5137.0,2,09:48:45.670392667
5137.0,1,09:48:45.670426108
5137.0,3,09:48:45.670478524
5137.0,1,09:48:45.670551751
5137.0,1,09:48:45.670635111
5137.0,4,09:48:45.678390309
5137.0,7,09:48:45.681194587
5137.0,14,09:48:45.691471392
5137.0,2,09:48:45.691600806
5137.0,3,09:48:45.691643268
5137.0,3,09:48:45.691682382
5137.0,2,09:48:45.691756774
5137.0,3,09:48:45.691756774
5137.0,1,09:48:45.691795361
5137.0,1,09:48:45.691840830
5137.0,4,09:48:45.691937126
5137.0,3,09:48:45.691937126
5137.0,1,09:48:45.692063337
5137.0,1,09:48:45.692208025
5137.0,1,09:48:45.898593512
5137.0,1,09:48:45.932454840
5137.0,2,09:48:45.932631407
5137.0,1,09:48:45.932662358
5137.0,1,09:48:45.932699556
5137.0,1,09:48:45.932766789
5137.0,1,09:48:45.933299845
5137.0,3,09:48:45.933799750
5137.0,1,09:48:45.934366578
5137.0,8,09:48:45.944455648
5137.0,1,09:48:45.944751194
5137.0,2,09:48:46.004675120
5137.0,4,09:48:46.059426733
5137.0,1,09:48:46.059761798
5137.0,1,09:48:46.083533966
5137.0,1,09:48:46.116924936
5137.0,2,09:48:46.117130779
5137.0,2,09:48:46.117339792
5137.0,2,09:48:46.155260511
5137.0,2,09:48:46.155283708
5137.0,2,09:48:46.155344855
5137.0,6,09:48:46.180492312
5137.0,1,09:48:46.180617892
5137.0,1,09:48:46.180707801
5137.0,3,09:48:46.180893846
5137.0,3,09:48:46.181198108
5137.0,1,09:48:46.181270268
5137.0,2,09:48:46.181342728
5137.0,1,09:48:46.181342728
5137.0,1,09:48:46.181419501
5137.0,6,09:48:46.341139514
5137.0,9,09:48:46.415740354
5137.0,10,09:48:46.630051849
5137.0,1,09:48:46.630149034
5137.0,2,09:48:46.630149034
5137.0,1,09:48:46.630176430
5137.0,1,09:48:46.642893563
5137.0,4,09:48:46.805155958
5137.0,2,09:48:46.887749445
5137.0,10,09:48:47.073875364
5137.0,3,09:48:47.073925208
5137.0,4,09:48:47.073925208
5137.0,3,09:48:47.073951362
5137.0,1,09:48:47.073981769
5137.0,1,09:48:47.074295200
5137.0,2,09:48:47.074342157
5137.0,1,09:48:47.074384145
5137.0,3,09:48:47.074435583
5137.0,1,09:48:47.074513892
5136.75,1,09:48:47.194682817
5137.0,1,09:48:47.283707982
5136.75,5,09:48:47.441571835
5137.0,1,09:48:47.475154113
5137.0,2,09:48:47.537272733
5137.0,1,09:48:47.676417226
5137.0,1,09:48:47.676606066
5137.0,2,09:48:47.676649353
5137.0,2,09:48:47.676693536
5137.0,2,09:48:47.676770904
5137.0,1,09:48:47.676770904
5137.0,1,09:48:47.676836025
5137.0,1,09:48:47.676861710
5137.0,4,09:48:47.688553478
5137.0,5,09:48:47.688777985
5137.0,7,09:48:47.731513219
5137.0,1,09:48:47.731622405
5137.0,2,09:48:47.731803977
5137.0,1,09:48:47.731962386
5137.0,4,09:48:47.732214163
5137.0,1,09:48:47.732454057
5137.0,2,09:48:47.732626179
5137.0,1,09:48:47.732856545
5137.25,1,09:48:47.741726241
5137.25,1,09:48:47.815321902
5137.25,3,09:48:47.825428537
5137.25,8,09:48:48.389520625
5137.25,2,09:48:48.389909948
5137.25,18,09:48:48.389909948
5137.25,2,09:48:48.389949578
5137.25,1,09:48:48.389949578
5137.25,3,09:48:48.389949578
5137.25,1,09:48:48.390022965
5137.25,2,09:48:48.390301172
5137.25,1,09:48:48.391078426
5137.25,1,09:48:48.392196964
5137.25,4,09:48:48.392282322
5137.25,2,09:48:48.392326633
5137.25,2,09:48:48.392371079
5137.25,2,09:48:48.392411263
5137.25,3,09:48:48.392468714
5137.25,2,09:48:48.392504704
5137.25,1,09:48:48.392659437
5137.25,1,09:48:48.392698314
5137.25,1,09:48:48.392725787
5137.25,1,09:48:48.392761823
5137.25,1,09:48:48.393143473
5137.25,1,09:48:48.393326724
5137.25,1,09:48:48.393367679
5137.25,1,09:48:48.393490615
5137.25,1,09:48:48.393594099
5137.25,2,09:48:48.393655425
5137.25,1,09:48:48.393775524
5137.25,1,09:48:48.393840789
5137.25,1,09:48:48.394043443
5137.25,4,09:48:48.395052541
5137.5,1,09:48:48.411589704
5137.5,2,09:48:48.411598904
5137.5,1,09:48:48.411598904
5137.25,42,09:48:48.474908706
5137.25,11,09:48:48.475281443
5137.25,1,09:48:49.049225174
5137.0,2,09:48:49.092818570
5137.0,2,09:48:49.092874698
5137.0,8,09:48:49.092923609
5137.0,3,09:48:49.092997696
5137.0,2,09:48:49.093049156
5137.0,1,09:48:49.093095878
5137.0,3,09:48:49.093152153
5137.0,3,09:48:49.093196790
5137.0,2,09:48:49.093231803
5137.0,1,09:48:49.093269292
5137.0,3,09:48:49.094381685
5136.75,1,09:48:49.114675343
5137.0,4,09:48:49.193658882
5137.0,1,09:48:49.194387728
5137.0,4,09:48:49.385715573
5137.0,1,09:48:49.393453742
5137.0,1,09:48:49.706554668
5136.75,1,09:48:49.822158142
5136.75,16,09:48:50.113582506
5136.75,6,09:48:50.113699196
5136.75,1,09:48:50.113756020
5136.75,3,09:48:50.113846019
5136.75,1,09:48:50.113955055
5136.75,2,09:48:50.113955055
5136.75,6,09:48:50.114007302
5136.75,1,09:48:50.114615983
5136.75,1,09:48:50.114791116
5136.75,5,09:48:50.114791116
5136.75,2,09:48:50.114987924
5136.75,4,09:48:50.115238277
5136.75,1,09:48:50.262901304
5136.75,3,09:48:50.263078945
5136.75,2,09:48:50.263118290
5136.75,1,09:48:50.263147959
5136.75,5,09:48:50.263196788
5136.5,1,09:48:50.445948574
5136.5,1,09:48:50.446123067
5136.5,4,09:48:50.829693343
5136.5,17,09:48:50.964920384
5136.5,1,09:48:50.965083557
5136.5,15,09:48:50.966120859
5136.5,1,09:48:50.966474025
5136.5,7,09:48:50.966739668
5136.5,4,09:48:50.966940108
5136.5,1,09:48:50.967267708
5136.5,7,09:48:50.967715877
5136.5,1,09:48:50.967816826
5136.5,1,09:48:50.976774325
5136.5,6,09:48:50.976860829
5136.25,2,09:48:51.145979727
5136.25,4,09:48:51.146051088
5136.25,6,09:48:51.146199290
5136.25,2,09:48:51.146231681
5136.25,1,09:48:51.146541940
5136.25,1,09:48:51.146739726
5136.25,1,09:48:51.156022931
5136.25,2,09:48:51.156582315
5136.25,1,09:48:51.157700043
5136.25,1,09:48:51.157987241
5136.25,1,09:48:51.158161111
5136.25,1,09:48:51.158714713
5136.5,2,09:48:51.158838351
5136.5,1,09:48:51.159403568
5136.5,1,09:48:51.430786839
5136.5,1,09:48:51.638626550
5136.5,1,09:48:51.750816603
5136.5,2,09:48:51.751019574
5136.5,1,09:48:51.751054522
5136.5,5,09:48:51.751105349
5136.5,1,09:48:51.751176521
5136.5,1,09:48:51.751219802
5136.5,6,09:48:51.751350784
5136.75,22,09:48:52.225591367
5136.75,1,09:48:52.226291423
5136.75,5,09:48:52.227099093
5136.75,2,09:48:52.234119014
5136.75,1,09:48:52.378964629
5136.0,86,09:48:52.467826930
5136.5,61,09:48:52.467826930
5136.25,67,09:48:52.467826930
5136.0,2,09:48:52.469893723
5136.0,3,09:48:52.469951126
5136.0,3,09:48:52.470023464
5136.0,1,09:48:52.470125382
5136.0,3,09:48:52.470460298
5136.0,1,09:48:52.470598740
5136.0,4,09:48:52.470598740
5136.0,1,09:48:52.470601549
5136.0,7,09:48:52.470669477
5136.0,3,09:48:52.470669477
5136.0,6,09:48:52.470669477
5136.0,1,09:48:52.471339692
5136.0,3,09:48:52.471556208
5136.0,2,09:48:52.471580272
5136.0,3,09:48:52.471668089
5136.0,1,09:48:52.471699251
5136.0,2,09:48:52.471901982
5136.0,1,09:48:52.471935809
5136.0,1,09:48:52.472089614
5136.25,6,09:48:52.472299644
5136.25,4,09:48:52.472408773
5136.25,1,09:48:52.472479615
5136.25,3,09:48:52.472479615
5136.25,2,09:48:52.472536817
5136.25,4,09:48:52.472581694
5136.25,4,09:48:52.473082555
5136.25,9,09:48:52.473146861
5136.25,1,09:48:52.473298077
5136.25,9,09:48:52.473384421
5136.25,41,09:48:52.479885105
5136.25,6,09:48:52.480804193
5136.25,1,09:48:52.481189679
5136.25,4,09:48:52.481808744
5136.25,1,09:48:52.499844414
5136.25,2,09:48:52.876798110
5136.25,4,09:48:52.876909857
5136.25,3,09:48:52.876909857
5136.25,2,09:48:52.877012143
5136.25,5,09:48:52.877012143
5136.25,3,09:48:52.877084372
5136.25,2,09:48:52.877084372
5136.0,1,09:48:53.235825506
5136.25,1,09:48:53.275447162
5136.25,1,09:48:53.417735060
5136.25,1,09:48:53.418248585
5136.25,19,09:48:53.517543395
5136.25,1,09:48:53.517616170
5136.25,3,09:48:53.517691501
5136.25,2,09:48:53.517743555
5136.25,1,09:48:53.517802282
5136.25,3,09:48:53.517869977
5136.25,2,09:48:53.517869977
5136.25,4,09:48:53.518245219
5136.25,1,09:48:53.518271726
5136.25,1,09:48:53.518438123
5136.25,2,09:48:53.518477515
5136.25,1,09:48:53.518596174
5136.25,1,09:48:53.518652994
5136.25,1,09:48:53.518754570
5136.25,2,09:48:53.518832793
5136.25,2,09:48:53.518912407
5136.25,1,09:48:53.518944730
5136.25,3,09:48:53.519048638
5136.25,2,09:48:53.519134092
5136.5,1,09:48:53.538678053
5136.25,10,09:48:53.837313703
5136.25,1,09:48:53.837366590
5136.25,1,09:48:53.837628852
5136.25,1,09:48:53.890450557
5136.25,1,09:48:53.890637828
5136.25,1,09:48:54.005341690
5136.0,1,09:48:54.144029009
5136.0,1,09:48:54.448558015
5136.25,1,09:48:54.468118608
5136.0,1,09:48:54.492280707
5136.0,13,09:48:54.744004313
5136.0,1,09:48:54.744386388
5136.0,2,09:48:54.781243675
5136.0,14,09:48:54.971013976
5136.0,1,09:48:54.971090164
5136.0,1,09:48:54.971160671
5136.0,1,09:48:54.971519963
5136.0,1,09:48:55.040451952
5136.0,3,09:48:55.040536052
5136.0,3,09:48:55.040645863
5136.0,1,09:48:55.040688852
5136.0,1,09:48:55.040800721
5136.0,1,09:48:55.041043465
5135.75,5,09:48:55.227243496
5135.75,7,09:48:55.593415124
5135.75,1,09:48:55.711911778
5136.0,1,09:48:55.738280968
5136.0,13,09:48:55.818383458
5136.0,3,09:48:55.818499307
5136.0,4,09:48:55.818579283
5136.0,2,09:48:55.818891424
5136.0,2,09:48:55.819105166
5136.0,1,09:48:55.819269204
5136.0,1,09:48:56.088478304
5136.0,2,09:48:56.088753967
5135.75,1,09:48:56.366802792
5135.75,1,09:48:56.550495064
5135.75,1,09:48:57.223721307
5135.75,1,09:48:57.309387989
5136.0,2,09:48:57.314027389
5135.75,2,09:48:57.412774280
5135.75,3,09:48:57.482300807
5135.75,1,09:48:57.482493976
5136.0,1,09:48:57.588832503
5135.75,2,09:48:57.609471207
5136.0,1,09:48:57.633521515
5135.75,4,09:48:57.917057766
5135.75,1,09:48:57.917129005
5135.75,1,09:48:57.917155002
5135.75,3,09:48:57.917207509
5135.75,1,09:48:57.917256633
5135.75,2,09:48:57.917326638
5135.75,2,09:48:57.917373663
5135.75,1,09:48:57.917437690
5135.75,1,09:48:57.917467457
5135.75,4,09:48:57.917552594
5135.75,4,09:48:57.917638023
5135.75,1,09:48:57.917638023
5135.75,2,09:48:57.917759511
5135.75,1,09:48:57.917759511
5135.75,1,09:48:57.917799214
5135.75,1,09:48:57.917940711
5135.75,10,09:48:57.918122782
5135.75,4,09:48:57.918159045
5136.0,1,09:48:58.285766974
5135.75,1,09:48:58.385075599
5136.0,9,09:48:58.442349815
5136.0,3,09:48:58.442540551
5136.0,1,09:48:58.442579298
5136.0,7,09:48:58.442670423
5136.0,5,09:48:58.442902069
5136.0,1,09:48:58.442991652
5136.0,1,09:48:58.443039486
5136.0,2,09:48:58.443334459
5136.0,1,09:48:58.443579833
5136.0,1,09:48:58.466351271
5136.25,2,09:48:58.484827407
5136.0,1,09:48:58.499712782
5136.0,1,09:48:58.526032195
5136.25,3,09:48:58.667242501
5136.0,8,09:48:58.679032833
5136.0,1,09:48:58.679307714
5136.0,10,09:48:58.679569637
5136.0,1,09:48:58.679602552
5136.0,4,09:48:58.679676723
5136.0,1,09:48:58.679734674
5136.0,1,09:48:58.680023595
5136.0,5,09:48:58.831109851
5136.0,2,09:48:58.900443398
5136.25,4,09:48:58.981835352
5136.0,2,09:48:59.103835057
5136.25,1,09:48:59.132300369
5136.0,19,09:48:59.598370738
5136.0,1,09:48:59.598723078
5136.0,1,09:48:59.598843017
5136.0,4,09:48:59.599112352
5136.0,2,09:48:59.599301295
5136.0,2,09:48:59.599332050
5136.0,1,09:48:59.599475560
5136.0,2,09:48:59.601145668
5136.0,1,09:48:59.601308557
5136.0,1,09:48:59.606816240
5136.25,1,09:48:59.654386113
5136.0,4,09:48:59.806633454
5136.0,2,09:48:59.806661073
5136.0,6,09:48:59.806743859
5136.0,3,09:48:59.806801486
5136.0,3,09:48:59.937662898
5136.0,4,09:48:59.937713993
5136.0,1,09:48:59.938809955
5136.0,3,09:48:59.938979967
5136.0,1,09:48:59.938979967
5136.0,4,09:48:59.938979967
5136.0,1,09:48:59.942904136
5136.0,2,09:48:59.942972860
5136.0,1,09:48:59.942972860
5136.0,1,09:48:59.943085378
5136.0,1,09:48:59.943109344
5136.0,2,09:48:59.943232725
5136.0,1,09:48:59.943326436
5136.0,2,09:48:59.943542719
5136.0,1,09:48:59.943612774
5136.0,1,09:48:59.958300008
5136.0,2,09:48:59.958346479
5136.0,1,09:48:59.958377917
5136.0,4,09:48:59.958434788
5136.0,1,09:48:59.958456574
5136.0,5,09:48:59.992227710
5137.5,1,09:50:08.374410601
5137.5,2,09:50:08.749594239
5137.5,25,09:50:09.062857728
5137.5,1,09:50:09.063025002
5137.5,1,09:50:09.063115547
5137.5,8,09:50:09.063304473
5137.5,1,09:50:09.063383003
5137.5,1,09:50:09.063599617
5137.5,1,09:50:09.063906572
5137.5,3,09:50:09.063962307
5137.5,1,09:50:09.313077677
5137.5,13,09:50:09.313530310
5137.5,6,09:50:09.313782945
5137.5,2,09:50:09.313841913
5137.5,7,09:50:09.313906480
5137.5,3,09:50:09.313966242
5137.5,2,09:50:09.314165510
5137.5,1,09:50:09.314229665
5137.5,4,09:50:09.788373312
5137.5,1,09:50:09.788418721
5137.5,12,09:50:09.915345419
5137.5,6,09:50:09.915479726
5137.5,1,09:50:09.915751284
5137.5,1,09:50:09.915790072
5137.5,10,09:50:09.921956013
5137.5,1,09:50:10.082467592
5137.75,10,09:50:10.347985591
5137.75,3,09:50:10.348172423
5137.75,2,09:50:10.348209826
5137.75,4,09:50:10.348275408
5137.75,2,09:50:10.348628427
5137.75,1,09:50:10.348664904
5137.5,4,09:50:11.165213966
5137.5,18,09:50:11.221957104
5137.5,7,09:50:11.222129783
5137.5,1,09:50:11.347431295
5137.5,10,09:50:11.854232198
5137.5,1,09:50:11.854414822
5137.5,2,09:50:11.854488055
5137.25,54,09:50:11.978029257
5137.0,3,09:50:11.978796215
5137.0,2,09:50:11.979074462
5137.0,1,09:50:11.979255163
5137.0,3,09:50:11.979418364
5137.0,1,09:50:11.979418364
5137.0,4,09:50:11.979418364
5137.0,2,09:50:11.979610216
5137.0,2,09:50:11.979634246
5137.0,2,09:50:11.979784447
5137.0,3,09:50:11.979784447
5137.0,4,09:50:11.979814406
5137.0,1,09:50:11.980105782
5137.0,6,09:50:11.980332606
5137.0,2,09:50:11.980421238
5137.0,3,09:50:11.980460375
5137.0,1,09:50:11.980576002
5137.0,33,09:50:12.032164419
5137.0,1,09:50:12.310641203
5136.75,1,09:50:12.666184199
5136.75,2,09:50:12.878839324
5136.75,4,09:50:12.892112970
5136.75,3,09:50:12.892169266
5136.75,2,09:50:12.892209772
5136.75,1,09:50:12.892251533
5136.75,2,09:50:12.892305031
5136.75,1,09:50:12.892362057
5136.75,1,09:50:12.892415344
5136.75,2,09:50:12.892482766
5136.75,1,09:50:12.892512726
5136.75,4,09:50:12.892587972
5136.75,1,09:50:12.893313468
5136.5,1,09:50:12.957542752
5136.5,4,09:50:12.957793560
5136.5,1,09:50:12.957950866
5136.75,2,09:50:13.133724092
5136.5,1,09:50:13.649224093
5136.5,1,09:50:14.181910527
5136.5,30,09:50:14.182394356
5136.5,20,09:50:14.183540421
5136.5,1,09:50:14.183701113
5136.5,4,09:50:14.183814885
5136.5,2,09:50:14.183918158
5136.5,1,09:50:14.183918158
5136.5,3,09:50:14.183969675
5136.5,1,09:50:14.184200915
5136.5,5,09:50:14.184427147
5136.5,3,09:50:14.184611899
5136.5,9,09:50:14.188328960
5136.5,2,09:50:14.188524139
5136.5,3,09:50:14.189773059
5136.5,1,09:50:14.190201507
5136.5,3,09:50:14.190591617
5136.5,1,09:50:14.364860093
5136.5,1,09:50:14.501596564
5136.5,6,09:50:14.913958262
5136.5,1,09:50:14.914156986
5136.5,6,09:50:14.914238127
5136.5,2,09:50:15.159725635
5136.5,3,09:50:15.159932074
5136.5,7,09:50:15.160003698
5136.5,10,09:50:15.190708681
5136.5,2,09:50:15.238245454
5136.25,2,09:50:15.721641466
5136.25,1,09:50:15.721654947
5136.25,1,09:50:15.721663015
5136.25,4,09:50:15.721893887
5136.25,2,09:50:15.722005922
5136.25,3,09:50:15.722005922
5136.25,2,09:50:15.722126586
5136.25,11,09:50:15.722258156
5136.25,1,09:50:15.722287249
5136.25,3,09:50:15.722335092
5136.0,1,09:50:15.739169488
5136.0,1,09:50:15.739181328
5136.25,1,09:50:16.282038414
5136.25,1,09:50:16.352656787
5136.0,5,09:50:16.363150918
5136.0,25,09:50:16.423971474
5136.0,1,09:50:16.506442143
5136.25,2,09:50:16.664479116
5136.25,2,09:50:16.664510480
5136.25,10,09:50:16.664670143
5136.25,1,09:50:16.664700218
5136.25,4,09:50:16.664749144
5136.25,2,09:50:16.664799726
5136.25,4,09:50:16.664856815
5136.25,1,09:50:16.665413167
5136.25,1,09:50:16.665473107
5136.25,2,09:50:16.665512836
5136.25,1,09:50:16.665546603
5136.25,2,09:50:16.665600377
5136.0,2,09:50:16.986034479
5136.0,3,09:50:16.986212718
5136.0,8,09:50:16.986318743
5136.0,6,09:50:17.332379214
5136.0,1,09:50:17.332508797
5136.0,1,09:50:17.332551787
5136.0,1,09:50:17.332609727
5136.0,1,09:50:17.332640956
5136.0,1,09:50:17.332880117
5136.0,1,09:50:17.333060136
5136.0,1,09:50:17.382689209
5136.0,12,09:50:17.446241797
5136.0,1,09:50:17.455478815
5136.25,1,09:50:17.529423251
5136.0,6,09:50:17.763994914
5136.0,4,09:50:17.764214061
5135.75,1,09:50:18.139809006
5135.75,1,09:50:18.139824232
5135.75,2,09:50:18.139824232
5135.75,1,09:50:18.140033007
5135.75,1,09:50:18.140098608
5135.75,1,09:50:18.140178072
5135.75,2,09:50:18.140178072
5135.75,1,09:50:18.140203318
5135.75,4,09:50:18.140266806
5135.75,1,09:50:18.140375586
5135.75,12,09:50:18.140468794
5135.75,1,09:50:18.140657125
5135.75,2,09:50:18.140730135
5135.75,1,09:50:18.141090811
5135.75,1,09:50:18.141147896
5135.75,1,09:50:18.141177606
5135.75,2,09:50:18.141241287
5135.75,2,09:50:18.141305352
5135.75,3,09:50:18.141377623
5135.75,1,09:50:18.141681450
5135.75,4,09:50:18.142236689
5135.75,13,09:50:18.143352926
5135.75,2,09:50:18.143479291
5135.75,5,09:50:18.143551286
5135.75,1,09:50:18.143797044
5135.75,1,09:50:18.216871565
5135.75,4,09:50:18.216954754
5135.75,1,09:50:18.217576213
5135.75,2,09:50:18.217741865
5135.75,2,09:50:18.217995489
5135.75,1,09:50:18.358784215
5135.75,1,09:50:18.375440028
5135.75,1,09:50:18.437884307
5135.5,2,09:50:18.673529693
5135.5,1,09:50:18.673541433
5135.5,1,09:50:18.673668723
5135.5,2,09:50:18.673725303
5135.5,2,09:50:18.673772235
5135.5,2,09:50:18.673817484
5135.5,3,09:50:18.673860602
5135.5,1,09:50:18.673900023
5135.5,7,09:50:18.673941931
5135.5,3,09:50:18.674029827
5135.5,9,09:50:18.675863887
5135.5,1,09:50:18.676029090
5135.5,1,09:50:18.676245600
5135.5,1,09:50:18.676325474
5135.5,3,09:50:18.676373510
5135.5,1,09:50:18.676476545
5135.5,1,09:50:18.676508184
5135.5,3,09:50:18.676736413
5135.5,2,09:50:18.676772026
5135.5,1,09:50:18.676889489
5135.25,1,09:50:18.828245769
5135.25,1,09:50:18.828258707
5135.25,2,09:50:18.828258707
5135.25,1,09:50:18.892518094
5135.5,10,09:50:19.032417517
5135.5,6,09:50:19.032824965
5135.5,2,09:50:19.033005500
5135.25,1,09:50:19.090324605
5135.25,1,09:50:19.217682278
5135.25,1,09:50:19.226731616
5135.5,5,09:50:19.259904865
5135.5,2,09:50:19.260099667
5135.5,1,09:50:19.260135133
5135.25,1,09:50:19.355155985
5135.25,1,09:50:19.383943806
5135.25,1,09:50:19.494597585
5135.25,1,09:50:19.552777860
5135.25,1,09:50:19.566607174
5135.25,1,09:50:19.614986187
5135.25,1,09:50:19.672037522
5135.25,1,09:50:19.692580557
5135.25,1,09:50:19.724210679
5135.25,15,09:50:19.738804093
5135.25,3,09:50:19.739212649
5135.25,2,09:50:19.739246860
5135.25,3,09:50:19.739540096
5135.25,2,09:50:19.739696526
5135.25,23,09:50:19.739830081
5135.25,1,09:50:19.745086262
5135.0,5,09:50:19.819768547
5135.0,4,09:50:19.819778826
5135.0,1,09:50:19.819778826
5135.25,1,09:50:19.822279676
5135.25,10,09:50:19.832497066
5135.25,7,09:50:19.832710891
5135.25,1,09:50:19.832765321
5135.25,8,09:50:19.833199618
5135.25,5,09:50:19.833955508
5135.25,8,09:50:19.834014537
5135.25,1,09:50:19.834313714
5135.0,1,09:50:19.865627318
5135.0,1,09:50:19.952098670
5135.0,8,09:50:19.993081895
5135.25,1,09:50:20.040700971
5135.0,1,09:50:20.045494699
5135.25,11,09:50:20.098352615
5135.25,1,09:50:20.098709612
5135.25,6,09:50:20.099032652
5135.0,1,09:50:20.215035914
5135.0,1,09:50:20.216434614
5135.25,5,09:50:20.273964525
5135.25,1,09:50:20.344562764
5135.0,6,09:50:20.349113198
5135.25,1,09:50:20.354496817
5135.25,1,09:50:20.355751558
5135.25,1,09:50:20.400351489
5135.0,1,09:50:20.442594586
5135.0,1,09:50:20.502689957
5135.25,2,09:50:20.584435687
5135.25,5,09:50:20.632416846
5135.0,10,09:50:20.815135072
5135.0,2,09:50:20.883788654
5135.0,1,09:50:20.883850491
5135.0,10,09:50:20.883948176
5135.0,1,09:50:20.883982504
5135.0,2,09:50:20.884030162
5135.0,1,09:50:20.884056204
5135.0,5,09:50:20.884127783
5135.0,2,09:50:20.884157185
5135.0,1,09:50:20.884196296
5135.0,2,09:50:20.884234476
5135.0,4,09:50:20.884282804
5135.0,1,09:50:20.884318722
5135.0,1,09:50:20.884355116
5135.0,2,09:50:20.884848368
5135.0,3,09:50:20.884929272
5135.0,1,09:50:20.884929272
5135.0,1,09:50:20.885004367
5135.0,2,09:50:20.885004367
5135.0,1,09:50:20.885166806
5135.0,1,09:50:20.885295541
5135.0,1,09:50:20.885371561
5135.0,1,09:50:20.885487286
5135.0,2,09:50:20.885766082
5135.0,1,09:50:20.885870097
5135.25,2,09:50:20.889150419
5135.0,3,09:50:20.918692265
5135.0,1,09:50:20.918743540
5135.0,3,09:50:20.918886817
5135.0,1,09:50:20.918959391
5135.0,2,09:50:20.918959391
5135.0,1,09:50:20.918994793
5135.0,1,09:50:20.919097880
5135.0,1,09:50:20.919278034
5135.0,1,09:50:20.947188334
5135.0,2,09:50:20.947257708
5135.0,6,09:50:20.948377455
5135.0,1,09:50:21.008804868
5135.0,9,09:50:21.009073884
5135.0,6,09:50:21.020512528
5135.0,1,09:50:21.021760591
5135.0,3,09:50:21.022068034
5135.0,1,09:50:21.022369330
5135.0,8,09:50:21.029011425
5135.0,1,09:50:21.073055109
5135.25,1,09:50:21.353836313
5135.0,8,09:50:21.373616782
5135.0,1,09:50:21.373727107
5135.0,4,09:50:21.373813764
5135.0,1,09:50:21.373888381
5135.0,3,09:50:21.373888381
5135.0,2,09:50:21.374213876
5135.0,1,09:50:21.374246763
5135.0,2,09:50:21.375389355
5135.0,1,09:50:21.375559215
5135.0,3,09:50:21.380949237
5135.0,2,09:50:21.380998390
5135.0,4,09:50:21.381126549
5135.0,5,09:50:21.382560046
5135.0,2,09:50:21.382878248
5135.0,1,09:50:21.383201461
5135.0,1,09:50:21.389684280
5135.0,5,09:50:21.392507748
5135.0,1,09:50:21.392664135
5135.0,1,09:50:21.392861281
5135.0,1,09:50:21.393045359
5135.0,1,09:50:21.393081737
5135.0,1,09:50:21.449466889
5135.0,2,09:50:21.496142734
5134.75,5,09:50:21.530129411
5134.75,1,09:50:21.530141050
5134.75,5,09:50:21.530141050
5134.75,1,09:50:21.555497308
5135.0,1,09:50:21.718729847
5135.0,2,09:50:21.732798860
5135.0,1,09:50:21.732958686
5135.0,24,09:50:22.115956195
5135.0,2,09:50:22.116126650
5135.0,1,09:50:22.116170772
5135.0,4,09:50:22.116217573
5135.0,2,09:50:22.116474967
5135.0,1,09:50:22.116659883
5135.0,1,09:50:22.116721035
5135.0,3,09:50:22.116795767
5135.0,1,09:50:22.116903916
5135.0,3,09:50:22.116946884
5135.0,1,09:50:22.117012113
5135.0,1,09:50:22.117053243
5135.0,1,09:50:22.117204396
5134.75,1,09:50:22.262120694
5134.75,20,09:50:22.361020563
5134.75,1,09:50:22.467120205
5135.0,1,09:50:22.534343323
5135.0,1,09:50:22.601248658
5135.0,3,09:50:22.724875599
5134.75,1,09:50:23.271568105
5134.75,1,09:50:23.341539147
5135.0,1,09:50:23.418127433
5134.75,1,09:50:23.435776243
5135.0,1,09:50:23.477223258
5135.0,5,09:50:23.485574518
5135.0,6,09:50:23.485752074
5135.0,3,09:50:23.485851974
5135.0,1,09:50:23.485922065
5135.0,1,09:50:23.486474649
5134.75,5,09:50:23.882655359
5134.75,1,09:50:24.225404163
5134.75,23,09:50:24.248796647
5134.75,1,09:50:24.248965744
5134.75,1,09:50:24.249006241
5134.5,4,09:50:24.331821395
5134.5,2,09:50:24.331834039
5134.5,1,09:50:24.331834039
5134.5,3,09:50:24.331834039
5134.5,1,09:50:24.487642030
5134.5,1,09:50:24.504535333
5134.5,39,09:50:24.504914269
5134.5,1,09:50:24.505013557
5134.5,8,09:50:24.505080518
5134.5,1,09:50:24.505677829
5134.5,9,09:50:24.505965700
5134.5,2,09:50:24.506005609
5134.5,2,09:50:24.506112059
5134.5,1,09:50:24.506356320
5134.5,1,09:50:24.509372309
5134.5,4,09:50:24.509418322
5134.5,1,09:50:24.509688896
5134.5,2,09:50:24.509888225
5134.5,1,09:50:24.516373142
5134.75,24,09:50:24.518774759
5134.75,4,09:50:24.519014624
5134.75,1,09:50:24.519621719
5135.0,1,09:50:24.538137404
5134.75,1,09:50:24.773236469
5134.75,19,09:50:24.773438982
5134.75,5,09:50:24.788027317
5134.75,4,09:50:24.788360424
5134.75,5,09:50:24.788595562
5134.75,2,09:50:24.788668690
5134.75,19,09:50:24.789838531
5134.75,2,09:50:24.790182785
5135.0,1,09:50:24.829977166
5134.75,2,09:50:24.891639898
5134.5,10,09:50:24.982402705
5134.75,1,09:50:25.005771426
5134.75,1,09:50:25.007643782
5134.75,8,09:50:25.077013201
5135.0,1,09:50:25.117341958
5134.75,2,09:50:25.158902263
5134.75,2,09:50:25.177274786
5134.75,25,09:50:25.224825953
5134.75,1,09:50:25.225080852
5134.75,2,09:50:25.225135925
5134.75,4,09:50:25.225187825
5134.75,2,09:50:25.225224447
5134.75,1,09:50:25.225282322
5134.75,1,09:50:25.225363226
5134.75,1,09:50:25.225519933
5134.75,2,09:50:25.225565239
5134.75,1,09:50:25.228384070
5134.75,2,09:50:25.228422775
5134.75,2,09:50:25.228464206
5134.75,1,09:50:25.228500434
5134.75,2,09:50:25.228538038
5134.75,1,09:50:25.228815125
5134.5,1,09:50:25.266804200
5134.75,2,09:50:25.358593733
5134.75,1,09:50:25.746882666
5134.75,1,09:50:25.907857598
5134.75,14,09:50:25.908128628
5134.75,2,09:50:25.908304014
5134.75,1,09:50:25.908380050
5134.75,10,09:50:25.908419497
5134.5,1,09:50:26.018266853
5134.75,2,09:50:26.025710610
5134.75,10,09:50:26.025876094
5134.75,2,09:50:26.025925468
5134.75,1,09:50:26.136801716
5134.75,9,09:50:26.184496067
5134.75,1,09:50:26.184656717
5135.0,1,09:50:26.451560341
5135.0,1,09:50:26.636471244
5135.0,5,09:50:26.646471112
5135.0,1,09:50:26.646653718
5135.0,1,09:50:26.646689072
5135.0,1,09:50:26.646723328
5135.0,5,09:50:26.646798600
5135.0,4,09:50:26.646848608
5135.0,1,09:50:26.646905870
5135.0,2,09:50:26.681834121
5135.0,2,09:50:26.683423663
5135.0,1,09:50:26.683504624
5135.0,10,09:50:26.683609481
5135.0,3,09:50:26.683872926
5135.0,1,09:50:26.683903310
5135.0,12,09:50:26.809244531
5135.0,1,09:50:26.809531430
5135.0,2,09:50:27.122429274
5135.0,1,09:50:27.333685072
5135.25,1,09:50:27.446460480
5135.25,1,09:50:27.446471344
5135.25,1,09:50:27.682536371
5135.0,9,09:50:27.859663300
5135.25,1,09:50:27.927065499
5135.0,31,09:50:27.931721205
5135.0,1,09:50:27.931829245
5135.0,8,09:50:28.153881793
5135.25,1,09:50:28.182697354
5135.0,1,09:50:28.564893485
5135.25,2,09:50:28.648821186
5135.25,1,09:50:28.682342485
5135.0,1,09:50:28.691875655
5135.25,8,09:50:29.021960291
5135.25,4,09:50:29.022114904
5135.25,3,09:50:29.022144047
5135.25,12,09:50:29.022268526
5135.25,2,09:50:29.022296485
5135.25,12,09:50:29.022414676
5135.25,15,09:50:29.179899989
5135.25,1,09:50:29.180081268
5135.25,1,09:50:29.180110734
5135.25,5,09:50:29.180180433
5135.5,1,09:50:29.216057775
5135.5,7,09:50:29.451566156
5135.5,6,09:50:29.451943805
5135.5,1,09:50:29.452075578
5135.5,1,09:50:29.452103402
5135.5,1,09:50:29.460272824
5135.25,1,09:50:29.670697269
5135.25,10,09:50:29.923271861
5135.25,2,09:50:29.923319727
5135.25,2,09:50:29.923370541
5135.25,2,09:50:29.923443388
5135.25,1,09:50:29.923545198
5135.25,1,09:50:29.923624008
5135.25,2,09:50:29.923624008
5135.25,1,09:50:29.923700410
5135.25,2,09:50:29.923700410
5135.25,3,09:50:29.923809145
5135.25,4,09:50:29.923982522
5135.25,4,09:50:29.924067121
5135.25,2,09:50:29.924343558
5135.5,2,09:50:30.423170977
5135.5,16,09:50:30.423396889
5135.5,2,09:50:30.425375272
5135.5,1,09:50:30.425720123
5135.5,1,09:50:30.431274203
5135.5,4,09:50:30.431665510
5135.5,1,09:50:30.431826249
5135.5,1,09:50:30.432102434
5135.5,1,09:50:30.432376107
5135.5,1,09:50:30.432559720
5135.5,1,09:50:30.440144954
5135.5,2,09:50:30.446519211
5135.5,1,09:50:30.452237166
5135.25,1,09:50:30.740770559
5135.25,22,09:50:30.758455632
5135.25,1,09:50:31.117096163
5135.0,1,09:50:31.117118288
5135.25,1,09:50:31.131714297
5135.0,2,09:50:31.597940729
5135.25,1,09:50:31.626452317
5135.25,3,09:50:31.720465944
5135.0,1,09:50:32.318104469
5135.0,1,09:50:32.318288044
5135.0,6,09:50:32.322270040
5135.0,1,09:50:32.322404101
5135.0,1,09:50:32.322442502
5135.0,2,09:50:32.322497251
5135.0,6,09:50:32.322556971
5135.0,4,09:50:32.322832894
5135.0,3,09:50:32.322936416
5135.0,4,09:50:32.322936416
5135.0,1,09:50:32.323047743
5135.0,2,09:50:32.323047743
5135.0,1,09:50:32.323438502
5135.25,2,09:50:32.405617200
5135.25,5,09:50:32.405702843
5135.25,2,09:50:32.405762416
5135.25,5,09:50:32.405830631
5135.25,10,09:50:32.406010309
5135.25,2,09:50:32.406054543
5135.25,4,09:50:32.406154785
5135.25,3,09:50:32.406154785
5135.25,1,09:50:32.406233990
5135.25,1,09:50:32.406333221
5135.25,4,09:50:32.406421635
5135.25,2,09:50:32.406421635
5135.25,1,09:50:32.406562329
5135.25,2,09:50:32.406562329
5135.5,1,09:50:32.406612660
5135.5,16,09:50:32.409858943
5135.5,1,09:50:32.411723624
5135.5,1,09:50:32.411804016
5135.5,4,09:50:32.412013309
5135.5,1,09:50:32.412057025
5135.5,1,09:50:32.412150458
5135.5,2,09:50:32.412230860
5135.5,1,09:50:32.417811052
5135.5,18,09:50:32.637102224
5135.5,5,09:50:32.637294356
5135.5,4,09:50:32.637605232
5135.5,6,09:50:32.637760576
5135.5,1,09:50:32.637909068
5135.5,3,09:50:32.637909068
5135.5,1,09:50:32.638067021
5135.5,2,09:50:32.638067021
5135.5,8,09:50:32.638067021
5135.5,1,09:50:32.638101137
5135.5,1,09:50:32.699860771
5135.5,1,09:50:32.700022847
5135.5,1,09:50:32.700183369
5135.5,5,09:50:32.700237958
5135.5,2,09:50:32.700282029
5135.5,3,09:50:32.700548807
5135.5,1,09:50:32.700601595
5135.5,1,09:50:32.700637003
5135.5,1,09:50:32.700669801
5135.5,9,09:50:32.707975445
5135.5,1,09:50:32.708276492
5135.5,1,09:50:32.708854654
5135.75,2,09:50:32.842612348
5135.75,1,09:50:33.163593344
5135.75,2,09:50:33.318760045
5135.75,25,09:50:33.438704369
5135.75,1,09:50:33.727028082
5135.75,2,09:50:34.231036263
5135.75,2,09:50:34.234969744
5135.75,1,09:50:34.235132591
5135.75,1,09:50:34.235186276
5135.75,6,09:50:34.235268300
5135.75,1,09:50:34.235286876
5135.75,1,09:50:34.235453691
5135.75,1,09:50:34.519468352
5135.5,2,09:50:34.634754667
5135.5,6,09:50:34.634852659
5135.5,2,09:50:34.634917572
5135.5,1,09:50:34.634954735
5135.5,11,09:50:34.635040391
5135.5,1,09:50:34.635132096
5135.5,8,09:50:34.635132096
5135.5,1,09:50:34.635252901
5135.5,1,09:50:34.635493674
5135.5,5,09:50:34.635566223
5135.5,2,09:50:34.635656333
5135.5,1,09:50:34.635656333
5135.5,10,09:50:35.101438770
5135.75,1,09:50:35.220284469
5135.75,1,09:50:35.220317181
5135.75,4,09:50:35.220435298
5135.75,1,09:50:35.220485631
5135.75,2,09:50:35.220841067
5135.75,1,09:50:35.221032949
5135.75,4,09:50:35.221114892
5135.75,1,09:50:35.221295299
5135.75,1,09:50:35.223747394
5135.75,1,09:50:35.223907134
5135.75,1,09:50:35.225543919
5135.75,5,09:50:35.231745478
5135.75,1,09:50:35.234793459
5135.75,1,09:50:35.235009947
5135.75,1,09:50:35.235191941
5135.75,1,09:50:35.235225464
5135.75,1,09:50:35.235475991
5135.75,1,09:50:35.403020421
5135.75,3,09:50:35.403086123
5135.75,1,09:50:35.403118721
5135.75,2,09:50:35.403568186
5136.0,29,09:50:35.487717822
5136.25,2,09:50:35.487728722
5136.25,1,09:50:35.487728722
5136.25,1,09:50:35.487777568
5136.0,30,09:50:35.798387275
5136.0,1,09:50:35.991839453
5136.0,6,09:50:36.107797298
5136.0,6,09:50:36.107893367
5136.0,1,09:50:36.107928596
5136.0,3,09:50:36.107995398
5136.0,4,09:50:36.108333283
5136.0,1,09:50:36.108422034
5136.0,5,09:50:36.108472249
5136.0,1,09:50:36.109009665
5136.0,2,09:50:36.109065544
5136.0,6,09:50:36.184274633
5136.0,1,09:50:36.400590699
5136.0,1,09:50:36.449681838
5135.75,1,09:50:36.471632763
5136.0,6,09:50:36.502656668
5136.0,2,09:50:36.502974265
5136.0,21,09:50:36.572623659
5136.0,2,09:50:36.572907738
5136.0,2,09:50:36.575659214
5136.0,2,09:50:36.575729837
5136.0,1,09:50:36.575994644
5136.0,1,09:50:36.576024960
5136.0,2,09:50:36.576075306
5136.0,3,09:50:36.694526323
5136.0,3,09:50:36.694942799
5136.0,1,09:50:36.695130156
5136.0,2,09:50:37.005750681
5136.0,1,09:50:37.006276205
5135.75,13,09:50:37.322858903
5135.75,1,09:50:37.322955331
5135.75,1,09:50:37.323010427
5135.75,1,09:50:37.323041691
5135.75,1,09:50:37.323092054
5135.75,1,09:50:37.323140906
5136.0,1,09:50:37.323168901
5136.0,1,09:50:37.326042037
5136.0,1,09:50:37.433335750
5136.0,2,09:50:38.154641069
5136.0,1,09:50:38.154839228
5136.0,1,09:50:38.442615188
5136.0,2,09:50:38.666559112
5136.0,1,09:50:39.090416143
5136.0,5,09:50:39.268508993
5135.75,10,09:50:39.694518323
5135.75,4,09:50:39.694799167
5135.75,2,09:50:39.694848227
5135.75,7,09:50:39.694917857
5135.75,1,09:50:39.694917857
5135.5,1,09:50:39.833245116
5135.75,1,09:50:39.990010346
5135.75,1,09:50:40.032384408
5135.75,4,09:50:40.032623127
5135.75,1,09:50:40.032664081
5135.75,2,09:50:40.032869145
5135.75,1,09:50:40.032977035
5135.75,2,09:50:40.033048732
5135.75,1,09:50:40.033048732
5135.75,2,09:50:40.033114081
5135.75,1,09:50:40.033114081
5135.75,2,09:50:40.033150097
5135.75,2,09:50:40.034144844
5135.75,1,09:50:40.144604418
5135.75,5,09:50:40.144691022
5135.75,2,09:50:40.144785955
5135.75,1,09:50:40.144785955
5135.75,11,09:50:40.727409862
5135.75,2,09:50:40.775388883
5135.75,10,09:50:40.775595662
5135.75,1,09:50:40.775634047
5135.75,2,09:50:40.775717155
5135.75,2,09:50:40.775917016
5135.75,3,09:50:40.776156204
5135.75,1,09:50:40.776423880
5135.75,2,09:50:40.776483075
5135.75,3,09:50:40.776699955
5135.75,1,09:50:40.776835485
5135.75,7,09:50:40.982659794
5135.75,1,09:50:40.982831868
5135.75,1,09:50:40.982875501
5135.75,1,09:50:40.982950203
5135.75,7,09:50:41.080449536
5135.75,1,09:50:41.080774637
5135.75,1,09:50:41.137876767
5135.75,1,09:50:41.137909542
5135.75,3,09:50:41.137967696
5135.75,3,09:50:41.138224546
5135.75,5,09:50:41.138466247
5135.75,1,09:50:41.138731738
5135.75,2,09:50:41.228933747
5135.75,7,09:50:41.457745554
5135.5,10,09:50:41.721026830
5135.5,1,09:50:41.721406081
5135.5,1,09:50:41.732711920
5135.5,1,09:50:41.787803906
5135.25,1,09:50:42.040537144
5135.25,1,09:50:42.040552917
5135.25,2,09:50:42.040695413
5135.5,1,09:50:42.510268727
5135.25,16,09:50:42.534967579
5135.25,1,09:50:42.535060618
5135.25,8,09:50:42.535440843
5135.25,1,09:50:42.535561194
5135.25,9,09:50:42.535716861
5135.25,2,09:50:42.535806200
5135.25,3,09:50:42.535806200
5135.25,1,09:50:42.535864128
5135.25,1,09:50:42.536225396
5135.25,8,09:50:42.536312351
5135.25,2,09:50:42.540810199
5135.25,1,09:50:42.540955037
5135.25,1,09:50:42.541177586
5135.25,2,09:50:42.541284285
5135.25,1,09:50:42.541587722
5135.25,2,09:50:42.698502525
5135.25,5,09:50:42.698755579
5135.25,2,09:50:42.698803837
5135.25,1,09:50:42.772490719
5135.25,4,09:50:42.780596926
5135.25,1,09:50:42.782186402
5135.25,1,09:50:43.042569723
5135.25,7,09:50:43.093266977
5135.25,1,09:50:43.093582206
5135.25,2,09:50:43.105013796
5135.0,2,09:50:43.522317102
5135.0,18,09:50:43.523494547
5135.0,1,09:50:43.523557702
5135.0,1,09:50:43.523646963
5135.0,12,09:50:43.523856365
5135.0,1,09:50:43.524309574
5135.0,5,09:50:43.524517297
5135.0,4,09:50:43.524624515
5135.0,2,09:50:43.536983388
5135.0,1,09:50:43.546777134
5135.0,2,09:50:43.584869325
5135.0,2,09:50:43.584906375
5135.0,7,09:50:43.585015507
5135.0,1,09:50:43.585091377
5135.0,1,09:50:43.585323414
5135.0,1,09:50:43.648557116
5135.0,6,09:50:43.801511952
5135.0,1,09:50:44.027480563
5135.0,1,09:50:44.717476989
5135.0,2,09:50:44.906659844
5134.75,1,09:50:44.993896805
5134.75,3,09:50:44.993910475
5135.0,19,09:50:45.081984313
5135.0,9,09:50:45.410351699
5135.0,1,09:50:45.410626841
5135.0,9,09:50:45.410905196
5135.0,2,09:50:45.411731990
5135.0,1,09:50:45.496159808
5135.0,1,09:50:45.496548174
5135.0,1,09:50:45.582639174
5135.0,1,09:50:45.582675601
5135.0,4,09:50:45.582748385
5135.25,4,09:50:45.936999848
5135.25,1,09:50:45.937188701
5135.25,10,09:50:45.937351081
5135.25,2,09:50:45.937469948
5135.25,1,09:50:45.937469948
5135.25,12,09:50:45.937469948
5135.25,3,09:50:45.937501033
5135.25,1,09:50:45.937546976
5135.25,2,09:50:45.937613462
5135.25,2,09:50:45.938051375
5135.25,2,09:50:45.939475771
5135.25,2,09:50:45.939654303
5135.25,1,09:50:45.939697939
5135.25,1,09:50:45.939745751
5135.5,1,09:50:45.989954685
5135.5,1,09:50:46.306240386
5135.5,9,09:50:46.322714051
5135.75,1,09:50:46.452143229
5135.75,10,09:50:46.476386197
5135.5,4,09:50:46.659946700
5135.5,1,09:50:46.660095161
5135.5,2,09:50:46.660173765
5135.5,1,09:50:46.660208360
5135.5,1,09:50:46.742868638
5135.5,11,09:50:47.262263874
5135.75,1,09:50:47.585689093
5135.75,5,09:50:47.987992896
5135.75,8,09:50:48.006658289
5135.75,6,09:50:48.016598909
5135.75,12,09:50:48.298939047
5135.75,1,09:50:48.299330261
5135.75,3,09:50:48.510900626
5135.5,3,09:50:48.875334394
5135.75,1,09:50:49.119052007
5135.75,1,09:50:49.165619270
5135.75,1,09:50:49.165817306
5135.75,1,09:50:49.205889140
5135.75,1,09:50:49.445042531
5135.75,1,09:50:49.445240560
5135.75,1,09:50:49.458056617
5135.75,4,09:50:49.458265941
5135.75,1,09:50:49.458543302
5135.75,3,09:50:49.458816052
5135.75,5,09:50:49.796369274
5135.75,2,09:50:49.796586342
5135.75,8,09:50:49.797102662
5135.75,1,09:50:49.797140608
5135.75,1,09:50:50.006575109
5136.0,1,09:50:50.128023756
5135.75,6,09:50:50.214932862
5135.75,1,09:50:50.215411573
5135.75,3,09:50:50.215482716
5135.75,3,09:50:50.215554070
5135.75,1,09:50:50.215554070
5135.75,3,09:50:50.216372084
5135.75,1,09:50:50.300491913
5135.75,1,09:50:50.300658784
5135.75,3,09:50:50.306189574
5135.75,2,09:50:50.306384278
5135.75,1,09:50:50.307296072
5135.75,2,09:50:50.307489193
5135.75,1,09:50:50.307522234
5135.75,4,09:50:51.166632966
5135.75,5,09:50:51.232341815
5135.75,4,09:50:51.232571806
5135.75,5,09:50:51.232615957
5135.75,3,09:50:51.232704747
5135.75,10,09:50:51.242131683
5135.75,3,09:50:51.242206984
5135.75,2,09:50:51.242206984
5135.5,1,09:50:51.553092710
5135.5,1,09:50:51.553109267
5135.5,4,09:50:51.553178845
5135.5,1,09:50:51.553264070
5135.5,1,09:50:51.553340625
5135.5,1,09:50:51.553370363
5135.5,11,09:50:51.553507541
5135.5,1,09:50:51.553874625
5135.5,1,09:50:51.554097363
5135.5,3,09:50:51.554167083
5135.5,1,09:50:51.554203372
5135.5,1,09:50:51.554287594
5135.5,1,09:50:51.633267079
5135.5,4,09:50:51.633503598
5135.5,10,09:50:51.970112998
5135.5,1,09:50:52.097398968
5135.5,3,09:50:52.097463139
5135.5,1,09:50:52.097507575
5135.5,2,09:50:52.097543469
5135.25,1,09:50:52.479326463
5135.25,1,09:50:52.479363504
5135.25,1,09:50:52.479492777
5135.25,3,09:50:52.479639547
5135.25,3,09:50:52.556018366
5135.25,2,09:50:52.556204188
5135.25,1,09:50:52.556238409
5135.25,2,09:50:52.556285879
5135.25,1,09:50:52.560951304
5135.25,2,09:50:52.561141100
5135.25,2,09:50:52.561546203
5135.25,3,09:50:52.561815878
5135.25,1,09:50:52.561963475
5135.25,1,09:50:52.562018507
5135.25,3,09:50:52.661208718
5135.25,1,09:50:52.661724806
5135.25,1,09:50:52.669368378
5135.25,1,09:50:52.671026507
5135.25,10,09:50:53.838095474
5135.25,1,09:50:53.838596979
5135.25,1,09:50:53.839075651
5135.25,1,09:50:53.839118874
5135.25,1,09:50:53.894555511
5135.25,1,09:50:53.908929755
5135.25,3,09:50:53.918103035
5135.25,1,09:50:53.918304357
5135.25,2,09:50:53.918340815
5135.25,2,09:50:53.918430552
5135.25,2,09:50:53.918612302
5135.25,11,09:50:53.918924913
5135.5,1,09:50:54.183859054
5135.5,10,09:50:54.184028477
5135.5,1,09:50:54.184069617
5135.5,1,09:50:54.184412304
5135.5,5,09:50:54.206376705
5135.5,3,09:50:54.206555435
5135.5,2,09:50:54.206587394
5135.5,1,09:50:54.206640569
5135.5,2,09:50:54.206692269
5135.5,3,09:50:54.206905032
5135.5,3,09:50:54.207097371
5135.5,8,09:50:54.210283941
5135.5,6,09:50:54.210385745
5135.5,1,09:50:54.210728215
5135.5,4,09:50:54.404336484
5135.5,1,09:50:54.404401711
5135.5,1,09:50:54.748167371
5135.5,9,09:50:55.039428639
5135.5,14,09:50:55.551451128
5135.5,1,09:50:55.551573831
5135.5,1,09:50:55.551645080
5135.5,1,09:50:55.551678054
5135.5,1,09:50:55.551719965
5135.5,1,09:50:55.551814540
5135.5,1,09:50:55.551895441
5135.5,1,09:50:55.552043825
5135.5,3,09:50:55.552164867
5135.5,2,09:50:55.552623709
5135.5,2,09:50:55.552776777
5135.5,2,09:50:55.574604663
5135.5,4,09:50:55.613669883
5135.5,2,09:50:55.703665633
5135.5,2,09:50:55.703741824
5135.5,1,09:50:55.704674534
5135.5,7,09:50:55.705526261
5135.5,1,09:50:57.759159284
5135.25,33,09:50:58.511156792
5135.25,2,09:50:58.803495041
5135.0,29,09:50:59.697407312
5135.0,1,09:50:59.721548454
5135.0,29,09:50:59.746968639
5135.0,1,09:50:59.747217694
5135.0,1,09:50:59.748056456
5135.25,14,09:50:59.887316448
5135.25,1,09:50:59.887376894
5135.25,2,09:50:59.887420326
5135.25,3,09:50:59.887823413
5135.25,1,09:50:59.887894972
5135.25,3,09:50:59.887955377
5135.25,3,09:50:59.945020525
5135.5,2,09:50:59.993067018
5136.0,5,09:51:55.582435273
5136.0,1,09:51:55.582448905
5136.0,1,09:51:55.582581234
5136.0,1,09:51:55.582618233
5136.0,14,09:51:55.596448995
5136.0,1,09:51:55.596843074
5136.0,2,09:51:55.600823918
5136.0,4,09:51:55.601039420
5136.0,2,09:51:55.601083613
5136.0,4,09:51:55.601394826
5135.75,1,09:51:55.746072233
5136.0,1,09:51:56.035438073
5136.0,17,09:51:56.090721488
5136.0,1,09:51:56.091619320
5136.0,6,09:51:56.102743230
5136.0,1,09:51:56.102894129
5136.0,1,09:51:56.103111542
5136.0,2,09:51:56.103210574
5136.0,1,09:51:56.103237708
5136.25,20,09:51:56.506210811
5136.25,6,09:51:56.506406994
5136.0,1,09:51:56.791514048
5136.25,32,09:51:57.289198191
5136.5,68,09:51:57.289198191
5136.25,1,09:51:57.290565841
5136.5,1,09:51:57.307672089
5136.5,5,09:51:57.339327205
5136.5,3,09:51:57.339377116
5136.5,2,09:51:57.339418682
5136.5,3,09:51:57.339502473
5136.5,1,09:51:57.339502473
5136.5,5,09:51:57.339823135
5136.5,1,09:51:57.339921199
5136.25,2,09:51:57.471901797
5136.5,1,09:51:57.481999773
5136.5,7,09:51:57.789729643
5136.5,1,09:51:57.967699255
5136.75,1,09:51:58.207146479
5136.75,2,09:51:59.327091072
5136.75,3,09:51:59.327293888
5136.75,1,09:51:59.327325211
5136.75,1,09:51:59.327358526
5136.75,1,09:51:59.327432409
5136.75,1,09:51:59.327496449
5136.75,1,09:51:59.973811371
5136.5,3,09:51:59.988722643
5136.75,1,09:52:00.060896360
5136.75,2,09:52:00.060936952
5136.75,2,09:52:00.060972044
5136.75,1,09:52:00.061223352
5136.75,2,09:52:00.061290765
5136.5,1,09:52:00.479249382
5136.5,12,09:52:00.479490922
5136.5,1,09:52:00.479577048
5136.5,2,09:52:00.479577048
5136.5,2,09:52:00.479621077
5136.5,2,09:52:00.479657748
5136.5,3,09:52:00.479722354
5136.5,2,09:52:00.479812327
5136.5,4,09:52:00.479971864
5136.5,1,09:52:00.480084819
5136.5,1,09:52:00.480149930
5136.75,1,09:52:00.482891810
5136.5,25,09:52:00.735800995
5136.5,2,09:52:00.735952320
5136.5,2,09:52:00.736051773
5136.5,1,09:52:00.736051773
5136.5,4,09:52:00.736297463
5136.5,6,09:52:00.736581142
5136.75,2,09:52:01.036518875
5136.5,16,09:52:01.194247706
5136.5,5,09:52:01.194501274
5136.5,3,09:52:01.194587887
5136.5,1,09:52:01.194587887
5136.5,2,09:52:01.305538011
5136.5,1,09:52:01.305557840
5136.5,5,09:52:01.305751875
5136.5,3,09:52:01.308211246
5136.5,1,09:52:01.308285264
5136.5,1,09:52:01.308561577
5136.5,1,09:52:01.308629482
5136.5,1,09:52:01.323784930
5136.25,4,09:52:01.401869416
5136.25,7,09:52:01.402002130
5136.25,1,09:52:01.402041664
5136.25,10,09:52:01.402103463
5136.25,5,09:52:01.643277440
5136.25,1,09:52:01.643418979
5136.25,11,09:52:01.643564902
5136.25,2,09:52:01.643617761
5136.25,3,09:52:01.657995167
5136.25,1,09:52:01.658170184
5136.25,2,09:52:01.658327522
5136.25,1,09:52:01.658354432
5136.25,1,09:52:01.658481574
5136.25,1,09:52:01.658521647
5136.25,3,09:52:01.669755041
5136.25,2,09:52:01.670372863
5136.25,3,09:52:01.974966202
5136.25,3,09:52:01.975184452
5136.25,2,09:52:01.975277219
5136.25,1,09:52:01.975277219
5136.25,1,09:52:01.975374341
5136.25,1,09:52:01.975417487
5136.25,15,09:52:02.025736027
5136.25,3,09:52:02.051499383
5136.25,1,09:52:02.051527141
5136.25,5,09:52:02.137715026
5136.25,1,09:52:02.156755643
5136.5,1,09:52:02.282117471
5136.5,1,09:52:03.423924170
5136.5,2,09:52:03.461341445
5136.5,4,09:52:04.005600839
5136.5,1,09:52:04.005619326
5136.5,1,09:52:04.005725767
5136.5,1,09:52:04.005759703
5136.5,2,09:52:04.005796510
5136.5,3,09:52:04.005883034
5136.5,1,09:52:04.005922308
5136.5,1,09:52:04.231301275
5136.5,1,09:52:04.296406393
5136.5,1,09:52:04.296588703
5136.5,1,09:52:04.297387244
5136.5,3,09:52:04.321712837
5136.5,1,09:52:04.321999435
5136.5,1,09:52:04.421086303
5136.5,1,09:52:04.421156432
5136.5,2,09:52:04.421218897
5136.5,3,09:52:04.463743846
5136.5,9,09:52:06.053234725
5136.5,8,09:52:06.054194098
5136.5,4,09:52:06.054443456
5136.5,1,09:52:06.054482251
5136.5,1,09:52:06.057277213
5136.5,3,09:52:06.127355916
5136.5,1,09:52:06.127540725
5136.5,2,09:52:06.127587711
5136.5,1,09:52:06.127876982
5136.5,1,09:52:06.127913280
5136.5,1,09:52:06.128009033
5136.5,2,09:52:06.128065776
5136.5,1,09:52:06.301621175
5136.5,1,09:52:06.358669865
5136.5,2,09:52:06.358889265
5136.5,1,09:52:06.359085480
5136.5,1,09:52:06.490504096
5136.5,2,09:52:07.607008686
5136.5,3,09:52:07.607236508
5136.5,1,09:52:07.607447613
5136.5,2,09:52:07.607492004
5136.5,2,09:52:07.607533500
5136.5,3,09:52:07.614879797
5136.5,12,09:52:07.615220023
5136.5,1,09:52:07.617002298
5136.5,2,09:52:07.617184976
5136.5,1,09:52:07.617219389
5136.5,1,09:52:07.618138110
5136.5,5,09:52:07.636008323
5136.5,7,09:52:07.638682136
5136.5,7,09:52:07.977933314
5136.5,2,09:52:07.978108771
5136.5,1,09:52:07.978149284
5136.5,3,09:52:07.978220754
5136.5,1,09:52:07.978294175
5136.5,5,09:52:08.041322209
5136.75,2,09:52:09.869361143
5136.75,1,09:52:09.869480651
5136.75,10,09:52:09.869664900
5136.75,1,09:52:09.869741266
5136.75,1,09:52:09.869786016
5136.75,2,09:52:09.873312363
5136.75,1,09:52:09.874290994
5136.75,5,09:52:09.874521132
5137.0,1,09:52:10.047683046
5137.0,1,09:52:10.047702426
5137.0,1,09:52:10.047860492
5137.0,2,09:52:10.060912784
5137.0,1,09:52:10.060974663
5137.0,2,09:52:10.061058304
5137.0,1,09:52:10.061093591
5137.0,42,09:52:10.061380666
5137.25,1,09:52:10.261859533
5137.25,1,09:52:10.261874717
5137.25,5,09:52:10.583124794
5137.25,2,09:52:10.737086545
5137.25,5,09:52:10.754415841
5137.25,3,09:52:10.846312937
5137.0,1,09:52:10.956258283
5137.25,4,09:52:11.177689998
5137.25,5,09:52:11.207788064
5137.25,1,09:52:11.276319584
5137.25,1,09:52:11.433886901
5137.25,1,09:52:11.554234942
5137.25,1,09:52:11.554413240
5137.25,1,09:52:11.554441726
5137.25,1,09:52:11.554484847
5137.25,2,09:52:11.554694186
5137.25,4,09:52:11.554738750
5137.25,1,09:52:11.554899911
5137.25,1,09:52:11.554984870
5137.25,1,09:52:11.555246917
5137.25,2,09:52:11.724235015
5137.25,1,09:52:11.781538859
5137.25,3,09:52:11.945689711
5137.25,4,09:52:11.945749990
5137.25,1,09:52:11.946103789
5137.25,3,09:52:11.946230038
5137.25,1,09:52:11.946303761
5137.25,1,09:52:11.946388364
5137.25,1,09:52:11.946504844
5137.25,1,09:52:11.946684987
5137.25,3,09:52:11.946739719
5137.25,3,09:52:11.946784753
5137.25,2,09:52:11.946932309
5137.25,1,09:52:11.947609381
5137.25,2,09:52:11.949458849
5137.25,5,09:52:11.950688154
5137.25,2,09:52:11.950882980
5137.5,15,09:52:12.315004469
5137.25,10,09:52:12.315004469
5137.5,2,09:52:12.315027068
5137.25,1,09:52:12.374645743
5137.25,1,09:52:12.374671658
5137.25,2,09:52:12.374726308
5137.25,1,09:52:12.374797976
5137.25,2,09:52:12.374920020
5137.25,5,09:52:12.374920020
5137.25,1,09:52:12.375040193
5137.25,2,09:52:12.375040193
5137.25,6,09:52:12.387663272
5137.25,9,09:52:12.496566116
5137.25,4,09:52:12.510754692
5137.25,1,09:52:12.510925010
5137.25,2,09:52:12.510979017
5137.25,1,09:52:12.511043319
5137.5,1,09:52:12.644346428
5137.25,11,09:52:12.743028233
5137.25,1,09:52:12.810716306
5137.25,3,09:52:12.856049976
5137.0,1,09:52:12.870872173
5137.0,12,09:52:13.002026648
5137.0,2,09:52:13.002069053
5137.0,2,09:52:13.002208723
5137.0,16,09:52:13.002371133
5137.0,1,09:52:13.002424603
5137.0,1,09:52:13.019776414
5137.0,3,09:52:13.056705279
5137.0,1,09:52:13.067013198
5137.0,1,09:52:13.170047026
5137.0,1,09:52:13.266583048
5137.0,1,09:52:13.417256515
5136.75,2,09:52:13.490760779
5136.75,1,09:52:13.490945445
5136.75,6,09:52:13.491066701
5136.75,6,09:52:13.491199645
5136.75,1,09:52:13.510925098
5136.75,4,09:52:13.511147262
5136.75,1,09:52:13.511445601
5136.75,5,09:52:13.511645561
5136.75,1,09:52:13.511675939
5136.75,1,09:52:13.511717437
5136.5,1,09:52:13.528804302
5136.5,1,09:52:13.528815118
5136.75,1,09:52:13.624354529
5136.75,1,09:52:13.796357475
5136.75,1,09:52:13.877956206
5136.75,2,09:52:14.120694627
5136.75,25,09:52:14.479720597
5136.75,13,09:52:14.481606903
5136.75,6,09:52:14.481760721
5136.75,1,09:52:14.481812805
5136.75,2,09:52:14.481892836
5136.75,1,09:52:14.482217979
5136.75,1,09:52:14.689877719
5137.0,3,09:52:14.719749484
5136.75,1,09:52:14.923891075
5136.75,2,09:52:14.924552727
5136.75,1,09:52:14.924671225
5136.75,1,09:52:14.924736180
5136.75,6,09:52:14.924824159
5136.75,4,09:52:14.930486993
5136.75,1,09:52:14.930613230
5136.75,4,09:52:14.930923802
5136.75,9,09:52:15.315564459
5136.75,4,09:52:15.315707809
5136.75,3,09:52:15.315804102
5136.75,2,09:52:15.315868776
5136.75,1,09:52:15.315962150
5136.75,2,09:52:15.316035486
5136.75,1,09:52:15.316168113
5136.75,1,09:52:15.316269769
5136.75,4,09:52:15.316269769
5136.75,4,09:52:15.316339627
5136.75,1,09:52:15.316384664
5136.5,2,09:52:15.423889613
5136.5,1,09:52:15.423936809
5136.5,1,09:52:15.423972647
5136.5,3,09:52:15.424035369
5136.5,2,09:52:15.424105959
5136.5,1,09:52:15.424105959
5136.5,6,09:52:15.424175356
5136.5,4,09:52:15.424283156
5136.5,1,09:52:15.424365734
5136.5,2,09:52:15.424541917
5136.5,1,09:52:15.424657314
5136.5,1,09:52:15.424716678
5136.75,3,09:52:15.635777636
5136.75,6,09:52:15.636006249
5136.75,1,09:52:15.671701332
5136.75,6,09:52:15.671854305
5136.75,7,09:52:15.671965616
5136.75,12,09:52:15.865900503
5136.75,4,09:52:16.326160932
5136.75,2,09:52:16.326228309
5136.75,6,09:52:16.376282065
5136.75,1,09:52:16.376436372
5136.75,1,09:52:16.376481093
5136.75,1,09:52:16.376513961
5136.75,2,09:52:16.376592526
5136.75,1,09:52:16.376629032
5137.0,1,09:52:16.764929680
5137.0,1,09:52:16.765093047
5137.0,6,09:52:16.765160898
5137.0,1,09:52:16.765220067
5137.0,1,09:52:16.765282116
5137.0,2,09:52:16.765282116
5137.0,1,09:52:16.765344514
5136.75,1,09:52:16.946730973
5137.0,4,09:52:17.028055656
5137.0,1,09:52:17.028132761
5137.0,3,09:52:17.028132761
5137.0,2,09:52:17.028183461
5137.0,1,09:52:17.028183461
5137.0,2,09:52:17.028222683
5137.25,1,09:52:17.103055563
5137.25,2,09:52:17.103094181
5137.25,5,09:52:17.103330851
5137.25,1,09:52:17.103390158
5137.25,2,09:52:17.103390158
5137.25,2,09:52:17.103533137
5137.25,1,09:52:17.103583764
5137.25,3,09:52:17.103721285
5137.25,1,09:52:17.103800205
5137.25,1,09:52:17.111139617
5137.25,1,09:52:17.955671805
5137.25,2,09:52:17.981736698
5137.25,1,09:52:17.998095636
5137.25,1,09:52:18.064235805
5137.25,2,09:52:18.064289988
5137.25,2,09:52:18.064346563
5137.25,2,09:52:18.064392615
5137.25,1,09:52:18.064686353
5137.25,3,09:52:18.064751176
5137.25,1,09:52:18.064770767
5137.25,1,09:52:18.064862288
5137.25,7,09:52:18.065149184
5137.25,3,09:52:18.065190961
5137.25,1,09:52:18.065252031
5137.25,2,09:52:18.065457740
5137.25,1,09:52:18.065488638
5137.25,2,09:52:18.065677973
5137.25,1,09:52:18.310147199
5137.25,1,09:52:19.848620530
5137.0,10,09:52:19.950814485
5137.0,5,09:52:19.950896430
5137.0,1,09:52:19.950934692
5137.0,4,09:52:19.951182944
5137.0,1,09:52:19.951319379
5137.0,3,09:52:19.951430193
5137.0,1,09:52:19.951461301
5137.0,1,09:52:19.951503016
5137.0,3,09:52:19.951547377
5137.0,1,09:52:19.981663535
5137.0,2,09:52:20.036547373
5137.0,2,09:52:20.036617310
5137.0,1,09:52:20.036800956
5137.0,5,09:52:20.067600159
5137.0,1,09:52:20.067783973
5137.0,1,09:52:20.067814381
5137.0,1,09:52:20.067849725
5137.0,1,09:52:20.067932112
5137.0,1,09:52:20.068009002
5137.0,2,09:52:20.068208977
5137.0,4,09:52:20.492489001
5136.75,12,09:52:21.126564590
5136.75,1,09:52:21.144546488
5136.5,1,09:52:21.144591410
5136.5,6,09:52:21.417157013
5136.5,5,09:52:21.417310289
5136.5,1,09:52:21.417558295
5136.5,1,09:52:21.417717185
5136.5,3,09:52:21.417790981
5136.5,1,09:52:21.417824182
5136.5,1,09:52:21.417897899
5136.5,1,09:52:21.640723400
5136.75,4,09:52:22.860405536
5136.5,17,09:52:23.043487921
5136.5,8,09:52:23.337092198
5136.5,9,09:52:23.348464893
5136.5,2,09:52:23.585038430
5136.5,25,09:52:23.880291287
5136.5,5,09:52:23.958254910
5136.5,8,09:52:23.958334720
5136.5,8,09:52:23.958446572
5136.5,1,09:52:23.958595855
5136.5,1,09:52:23.958626435
5136.25,2,09:52:24.419361184
5136.25,9,09:52:24.419680473
5136.25,11,09:52:24.420213786
5136.25,1,09:52:24.420248839
5136.25,2,09:52:24.569872242
5136.25,1,09:52:24.570054910
5136.25,4,09:52:24.570118710
5136.25,2,09:52:24.570161856
5136.25,1,09:52:24.570393804
5136.25,1,09:52:24.570424816
5136.25,2,09:52:24.570466935
5136.25,1,09:52:24.570531800
5136.5,1,09:52:24.734512544
5136.5,10,09:52:24.742708830
5136.5,2,09:52:24.742762438
5136.5,1,09:52:24.742789446
5136.5,1,09:52:24.742824291
5136.5,3,09:52:24.742870723
5136.5,17,09:52:24.876446363
5136.5,1,09:52:24.876618969
5136.5,3,09:52:24.876677251
5136.5,1,09:52:24.876759707
5136.5,2,09:52:24.876759707
5136.5,2,09:52:24.876841026
5136.5,1,09:52:24.877069272
5136.5,3,09:52:24.881075148
5136.5,1,09:52:26.492534138
5136.5,1,09:52:26.492551854
5136.5,2,09:52:26.492670314
5136.5,1,09:52:26.492841985
5136.5,1,09:52:26.493039077
5136.5,1,09:52:26.571861988
5136.5,7,09:52:26.571961100
5136.5,2,09:52:26.662940121
5136.5,2,09:52:26.663118250
5136.5,3,09:52:26.663182084
5136.5,1,09:52:26.664066666
5136.5,3,09:52:26.858434299
5136.5,5,09:52:26.858491395
5136.25,7,09:52:26.918283008
5136.25,1,09:52:26.931730015
5136.25,1,09:52:27.132230050
5136.25,7,09:52:27.670029513
5136.25,1,09:52:27.670227162
5136.25,1,09:52:27.670256747
5136.25,8,09:52:27.670377712
5136.25,2,09:52:27.670712823
5136.25,3,09:52:27.670966011
5136.25,12,09:52:27.688937187
5136.25,2,09:52:27.701647503
5136.25,1,09:52:27.701678269
5136.25,1,09:52:27.701730577
5136.25,2,09:52:27.701842720
5136.25,1,09:52:28.214042061
5136.0,5,09:52:29.039598605
5136.0,1,09:52:29.039609441
5136.25,1,09:52:29.239218837
5136.25,5,09:52:29.239486261
5136.25,1,09:52:29.239639084
5136.25,5,09:52:29.239722097
5136.25,1,09:52:29.239931947
5136.25,1,09:52:29.246711674
5136.25,1,09:52:29.297007477
5136.25,1,09:52:29.297182437
5136.25,1,09:52:29.297350246
5136.25,1,09:52:29.297390554
5136.25,3,09:52:29.297464206
5136.5,1,09:52:29.515490568
5136.5,1,09:52:29.516228750
5136.5,1,09:52:29.525470920
5136.5,3,09:52:29.526228279
5136.5,20,09:52:29.526612161
5136.5,1,09:52:29.583105279
5136.5,5,09:52:29.583190324
5136.25,18,09:52:30.608471762
5136.0,2,09:52:31.526603408
5136.0,1,09:52:31.526615936
5136.0,3,09:52:31.526804503
5136.0,1,09:52:31.526842149
5136.0,4,09:52:31.526875218
5136.0,5,09:52:31.526920597
5136.0,1,09:52:31.526959190
5136.0,2,09:52:31.526998731
5136.0,2,09:52:31.527045763
5135.75,25,09:52:32.141657402
5135.5,1,09:52:32.141699914
5135.5,1,09:52:32.141735573
5135.5,1,09:52:32.141742929
5135.75,1,09:52:32.324146938
5135.75,10,09:52:32.324325024
5135.75,2,09:52:32.324452377
5135.75,1,09:52:32.324452377
5135.75,8,09:52:32.331951034
5135.75,2,09:52:32.332865773
5135.75,6,09:52:32.333053955
5135.75,1,09:52:32.383348247
5135.75,3,09:52:32.471261327
5135.75,9,09:52:32.525740331
5135.75,1,09:52:32.525850451
5135.75,1,09:52:32.525887229
5135.75,3,09:52:32.587979291
5135.75,3,09:52:32.594212310
