bidVolume,bidPrice,askVolume,askPrice,timestamp
47,109.76,31,109.78,09:45:00.184426861
43,109.76,31,109.78,09:45:01.330027007
43,109.76,39,109.78,09:45:01.330589125
43,109.76,51,109.78,09:45:01.330989505
42,109.76,51,109.78,09:45:01.378407295
43,109.76,51,109.78,09:45:01.446078259
43,109.76,45,109.78,09:45:01.853290550
43,109.76,43,109.78,09:45:01.854060499
43,109.76,51,109.78,09:45:01.939215480
42,109.76,51,109.78,09:45:02.613385754
42,109.76,1,109.77,09:45:03.033080391
37,109.76,1,109.77,09:45:03.033342973
37,109.76,35,109.78,09:45:03.266441344
15,109.77,35,109.78,09:45:03.266542023
16,109.77,35,109.78,09:45:03.266612148
19,109.77,35,109.78,09:45:03.266784973
19,109.77,27,109.78,09:45:03.266895622
23,109.77,27,109.78,09:45:03.267003900
23,109.77,23,109.78,09:45:03.267105314
24,109.77,23,109.78,09:45:03.278005617
21,109.77,23,109.78,09:45:03.278085455
22,109.77,23,109.78,09:45:03.288782238
23,109.77,23,109.78,09:45:03.288883591
22,109.77,23,109.78,09:45:03.290484973
22,109.77,27,109.78,09:45:03.290672230
22,109.77,23,109.78,09:45:03.302977882
23,109.77,23,109.78,09:45:03.342621360
22,109.77,23,109.78,09:45:03.442703931
23,109.77,23,109.78,09:45:03.580071374
22,109.77,23,109.78,09:45:03.641561071
23,109.77,23,109.78,09:45:03.870755959
22,109.77,23,109.78,09:45:03.966411039
23,109.77,23,109.78,09:45:04.049762272
24,109.77,23,109.78,09:45:04.084034957
32,109.77,23,109.78,09:45:07.939693296
32,109.77,16,109.78,09:45:07.939693296
31,109.77,16,109.78,09:45:09.130080956
32,109.77,16,109.78,09:45:09.403601248
31,109.77,16,109.78,09:45:10.087520225
32,109.77,16,109.78,09:45:10.628980131
32,109.77,22,109.78,09:45:11.839572099
37,109.77,22,109.78,09:45:11.839669887
36,109.77,22,109.78,09:45:11.839800019
37,109.77,22,109.78,09:45:11.844047437
36,109.77,22,109.78,09:45:12.209545824
37,109.77,22,109.78,09:45:12.253387149
38,109.77,22,109.78,09:45:13.047682963
41,109.77,22,109.78,09:45:13.586377819
40,109.77,22,109.78,09:45:14.462430713
37,109.77,22,109.78,09:45:14.559401508
29,109.77,22,109.78,09:45:14.559401508
29,109.77,25,109.78,09:45:14.559425195
24,109.77,25,109.78,09:45:14.559634973
9,109.77,25,109.78,09:45:14.559634973
8,109.77,25,109.78,09:45:14.559781092
4,109.77,25,109.78,09:45:14.559805095
3,109.77,25,109.78,09:45:14.559845729
3,109.77,35,109.78,09:45:14.559845729
3,109.77,49,109.78,09:45:14.560025340
3,109.77,51,109.78,09:45:14.560804988
3,109.77,55,109.78,09:45:14.561297430
2,109.77,55,109.78,09:45:14.571508607
1,109.77,55,109.78,09:45:14.571508607
1,109.77,54,109.78,09:45:14.571685868
76,109.76,54,109.78,09:45:14.582305150
77,109.76,54,109.78,09:45:14.582410396
77,109.76,50,109.78,09:45:14.657819221
77,109.76,48,109.78,09:45:14.658179644
77,109.76,34,109.78,09:45:14.658883867
80,109.76,34,109.78,09:45:14.659002681
70,109.76,34,109.78,09:45:14.698385010
62,109.76,34,109.78,09:45:15.036836476
64,109.76,34,109.78,09:45:15.037177627
62,109.76,34,109.78,09:45:15.061950385
64,109.76,34,109.78,09:45:15.073747430
70,109.76,34,109.78,09:45:15.092175373
70,109.76,39,109.78,09:45:15.128050768
11,109.77,39,109.78,09:45:15.581176442
11,109.77,50,109.78,09:45:15.581231049
27,109.77,50,109.78,09:45:15.581339235
30,109.77,50,109.78,09:45:15.581413215
40,109.77,50,109.78,09:45:15.581493493
37,109.77,50,109.78,09:45:15.581664000
38,109.77,50,109.78,09:45:16.163604342
42,109.77,50,109.78,09:45:16.163685336
42,109.77,39,109.78,09:45:16.164169646
42,109.77,30,109.78,09:45:16.164263554
42,109.77,27,109.78,09:45:16.164263554
48,109.77,27,109.78,09:45:16.164538072
48,109.77,29,109.78,09:45:16.164637119
49,109.77,29,109.78,09:45:16.164652744
53,109.77,29,109.78,09:45:16.164652744
56,109.77,29,109.78,09:45:16.165333854
58,109.77,29,109.78,09:45:16.165411160
57,109.77,29,109.78,09:45:16.168451878
57,109.77,40,109.78,09:45:16.168647214
58,109.77,40,109.78,09:45:16.168994937
58,109.77,35,109.78,09:45:16.169849591
58,109.77,29,109.78,09:45:16.169849591
58,109.77,18,109.78,09:45:16.170035873
58,109.77,4,109.78,09:45:16.170035873
58,109.77,15,109.78,09:45:16.171811322
57,109.77,15,109.78,09:45:16.173220119
58,109.77,15,109.78,09:45:16.176755917
58,109.77,4,109.78,09:45:16.177251904
66,109.77,4,109.78,09:45:16.177422105
69,109.77,4,109.78,09:45:16.177768690
71,109.77,4,109.78,09:45:16.178098789
71,109.77,2,109.78,09:45:16.179704942
63,109.77,2,109.78,09:45:16.179995469
63,109.77,4,109.78,09:45:16.180329150
71,109.77,4,109.78,09:45:16.180473996
68,109.77,4,109.78,09:45:16.180705233
68,109.77,2,109.78,09:45:16.183388136
68,109.77,3,109.78,09:45:16.184249089
68,109.77,4,109.78,09:45:16.184689860
71,109.77,4,109.78,09:45:16.186570265
67,109.77,4,109.78,09:45:16.196287199
67,109.77,15,109.78,09:45:16.197296860
61,109.77,15,109.78,09:45:16.197537380
58,109.77,15,109.78,09:45:16.216843322
54,109.77,15,109.78,09:45:16.228140956
48,109.77,15,109.78,09:45:16.228140956
47,109.77,15,109.78,09:45:16.228140956
45,109.77,15,109.78,09:45:16.228140956
42,109.77,15,109.78,09:45:16.228140956
45,109.77,15,109.78,09:45:16.228140956
42,109.77,15,109.78,09:45:16.237591664
52,109.77,15,109.78,09:45:16.281018489
53,109.77,15,109.78,09:45:16.302007457
43,109.77,15,109.78,09:45:16.467743748
53,109.77,15,109.78,09:45:16.839802819
43,109.77,15,109.78,09:45:16.860352601
43,109.77,45,109.78,09:45:17.013776783
42,109.77,45,109.78,09:45:17.111024879
38,109.77,45,109.78,09:45:17.150343504
39,109.77,45,109.78,09:45:17.518499005
38,109.77,45,109.78,09:45:17.536743745
28,109.77,45,109.78,09:45:18.752244940
12,109.77,45,109.78,09:45:18.752457993
12,109.77,65,109.78,09:45:18.753652929
12,109.77,70,109.78,09:45:18.753733451
11,109.77,70,109.78,09:45:18.757190399
71,109.76,70,109.78,09:45:18.757308418
82,109.76,70,109.78,09:45:18.757438108
80,109.76,70,109.78,09:45:18.757709380
70,109.76,70,109.78,09:45:18.758166045
68,109.76,70,109.78,09:45:18.772582068
68,109.76,79,109.78,09:45:18.775975347
65,109.76,79,109.78,09:45:18.785645627
68,109.76,79,109.78,09:45:18.788548493
65,109.76,79,109.78,09:45:18.803811808
68,109.76,79,109.78,09:45:19.435225005
68,109.76,4,109.77,09:45:19.440677056
68,109.76,6,109.77,09:45:19.440677056
67,109.76,6,109.77,09:45:19.440935571
63,109.76,6,109.77,09:45:19.441399217
61,109.76,6,109.77,09:45:19.441633081
56,109.76,6,109.77,09:45:19.441650780
56,109.76,14,109.77,09:45:19.441677119
56,109.76,17,109.77,09:45:19.441819909
45,109.76,17,109.77,09:45:19.441880674
45,109.76,28,109.77,09:45:19.441895682
45,109.76,46,109.77,09:45:19.441959186
45,109.76,55,109.77,09:45:19.441973640
45,109.76,61,109.77,09:45:19.442026310
45,109.76,62,109.77,09:45:19.442049471
45,109.76,63,109.77,09:45:19.442417842
45,109.76,55,109.77,09:45:19.442417842
45,109.76,52,109.77,09:45:19.442450306
41,109.76,52,109.77,09:45:19.443002515
39,109.76,52,109.77,09:45:19.443002515
36,109.76,52,109.77,09:45:19.443002729
33,109.76,52,109.77,09:45:19.443023056
33,109.76,46,109.77,09:45:19.443023056
30,109.76,46,109.77,09:45:19.443781160
31,109.76,46,109.77,09:45:19.450683349
33,109.76,46,109.77,09:45:19.452056328
32,109.76,46,109.77,09:45:19.453330384
43,109.76,46,109.77,09:45:19.453542711
41,109.76,46,109.77,09:45:19.453634647
40,109.76,46,109.77,09:45:19.453634647
41,109.76,46,109.77,09:45:19.456559234
41,109.76,37,109.77,09:45:19.463745632
41,109.76,19,109.77,09:45:19.464000000
42,109.76,19,109.77,09:45:19.464019215
41,109.76,19,109.77,09:45:19.464428619
41,109.76,15,109.77,09:45:19.466870983
41,109.76,4,109.77,09:45:19.472094249
40,109.76,4,109.77,09:45:19.475319336
39,109.76,4,109.77,09:45:19.475319336
47,109.76,4,109.77,09:45:19.540292693
52,109.76,4,109.77,09:45:19.541935464
52,109.76,15,109.77,09:45:19.543948656
52,109.76,4,109.77,09:45:19.551537607
62,109.76,4,109.77,09:45:19.582184838
52,109.76,4,109.77,09:45:19.768989307
52,109.76,8,109.77,09:45:20.234237102
52,109.76,19,109.77,09:45:20.492777010
44,109.76,19,109.77,09:45:20.655736754
43,109.76,19,109.77,09:45:20.871645450
38,109.76,19,109.77,09:45:20.872035126
38,109.76,39,109.77,09:45:20.872485577
38,109.76,45,109.77,09:45:20.872502140
37,109.76,45,109.77,09:45:20.883737983
37,109.76,75,109.77,09:45:21.013448416
37,109.76,45,109.77,09:45:21.078911575
37,109.76,39,109.77,09:45:21.079083160
37,109.76,19,109.77,09:45:21.079153550
38,109.76,19,109.77,09:45:21.225595342
46,109.76,19,109.77,09:45:21.226037431
38,109.76,19,109.77,09:45:21.435174243
37,109.76,19,109.77,09:45:21.435668268
37,109.76,20,109.77,09:45:21.511080761
37,109.76,22,109.77,09:45:21.511080761
37,109.76,42,109.77,09:45:21.512363693
37,109.76,48,109.77,09:45:21.512473863
36,109.76,48,109.77,09:45:21.512816507
25,109.76,48,109.77,09:45:21.517969012
25,109.76,58,109.77,09:45:21.518261325
24,109.76,58,109.77,09:45:21.518779891
22,109.76,58,109.77,09:45:21.518779891
16,109.76,58,109.77,09:45:21.519187341
1,109.76,58,109.77,09:45:21.519300217
89,109.75,58,109.77,09:45:21.519606428
73,109.75,58,109.77,09:45:21.519865608
73,109.75,88,109.77,09:45:21.762900253
69,109.75,88,109.77,09:45:21.822502660
24,109.76,88,109.77,09:45:21.922810381
24,109.76,78,109.77,09:45:22.034846650
24,109.76,76,109.77,09:45:22.367990084
24,109.76,75,109.77,09:45:22.368132304
24,109.76,74,109.77,09:45:22.368181488
24,109.76,70,109.77,09:45:22.368181488
24,109.76,59,109.77,09:45:22.368181488
24,109.76,58,109.77,09:45:22.368181488
24,109.76,56,109.77,09:45:22.368181488
24,109.76,36,109.77,09:45:22.368181488
24,109.76,30,109.77,09:45:22.368181488
24,109.76,78,109.78,09:45:22.368181488
2,109.77,78,109.78,09:45:22.368181488
2,109.77,69,109.78,09:45:22.368330531
1,109.77,69,109.78,09:45:22.368621306
51,109.76,69,109.78,09:45:22.368855980
51,109.76,1,109.77,09:45:22.368855980
52,109.76,1,109.77,09:45:22.368902669
52,109.76,4,109.77,09:45:22.369208374
57,109.76,4,109.77,09:45:22.369208374
57,109.76,5,109.77,09:45:22.369424320
57,109.76,4,109.77,09:45:22.381737767
67,109.76,4,109.77,09:45:22.479376210
57,109.76,4,109.77,09:45:22.665853896
57,109.76,5,109.77,09:45:22.925705158
57,109.76,2,109.77,09:45:22.925906284
57,109.76,1,109.77,09:45:22.926044844
57,109.76,67,109.78,09:45:23.035194760
52,109.76,67,109.78,09:45:23.035457177
62,109.76,67,109.78,09:45:23.039960582
52,109.76,67,109.78,09:45:23.229000641
57,109.76,67,109.78,09:45:23.298017683
57,109.76,61,109.78,09:45:23.298952520
11,109.77,61,109.78,09:45:23.299116509
12,109.77,61,109.78,09:45:23.299519867
1,109.77,61,109.78,09:45:23.299519867
1,109.77,47,109.78,09:45:23.299721415
56,109.76,47,109.78,09:45:23.300075885
58,109.76,47,109.78,09:45:23.300506339
56,109.76,47,109.78,09:45:23.301053635
55,109.76,47,109.78,09:45:23.317744386
55,109.76,49,109.78,09:45:23.317744386
55,109.76,53,109.78,09:45:23.318075643
55,109.76,67,109.78,09:45:23.323071127
60,109.76,67,109.78,09:45:23.428249025
55,109.76,67,109.78,09:45:23.885155574
60,109.76,67,109.78,09:45:26.273839748
11,109.77,67,109.78,09:45:26.273839748
11,109.77,56,109.78,09:45:26.273940750
33,109.77,56,109.78,09:45:26.273957719
33,109.77,51,109.78,09:45:26.274256830
33,109.77,42,109.78,09:45:26.274256830
33,109.77,22,109.78,09:45:26.274595201
33,109.77,2,109.78,09:45:26.274628948
34,109.77,2,109.78,09:45:26.274664086
37,109.77,2,109.78,09:45:26.274664086
38,109.77,2,109.78,09:45:26.274814926
38,109.77,13,109.78,09:45:26.274992410
35,109.77,13,109.78,09:45:26.275130682
35,109.77,35,109.78,09:45:26.448083148
35,109.77,13,109.78,09:45:26.460172058
35,109.77,35,109.78,09:45:26.980777721
34,109.77,35,109.78,09:45:26.983002955
34,109.77,43,109.78,09:45:26.983116597
12,109.77,43,109.78,09:45:26.983274133
13,109.77,43,109.78,09:45:26.983603764
12,109.77,43,109.78,09:45:27.078170822
13,109.77,43,109.78,09:45:27.078536281
12,109.77,43,109.78,09:45:27.079446005
1,109.77,43,109.78,09:45:27.079795701
80,109.76,43,109.78,09:45:27.079795701
74,109.76,43,109.78,09:45:27.080262097
64,109.76,43,109.78,09:45:27.080767671
68,109.76,43,109.78,09:45:27.091219401
64,109.76,43,109.78,09:45:27.112398063
64,109.76,45,109.78,09:45:27.112398063
68,109.76,45,109.78,09:45:27.112829470
68,109.76,43,109.78,09:45:27.112905415
64,109.76,43,109.78,09:45:27.152986949
59,109.76,43,109.78,09:45:27.153209953
59,109.76,51,109.78,09:45:27.153566024
59,109.76,55,109.78,09:45:27.154149272
59,109.76,63,109.78,09:45:27.154438011
59,109.76,51,109.78,09:45:28.163971462
59,109.76,47,109.78,09:45:28.164552626
59,109.76,45,109.78,09:45:28.176402201
59,109.76,61,109.78,09:45:28.190885427
59,109.76,63,109.78,09:45:28.495951333
60,109.76,63,109.78,09:45:29.020329279
60,109.76,64,109.78,09:45:29.020398485
57,109.76,64,109.78,09:45:30.645555119
57,109.76,46,109.78,09:45:30.645634168
57,109.76,48,109.78,09:45:30.726127381
57,109.76,64,109.78,09:45:30.726842315
53,109.76,64,109.78,09:45:30.728809339
53,109.76,11,109.77,09:45:30.729040151
53,109.76,13,109.77,09:45:30.729388893
53,109.76,19,109.77,09:45:30.729502160
53,109.76,20,109.77,09:45:30.729502160
42,109.76,20,109.77,09:45:30.734590153
42,109.76,44,109.77,09:45:30.736339605
41,109.76,44,109.77,09:45:30.737021870
41,109.76,53,109.77,09:45:30.737700030
40,109.76,53,109.77,09:45:30.738570842
38,109.76,53,109.77,09:45:30.740319980
14,109.76,53,109.77,09:45:30.866803088
14,109.76,58,109.77,09:45:30.866803088
3,109.76,58,109.77,09:45:30.867073952
14,109.76,58,109.77,09:45:30.867091494
14,109.76,63,109.77,09:45:30.867268092
14,109.76,81,109.77,09:45:30.874394126
14,109.76,63,109.77,09:45:30.874752317
12,109.76,63,109.77,09:45:30.878455429
1,109.76,63,109.77,09:45:31.376617816
1,109.76,64,109.77,09:45:31.377092599
63,109.75,64,109.77,09:45:31.377092599
63,109.75,72,109.77,09:45:31.377191764
63,109.75,1,109.76,09:45:31.377214142
71,109.75,1,109.76,09:45:31.377345687
71,109.75,2,109.76,09:45:31.377469476
73,109.75,2,109.76,09:45:31.377469476
73,109.75,7,109.76,09:45:31.377559614
67,109.75,7,109.76,09:45:31.377559614
59,109.75,7,109.76,09:45:31.377732890
59,109.75,8,109.76,09:45:31.377811899
59,109.75,9,109.76,09:45:31.377915726
59,109.75,11,109.76,09:45:31.380549145
58,109.75,11,109.76,09:45:31.385172242
58,109.75,9,109.76,09:45:31.486746123
58,109.75,8,109.76,09:45:31.487017207
58,109.75,7,109.76,09:45:31.487085662
58,109.75,6,109.76,09:45:31.487834349
58,109.75,1,109.76,09:45:31.488837383
58,109.75,87,109.77,09:45:31.489092922
58,109.75,82,109.77,09:45:31.489191433
58,109.75,75,109.77,09:45:31.489191433
58,109.75,69,109.77,09:45:31.490256802
58,109.75,63,109.77,09:45:31.490667777
58,109.75,61,109.77,09:45:31.491072724
60,109.75,61,109.77,09:45:31.500364076
60,109.75,59,109.77,09:45:31.510045224
60,109.75,64,109.77,09:45:32.063853082
60,109.75,72,109.77,09:45:32.063895015
60,109.75,1,109.76,09:45:32.063976606
60,109.75,3,109.76,09:45:32.064460528
60,109.75,6,109.76,09:45:32.064460528
60,109.75,8,109.76,09:45:32.100494679
60,109.75,6,109.76,09:45:32.378847910
60,109.75,3,109.76,09:45:32.410710433
60,109.75,1,109.76,09:45:32.411047265
60,109.75,75,109.77,09:45:32.416981618
60,109.75,73,109.77,09:45:32.418418856
61,109.75,73,109.77,09:45:32.428258604
61,109.75,65,109.77,09:45:32.542416395
2,109.76,65,109.77,09:45:32.551633678
2,109.76,59,109.77,09:45:32.551731828
2,109.76,64,109.77,09:45:32.552594061
69,109.75,64,109.77,09:45:32.558701628
61,109.75,64,109.77,09:45:32.558970317
1,109.76,64,109.77,09:45:32.559510678
61,109.75,64,109.77,09:45:32.571567310
1,109.76,64,109.77,09:45:32.628012889
4,109.76,64,109.77,09:45:32.628376776
1,109.76,64,109.77,09:45:32.733570568
65,109.75,64,109.77,09:45:32.773130724
61,109.75,64,109.77,09:45:32.775575141
1,109.76,64,109.77,09:45:33.375269746
2,109.76,64,109.77,09:45:33.376713985
1,109.76,64,109.77,09:45:33.488705451
61,109.75,64,109.77,09:45:33.643689037
2,109.76,64,109.77,09:45:33.654962488
3,109.76,64,109.77,09:45:33.842078884
14,109.76,64,109.77,09:45:33.842258945
15,109.76,64,109.77,09:45:33.917799201
32,109.76,64,109.77,09:45:33.918248218
32,109.76,55,109.77,09:45:33.918326660
40,109.76,55,109.77,09:45:33.918326660
41,109.76,55,109.77,09:45:33.918538083
41,109.76,50,109.77,09:45:33.921011721
41,109.76,44,109.77,09:45:33.922783624
33,109.76,44,109.77,09:45:33.965854177
16,109.76,44,109.77,09:45:33.965854177
17,109.76,44,109.77,09:45:33.991355737
18,109.76,44,109.77,09:45:34.025111715
17,109.76,44,109.77,09:45:34.033023284
18,109.76,44,109.77,09:45:34.039267583
19,109.76,44,109.77,09:45:34.041850036
20,109.76,44,109.77,09:45:34.294213559
37,109.76,44,109.77,09:45:34.294320224
45,109.76,44,109.77,09:45:34.294320224
45,109.76,43,109.77,09:45:34.526451437
45,109.76,19,109.77,09:45:34.528361500
45,109.76,14,109.77,09:45:34.528432795
45,109.76,15,109.77,09:45:34.528875832
45,109.76,4,109.77,09:45:34.541161510
45,109.76,7,109.77,09:45:34.541704904
51,109.76,7,109.77,09:45:34.541722783
54,109.76,7,109.77,09:45:34.541722783
54,109.76,6,109.77,09:45:34.543813735
54,109.76,3,109.77,09:45:34.544935239
54,109.76,2,109.77,09:45:34.545803962
54,109.76,70,109.78,09:45:34.607046371
54,109.76,2,109.77,09:45:34.624829402
54,109.76,3,109.77,09:45:34.624876631
54,109.76,5,109.77,09:45:34.624977847
54,109.76,6,109.77,09:45:34.625044393
54,109.76,7,109.77,09:45:34.625141254
51,109.76,7,109.77,09:45:34.625296890
45,109.76,7,109.77,09:45:34.625296890
45,109.76,9,109.77,09:45:34.649013083
45,109.76,10,109.77,09:45:34.649577619
45,109.76,21,109.77,09:45:34.649671465
45,109.76,22,109.77,09:45:34.649936862
45,109.76,23,109.77,09:45:34.649936862
45,109.76,49,109.77,09:45:34.650595391
47,109.76,49,109.77,09:45:34.661868309
50,109.76,49,109.77,09:45:34.662326352
33,109.76,49,109.77,09:45:34.667286240
25,109.76,49,109.77,09:45:34.667286240
24,109.76,49,109.77,09:45:34.672905456
23,109.76,49,109.77,09:45:34.684314677
22,109.76,49,109.77,09:45:34.731227973
22,109.76,59,109.77,09:45:34.752431454
21,109.76,59,109.77,09:45:34.753713190
22,109.76,59,109.77,09:45:34.960456638
21,109.76,59,109.77,09:45:35.005590735
22,109.76,59,109.77,09:45:35.046820554
21,109.76,59,109.77,09:45:35.166088413
20,109.76,59,109.77,09:45:35.842861555
19,109.76,59,109.77,09:45:35.845830398
8,109.76,59,109.77,09:45:35.893390203
8,109.76,64,109.77,09:45:35.893627170
7,109.76,64,109.77,09:45:35.893709163
6,109.76,64,109.77,09:45:35.894084695
4,109.76,64,109.77,09:45:35.896843177
2,109.76,64,109.77,09:45:35.908203714
68,109.75,64,109.77,09:45:35.908272588
66,109.75,64,109.77,09:45:35.908916506
62,109.75,64,109.77,09:45:35.909392377
62,109.75,66,109.77,09:45:35.946255271
62,109.75,70,109.77,09:45:35.946794804
62,109.75,72,109.77,09:45:35.947340631
62,109.75,70,109.77,09:45:35.995736307
62,109.75,64,109.77,09:45:35.996293722
63,109.75,64,109.77,09:45:36.254479968
64,109.75,64,109.77,09:45:36.254479968
64,109.75,65,109.77,09:45:36.254549429
64,109.75,66,109.77,09:45:36.254549429
64,109.75,74,109.77,09:45:36.952810390
64,109.75,86,109.77,09:45:36.953323125
64,109.75,1,109.76,09:45:36.972389193
64,109.75,2,109.76,09:45:36.972666764
64,109.75,4,109.76,09:45:36.972666764
64,109.75,6,109.76,09:45:36.972743916
64,109.75,7,109.76,09:45:36.972833388
64,109.75,8,109.76,09:45:36.974725605
64,109.75,9,109.76,09:45:36.975045210
64,109.75,8,109.76,09:45:36.976101076
64,109.75,9,109.76,09:45:36.978572882
64,109.75,10,109.76,09:45:36.979561713
64,109.75,11,109.76,09:45:36.980752464
64,109.75,12,109.76,09:45:36.981354214
64,109.75,23,109.76,09:45:36.985568321
56,109.75,23,109.76,09:45:36.986032444
54,109.75,23,109.76,09:45:36.986298931
54,109.75,43,109.76,09:45:36.986873190
54,109.75,44,109.76,09:45:36.986900809
54,109.75,49,109.76,09:45:36.986922297
53,109.75,49,109.76,09:45:36.987474722
52,109.75,49,109.76,09:45:36.987474722
52,109.75,58,109.76,09:45:36.987754921
53,109.75,58,109.76,09:45:36.988089663
52,109.75,58,109.76,09:45:36.992755961
50,109.75,58,109.76,09:45:36.996024330
49,109.75,58,109.76,09:45:36.997392117
48,109.75,58,109.76,09:45:36.997469929
48,109.75,63,109.76,09:45:37.055158553
48,109.75,54,109.76,09:45:37.274729087
48,109.75,61,109.76,09:45:37.807284123
48,109.75,63,109.76,09:45:37.807393675
45,109.75,63,109.76,09:45:37.816115599
42,109.75,63,109.76,09:45:37.831901354
31,109.75,63,109.76,09:45:38.441565020
27,109.75,63,109.76,09:45:38.441996040
14,109.75,63,109.76,09:45:38.441996040
5,109.75,63,109.76,09:45:38.441996040
4,109.75,63,109.76,09:45:38.442320879
3,109.75,63,109.76,09:45:38.453349092
2,109.75,63,109.76,09:45:38.453418150
1,109.75,63,109.76,09:45:38.455101062
55,109.74,63,109.76,09:45:38.455123215
57,109.74,63,109.76,09:45:38.455191030
58,109.74,63,109.76,09:45:38.455478271
59,109.74,63,109.76,09:45:38.455493021
57,109.74,63,109.76,09:45:38.456415973
59,109.74,63,109.76,09:45:38.457026660
57,109.74,63,109.76,09:45:38.457556398
59,109.74,63,109.76,09:45:38.460276788
61,109.74,63,109.76,09:45:38.460715541
61,109.74,65,109.76,09:45:38.466133262
64,109.74,65,109.76,09:45:38.466452533
67,109.74,65,109.76,09:45:38.466452533
1,109.75,65,109.76,09:45:38.477726633
2,109.75,65,109.76,09:45:38.478420848
3,109.75,65,109.76,09:45:38.487057002
2,109.75,65,109.76,09:45:38.505584746
3,109.75,65,109.76,09:45:38.558182406
4,109.75,65,109.76,09:45:38.619051990
5,109.75,65,109.76,09:45:39.289164992
16,109.75,65,109.76,09:45:39.290260086
17,109.75,65,109.76,09:45:39.305810629
16,109.75,65,109.76,09:45:39.306102594
17,109.75,65,109.76,09:45:39.309926028
18,109.75,65,109.76,09:45:39.313202512
19,109.75,65,109.76,09:45:39.314750479
19,109.75,58,109.76,09:45:39.314823641
19,109.75,56,109.76,09:45:39.314823641
20,109.75,56,109.76,09:45:39.314932930
19,109.75,56,109.76,09:45:39.315144072
20,109.75,56,109.76,09:45:39.315775675
21,109.75,56,109.76,09:45:39.315867464
44,109.75,56,109.76,09:45:39.316078577
44,109.75,51,109.76,09:45:39.316078577
44,109.75,31,109.76,09:45:39.316163160
45,109.75,31,109.76,09:45:39.316434389
45,109.75,29,109.76,09:45:39.321187563
45,109.75,24,109.76,09:45:39.328293036
45,109.75,13,109.76,09:45:39.426161408
45,109.75,24,109.76,09:45:39.693131935
45,109.75,23,109.76,09:45:39.751367776
45,109.75,12,109.76,09:45:39.752273729
45,109.75,10,109.76,09:45:39.752751882
45,109.75,9,109.76,09:45:39.755793581
54,109.75,9,109.76,09:45:39.755885262
55,109.75,9,109.76,09:45:39.755962273
55,109.75,10,109.76,09:45:39.758243378
55,109.75,9,109.76,09:45:39.759805736
55,109.75,10,109.76,09:45:39.760767838
46,109.75,10,109.76,09:45:39.760894193
46,109.75,9,109.76,09:45:39.763590690
46,109.75,10,109.76,09:45:39.765087214
46,109.75,9,109.76,09:45:39.765234286
46,109.75,10,109.76,09:45:39.774402110
46,109.75,9,109.76,09:45:39.819765836
46,109.75,10,109.76,09:45:39.905218353
23,109.75,10,109.76,09:45:40.674698909
23,109.75,17,109.76,09:45:40.674715361
23,109.75,22,109.76,09:45:40.674815607
23,109.75,33,109.76,09:45:40.674815607
23,109.75,53,109.76,09:45:40.674924231
23,109.75,55,109.76,09:45:40.674942934
22,109.75,55,109.76,09:45:40.675127074
21,109.75,55,109.76,09:45:40.675208797
20,109.75,55,109.76,09:45:40.675208797
20,109.75,59,109.76,09:45:40.675229751
20,109.75,60,109.76,09:45:40.675413971
19,109.75,60,109.76,09:45:40.684488468
20,109.75,60,109.76,09:45:40.714003969
21,109.75,60,109.76,09:45:40.714240039
22,109.75,60,109.76,09:45:40.722098229
23,109.75,60,109.76,09:45:40.737069438
22,109.75,60,109.76,09:45:40.738564154
21,109.75,60,109.76,09:45:40.738564154
20,109.75,60,109.76,09:45:40.740555656
19,109.75,60,109.76,09:45:40.742808820
19,109.75,80,109.76,09:45:40.812623742
19,109.75,60,109.76,09:45:40.827724410
19,109.75,80,109.76,09:45:40.882254185
19,109.75,60,109.76,09:45:40.899825332
18,109.75,60,109.76,09:45:41.466607497
17,109.75,60,109.76,09:45:42.157118688
16,109.75,60,109.76,09:45:42.157118688
15,109.75,60,109.76,09:45:42.157210925
14,109.75,60,109.76,09:45:42.157234701
13,109.75,60,109.76,09:45:42.157234701
8,109.75,60,109.76,09:45:42.157234701
7,109.75,60,109.76,09:45:42.157480842
2,109.75,60,109.76,09:45:42.157497581
1,109.75,60,109.76,09:45:42.157576877
83,109.74,60,109.76,09:45:42.157960060
79,109.74,60,109.76,09:45:42.158170339
83,109.74,60,109.76,09:45:42.158239929
71,109.74,60,109.76,09:45:42.158618956
1,109.75,60,109.76,09:45:42.370459925
2,109.75,60,109.76,09:45:42.725736014
3,109.75,60,109.76,09:45:43.075148219
4,109.75,60,109.76,09:45:43.075542894
5,109.75,60,109.76,09:45:43.075793627
4,109.75,60,109.76,09:45:43.076008344
15,109.75,60,109.76,09:45:43.076154855
40,109.75,60,109.76,09:45:43.076534502
44,109.75,60,109.76,09:45:43.085165544
44,109.75,56,109.76,09:45:43.085393367
44,109.75,54,109.76,09:45:43.085418481
45,109.75,54,109.76,09:45:43.085418481
45,109.75,47,109.76,09:45:43.085418481
45,109.75,27,109.76,09:45:43.085546113
46,109.75,27,109.76,09:45:43.085546113
46,109.75,26,109.76,09:45:43.085565329
46,109.75,21,109.76,09:45:43.085565329
47,109.75,21,109.76,09:45:43.085690173
49,109.75,21,109.76,09:45:43.085987671
59,109.75,21,109.76,09:45:43.086088708
57,109.75,21,109.76,09:45:43.086403677
47,109.75,21,109.76,09:45:43.086880071
46,109.75,21,109.76,09:45:43.086998896
45,109.75,21,109.76,09:45:43.099882475
46,109.75,21,109.76,09:45:43.115018164
45,109.75,21,109.76,09:45:43.168899305
46,109.75,21,109.76,09:45:43.189803380
47,109.75,21,109.76,09:45:43.219489240
48,109.75,21,109.76,09:45:43.219803267
47,109.75,21,109.76,09:45:43.220298688
48,109.75,21,109.76,09:45:44.058942070
49,109.75,21,109.76,09:45:44.059182876
48,109.75,21,109.76,09:45:44.060097727
47,109.75,21,109.76,09:45:44.066093598
46,109.75,21,109.76,09:45:44.071403200
47,109.75,21,109.76,09:45:44.087036380
48,109.75,21,109.76,09:45:44.129416883
47,109.75,21,109.76,09:45:44.296572254
46,109.75,21,109.76,09:45:45.164630281
47,109.75,21,109.76,09:45:45.264986383
48,109.75,21,109.76,09:45:45.265126231
54,109.75,21,109.76,09:45:45.271126569
58,109.75,21,109.76,09:45:45.271126569
58,109.75,10,109.76,09:45:45.271246086
52,109.75,10,109.76,09:45:45.275693909
48,109.75,10,109.76,09:45:45.275693909
48,109.75,21,109.76,09:45:45.276061855
47,109.75,21,109.76,09:45:45.278959376
48,109.75,21,109.76,09:45:45.279541296
47,109.75,21,109.76,09:45:45.284365516
48,109.75,21,109.76,09:45:45.284413484
47,109.75,21,109.76,09:45:45.284650876
48,109.75,21,109.76,09:45:45.288537811
47,109.75,21,109.76,09:45:45.291996081
48,109.75,21,109.76,09:45:45.328249931
47,109.75,21,109.76,09:45:45.373538220
48,109.75,21,109.76,09:45:45.543557924
47,109.75,21,109.76,09:45:45.577663940
46,109.75,21,109.76,09:45:45.655371664
47,109.75,21,109.76,09:45:45.853414948
48,109.75,21,109.76,09:45:45.857020814
47,109.75,21,109.76,09:45:46.095876598
46,109.75,21,109.76,09:45:46.238971472
47,109.75,21,109.76,09:45:46.255576632
48,109.75,21,109.76,09:45:46.543613154
54,109.75,21,109.76,09:45:46.544172789
58,109.75,21,109.76,09:45:46.544265460
58,109.75,10,109.76,09:45:46.548022870
54,109.75,10,109.76,09:45:46.549450328
48,109.75,10,109.76,09:45:46.549450328
48,109.75,21,109.76,09:45:46.550714314
48,109.75,20,109.76,09:45:47.649116364
48,109.75,9,109.76,09:45:47.651660695
54,109.75,9,109.76,09:45:47.652353263
58,109.75,9,109.76,09:45:47.652353263
58,109.75,8,109.76,09:45:47.658880895
58,109.75,7,109.76,09:45:47.665011379
58,109.75,6,109.76,09:45:47.665011379
58,109.75,5,109.76,09:45:47.666445056
58,109.75,4,109.76,09:45:47.666543353
58,109.75,2,109.76,09:45:47.666543353
58,109.75,1,109.76,09:45:47.666726953
58,109.75,101,109.77,09:45:47.666726953
58,109.75,1,109.76,09:45:47.667125564
58,109.75,2,109.76,09:45:47.667498463
58,109.75,3,109.76,09:45:47.668198152
58,109.75,4,109.76,09:45:47.669232769
58,109.75,3,109.76,09:45:47.674566142
60,109.75,3,109.76,09:45:47.678100853
62,109.75,3,109.76,09:45:47.678186856
63,109.75,3,109.76,09:45:47.689077361
64,109.75,3,109.76,09:45:47.689156196
64,109.75,2,109.76,09:45:47.729822725
64,109.75,3,109.76,09:45:47.762415731
64,109.75,2,109.76,09:45:47.764344379
74,109.75,2,109.76,09:45:47.787731512
74,109.75,1,109.76,09:45:47.953287407
74,109.75,81,109.77,09:45:47.953388188
74,109.75,79,109.77,09:45:47.954074029
74,109.75,77,109.77,09:45:47.954557729
64,109.75,77,109.77,09:45:47.974840506
64,109.75,73,109.77,09:45:48.044245870
64,109.75,61,109.77,09:45:48.044810148
68,109.75,61,109.77,09:45:48.045033882
70,109.75,61,109.77,09:45:48.045033882
66,109.75,61,109.77,09:45:48.045390557
64,109.75,61,109.77,09:45:48.045786205
74,109.75,61,109.77,09:45:48.065283520
74,109.75,63,109.77,09:45:48.067004440
74,109.75,65,109.77,09:45:48.067301035
74,109.75,1,109.76,09:45:48.070577608
74,109.75,2,109.76,09:45:48.070971032
74,109.75,3,109.76,09:45:48.070988031
74,109.75,4,109.76,09:45:48.071415411
74,109.75,3,109.76,09:45:48.074369924
74,109.75,4,109.76,09:45:48.074773971
74,109.75,3,109.76,09:45:48.076152559
74,109.75,2,109.76,09:45:48.077026757
74,109.75,1,109.76,09:45:48.077129243
74,109.75,77,109.77,09:45:48.077129243
74,109.75,61,109.77,09:45:48.077328433
64,109.75,61,109.77,09:45:48.253799154
66,109.75,61,109.77,09:45:50.009069488
1,109.76,61,109.77,09:45:50.009160368
3,109.76,61,109.77,09:45:50.009376592
28,109.76,61,109.77,09:45:50.009466237
30,109.76,61,109.77,09:45:50.009466237
28,109.76,61,109.77,09:45:50.016032572
3,109.76,61,109.77,09:45:50.020298588
5,109.76,61,109.77,09:45:50.140480543
3,109.76,61,109.77,09:45:50.527674518
1,109.76,61,109.77,09:45:50.527981981
1,109.76,65,109.77,09:45:50.528260342
1,109.76,66,109.77,09:45:50.528500706
82,109.75,66,109.77,09:45:50.528591887
66,109.75,66,109.77,09:45:50.528901179
66,109.75,62,109.77,09:45:50.530224301
66,109.75,61,109.77,09:45:50.530224301
3,109.76,61,109.77,09:45:50.531228346
9,109.76,61,109.77,09:45:50.531546140
3,109.76,61,109.77,09:45:50.539782093
73,109.75,61,109.77,09:45:50.539989879
70,109.75,61,109.77,09:45:50.544520560
66,109.75,61,109.77,09:45:50.544666810
66,109.75,63,109.77,09:45:50.659512189
66,109.75,1,109.76,09:45:50.659823342
66,109.75,3,109.76,09:45:50.660119606
66,109.75,4,109.76,09:45:50.667924132
66,109.75,3,109.76,09:45:50.670267072
66,109.75,4,109.76,09:45:50.717806223
66,109.75,6,109.76,09:45:50.718416629
66,109.75,7,109.76,09:45:50.733723883
66,109.75,8,109.76,09:45:50.733723883
66,109.75,7,109.76,09:45:50.733899060
66,109.75,6,109.76,09:45:50.734041083
66,109.75,7,109.76,09:45:50.789013637
66,109.75,8,109.76,09:45:50.789083752
66,109.75,7,109.76,09:45:50.789151547
66,109.75,6,109.76,09:45:50.789295841
66,109.75,7,109.76,09:45:50.838665650
66,109.75,8,109.76,09:45:50.838835324
66,109.75,9,109.76,09:45:50.838908863
62,109.75,9,109.76,09:45:50.889547756
56,109.75,9,109.76,09:45:50.889616968
56,109.75,10,109.76,09:45:50.889784767
56,109.75,9,109.76,09:45:50.925274073
56,109.75,10,109.76,09:45:51.309588444
56,109.75,21,109.76,09:45:51.334192193
54,109.75,21,109.76,09:45:51.350071772
54,109.75,22,109.76,09:45:51.354009058
53,109.75,22,109.76,09:45:51.355749387
54,109.75,22,109.76,09:45:51.372351709
53,109.75,22,109.76,09:45:51.431313755
54,109.75,22,109.76,09:45:51.448606331
54,109.75,21,109.76,09:45:51.668767633
54,109.75,20,109.76,09:45:51.685685362
54,109.75,19,109.76,09:45:51.685761928
54,109.75,20,109.76,09:45:51.975807728
54,109.75,19,109.76,09:45:52.160358587
54,109.75,20,109.76,09:45:52.394509378
54,109.75,21,109.76,09:45:52.394852093
53,109.75,21,109.76,09:45:52.394997340
54,109.75,21,109.76,09:45:52.396117995
53,109.75,21,109.76,09:45:52.398433265
54,109.75,21,109.76,09:45:52.398813130
53,109.75,21,109.76,09:45:52.459961904
52,109.75,21,109.76,09:45:53.015847127
53,109.75,21,109.76,09:45:53.017289203
54,109.75,21,109.76,09:45:53.022011235
53,109.75,21,109.76,09:45:53.046864732
54,109.75,21,109.76,09:45:53.494898574
53,109.75,21,109.76,09:45:53.556950928
53,109.75,23,109.76,09:45:53.557338461
53,109.75,24,109.76,09:45:53.557338461
52,109.75,24,109.76,09:45:53.557433817
51,109.75,24,109.76,09:45:53.557433817
51,109.75,29,109.76,09:45:53.557879865
52,109.75,29,109.76,09:45:53.558089827
53,109.75,29,109.76,09:45:53.558205864
53,109.75,24,109.76,09:45:53.558788713
52,109.75,24,109.76,09:45:53.558872997
51,109.75,24,109.76,09:45:53.559118101
51,109.75,38,109.76,09:45:53.559212487
51,109.75,49,109.76,09:45:53.559288062
52,109.75,49,109.76,09:45:53.559399953
53,109.75,49,109.76,09:45:53.559486887
52,109.75,49,109.76,09:45:53.559671803
51,109.75,49,109.76,09:45:53.561266333
52,109.75,49,109.76,09:45:53.561573706
53,109.75,49,109.76,09:45:53.561651005
52,109.75,49,109.76,09:45:53.562431773
51,109.75,49,109.76,09:45:53.562505571
50,109.75,49,109.76,09:45:53.570723776
49,109.75,49,109.76,09:45:53.570723776
45,109.75,49,109.76,09:45:53.581128411
46,109.75,49,109.76,09:45:54.743498587
46,109.75,38,109.76,09:45:54.744843111
46,109.75,24,109.76,09:45:54.744862547
47,109.75,24,109.76,09:45:54.744862547
48,109.75,24,109.76,09:45:54.745220582
48,109.75,23,109.76,09:45:54.745220582
47,109.75,23,109.76,09:45:54.766826619
46,109.75,23,109.76,09:45:54.766826619
47,109.75,23,109.76,09:45:54.802239206
46,109.75,23,109.76,09:45:54.811984979
47,109.75,23,109.76,09:45:55.027262722
48,109.75,23,109.76,09:45:55.036330255
48,109.75,22,109.76,09:45:55.633527792
48,109.75,20,109.76,09:45:55.635498101
48,109.75,19,109.76,09:45:55.637160679
58,109.75,19,109.76,09:45:55.637252919
58,109.75,20,109.76,09:45:55.637335694
58,109.75,21,109.76,09:45:55.637899037
48,109.75,21,109.76,09:45:55.638217325
48,109.75,20,109.76,09:45:55.979304846
48,109.75,19,109.76,09:45:55.979373086
48,109.75,20,109.76,09:45:55.988013525
48,109.75,21,109.76,09:45:55.988086130
48,109.75,20,109.76,09:45:56.009690713
48,109.75,21,109.76,09:45:56.090926530
48,109.75,20,109.76,09:45:56.213775425
48,109.75,19,109.76,09:45:56.213986545
48,109.75,20,109.76,09:45:56.214240939
48,109.75,21,109.76,09:45:56.769615494
48,109.75,20,109.76,09:45:56.776510123
48,109.75,19,109.76,09:45:56.776649147
48,109.75,20,109.76,09:45:56.779950921
48,109.75,21,109.76,09:45:56.780020879
48,109.75,20,109.76,09:45:57.044418333
48,109.75,19,109.76,09:45:57.044715169
48,109.75,20,109.76,09:45:57.149884415
48,109.75,21,109.76,09:45:57.245978000
48,109.75,20,109.76,09:45:58.358690657
48,109.75,21,109.76,09:45:58.363215269
48,109.75,20,109.76,09:45:58.580270348
48,109.75,21,109.76,09:45:59.184514287
48,109.75,22,109.76,09:45:59.690476280
47,109.75,22,109.76,09:45:59.690731649
46,109.75,22,109.76,09:45:59.718753256
45,109.75,22,109.76,09:45:59.719006647
45,109.75,39,109.76,09:45:59.777746023
45,109.75,47,109.76,09:45:59.777887152
45,109.75,53,109.76,09:45:59.777968064
45,109.75,56,109.76,09:45:59.778033654
45,109.75,50,109.76,09:46:00.002132171
45,109.75,47,109.76,09:46:00.002240766
45,109.75,56,109.76,09:46:00.339106608
34,109.75,56,109.76,09:46:00.339106608
9,109.75,56,109.76,09:46:00.339584033
9,109.75,65,109.76,09:46:00.339584033
8,109.75,65,109.76,09:46:00.339919693
7,109.75,65,109.76,09:46:00.350905921
6,109.75,65,109.76,09:46:00.350978072
7,109.75,65,109.76,09:46:00.370832194
8,109.75,65,109.76,09:46:00.854887084
19,109.75,65,109.76,09:46:00.855061641
44,109.75,65,109.76,09:46:00.855242665
44,109.75,56,109.76,09:46:01.165650095
33,109.75,56,109.76,09:46:02.928794725
8,109.75,56,109.76,09:46:02.929076611
8,109.75,63,109.76,09:46:02.929148560
8,109.75,65,109.76,09:46:02.929308859
7,109.75,65,109.76,09:46:02.929406698
6,109.75,65,109.76,09:46:02.940132986
5,109.75,65,109.76,09:46:03.093230269
4,109.75,65,109.76,09:46:03.093297472
4,109.75,69,109.76,09:46:03.093396258
4,109.75,70,109.76,09:46:03.093537885
3,109.75,70,109.76,09:46:03.093651549
2,109.75,70,109.76,09:46:03.093814624
1,109.75,70,109.76,09:46:03.093830290
81,109.74,70,109.76,09:46:03.105236423
78,109.74,70,109.76,09:46:03.214532184
1,109.75,70,109.76,09:46:03.571606742
24,109.75,70,109.76,09:46:03.571947848
1,109.75,70,109.76,09:46:03.582638875
78,109.74,70,109.76,09:46:03.583274059
78,109.74,1,109.75,09:46:03.702556256
78,109.74,6,109.75,09:46:03.702943981
78,109.74,7,109.75,09:46:03.703088330
78,109.74,8,109.75,09:46:03.703358252
78,109.74,16,109.75,09:46:03.703484716
74,109.74,16,109.75,09:46:03.703575327
74,109.74,15,109.75,09:46:03.704141596
74,109.74,16,109.75,09:46:03.706064215
74,109.74,17,109.75,09:46:03.708674179
74,109.74,18,109.75,09:46:03.708873984
74,109.74,19,109.75,09:46:03.718961087
74,109.74,18,109.75,09:46:03.719645045
74,109.74,19,109.75,09:46:03.720410088
74,109.74,30,109.75,09:46:03.723547583
74,109.74,34,109.75,09:46:03.727691104
72,109.74,34,109.75,09:46:03.728898210
65,109.74,34,109.75,09:46:03.728981960
65,109.74,30,109.75,09:46:03.738593148
65,109.74,29,109.75,09:46:03.743919554
65,109.74,21,109.75,09:46:03.745821101
65,109.74,22,109.75,09:46:03.786136332
65,109.74,21,109.75,09:46:03.792886394
65,109.74,22,109.75,09:46:03.798431271
65,109.74,21,109.75,09:46:03.985540123
65,109.74,22,109.75,09:46:04.019521637
65,109.74,31,109.75,09:46:04.699129938
64,109.74,31,109.75,09:46:04.699390839
63,109.74,31,109.75,09:46:05.007418969
51,109.74,31,109.75,09:46:05.009888433
40,109.74,31,109.75,09:46:05.010016851
40,109.74,41,109.75,09:46:05.012555086
39,109.74,41,109.75,09:46:05.018763927
39,109.74,46,109.75,09:46:05.446196652
38,109.74,46,109.75,09:46:05.446562502
32,109.74,46,109.75,09:46:05.451820469
32,109.74,69,109.75,09:46:05.453230484
31,109.74,69,109.75,09:46:05.453469886
30,109.74,69,109.75,09:46:05.453604890
29,109.74,69,109.75,09:46:05.486397402
27,109.74,69,109.75,09:46:05.486397402
26,109.74,69,109.75,09:46:05.486469726
25,109.74,69,109.75,09:46:05.539475092
18,109.74,69,109.75,09:46:05.539674821
5,109.74,69,109.75,09:46:05.539674821
4,109.74,69,109.75,09:46:05.540085068
2,109.74,69,109.75,09:46:05.540085068
88,109.73,69,109.75,09:46:05.540168989
89,109.73,69,109.75,09:46:05.540651852
90,109.73,69,109.75,09:46:05.540668592
86,109.73,69,109.75,09:46:05.541095858
89,109.73,69,109.75,09:46:05.551407062
92,109.73,69,109.75,09:46:05.551479573
89,109.73,69,109.75,09:46:05.556211085
85,109.73,69,109.75,09:46:05.556577409
86,109.73,69,109.75,09:46:05.560284943
86,109.73,70,109.75,09:46:05.560284943
86,109.73,78,109.75,09:46:05.620249693
88,109.73,78,109.75,09:46:05.620332433
88,109.73,2,109.74,09:46:05.621798706
88,109.73,13,109.74,09:46:05.621840037
77,109.73,13,109.74,09:46:05.621840037
77,109.73,14,109.74,09:46:05.622148895
70,109.73,14,109.74,09:46:05.622239212
68,109.73,14,109.74,09:46:05.622426287
68,109.73,16,109.74,09:46:05.622709486
68,109.73,25,109.74,09:46:05.622841678
68,109.73,27,109.74,09:46:05.622871496
68,109.73,28,109.74,09:46:05.622871496
66,109.73,28,109.74,09:46:05.622871496
54,109.73,28,109.74,09:46:05.623022223
54,109.73,29,109.74,09:46:05.623046876
65,109.73,29,109.74,09:46:05.623678072
65,109.73,30,109.74,09:46:05.624152974
65,109.73,29,109.74,09:46:05.624718554
65,109.73,20,109.74,09:46:05.649454023
65,109.73,18,109.74,09:46:05.649957242
65,109.73,17,109.74,09:46:05.654299373
65,109.73,16,109.74,09:46:05.654299373
65,109.73,5,109.74,09:46:05.669190499
65,109.73,3,109.74,09:46:05.669190499
77,109.73,3,109.74,09:46:05.669319434
77,109.73,4,109.74,09:46:05.671963713
77,109.73,5,109.74,09:46:05.678875763
77,109.73,6,109.74,09:46:05.702960925
77,109.73,5,109.74,09:46:05.703172822
77,109.73,4,109.74,09:46:05.713233282
77,109.73,6,109.74,09:46:05.721519136
77,109.73,5,109.74,09:46:05.733528692
77,109.73,3,109.74,09:46:05.733528692
77,109.73,1,109.74,09:46:05.733676663
87,109.73,1,109.74,09:46:05.733802622
87,109.73,3,109.74,09:46:05.794053100
87,109.73,1,109.74,09:46:05.827346246
87,109.73,78,109.75,09:46:05.838900424
1,109.74,78,109.75,09:46:05.838916241
1,109.74,66,109.75,09:46:05.839264839
87,109.73,66,109.75,09:46:05.839355742
89,109.73,66,109.75,09:46:05.839676362
89,109.73,62,109.75,09:46:05.839676362
99,109.73,62,109.75,09:46:05.843350200
99,109.73,66,109.75,09:46:05.843602117
103,109.73,66,109.75,09:46:05.934648023
101,109.73,66,109.75,09:46:05.935010970
91,109.73,66,109.75,09:46:06.030941201
91,109.73,1,109.74,09:46:06.042624806
91,109.73,3,109.74,09:46:06.042863394
87,109.73,3,109.74,09:46:06.043331547
91,109.73,3,109.74,09:46:06.143671867
91,109.73,4,109.74,09:46:06.201760100
87,109.73,4,109.74,09:46:06.201760100
87,109.73,5,109.74,09:46:06.206086741
97,109.73,5,109.74,09:46:06.316842861
97,109.73,6,109.74,09:46:06.374614720
87,109.73,6,109.74,09:46:06.384806037
87,109.73,7,109.74,09:46:06.384873318
87,109.73,18,109.74,09:46:06.385053430
87,109.73,19,109.74,09:46:06.385053430
87,109.73,20,109.74,09:46:06.385452591
87,109.73,19,109.74,09:46:06.385985150
87,109.73,20,109.74,09:46:06.391831611
87,109.73,19,109.74,09:46:06.404004802
87,109.73,8,109.74,09:46:06.442433650
87,109.73,7,109.74,09:46:06.484778489
87,109.73,6,109.74,09:46:06.484999611
87,109.73,5,109.74,09:46:06.485532502
87,109.73,4,109.74,09:46:06.485822427
77,109.73,4,109.74,09:46:06.504539609
87,109.73,4,109.74,09:46:06.598089717
87,109.73,6,109.74,09:46:06.670046973
87,109.73,17,109.74,09:46:06.674656357
87,109.73,6,109.74,09:46:06.677964313
77,109.73,6,109.74,09:46:06.786536547
77,109.73,17,109.74,09:46:06.791106288
77,109.73,26,109.74,09:46:06.932958936
65,109.73,26,109.74,09:46:07.026899677
77,109.73,26,109.74,09:46:07.142880609
77,109.73,17,109.74,09:46:07.161761165
77,109.73,18,109.74,09:46:07.624273964
77,109.73,19,109.74,09:46:07.644072211
77,109.73,18,109.74,09:46:07.654918480
77,109.73,19,109.74,09:46:07.692281884
77,109.73,18,109.74,09:46:07.773416454
77,109.73,17,109.74,09:46:07.970029561
77,109.73,6,109.74,09:46:07.970899924
77,109.73,7,109.74,09:46:07.971380311
77,109.73,18,109.74,09:46:07.995853775
77,109.73,7,109.74,09:46:08.031892521
77,109.73,18,109.74,09:46:08.040994544
77,109.73,19,109.74,09:46:09.114111407
77,109.73,18,109.74,09:46:09.155646239
77,109.73,19,109.74,09:46:09.904504825
77,109.73,18,109.74,09:46:09.917724950
77,109.73,19,109.74,09:46:10.882816869
77,109.73,18,109.74,09:46:10.911571630
77,109.73,20,109.74,09:46:12.039157373
77,109.73,21,109.74,09:46:12.039245474
77,109.73,22,109.74,09:46:12.039245474
77,109.73,23,109.74,09:46:12.046016200
76,109.73,23,109.74,09:46:12.057081731
76,109.73,33,109.74,09:46:12.059568336
75,109.73,33,109.74,09:46:12.059583523
64,109.73,33,109.74,09:46:12.059743358
63,109.73,33,109.74,09:46:12.059805086
51,109.73,33,109.74,09:46:12.060186619
52,109.73,33,109.74,09:46:12.060762458
53,109.73,33,109.74,09:46:12.060936359
54,109.73,33,109.74,09:46:12.061491533
66,109.73,33,109.74,09:46:12.062596982
54,109.73,33,109.74,09:46:12.066262845
53,109.73,33,109.74,09:46:12.066370800
52,109.73,33,109.74,09:46:12.066442317
53,109.73,33,109.74,09:46:12.074085624
54,109.73,33,109.74,09:46:12.076897941
53,109.73,33,109.74,09:46:12.110229922
52,109.73,33,109.74,09:46:12.111727748
51,109.73,33,109.74,09:46:12.132047785
52,109.73,33,109.74,09:46:12.261887519
53,109.73,33,109.74,09:46:12.262044175
54,109.73,33,109.74,09:46:12.262191103
54,109.73,23,109.74,09:46:12.284851490
66,109.73,23,109.74,09:46:12.285228899
65,109.73,23,109.74,09:46:12.606416451
66,109.73,23,109.74,09:46:13.019735936
66,109.73,22,109.74,09:46:13.087561292
66,109.73,21,109.74,09:46:13.087820098
66,109.73,22,109.74,09:46:13.139608187
66,109.73,21,109.74,09:46:13.139726555
77,109.73,21,109.74,09:46:13.367044485
77,109.73,19,109.74,09:46:13.622129502
77,109.73,18,109.74,09:46:13.622317954
77,109.73,16,109.74,09:46:13.622341195
77,109.73,15,109.74,09:46:13.622602459
84,109.73,15,109.74,09:46:13.622625186
84,109.73,13,109.74,09:46:13.622625186
84,109.73,2,109.74,09:46:13.622699135
88,109.73,2,109.74,09:46:13.622824142
108,109.73,2,109.74,09:46:13.622842847
108,109.73,1,109.74,09:46:13.622884855
88,109.73,1,109.74,09:46:13.623238602
89,109.73,1,109.74,09:46:13.633974154
90,109.73,1,109.74,09:46:13.634090465
91,109.73,1,109.74,09:46:13.697456731
101,109.73,1,109.74,09:46:13.737153124
101,109.73,78,109.75,09:46:14.106707265
101,109.73,66,109.75,09:46:14.107035407
1,109.74,66,109.75,09:46:14.108465822
2,109.74,66,109.75,09:46:14.108772400
2,109.74,62,109.75,09:46:14.108898855
1,109.74,62,109.75,09:46:14.108898855
103,109.73,62,109.75,09:46:14.112020894
103,109.73,66,109.75,09:46:14.112197617
2,109.74,66,109.75,09:46:14.112274378
2,109.74,62,109.75,09:46:14.112434209
4,109.74,62,109.75,09:46:14.112524036
5,109.74,62,109.75,09:46:14.117499921
3,109.74,62,109.75,09:46:14.120208553
2,109.74,62,109.75,09:46:14.120680568
115,109.73,62,109.75,09:46:14.120950171
1,109.74,62,109.75,09:46:14.121266648
103,109.73,62,109.75,09:46:14.121965207
103,109.73,66,109.75,09:46:14.218982364
93,109.73,66,109.75,09:46:14.222962648
93,109.73,71,109.75,09:46:14.907940957
92,109.73,71,109.75,09:46:14.908033653
93,109.73,71,109.75,09:46:14.908112533
92,109.73,71,109.75,09:46:14.909750472
93,109.73,71,109.75,09:46:14.910118388
86,109.73,71,109.75,09:46:15.517671397
82,109.73,71,109.75,09:46:15.517927790
82,109.73,2,109.74,09:46:15.518259398
82,109.73,13,109.74,09:46:15.518358826
82,109.73,14,109.74,09:46:15.518380413
81,109.73,14,109.74,09:46:15.518471488
81,109.73,24,109.74,09:46:15.518796532
81,109.73,26,109.74,09:46:15.518904391
81,109.73,27,109.74,09:46:15.518922899
81,109.73,30,109.74,09:46:15.519074888
82,109.73,30,109.74,09:46:15.519258656
82,109.73,29,109.74,09:46:15.519700189
82,109.73,26,109.74,09:46:15.520028370
81,109.73,26,109.74,09:46:15.520055275
81,109.73,24,109.74,09:46:15.520138090
81,109.73,14,109.74,09:46:15.520156137
79,109.73,14,109.74,09:46:15.520447765
79,109.73,16,109.74,09:46:15.520630002
83,109.73,16,109.74,09:46:15.521866592
79,109.73,16,109.74,09:46:15.522418359
79,109.73,14,109.74,09:46:15.523125470
79,109.73,12,109.74,09:46:15.523208004
79,109.73,13,109.74,09:46:15.523739426
79,109.73,12,109.74,09:46:15.523980615
79,109.73,13,109.74,09:46:15.528213427
79,109.73,14,109.74,09:46:15.528552829
80,109.73,14,109.74,09:46:15.528858214
80,109.73,15,109.74,09:46:15.529745296
80,109.73,24,109.74,09:46:15.529843609
80,109.73,25,109.74,09:46:15.529864028
79,109.73,25,109.74,09:46:15.530005108
79,109.73,24,109.74,09:46:15.530140252
79,109.73,25,109.74,09:46:15.571779250
79,109.73,24,109.74,09:46:15.592118059
79,109.73,15,109.74,09:46:15.607239318
79,109.73,4,109.74,09:46:15.607366576
79,109.73,5,109.74,09:46:15.610087377
79,109.73,16,109.74,09:46:15.610298735
79,109.73,26,109.74,09:46:15.629407618
79,109.73,27,109.74,09:46:15.629657419
79,109.73,26,109.74,09:46:15.910025192
79,109.73,27,109.74,09:46:15.910210341
79,109.73,26,109.74,09:46:15.912001181
79,109.73,27,109.74,09:46:16.260084785
79,109.73,28,109.74,09:46:16.488116651
79,109.73,29,109.74,09:46:16.488355948
68,109.73,29,109.74,09:46:16.488495070
68,109.73,30,109.74,09:46:16.499174573
68,109.73,31,109.74,09:46:16.619866677
67,109.73,31,109.74,09:46:16.620145664
67,109.73,32,109.74,09:46:16.624163319
66,109.73,32,109.74,09:46:16.624655414
65,109.73,32,109.74,09:46:16.629015414
64,109.73,32,109.74,09:46:16.629232307
64,109.73,33,109.74,09:46:16.629855052
65,109.73,33,109.74,09:46:16.633739424
66,109.73,33,109.74,09:46:16.650168654
67,109.73,33,109.74,09:46:16.725061950
68,109.73,33,109.74,09:46:16.725134301
67,109.73,33,109.74,09:46:16.726680454
66,109.73,33,109.74,09:46:16.726826355
67,109.73,33,109.74,09:46:16.756296299
68,109.73,33,109.74,09:46:16.756364942
68,109.73,23,109.74,09:46:16.760683295
68,109.73,22,109.74,09:46:16.940703199
68,109.73,21,109.74,09:46:16.987079426
79,109.73,21,109.74,09:46:16.987238700
79,109.73,20,109.74,09:46:17.033654873
79,109.73,19,109.74,09:46:17.033742482
79,109.73,18,109.74,09:46:17.033922447
79,109.73,17,109.74,09:46:17.034020620
79,109.73,16,109.74,09:46:17.051539187
79,109.73,5,109.74,09:46:17.190555164
79,109.73,4,109.74,09:46:17.190752640
79,109.73,3,109.74,09:46:17.190848969
79,109.73,2,109.74,09:46:17.190927023
88,109.73,2,109.74,09:46:17.191010860
92,109.73,2,109.74,09:46:17.191093409
92,109.73,1,109.74,09:46:17.193455105
92,109.73,2,109.74,09:46:17.193611868
92,109.73,3,109.74,09:46:17.193970365
92,109.73,2,109.74,09:46:17.197704971
92,109.73,3,109.74,09:46:17.200445979
92,109.73,2,109.74,09:46:17.257678376
92,109.73,3,109.74,09:46:17.258085924
93,109.73,3,109.74,09:46:17.258334925
93,109.73,2,109.74,09:46:17.258503808
93,109.73,1,109.74,09:46:17.258619578
93,109.73,2,109.74,09:46:17.261582504
93,109.73,13,109.74,09:46:17.262313047
93,109.73,16,109.74,09:46:17.262313047
92,109.73,16,109.74,09:46:17.262327306
92,109.73,13,109.74,09:46:17.335279880
92,109.73,2,109.74,09:46:17.337348252
92,109.73,3,109.74,09:46:17.337650733
92,109.73,4,109.74,09:46:17.337766205
92,109.73,3,109.74,09:46:17.341893505
92,109.73,2,109.74,09:46:17.344317948
92,109.73,3,109.74,09:46:17.344509240
92,109.73,4,109.74,09:46:17.350750228
92,109.73,5,109.74,09:46:17.363331381
92,109.73,6,109.74,09:46:17.376966712
92,109.73,5,109.74,09:46:17.749323687
92,109.73,4,109.74,09:46:17.753324174
92,109.73,5,109.74,09:46:17.857120806
92,109.73,6,109.74,09:46:17.857275769
92,109.73,5,109.74,09:46:17.996166198
92,109.73,4,109.74,09:46:17.996325564
92,109.73,6,109.74,09:46:18.003368868
92,109.73,4,109.74,09:46:18.004245213
92,109.73,5,109.74,09:46:18.007524430
92,109.73,6,109.74,09:46:18.007782625
92,109.73,5,109.74,09:46:18.008481705
92,109.73,4,109.74,09:46:18.008627972
92,109.73,3,109.74,09:46:18.012779325
92,109.73,2,109.74,09:46:18.017313499
92,109.73,3,109.74,09:46:18.030040002
92,109.73,4,109.74,09:46:18.030193701
92,109.73,3,109.74,09:46:18.042485894
92,109.73,2,109.74,09:46:18.042649568
92,109.73,3,109.74,09:46:18.053287781
92,109.73,4,109.74,09:46:18.053437995
92,109.73,3,109.74,09:46:18.074149043
92,109.73,2,109.74,09:46:18.074237594
92,109.73,1,109.74,09:46:18.074528089
92,109.73,78,109.75,09:46:18.074528089
93,109.73,78,109.75,09:46:18.074688578
93,109.73,66,109.75,09:46:18.074929987
93,109.73,68,109.75,09:46:18.074929987
93,109.73,66,109.75,09:46:18.075540686
93,109.73,86,109.75,09:46:18.105767616
92,109.73,86,109.75,09:46:18.354786843
92,109.73,2,109.74,09:46:18.354881163
92,109.73,4,109.74,09:46:18.355124248
92,109.73,9,109.74,09:46:18.355226850
92,109.73,10,109.74,09:46:18.355226850
92,109.73,5,109.74,09:46:18.846853743
92,109.73,3,109.74,09:46:18.847013432
92,109.73,1,109.74,09:46:18.852881361
92,109.73,2,109.74,09:46:19.815497431
92,109.73,4,109.74,09:46:19.815668935
92,109.73,2,109.74,09:46:20.144513491
93,109.73,2,109.74,09:46:20.144776128
93,109.73,1,109.74,09:46:20.144776128
93,109.73,3,109.74,09:46:20.144935966
92,109.73,3,109.74,09:46:20.144997987
93,109.73,3,109.74,09:46:20.183824651
93,109.73,1,109.74,09:46:20.284842002
93,109.73,2,109.74,09:46:20.353571053
93,109.73,3,109.74,09:46:20.353694336
93,109.73,2,109.74,09:46:20.598417410
93,109.73,1,109.74,09:46:20.598664883
93,109.73,98,109.75,09:46:20.600207195
93,109.73,78,109.75,09:46:20.644793196
93,109.73,66,109.75,09:46:20.915663177
4,109.74,66,109.75,09:46:22.129628076
5,109.74,66,109.75,09:46:22.130191902
19,109.74,66,109.75,09:46:22.130413797
30,109.74,66,109.75,09:46:22.130435764
31,109.74,66,109.75,09:46:22.130435764
32,109.74,66,109.75,09:46:22.130458357
32,109.74,62,109.75,09:46:22.130458357
34,109.74,62,109.75,09:46:22.130458357
34,109.74,52,109.75,09:46:22.130772517
46,109.74,52,109.75,09:46:22.130983438
46,109.74,46,109.75,09:46:22.131101620
45,109.74,46,109.75,09:46:22.131125687
45,109.74,23,109.75,09:46:22.131125687
43,109.74,23,109.75,09:46:22.131139702
44,109.74,23,109.75,09:46:22.138696105
45,109.74,23,109.75,09:46:22.138949493
44,109.74,23,109.75,09:46:22.140662122
43,109.74,23,109.75,09:46:22.141232590
44,109.74,23,109.75,09:46:22.144224111
45,109.74,23,109.75,09:46:22.145670798
46,109.74,23,109.75,09:46:22.149950238
47,109.74,23,109.75,09:46:22.150058760
48,109.74,23,109.75,09:46:22.171132355
49,109.74,23,109.75,09:46:22.187709263
48,109.74,23,109.75,09:46:22.195380704
48,109.74,30,109.75,09:46:22.226166667
36,109.74,30,109.75,09:46:22.226166667
36,109.74,23,109.75,09:46:22.332121074
48,109.74,23,109.75,09:46:22.344727045
49,109.74,23,109.75,09:46:23.011320146
48,109.74,23,109.75,09:46:23.112308818
49,109.74,23,109.75,09:46:23.229959427
48,109.74,23,109.75,09:46:23.234898787
49,109.74,23,109.75,09:46:24.399606884
60,109.74,23,109.75,09:46:24.399802849
60,109.74,22,109.75,09:46:24.401745350
49,109.74,22,109.75,09:46:24.919548835
48,109.74,22,109.75,09:46:24.919775164
48,109.74,29,109.75,09:46:24.919864777
49,109.74,29,109.75,09:46:25.109551144
48,109.74,29,109.75,09:46:25.457875549
49,109.74,29,109.75,09:46:26.619504604
49,109.74,22,109.75,09:46:26.933753420
60,109.74,22,109.75,09:46:26.933938747
60,109.74,21,109.75,09:46:26.944179374
60,109.74,22,109.75,09:46:26.944777927
60,109.74,21,109.75,09:46:26.946097586
60,109.74,20,109.75,09:46:26.976244661
69,109.74,20,109.75,09:46:27.009487306
73,109.74,20,109.75,09:46:27.009591396
73,109.74,19,109.75,09:46:27.349138482
73,109.74,8,109.75,09:46:27.349314225
73,109.74,7,109.75,09:46:27.349519564
73,109.74,2,109.75,09:46:27.349699045
73,109.74,1,109.75,09:46:27.350293454
73,109.74,3,109.75,09:46:27.350516971
73,109.74,1,109.75,09:46:27.351173697
73,109.74,88,109.76,09:46:27.353355468
73,109.74,1,109.75,09:46:27.353416757
73,109.74,2,109.75,09:46:27.353911566
73,109.74,1,109.75,09:46:27.354327234
73,109.74,89,109.76,09:46:27.354942005
75,109.74,89,109.76,09:46:27.364652849
77,109.74,89,109.76,09:46:27.364732288
87,109.74,89,109.76,09:46:27.460212770
77,109.74,89,109.76,09:46:27.648432370
81,109.74,89,109.76,09:46:31.334124951
81,109.74,80,109.76,09:46:33.286326210
81,109.74,68,109.76,09:46:33.286576810
77,109.74,68,109.76,09:46:33.462742858
77,109.74,66,109.76,09:46:33.630753842
77,109.74,59,109.76,09:46:33.630838348
78,109.74,59,109.76,09:46:33.631816284
77,109.74,59,109.76,09:46:33.658546511
78,109.74,59,109.76,09:46:33.744837052
78,109.74,71,109.76,09:46:34.113654787
77,109.74,71,109.76,09:46:34.114799969
81,109.74,71,109.76,09:46:34.373993992
77,109.74,71,109.76,09:46:34.445808945
4,109.75,71,109.76,09:46:34.480973126
4,109.75,59,109.76,09:46:34.481334891
24,109.75,59,109.76,09:46:34.481583583
31,109.75,59,109.76,09:46:34.481682517
32,109.75,59,109.76,09:46:34.481781000
34,109.75,59,109.76,09:46:34.481781000
35,109.75,59,109.76,09:46:34.481808146
35,109.75,55,109.76,09:46:34.481902693
46,109.75,55,109.76,09:46:34.481943160
58,109.75,55,109.76,09:46:34.482079761
47,109.75,55,109.76,09:46:34.482253028
47,109.75,47,109.76,09:46:34.482253028
47,109.75,30,109.76,09:46:34.482253028
46,109.75,30,109.76,09:46:34.482357979
45,109.75,30,109.76,09:46:34.482419487
45,109.75,24,109.76,09:46:34.482419487
43,109.75,24,109.76,09:46:34.482542245
44,109.75,24,109.76,09:46:34.482608590
45,109.75,24,109.76,09:46:34.483101517
44,109.75,24,109.76,09:46:34.483101517
45,109.75,24,109.76,09:46:34.483311950
44,109.75,24,109.76,09:46:34.483574359
43,109.75,24,109.76,09:46:34.483574359
43,109.75,31,109.76,09:46:34.483652737
44,109.75,31,109.76,09:46:34.484168365
43,109.75,31,109.76,09:46:34.484512925
43,109.75,24,109.76,09:46:34.484583533
44,109.75,24,109.76,09:46:34.484995050
43,109.75,24,109.76,09:46:34.485278189
44,109.75,24,109.76,09:46:34.485682305
44,109.75,25,109.76,09:46:34.487473984
44,109.75,26,109.76,09:46:34.488276931
32,109.75,26,109.76,09:46:34.488869069
31,109.75,26,109.76,09:46:34.490402537
31,109.75,27,109.76,09:46:34.490563062
31,109.75,28,109.76,09:46:34.491990856
11,109.75,28,109.76,09:46:34.495771970
4,109.75,28,109.76,09:46:34.495771970
4,109.75,31,109.76,09:46:34.496029699
5,109.75,31,109.76,09:46:34.496216113
1,109.75,31,109.76,09:46:34.496602872
77,109.74,31,109.76,09:46:34.500034335
77,109.74,53,109.76,09:46:34.500301851
77,109.74,65,109.76,09:46:34.500301851
77,109.74,77,109.76,09:46:34.500401883
78,109.74,77,109.76,09:46:34.500401883
77,109.74,77,109.76,09:46:34.505314094
81,109.74,77,109.76,09:46:34.506528512
81,109.74,6,109.75,09:46:34.561512703
81,109.74,8,109.75,09:46:34.562212852
81,109.74,9,109.75,09:46:34.562212852
81,109.74,18,109.75,09:46:34.562381031
81,109.74,29,109.75,09:46:34.562475207
81,109.74,28,109.75,09:46:34.562492284
77,109.74,28,109.75,09:46:34.562492284
73,109.74,28,109.75,09:46:34.562700891
64,109.74,28,109.75,09:46:34.562808945
64,109.74,17,109.75,09:46:34.562808945
64,109.74,18,109.75,09:46:34.563079991
64,109.74,9,109.75,09:46:34.566552036
64,109.74,7,109.75,09:46:34.566816807
64,109.74,9,109.75,09:46:34.567048072
64,109.74,7,109.75,09:46:34.567616990
64,109.74,1,109.75,09:46:34.568695484
64,109.74,3,109.75,09:46:34.568854160
64,109.74,4,109.75,09:46:34.569390528
64,109.74,5,109.75,09:46:34.569483215
64,109.74,6,109.75,09:46:34.569597110
64,109.74,5,109.75,09:46:34.571603451
64,109.74,6,109.75,09:46:34.571968651
64,109.74,5,109.75,09:46:34.573559843
64,109.74,4,109.75,09:46:34.573800428
64,109.74,5,109.75,09:46:34.575512551
64,109.74,6,109.75,09:46:34.577577668
64,109.74,7,109.75,09:46:34.577782240
64,109.74,6,109.75,09:46:34.578771465
64,109.74,5,109.75,09:46:34.578861772
64,109.74,6,109.75,09:46:34.579255849
64,109.74,7,109.75,09:46:34.579408095
75,109.74,7,109.75,09:46:34.683990270
75,109.74,6,109.75,09:46:34.684281802
75,109.74,5,109.75,09:46:34.684281802
75,109.74,7,109.75,09:46:34.684620349
75,109.74,8,109.75,09:46:34.890481022
75,109.74,9,109.75,09:46:35.006931041
75,109.74,17,109.75,09:46:35.007042913
75,109.74,28,109.75,09:46:35.007065054
75,109.74,29,109.75,09:46:35.007065054
75,109.74,30,109.75,09:46:35.007150832
64,109.74,30,109.75,09:46:35.007707194
63,109.74,30,109.75,09:46:38.424196350
52,109.74,30,109.75,09:46:38.424385929
51,109.74,30,109.75,09:46:38.424450204
50,109.74,30,109.75,09:46:38.424555484
38,109.74,30,109.75,09:46:38.425523310
38,109.74,34,109.75,09:46:38.425694670
38,109.74,35,109.75,09:46:38.425764497
38,109.74,55,109.75,09:46:38.425960604
38,109.74,66,109.75,09:46:38.425976976
38,109.74,71,109.75,09:46:38.425976976
37,109.74,71,109.75,09:46:38.426223716
38,109.74,71,109.75,09:46:38.449149118
39,109.74,71,109.75,09:46:38.449307758
40,109.74,71,109.75,09:46:38.449684183
40,109.74,60,109.75,09:46:38.449732093
39,109.74,60,109.75,09:46:38.449732093
38,109.74,60,109.75,09:46:38.461148550
37,109.74,60,109.75,09:46:38.470306332
38,109.74,60,109.75,09:46:38.524899238
39,109.74,60,109.75,09:46:38.532089531
38,109.74,60,109.75,09:46:38.734347596
37,109.74,60,109.75,09:46:38.750493236
38,109.74,60,109.75,09:46:39.877809122
37,109.74,60,109.75,09:46:39.931117421
38,109.74,60,109.75,09:46:40.246745536
39,109.74,60,109.75,09:46:40.474729302
50,109.74,60,109.75,09:46:40.479109507
50,109.74,55,109.75,09:46:40.479301456
50,109.74,35,109.75,09:46:40.479377603
50,109.74,31,109.75,09:46:40.483652733
51,109.74,31,109.75,09:46:40.483715743
63,109.74,31,109.75,09:46:40.483801788
63,109.74,30,109.75,09:46:40.483816905
63,109.74,22,109.75,09:46:40.484088454
62,109.74,22,109.75,09:46:40.757185339
51,109.74,22,109.75,09:46:40.775975227
39,109.74,22,109.75,09:46:40.776146542
38,109.74,22,109.75,09:46:40.778510563
37,109.74,22,109.75,09:46:40.778862163
38,109.74,22,109.75,09:46:40.785763851
49,109.74,22,109.75,09:46:40.786018113
50,109.74,22,109.75,09:46:40.786018113
51,109.74,22,109.75,09:46:40.799979960
63,109.74,22,109.75,09:46:40.800069514
62,109.74,22,109.75,09:46:43.047634952
63,109.74,22,109.75,09:46:43.050897259
62,109.74,22,109.75,09:46:43.773007951
62,109.74,37,109.75,09:46:43.773007951
62,109.74,41,109.75,09:46:43.773007951
61,109.74,41,109.75,09:46:43.773007951
60,109.74,41,109.75,09:46:43.773156786
60,109.74,68,109.75,09:46:43.773362433
48,109.74,68,109.75,09:46:43.773362433
37,109.74,68,109.75,09:46:43.773765602
36,109.74,68,109.75,09:46:43.773944645
36,109.74,73,109.75,09:46:43.774510565
25,109.74,73,109.75,09:46:43.777292626
11,109.74,73,109.75,09:46:43.777309836
10,109.74,73,109.75,09:46:43.777826630
11,109.74,73,109.75,09:46:43.778799480
12,109.74,73,109.75,09:46:43.779077378
13,109.74,73,109.75,09:46:43.779184165
12,109.74,73,109.75,09:46:43.780344266
11,109.74,73,109.75,09:46:43.780689690
12,109.74,73,109.75,09:46:43.780990723
13,109.74,73,109.75,09:46:43.781840802
12,109.74,73,109.75,09:46:43.782304927
11,109.74,73,109.75,09:46:43.782304927
10,109.74,73,109.75,09:46:43.782377843
11,109.74,73,109.75,09:46:43.783608104
12,109.74,73,109.75,09:46:43.784360052
13,109.74,73,109.75,09:46:43.784387595
12,109.74,73,109.75,09:46:43.784929309
11,109.74,73,109.75,09:46:43.785261539
10,109.74,73,109.75,09:46:43.785371433
21,109.74,73,109.75,09:46:43.785518762
20,109.74,73,109.75,09:46:43.786984028
32,109.74,73,109.75,09:46:43.790907360
32,109.74,46,109.75,09:46:43.790932041
33,109.74,46,109.75,09:46:43.790932041
33,109.74,31,109.75,09:46:43.790932041
32,109.74,31,109.75,09:46:43.792014014
32,109.74,27,109.75,09:46:43.792846242
33,109.74,27,109.75,09:46:43.793071909
34,109.74,27,109.75,09:46:43.794560481
34,109.74,22,109.75,09:46:43.795171136
35,109.74,22,109.75,09:46:43.795417802
34,109.74,22,109.75,09:46:43.795698669
33,109.74,22,109.75,09:46:43.795862275
34,109.74,22,109.75,09:46:43.798179665
33,109.74,22,109.75,09:46:43.804471795
32,109.74,22,109.75,09:46:43.834038511
33,109.74,22,109.75,09:46:43.834838274
34,109.74,22,109.75,09:46:43.835073736
35,109.74,22,109.75,09:46:43.835073736
34,109.74,22,109.75,09:46:43.844874001
35,109.74,22,109.75,09:46:43.845131940
34,109.74,22,109.75,09:46:43.847630684
35,109.74,22,109.75,09:46:43.849970238
34,109.74,22,109.75,09:46:43.856753763
35,109.74,22,109.75,09:46:43.864787306
64,109.74,22,109.75,09:46:43.877674497
65,109.74,22,109.75,09:46:43.877811925
65,109.74,24,109.75,09:46:44.106836658
65,109.74,51,109.75,09:46:44.106945080
65,109.74,52,109.75,09:46:44.107035666
64,109.74,52,109.75,09:46:44.107055381
64,109.74,67,109.75,09:46:44.107055381
63,109.74,67,109.75,09:46:44.107140987
62,109.74,67,109.75,09:46:44.107489134
33,109.74,67,109.75,09:46:44.107507716
21,109.74,67,109.75,09:46:44.107610558
20,109.74,67,109.75,09:46:44.107610558
20,109.74,72,109.75,09:46:44.107634689
19,109.74,72,109.75,09:46:44.107793786
8,109.74,72,109.75,09:46:44.107811259
9,109.74,72,109.75,09:46:44.108304273
8,109.74,72,109.75,09:46:44.108646391
9,109.74,72,109.75,09:46:44.108803603
10,109.74,72,109.75,09:46:44.109106026
9,109.74,72,109.75,09:46:44.109204224
8,109.74,72,109.75,09:46:44.109434186
9,109.74,72,109.75,09:46:44.111378201
8,109.74,72,109.75,09:46:44.112456155
9,109.74,72,109.75,09:46:44.113232903
11,109.74,72,109.75,09:46:44.113232903
12,109.74,72,109.75,09:46:44.113473017
11,109.74,72,109.75,09:46:44.113473017
9,109.74,72,109.75,09:46:44.113549101
10,109.74,72,109.75,09:46:44.113898944
11,109.74,72,109.75,09:46:44.113898944
12,109.74,72,109.75,09:46:44.113969975
11,109.74,72,109.75,09:46:44.114551757
10,109.74,72,109.75,09:46:44.114897977
9,109.74,72,109.75,09:46:44.115129411
8,109.74,72,109.75,09:46:44.115246107
9,109.74,72,109.75,09:46:44.118152836
10,109.74,72,109.75,09:46:44.118221329
6,109.74,72,109.75,09:46:44.123880791
5,109.74,72,109.75,09:46:44.135185244
4,109.74,72,109.75,09:46:44.135320066
3,109.74,72,109.75,09:46:44.135410395
2,109.74,72,109.75,09:46:44.135410395
1,109.74,72,109.75,09:46:44.135494459
103,109.73,72,109.75,09:46:44.135494459
101,109.73,72,109.75,09:46:44.135683479
97,109.73,72,109.75,09:46:44.135994516
97,109.73,92,109.75,09:46:44.286339928
97,109.73,94,109.75,09:46:44.286663333
97,109.73,74,109.75,09:46:45.067974176
97,109.73,86,109.75,09:46:46.912469037
96,109.73,86,109.75,09:46:46.912555776
92,109.73,86,109.75,09:46:46.912629181
92,109.73,96,109.75,09:46:46.951672448
92,109.73,99,109.75,09:46:46.963648648
92,109.73,103,109.75,09:46:47.175999762
92,109.73,105,109.75,09:46:47.234339579
92,109.73,107,109.75,09:46:47.912356004
92,109.73,105,109.75,09:46:48.478490407
94,109.73,105,109.75,09:46:48.478747895
96,109.73,105,109.75,09:46:48.478820396
96,109.73,89,109.75,09:46:48.478919398
96,109.73,77,109.75,09:46:48.479032048
98,109.73,77,109.75,09:46:48.479288688
96,109.73,77,109.75,09:46:48.479522226
92,109.73,77,109.75,09:46:48.479678686
92,109.73,74,109.75,09:46:48.491518052
92,109.73,76,109.75,09:46:48.524799127
92,109.73,78,109.75,09:46:49.808141461
92,109.73,80,109.75,09:46:49.855291016
92,109.73,78,109.75,09:46:50.039351365
92,109.73,76,109.75,09:46:50.203468711
92,109.73,74,109.75,09:46:50.656875836
92,109.73,86,109.75,09:46:51.705161962
92,109.73,94,109.75,09:46:51.705496419
92,109.73,102,109.75,09:46:51.705878764
92,109.73,105,109.75,09:46:51.717388295
92,109.73,103,109.75,09:46:51.807428856
92,109.73,97,109.75,09:46:51.808093390
92,109.73,99,109.75,09:46:51.908581780
92,109.73,101,109.75,09:46:51.917536762
92,109.73,103,109.75,09:46:51.917823748
92,109.73,101,109.75,09:46:51.920173349
92,109.73,99,109.75,09:46:51.921233259
92,109.73,101,109.75,09:46:51.970435417
92,109.73,109,109.75,09:46:51.978582209
92,109.73,1,109.74,09:46:51.978931720
92,109.73,3,109.74,09:46:51.979179426
92,109.73,4,109.74,09:46:51.979266834
92,109.73,6,109.74,09:46:51.979266834
92,109.73,7,109.74,09:46:51.979352519
92,109.73,8,109.74,09:46:51.980120382
92,109.73,9,109.74,09:46:51.980345889
92,109.73,8,109.74,09:46:51.980652647
92,109.73,10,109.74,09:46:52.197694642
92,109.73,11,109.74,09:46:52.206576448
92,109.73,10,109.74,09:46:52.206743695
92,109.73,11,109.74,09:46:52.791534555
92,109.73,12,109.74,09:46:52.791749954
88,109.73,12,109.74,09:46:52.791840040
79,109.73,12,109.74,09:46:52.791840040
79,109.73,13,109.74,09:46:52.791911531
79,109.73,14,109.74,09:46:52.791992261
79,109.73,25,109.74,09:46:52.792076536
86,109.73,25,109.74,09:46:52.797349634
86,109.73,24,109.74,09:46:52.819669851
79,109.73,24,109.74,09:46:52.820483146
79,109.73,23,109.74,09:46:52.820628132
79,109.73,12,109.74,09:46:52.828443340
79,109.73,23,109.74,09:46:53.037280735
79,109.73,24,109.74,09:46:53.037486730
79,109.73,25,109.74,09:46:53.037566097
79,109.73,24,109.74,09:46:53.138674082
79,109.73,23,109.74,09:46:53.142226067
79,109.73,12,109.74,09:46:54.019600104
79,109.73,10,109.74,09:46:54.045594018
79,109.73,11,109.74,09:46:54.856187456
79,109.73,12,109.74,09:46:54.856306638
79,109.73,23,109.74,09:46:54.856413076
86,109.73,23,109.74,09:46:55.114028711
86,109.73,21,109.74,09:46:55.352661746
86,109.73,20,109.74,09:46:55.352758431
86,109.73,19,109.74,09:46:55.352842926
86,109.73,18,109.74,09:46:55.352842926
86,109.73,7,109.74,09:46:55.352909675
86,109.73,6,109.74,09:46:55.353184686
86,109.73,5,109.74,09:46:55.353249550
86,109.73,6,109.74,09:46:55.353403841
86,109.73,7,109.74,09:46:55.353751646
86,109.73,5,109.74,09:46:55.354305665
86,109.73,4,109.74,09:46:55.357185029
86,109.73,3,109.74,09:46:55.357545277
86,109.73,2,109.74,09:46:55.357545277
86,109.73,1,109.74,09:46:55.357545277
86,109.73,2,109.74,09:46:55.357611237
86,109.73,3,109.74,09:46:55.357611237
86,109.73,2,109.74,09:46:55.361502092
86,109.73,1,109.74,09:46:55.361694206
86,109.73,3,109.74,09:46:55.363096804
86,109.73,1,109.74,09:46:55.363369936
79,109.73,1,109.74,09:46:55.371489162
79,109.73,144,109.75,09:46:55.371783559
89,109.73,144,109.75,09:46:55.475860179
89,109.73,124,109.75,09:46:55.481524899
104,109.73,124,109.75,09:46:55.553625276
104,109.73,110,109.75,09:46:55.553801996
106,109.73,110,109.75,09:46:55.554099256
106,109.73,104,109.75,09:46:55.554290578
110,109.73,104,109.75,09:46:55.554527317
110,109.73,89,109.75,09:46:55.566712589
110,109.73,86,109.75,09:46:55.567107494
110,109.73,74,109.75,09:46:55.567227949
110,109.73,86,109.75,09:46:55.597713739
108,109.73,86,109.75,09:46:55.597810491
106,109.73,86,109.75,09:46:55.597810491
104,109.73,86,109.75,09:46:55.598184405
104,109.73,74,109.75,09:46:55.648506227
106,109.73,74,109.75,09:46:55.648656601
110,109.73,74,109.75,09:46:55.648761366
100,109.73,74,109.75,09:46:55.662800907
110,109.73,74,109.75,09:46:56.952345389
110,109.73,47,109.75,09:46:58.336957592
110,109.73,42,109.75,09:46:58.336972854
110,109.73,27,109.75,09:46:58.336972854
24,109.74,27,109.75,09:46:58.337064837
24,109.74,25,109.75,09:46:58.337232678
35,109.74,25,109.75,09:46:58.337273999
47,109.74,25,109.75,09:46:58.337607359
49,109.74,25,109.75,09:46:58.337680396
50,109.74,25,109.75,09:46:58.337680396
51,109.74,25,109.75,09:46:58.337680396
52,109.74,25,109.75,09:46:58.337873764
51,109.74,25,109.75,09:46:58.338194027
39,109.74,25,109.75,09:46:58.347934200
39,109.74,54,109.75,09:46:58.442007793
39,109.74,61,109.75,09:46:58.442072856
38,109.74,61,109.75,09:46:58.442259685
27,109.74,61,109.75,09:46:59.034166253
27,109.74,77,109.75,09:46:59.034339907
27,109.74,61,109.75,09:47:00.014501162
28,109.74,61,109.75,09:47:00.015701529
27,109.74,61,109.75,09:47:00.015806530
38,109.74,61,109.75,09:47:00.015872130
39,109.74,61,109.75,09:47:00.016591531
38,109.74,61,109.75,09:47:00.016993954
38,109.74,32,109.75,09:47:00.017112949
50,109.74,32,109.75,09:47:00.017198648
51,109.74,32,109.75,09:47:00.017641544
52,109.74,32,109.75,09:47:00.017772685
52,109.74,25,109.75,09:47:00.017793143
51,109.74,25,109.75,09:47:00.019084480
52,109.74,25,109.75,09:47:00.019729548
52,109.74,24,109.75,09:47:00.020573039
52,109.74,22,109.75,09:47:00.020573039
51,109.74,22,109.75,09:47:00.026253704
52,109.74,22,109.75,09:47:00.027353908
40,109.74,22,109.75,09:47:00.028013565
39,109.74,22,109.75,09:47:00.028013565
40,109.74,22,109.75,09:47:00.028872601
52,109.74,22,109.75,09:47:00.029460972
52,109.74,21,109.75,09:47:00.045556465
52,109.74,22,109.75,09:47:00.046502788
52,109.74,21,109.75,09:47:00.048434770
52,109.74,22,109.75,09:47:00.058318871
52,109.74,21,109.75,09:47:00.058546434
52,109.74,22,109.75,09:47:00.060520452
52,109.74,21,109.75,09:47:00.080770767
52,109.74,20,109.75,09:47:00.104901092
64,109.74,20,109.75,09:47:00.116708900
67,109.74,20,109.75,09:47:00.116808925
67,109.74,19,109.75,09:47:00.165925650
67,109.74,17,109.75,09:47:00.165991669
67,109.74,18,109.75,09:47:00.167454097
67,109.74,19,109.75,09:47:00.167820416
67,109.74,18,109.75,09:47:00.170408056
67,109.74,17,109.75,09:47:00.170547187
67,109.74,6,109.75,09:47:00.171223915
69,109.74,6,109.75,09:47:00.171429169
69,109.74,8,109.75,09:47:00.171651799
67,109.74,8,109.75,09:47:00.171901315
67,109.74,6,109.75,09:47:00.172700327
67,109.74,7,109.75,09:47:00.172889162
67,109.74,6,109.75,09:47:00.173140365
67,109.74,7,109.75,09:47:00.173916338
67,109.74,18,109.75,09:47:00.175115669
67,109.74,17,109.75,09:47:00.177395692
67,109.74,6,109.75,09:47:00.178506380
67,109.74,5,109.75,09:47:00.178729468
67,109.74,4,109.75,09:47:00.182997884
67,109.74,3,109.75,09:47:00.183079964
67,109.74,2,109.75,09:47:00.184155534
67,109.74,97,109.76,09:47:00.184499823
67,109.74,1,109.75,09:47:00.184849195
71,109.74,1,109.75,09:47:00.185158320
71,109.74,2,109.75,09:47:00.185399211
71,109.74,3,109.75,09:47:00.185757316
69,109.74,3,109.75,09:47:00.186542323
71,109.74,3,109.75,09:47:00.186894587
69,109.74,3,109.75,09:47:00.188101560
71,109.74,3,109.75,09:47:00.188448920
71,109.74,2,109.75,09:47:00.189015909
71,109.74,3,109.75,09:47:00.189508276
71,109.74,2,109.75,09:47:00.189557269
71,109.74,3,109.75,09:47:00.189637730
71,109.74,2,109.75,09:47:00.189871895
71,109.74,3,109.75,09:47:00.190385510
71,109.74,2,109.75,09:47:00.190492884
71,109.74,1,109.75,09:47:00.190738942
71,109.74,2,109.75,09:47:00.191188198
71,109.74,1,109.75,09:47:00.191293642
71,109.74,2,109.75,09:47:00.191471114
71,109.74,3,109.75,09:47:00.191622227
71,109.74,5,109.75,09:47:00.191697069
71,109.74,3,109.75,09:47:00.192112545
71,109.74,4,109.75,09:47:00.193852711
71,109.74,5,109.75,09:47:00.195077249
71,109.74,6,109.75,09:47:00.195666890
71,109.74,7,109.75,09:47:00.198146174
71,109.74,8,109.75,09:47:00.198233525
71,109.74,9,109.75,09:47:00.198320658
71,109.74,10,109.75,09:47:00.198402053
67,109.74,10,109.75,09:47:00.198553806
67,109.74,21,109.75,09:47:00.199664100
67,109.74,20,109.75,09:47:00.666273201
67,109.74,9,109.75,09:47:00.735208553
71,109.74,9,109.75,09:47:00.775815612
71,109.74,8,109.75,09:47:00.834957153
71,109.74,7,109.75,09:47:00.835026913
71,109.74,8,109.75,09:47:00.835659588
71,109.74,7,109.75,09:47:00.897038606
71,109.74,8,109.75,09:47:00.936814924
71,109.74,9,109.75,09:47:01.097373099
71,109.74,8,109.75,09:47:01.106510210
71,109.74,7,109.75,09:47:01.122599216
71,109.74,6,109.75,09:47:01.122668794
71,109.74,7,109.75,09:47:01.125881454
71,109.74,8,109.75,09:47:01.126087832
67,109.74,8,109.75,09:47:01.263848698
71,109.74,8,109.75,09:47:01.395204944
67,109.74,8,109.75,09:47:01.529474837
71,109.74,8,109.75,09:47:01.630113545
67,109.74,8,109.75,09:47:01.663673918
71,109.74,8,109.75,09:47:01.764332647
67,109.74,8,109.75,09:47:01.797837853
71,109.74,8,109.75,09:47:01.932075339
71,109.74,19,109.75,09:47:02.135311249
67,109.74,19,109.75,09:47:02.136011897
67,109.74,20,109.75,09:47:02.684856516
67,109.74,21,109.75,09:47:02.685418864
55,109.74,21,109.75,09:47:02.685449047
52,109.74,21,109.75,09:47:02.685449047
52,109.74,22,109.75,09:47:02.685564170
40,109.74,22,109.75,09:47:02.685947654
40,109.74,21,109.75,09:47:02.694405889
40,109.74,20,109.75,09:47:02.700581782
52,109.74,20,109.75,09:47:02.700819907
52,109.74,21,109.75,09:47:02.729596880
52,109.74,20,109.75,09:47:02.729696031
65,109.74,20,109.75,09:47:02.787414639
65,109.74,21,109.75,09:47:04.133058248
65,109.74,20,109.75,09:47:04.209229045
65,109.74,21,109.75,09:47:04.284431880
65,109.74,30,109.75,09:47:04.936812812
52,109.74,30,109.75,09:47:04.936905246
52,109.74,31,109.75,09:47:04.937156700
52,109.74,22,109.75,09:47:05.001950588
52,109.74,21,109.75,09:47:05.002138559
52,109.74,20,109.75,09:47:05.685090086
52,109.74,21,109.75,09:47:06.681776107
52,109.74,22,109.75,09:47:06.687089118
52,109.74,21,109.75,09:47:06.806120999
52,109.74,20,109.75,09:47:06.806120999
52,109.74,21,109.75,09:47:06.930771289
52,109.74,22,109.75,09:47:06.931185426
52,109.74,21,109.75,09:47:07.064693681
52,109.74,20,109.75,09:47:07.064838990
52,109.74,21,109.75,09:47:07.072315385
52,109.74,22,109.75,09:47:07.072376572
52,109.74,21,109.75,09:47:07.229686421
52,109.74,20,109.75,09:47:07.229823813
52,109.74,21,109.75,09:47:07.338486773
52,109.74,22,109.75,09:47:07.338556837
52,109.74,21,109.75,09:47:07.606200520
52,109.74,20,109.75,09:47:07.606264280
67,109.74,20,109.75,09:47:07.640641332
67,109.74,9,109.75,09:47:07.641229219
67,109.74,8,109.75,09:47:07.641375220
67,109.74,19,109.75,09:47:07.642775746
67,109.74,20,109.75,09:47:07.644075422
67,109.74,19,109.75,09:47:07.644616280
67,109.74,20,109.75,09:47:08.763888208
67,109.74,19,109.75,09:47:08.904407027
67,109.74,20,109.75,09:47:08.906289570
67,109.74,19,109.75,09:47:08.906941598
66,109.74,19,109.75,09:47:09.026890223
51,109.74,19,109.75,09:47:09.027130802
51,109.74,20,109.75,09:47:09.027217499
51,109.74,21,109.75,09:47:09.027217499
51,109.74,28,109.75,09:47:09.027451733
57,109.74,28,109.75,09:47:09.037906900
57,109.74,21,109.75,09:47:09.073008307
57,109.74,20,109.75,09:47:09.244764830
57,109.74,19,109.75,09:47:09.244831818
57,109.74,20,109.75,09:47:09.245278842
57,109.74,21,109.75,09:47:10.064255845
57,109.74,20,109.75,09:47:10.064321941
57,109.74,19,109.75,09:47:10.064427864
57,109.74,27,109.75,09:47:10.064756658
57,109.74,28,109.75,09:47:10.064981447
57,109.74,29,109.75,09:47:10.065065473
57,109.74,28,109.75,09:47:10.065226248
57,109.74,27,109.75,09:47:10.065226248
57,109.74,28,109.75,09:47:10.075276183
57,109.74,29,109.75,09:47:10.075347582
57,109.74,28,109.75,09:47:10.091408776
57,109.74,20,109.75,09:47:10.199008020
57,109.74,19,109.75,09:47:10.199168305
57,109.74,20,109.75,09:47:10.271007924
57,109.74,19,109.75,09:47:11.021096852
57,109.74,20,109.75,09:47:11.400085309
57,109.74,19,109.75,09:47:11.667835752
65,109.74,19,109.75,09:47:11.850369064
65,109.74,8,109.75,09:47:11.850489563
72,109.74,8,109.75,09:47:11.850552370
82,109.74,8,109.75,09:47:11.961751103
82,109.74,7,109.75,09:47:12.598793195
82,109.74,6,109.75,09:47:12.599399646
82,109.74,7,109.75,09:47:12.617482016
82,109.74,8,109.75,09:47:12.617633443
82,109.74,7,109.75,09:47:12.629763134
82,109.74,6,109.75,09:47:12.630229128
82,109.74,7,109.75,09:47:12.654551774
82,109.74,8,109.75,09:47:12.654709678
82,109.74,19,109.75,09:47:12.682073633
82,109.74,8,109.75,09:47:12.782292604
72,109.74,8,109.75,09:47:12.795936973
82,109.74,8,109.75,09:47:12.894882520
82,109.74,7,109.75,09:47:13.645548482
82,109.74,8,109.75,09:47:13.645712839
82,109.74,7,109.75,09:47:13.650906834
82,109.74,8,109.75,09:47:13.652702752
82,109.74,7,109.75,09:47:13.657418899
82,109.74,6,109.75,09:47:13.657492441
82,109.74,5,109.75,09:47:13.657769063
82,109.74,4,109.75,09:47:13.657934883
82,109.74,6,109.75,09:47:13.658140533
82,109.74,5,109.75,09:47:13.658214169
82,109.74,3,109.75,09:47:13.658366205
82,109.74,4,109.75,09:47:13.659061364
82,109.74,5,109.75,09:47:13.659211986
82,109.74,4,109.75,09:47:13.659595452
82,109.74,5,109.75,09:47:13.660045925
82,109.74,4,109.75,09:47:13.660440229
82,109.74,3,109.75,09:47:13.660600923
82,109.74,4,109.75,09:47:13.660905928
82,109.74,5,109.75,09:47:13.660971326
82,109.74,4,109.75,09:47:13.661186414
82,109.74,3,109.75,09:47:13.661260702
82,109.74,2,109.75,09:47:13.661430462
82,109.74,1,109.75,09:47:13.662377498
82,109.74,85,109.76,09:47:13.662474012
82,109.74,1,109.75,09:47:13.662814736
82,109.74,3,109.75,09:47:13.663080787
82,109.74,1,109.75,09:47:13.663230544
82,109.74,83,109.76,09:47:13.666029437
85,109.74,83,109.76,09:47:13.675801919
85,109.74,2,109.75,09:47:13.684312270
85,109.74,3,109.75,09:47:13.684494596
85,109.74,4,109.75,09:47:13.684569636
85,109.74,3,109.75,09:47:13.685816186
82,109.74,3,109.75,09:47:13.687196694
82,109.74,5,109.75,09:47:13.688567125
82,109.74,6,109.75,09:47:13.689782868
82,109.74,4,109.75,09:47:13.721092568
82,109.74,3,109.75,09:47:13.724529932
82,109.74,4,109.75,09:47:13.729329470
82,109.74,5,109.75,09:47:13.729616470
82,109.74,4,109.75,09:47:13.732907257
82,109.74,3,109.75,09:47:13.733147225
82,109.74,2,109.75,09:47:13.753593429
82,109.74,3,109.75,09:47:13.772579317
82,109.74,4,109.75,09:47:13.772723550
82,109.74,5,109.75,09:47:13.772925432
72,109.74,5,109.75,09:47:13.779579258
82,109.74,5,109.75,09:47:13.795025244
82,109.74,4,109.75,09:47:13.795211234
82,109.74,3,109.75,09:47:13.795363749
82,109.74,4,109.75,09:47:13.805381010
82,109.74,5,109.75,09:47:13.805533317
82,109.74,4,109.75,09:47:13.813350143
82,109.74,3,109.75,09:47:13.813502678
82,109.74,2,109.75,09:47:13.825858999
82,109.74,85,109.76,09:47:13.826156343
82,109.74,83,109.76,09:47:13.826561580
85,109.74,83,109.76,09:47:13.827299273
75,109.74,83,109.76,09:47:13.980613667
75,109.74,1,109.75,09:47:13.991485490
75,109.74,2,109.75,09:47:13.991641599
75,109.74,1,109.75,09:47:14.001503691
75,109.74,85,109.76,09:47:14.001647230
75,109.74,83,109.76,09:47:14.001974727
85,109.74,83,109.76,09:47:14.105377309
75,109.74,83,109.76,09:47:14.292759481
75,109.74,1,109.75,09:47:14.371089357
75,109.74,83,109.76,09:47:14.553543908
75,109.74,4,109.75,09:47:14.665471505
75,109.74,6,109.75,09:47:14.665766327
75,109.74,8,109.75,09:47:14.665766327
75,109.74,6,109.75,09:47:14.694285527
75,109.74,7,109.75,09:47:14.721651720
75,109.74,8,109.75,09:47:14.721809819
72,109.74,8,109.75,09:47:14.729875915
72,109.74,4,109.75,09:47:14.964502556
72,109.74,3,109.75,09:47:14.964680571
72,109.74,1,109.75,09:47:14.964697758
72,109.74,91,109.76,09:47:14.964786373
72,109.74,1,109.75,09:47:14.964951013
76,109.74,1,109.75,09:47:14.965348417
72,109.74,1,109.75,09:47:14.984734826
72,109.74,83,109.76,09:47:15.223249365
76,109.74,83,109.76,09:47:15.223853312
72,109.74,83,109.76,09:47:15.253164451
72,109.74,1,109.75,09:47:15.510895948
72,109.74,3,109.75,09:47:15.511117843
72,109.74,5,109.75,09:47:15.511210464
72,109.74,7,109.75,09:47:15.511210464
72,109.74,8,109.75,09:47:15.515082842
72,109.74,9,109.75,09:47:15.519943325
72,109.74,10,109.75,09:47:15.521360968
72,109.74,11,109.75,09:47:15.522023020
64,109.74,11,109.75,09:47:15.522269169
64,109.74,19,109.75,09:47:15.522395845
64,109.74,20,109.75,09:47:15.522430364
64,109.74,21,109.75,09:47:15.522430364
57,109.74,21,109.75,09:47:15.522449346
57,109.74,22,109.75,09:47:15.522842577
57,109.74,33,109.75,09:47:15.522843883
57,109.74,32,109.75,09:47:15.522910862
57,109.74,21,109.75,09:47:15.523773540
57,109.74,13,109.75,09:47:15.524444490
57,109.74,12,109.75,09:47:15.524553162
59,109.74,12,109.75,09:47:15.524724460
57,109.74,12,109.75,09:47:15.525381692
57,109.74,13,109.75,09:47:15.525495222
57,109.74,14,109.75,09:47:15.525495222
57,109.74,25,109.75,09:47:15.525513705
57,109.74,24,109.75,09:47:15.525578246
57,109.74,23,109.75,09:47:15.527674482
57,109.74,12,109.75,09:47:15.527756744
57,109.74,11,109.75,09:47:15.531702751
67,109.74,11,109.75,09:47:15.621873710
72,109.74,11,109.75,09:47:15.622038855
72,109.74,12,109.75,09:47:15.729334174
72,109.74,23,109.75,09:47:15.731084886
72,109.74,33,109.75,09:47:15.736539465
72,109.74,32,109.75,09:47:15.842354842
72,109.74,33,109.75,09:47:16.124829507
72,109.74,32,109.75,09:47:16.125263582
72,109.74,33,109.75,09:47:16.133458496
72,109.74,32,109.75,09:47:16.168546903
72,109.74,22,109.75,09:47:16.534668340
72,109.74,11,109.75,09:47:16.534852199
72,109.74,22,109.75,09:47:16.646347310
72,109.74,31,109.75,09:47:16.646549809
72,109.74,32,109.75,09:47:16.646627982
72,109.74,31,109.75,09:47:16.646865735
72,109.74,32,109.75,09:47:17.079732031
72,109.74,31,109.75,09:47:17.255259478
62,109.74,31,109.75,09:47:17.800849852
57,109.74,31,109.75,09:47:17.800924595
57,109.74,32,109.75,09:47:17.801031168
57,109.74,33,109.75,09:47:17.801101590
57,109.74,32,109.75,09:47:17.889497974
57,109.74,33,109.75,09:47:17.889764832
57,109.74,24,109.75,09:47:19.002006589
57,109.74,23,109.75,09:47:19.003050217
57,109.74,22,109.75,09:47:19.003306520
57,109.74,23,109.75,09:47:20.031226905
67,109.74,23,109.75,09:47:20.144723980
67,109.74,22,109.75,09:47:20.144827896
72,109.74,22,109.75,09:47:20.144827896
72,109.74,11,109.75,09:47:20.144979675
72,109.74,9,109.75,09:47:21.344491786
76,109.74,9,109.75,09:47:21.576075138
72,109.74,9,109.75,09:47:21.578162762
72,109.74,8,109.75,09:47:21.950316507
72,109.74,7,109.75,09:47:21.953608959
72,109.74,5,109.75,09:47:21.954857432
72,109.74,4,109.75,09:47:21.957074489
72,109.74,2,109.75,09:47:21.958816898
72,109.74,1,109.75,09:47:21.959164338
72,109.74,87,109.76,09:47:21.959440837
72,109.74,85,109.76,09:47:21.959662519
72,109.74,3,109.75,09:47:21.959878020
76,109.74,3,109.75,09:47:21.960139025
76,109.74,4,109.75,09:47:21.960139025
76,109.74,6,109.75,09:47:21.960220007
72,109.74,6,109.75,09:47:21.960915353
72,109.74,4,109.75,09:47:21.961168672
72,109.74,6,109.75,09:47:21.979741748
72,109.74,5,109.75,09:47:22.017432058
72,109.74,3,109.75,09:47:22.018821030
72,109.74,4,109.75,09:47:22.051265810
72,109.74,5,109.75,09:47:22.051452598
72,109.74,2,109.75,09:47:22.071513969
72,109.74,1,109.75,09:47:22.071513969
72,109.74,87,109.76,09:47:22.071513969
75,109.74,87,109.76,09:47:22.071781346
80,109.74,87,109.76,09:47:22.071781346
80,109.74,83,109.76,09:47:22.072051348
84,109.74,83,109.76,09:47:22.072225633
79,109.74,83,109.76,09:47:22.072748654
75,109.74,83,109.76,09:47:22.085162709
75,109.74,1,109.75,09:47:22.421564247
75,109.74,2,109.75,09:47:22.670547691
75,109.74,1,109.75,09:47:23.271031218
75,109.74,91,109.76,09:47:23.275821925
75,109.74,1,109.75,09:47:23.279605887
75,109.74,91,109.76,09:47:24.459045973
75,109.74,1,109.75,09:47:24.477206977
75,109.74,3,109.75,09:47:25.162045243
75,109.74,1,109.75,09:47:25.372302864
80,109.74,1,109.75,09:47:25.373178699
80,109.74,91,109.76,09:47:25.373277306
4,109.75,91,109.76,09:47:25.374118700
8,109.75,91,109.76,09:47:25.374447622
41,109.75,91,109.76,09:47:25.374555816
41,109.75,79,109.76,09:47:25.374555816
42,109.75,79,109.76,09:47:25.374841966
42,109.75,71,109.76,09:47:25.374938333
41,109.75,71,109.76,09:47:25.377819280
41,109.75,81,109.76,09:47:25.383919897
37,109.75,81,109.76,09:47:25.384307967
4,109.75,81,109.76,09:47:25.385096104
4,109.75,80,109.76,09:47:25.406269485
86,109.74,80,109.76,09:47:25.411121779
82,109.74,80,109.76,09:47:25.411594428
78,109.74,80,109.76,09:47:25.412000654
78,109.74,1,109.75,09:47:25.413232802
78,109.74,4,109.75,09:47:25.413510283
78,109.74,5,109.75,09:47:25.413691665
78,109.74,6,109.75,09:47:25.413767819
78,109.74,7,109.75,09:47:25.414308421
78,109.74,9,109.75,09:47:25.415242023
78,109.74,7,109.75,09:47:25.416003389
78,109.74,6,109.75,09:47:25.417722780
78,109.74,7,109.75,09:47:25.419220344
78,109.74,8,109.75,09:47:25.420447372
78,109.74,7,109.75,09:47:25.420814394
78,109.74,6,109.75,09:47:25.421624240
78,109.74,7,109.75,09:47:25.424055006
78,109.74,6,109.75,09:47:25.436374892
78,109.74,7,109.75,09:47:25.438845774
78,109.74,8,109.75,09:47:25.438987622
78,109.74,9,109.75,09:47:25.481441306
78,109.74,8,109.75,09:47:25.481592449
78,109.74,9,109.75,09:47:25.485341162
78,109.74,10,109.75,09:47:25.485518974
78,109.74,11,109.75,09:47:25.485598424
78,109.74,12,109.75,09:47:25.485662996
78,109.74,11,109.75,09:47:25.511903154
78,109.74,12,109.75,09:47:25.524540572
78,109.74,13,109.75,09:47:25.525535774
73,109.74,13,109.75,09:47:25.525558276
63,109.74,13,109.75,09:47:25.525660258
63,109.74,22,109.75,09:47:25.525849194
63,109.74,33,109.75,09:47:25.525869312
63,109.74,34,109.75,09:47:25.525885267
60,109.74,34,109.75,09:47:25.547613795
57,109.74,34,109.75,09:47:25.550991792
56,109.74,34,109.75,09:47:25.557714632
57,109.74,34,109.75,09:47:25.656527535
57,109.74,33,109.75,09:47:25.916562756
57,109.74,24,109.75,09:47:25.916576724
57,109.74,23,109.75,09:47:25.916666817
57,109.74,12,109.75,09:47:25.916707121
57,109.74,23,109.75,09:47:25.916707121
69,109.74,23,109.75,09:47:25.928200748
72,109.74,23,109.75,09:47:25.928200748
72,109.74,12,109.75,09:47:25.928427244
72,109.74,11,109.75,09:47:26.711023539
72,109.74,10,109.75,09:47:26.712638053
72,109.74,11,109.75,09:47:26.714884109
72,109.74,12,109.75,09:47:26.715074442
73,109.74,12,109.75,09:47:29.197654287
73,109.74,11,109.75,09:47:29.197920668
73,109.74,10,109.75,09:47:29.198167486
73,109.74,9,109.75,09:47:29.198220375
73,109.74,8,109.75,09:47:29.198220375
74,109.74,8,109.75,09:47:29.198221218
74,109.74,7,109.75,09:47:29.198569029
75,109.74,7,109.75,09:47:29.198605448
75,109.74,6,109.75,09:47:29.198746193
75,109.74,5,109.75,09:47:29.199042470
75,109.74,4,109.75,09:47:29.199042470
75,109.74,3,109.75,09:47:29.199176056
75,109.74,119,109.76,09:47:29.199799358
75,109.74,117,109.76,09:47:29.200952883
75,109.74,1,109.75,09:47:29.201114643
75,109.74,2,109.75,09:47:29.201280979
75,109.74,3,109.75,09:47:29.367801635
75,109.74,5,109.75,09:47:29.367996093
75,109.74,3,109.75,09:47:29.473626401
75,109.74,5,109.75,09:47:29.520628432
75,109.74,6,109.75,09:47:29.540683707
75,109.74,4,109.75,09:47:29.721704958
75,109.74,5,109.75,09:47:29.722008945
75,109.74,6,109.75,09:47:29.722188139
75,109.74,5,109.75,09:47:29.925540936
75,109.74,4,109.75,09:47:30.022545074
75,109.74,6,109.75,09:47:30.096618331
75,109.74,7,109.75,09:47:30.357758241
75,109.74,8,109.75,09:47:30.415850047
75,109.74,9,109.75,09:47:30.417486657
75,109.74,10,109.75,09:47:30.417739286
75,109.74,9,109.75,09:47:30.417867393
75,109.74,20,109.75,09:47:30.420075900
75,109.74,21,109.75,09:47:30.420307188
75,109.74,22,109.75,09:47:30.420372395
75,109.74,23,109.75,09:47:30.420541570
75,109.74,22,109.75,09:47:30.420629356
75,109.74,21,109.75,09:47:30.420716411
75,109.74,10,109.75,09:47:30.612902303
75,109.74,9,109.75,09:47:30.631280228
75,109.74,8,109.75,09:47:30.631865846
75,109.74,7,109.75,09:47:30.631977983
75,109.74,5,109.75,09:47:30.632463516
75,109.74,4,109.75,09:47:30.632829790
75,109.74,3,109.75,09:47:30.633025077
75,109.74,4,109.75,09:47:30.633130892
75,109.74,5,109.75,09:47:30.633377551
75,109.74,4,109.75,09:47:30.633830903
75,109.74,3,109.75,09:47:30.634021247
75,109.74,2,109.75,09:47:30.634705024
75,109.74,1,109.75,09:47:30.634944692
79,109.74,1,109.75,09:47:30.635787069
79,109.74,107,109.76,09:47:30.635998749
79,109.74,1,109.75,09:47:30.637232408
79,109.74,3,109.75,09:47:30.637523212
79,109.74,1,109.75,09:47:30.637795371
75,109.74,1,109.75,09:47:30.638130439
75,109.74,2,109.75,09:47:30.641942364
75,109.74,1,109.75,09:47:30.644209735
75,109.74,2,109.75,09:47:30.663971527
75,109.74,3,109.75,09:47:30.664200252
75,109.74,2,109.75,09:47:30.691155969
75,109.74,1,109.75,09:47:30.691303835
75,109.74,107,109.76,09:47:30.707515129
75,109.74,1,109.75,09:47:31.035099007
75,109.74,2,109.75,09:47:31.608801931
75,109.74,3,109.75,09:47:31.608997071
75,109.74,4,109.75,09:47:31.609124005
75,109.74,5,109.75,09:47:31.610103842
75,109.74,4,109.75,09:47:31.655326760
75,109.74,3,109.75,09:47:31.655546201
75,109.74,4,109.75,09:47:31.761733402
75,109.74,5,109.75,09:47:31.761874739
75,109.74,4,109.75,09:47:31.844574561
75,109.74,3,109.75,09:47:31.844734808
75,109.74,5,109.75,09:47:32.195821381
75,109.74,6,109.75,09:47:32.196863748
75,109.74,7,109.75,09:47:32.197000970
75,109.74,5,109.75,09:47:32.467975896
75,109.74,6,109.75,09:47:32.468151282
75,109.74,7,109.75,09:47:32.468219953
75,109.74,6,109.75,09:47:32.469028602
75,109.74,7,109.75,09:47:32.469401312
75,109.74,6,109.75,09:47:32.469667274
75,109.74,5,109.75,09:47:32.470419658
75,109.74,6,109.75,09:47:32.470594035
75,109.74,7,109.75,09:47:32.470907688
75,109.74,6,109.75,09:47:32.476481051
75,109.74,5,109.75,09:47:32.476778924
75,109.74,4,109.75,09:47:32.476846447
75,109.74,3,109.75,09:47:32.477087195
75,109.74,4,109.75,09:47:32.479935910
75,109.74,5,109.75,09:47:32.480094059
75,109.74,4,109.75,09:47:32.481125980
75,109.74,3,109.75,09:47:32.481274623
75,109.74,2,109.75,09:47:32.547227342
75,109.74,1,109.75,09:47:32.548009956
75,109.74,109,109.76,09:47:32.548487172
75,109.74,95,109.76,09:47:32.548487172
75,109.74,93,109.76,09:47:32.548610767
75,109.74,1,109.75,09:47:32.548718368
76,109.74,1,109.75,09:47:32.549286739
76,109.74,69,109.76,09:47:32.551994952
22,109.75,69,109.76,09:47:32.568518608
35,109.75,69,109.76,09:47:32.568593232
47,109.75,69,109.76,09:47:32.568823260
47,109.75,59,109.76,09:47:32.569001924
47,109.75,51,109.76,09:47:32.569213883
47,109.75,29,109.76,09:47:32.569213883
48,109.75,29,109.76,09:47:32.570435637
49,109.75,29,109.76,09:47:32.571225972
48,109.75,29,109.76,09:47:32.575191691
47,109.75,29,109.76,09:47:32.575254356
35,109.75,29,109.76,09:47:32.575344627
35,109.75,48,109.76,09:47:32.575762890
22,109.75,48,109.76,09:47:32.575762890
79,109.74,48,109.76,09:47:32.575782090
79,109.74,62,109.76,09:47:32.575782090
79,109.74,71,109.76,09:47:32.575782090
79,109.74,77,109.76,09:47:32.575782090
93,109.74,77,109.76,09:47:32.576196127
81,109.74,77,109.76,09:47:32.576758688
79,109.74,77,109.76,09:47:32.577078347
79,109.74,81,109.76,09:47:32.743332097
79,109.74,83,109.76,09:47:32.743332097
79,109.74,93,109.76,09:47:34.907139416
79,109.74,1,109.75,09:47:37.115193257
79,109.74,2,109.75,09:47:37.115521091
79,109.74,3,109.75,09:47:37.115600377
79,109.74,4,109.75,09:47:37.116261515
79,109.74,5,109.75,09:47:37.118580442
79,109.74,6,109.75,09:47:37.118883303
79,109.74,7,109.75,09:47:37.123568127
79,109.74,8,109.75,09:47:37.123771578
82,109.74,8,109.75,09:47:37.126497211
84,109.74,8,109.75,09:47:37.126570664
84,109.74,9,109.75,09:47:37.349724681
84,109.74,10,109.75,09:47:37.575127204
84,109.74,11,109.75,09:47:37.577514434
84,109.74,22,109.75,09:47:37.577784526
84,109.74,32,109.75,09:47:37.578306648
83,109.74,32,109.75,09:47:37.579108938
83,109.74,22,109.75,09:47:37.581847359
83,109.74,21,109.75,09:47:37.581953897
83,109.74,20,109.75,09:47:37.582208146
83,109.74,9,109.75,09:47:37.582316693
83,109.74,8,109.75,09:47:37.595586550
83,109.74,9,109.75,09:47:37.601499000
83,109.74,10,109.75,09:47:37.625391915
83,109.74,19,109.75,09:47:37.625675940
83,109.74,18,109.75,09:47:37.628388751
83,109.74,9,109.75,09:47:37.628490904
83,109.74,8,109.75,09:47:38.363367550
83,109.74,7,109.75,09:47:38.363490581
83,109.74,6,109.75,09:47:38.363620469
83,109.74,5,109.75,09:47:38.363620469
83,109.74,4,109.75,09:47:38.363961278
83,109.74,3,109.75,09:47:38.367260501
83,109.74,4,109.75,09:47:38.375246831
83,109.74,5,109.75,09:47:38.375346962
83,109.74,6,109.75,09:47:38.375456773
83,109.74,7,109.75,09:47:38.375539107
83,109.74,8,109.75,09:47:38.375664262
83,109.74,7,109.75,09:47:38.823623351
83,109.74,6,109.75,09:47:38.823936870
83,109.74,8,109.75,09:47:38.910068828
83,109.74,6,109.75,09:47:38.910516268
83,109.74,8,109.75,09:47:38.910825948
83,109.74,6,109.75,09:47:39.275671576
83,109.74,7,109.75,09:47:39.286227421
83,109.74,8,109.75,09:47:39.286382494
83,109.74,7,109.75,09:47:39.844372013
83,109.74,6,109.75,09:47:39.863764819
83,109.74,7,109.75,09:47:39.919700816
83,109.74,8,109.75,09:47:39.919853251
83,109.74,7,109.75,09:47:40.132900760
83,109.74,6,109.75,09:47:41.655660836
83,109.74,5,109.75,09:47:41.655797544
83,109.74,4,109.75,09:47:41.656214341
83,109.74,5,109.75,09:47:41.656423121
83,109.74,6,109.75,09:47:41.656669963
83,109.74,5,109.75,09:47:41.657949536
83,109.74,4,109.75,09:47:41.658003389
83,109.74,5,109.75,09:47:41.660046875
83,109.74,4,109.75,09:47:41.710987267
83,109.74,3,109.75,09:47:41.711160646
83,109.74,2,109.75,09:47:41.896907928
83,109.74,1,109.75,09:47:41.897081451
83,109.74,101,109.76,09:47:41.897187886
83,109.74,1,109.75,09:47:41.897553770
83,109.74,2,109.75,09:47:41.905604667
84,109.74,2,109.75,09:47:41.908535171
84,109.74,1,109.75,09:47:41.915962305
84,109.74,2,109.75,09:47:41.921641122
84,109.74,3,109.75,09:47:42.302311472
84,109.74,5,109.75,09:47:42.303304096
84,109.74,7,109.75,09:47:42.303358536
84,109.74,5,109.75,09:47:42.593357033
84,109.74,3,109.75,09:47:42.593462912
84,109.74,2,109.75,09:47:42.593757745
84,109.74,1,109.75,09:47:42.593904009
84,109.74,103,109.76,09:47:42.594321765
84,109.74,101,109.76,09:47:42.594521995
84,109.74,1,109.75,09:47:42.594683134
84,109.74,2,109.75,09:47:42.594854482
84,109.74,1,109.75,09:47:42.595296897
89,109.74,1,109.75,09:47:42.596296164
89,109.74,86,109.76,09:47:42.596572147
89,109.74,74,109.76,09:47:42.596591028
1,109.75,74,109.76,09:47:42.596690125
31,109.75,74,109.76,09:47:42.596758020
33,109.75,74,109.76,09:47:42.596841914
33,109.75,72,109.76,09:47:42.596973363
33,109.75,68,109.76,09:47:42.597157930
45,109.75,68,109.76,09:47:42.597157930
47,109.75,68,109.76,09:47:42.597175930
45,109.75,68,109.76,09:47:42.597258367
44,109.75,68,109.76,09:47:42.597258367
44,109.75,62,109.76,09:47:42.597583149
42,109.75,62,109.76,09:47:42.597583149
30,109.75,62,109.76,09:47:42.597991145
30,109.75,72,109.76,09:47:42.598208069
87,109.74,72,109.76,09:47:42.598304244
87,109.74,84,109.76,09:47:42.598321621
86,109.74,84,109.76,09:47:42.598321621
86,109.74,87,109.76,09:47:42.598379378
94,109.74,87,109.76,09:47:42.598477759
84,109.74,87,109.76,09:47:42.599105182
84,109.74,1,109.75,09:47:43.085571382
84,109.74,4,109.75,09:47:43.085795827
84,109.74,5,109.75,09:47:43.085795827
84,109.74,7,109.75,09:47:43.086053491
84,109.74,5,109.75,09:47:43.086546022
84,109.74,2,109.75,09:47:43.115028501
84,109.74,1,109.75,09:47:43.115101887
84,109.74,103,109.76,09:47:43.115210908
84,109.74,101,109.76,09:47:43.115633121
84,109.74,99,109.76,09:47:43.116111153
84,109.74,87,109.76,09:47:43.116192464
88,109.74,87,109.76,09:47:43.117832091
11,109.75,87,109.76,09:47:43.129370171
41,109.75,87,109.76,09:47:43.129889310
41,109.75,73,109.76,09:47:43.129987303
41,109.75,54,109.76,09:47:43.129987303
30,109.75,54,109.76,09:47:43.130160151
30,109.75,79,109.76,09:47:43.130505738
30,109.75,87,109.76,09:47:43.130525671
104,109.74,87,109.76,09:47:43.130682321
88,109.74,87,109.76,09:47:43.131103773
84,109.74,87,109.76,09:47:43.131610454
94,109.74,87,109.76,09:47:43.199121407
84,109.74,87,109.76,09:47:43.385562116
84,109.74,92,109.76,09:47:43.786001562
88,109.74,92,109.76,09:47:43.789056013
84,109.74,92,109.76,09:47:43.800249980
88,109.74,92,109.76,09:47:44.009316831
84,109.74,92,109.76,09:47:44.023768464
84,109.74,1,109.75,09:47:44.220014714
84,109.74,3,109.75,09:47:44.220244244
84,109.74,4,109.75,09:47:44.220348205
84,109.74,5,109.75,09:47:44.220348205
84,109.74,7,109.75,09:47:44.220418634
84,109.74,8,109.75,09:47:44.221100953
84,109.74,9,109.75,09:47:44.221339023
84,109.74,10,109.75,09:47:44.221823231
84,109.74,11,109.75,09:47:44.233146497
84,109.74,12,109.75,09:47:44.296787031
84,109.74,11,109.75,09:47:44.302728514
84,109.74,96,109.75,09:47:44.427933954
84,109.74,106,109.75,09:47:44.428239672
72,109.74,106,109.75,09:47:44.428899083
69,109.74,106,109.75,09:47:44.428899083
69,109.74,96,109.75,09:47:44.430746339
69,109.74,181,109.75,09:47:44.433765803
70,109.74,181,109.75,09:47:44.439210737
70,109.74,182,109.75,09:47:44.449141766
70,109.74,97,109.75,09:47:44.528017705
70,109.74,12,109.75,09:47:44.528105775
70,109.74,23,109.75,09:47:44.528480325
70,109.74,31,109.75,09:47:44.528577316
70,109.74,32,109.75,09:47:44.528777087
70,109.74,31,109.75,09:47:44.529026460
70,109.74,23,109.75,09:47:44.529114667
70,109.74,24,109.75,09:47:44.542685881
70,109.74,23,109.75,09:47:44.554611005
70,109.74,24,109.75,09:47:44.557697156
70,109.74,23,109.75,09:47:44.601428543
70,109.74,24,109.75,09:47:45.275002718
70,109.74,23,109.75,09:47:45.432544009
70,109.74,22,109.75,09:47:45.432778825
70,109.74,23,109.75,09:47:45.551271805
70,109.74,24,109.75,09:47:45.551346785
70,109.74,23,109.75,09:47:45.569674017
70,109.74,22,109.75,09:47:45.569824612
70,109.74,23,109.75,09:47:46.152296025
70,109.74,24,109.75,09:47:46.152361839
70,109.74,23,109.75,09:47:46.204605327
70,109.74,22,109.75,09:47:46.206644839
70,109.74,23,109.75,09:47:46.235140893
70,109.74,108,109.75,09:47:46.423813220
70,109.74,118,109.75,09:47:46.424178307
70,109.74,203,109.75,09:47:46.428268775
70,109.74,202,109.75,09:47:46.428520736
71,109.74,202,109.75,09:47:46.439549577
71,109.74,117,109.75,09:47:46.519271180
86,109.74,117,109.75,09:47:46.520291265
86,109.74,106,109.75,09:47:46.520578974
90,109.74,106,109.75,09:47:46.520578974
91,109.74,106,109.75,09:47:46.520715867
90,109.74,106,109.75,09:47:46.521631527
75,109.74,106,109.75,09:47:46.521855517
75,109.74,21,109.75,09:47:46.522377329
75,109.74,38,109.75,09:47:46.587162750
75,109.74,39,109.75,09:47:46.587357629
75,109.74,67,109.75,09:47:46.595586536
75,109.74,85,109.75,09:47:46.597243191
75,109.74,124,109.75,09:47:46.615989889
75,109.74,125,109.75,09:47:46.780071083
75,109.74,193,109.75,09:47:46.920569771
72,109.74,193,109.75,09:47:46.920724068
70,109.74,193,109.75,09:47:46.920878673
70,109.74,125,109.75,09:47:47.018001308
73,109.74,125,109.75,09:47:47.018147230
70,109.74,125,109.75,09:47:47.019288795
71,109.74,125,109.75,09:47:47.066844942
72,109.74,125,109.75,09:47:47.069313260
71,109.74,125,109.75,09:47:47.320010429
70,109.74,125,109.75,09:47:47.437316916
70,109.74,126,109.75,09:47:47.532408860
66,109.74,126,109.75,09:47:47.536512924
65,109.74,126,109.75,09:47:47.536682102
64,109.74,126,109.75,09:47:47.660550765
63,109.74,126,109.75,09:47:47.660550765
62,109.74,126,109.75,09:47:47.660550765
