bidVolume,bidPrice,askVolume,askPrice,timestamp
146,110.12,125,110.13,09:15:00.023514348
146,110.12,124,110.13,09:15:00.024845573
146,110.12,123,110.13,09:15:00.031120790
146,110.12,122,110.13,09:15:00.035653927
146,110.12,132,110.13,09:15:00.152938152
146,110.12,133,110.13,09:15:00.153149221
146,110.12,134,110.13,09:15:00.153149221
146,110.12,135,110.13,09:15:00.170364242
146,110.12,134,110.13,09:15:01.016956992
146,110.12,124,110.13,09:15:01.016956992
146,110.12,125,110.13,09:15:01.285314200
146,110.12,135,110.13,09:15:01.285405746
146,110.12,134,110.13,09:15:01.526661868
146,110.12,136,110.13,09:15:01.537502593
146,110.12,126,110.13,09:15:02.693438493
146,110.12,125,110.13,09:15:02.693754871
146,110.12,124,110.13,09:15:02.693754871
146,110.12,126,110.13,09:15:02.905114807
146,110.12,124,110.13,09:15:04.632705945
146,110.12,126,110.13,09:15:04.632843212
146,110.12,124,110.13,09:15:04.633735998
146,110.12,125,110.13,09:15:04.634065230
146,110.12,126,110.13,09:15:04.639482880
146,110.12,136,110.13,09:15:05.571940148
126,110.12,136,110.13,09:15:05.596300499
120,110.12,136,110.13,09:15:05.596378422
120,110.12,126,110.13,09:15:05.883426984
145,110.12,126,110.13,09:15:05.884820641
145,110.12,136,110.13,09:15:05.986842645
145,110.12,126,110.13,09:15:07.330406857
145,110.12,125,110.13,09:15:07.556987707
145,110.12,124,110.13,09:15:07.557093518
145,110.12,123,110.13,09:15:07.557849214
145,110.12,124,110.13,09:15:08.742985385
145,110.12,125,110.13,09:15:08.743134601
145,110.12,124,110.13,09:15:09.257725529
145,110.12,125,110.13,09:15:09.852399765
145,110.12,126,110.13,09:15:10.151401430
145,110.12,124,110.13,09:15:11.586262176
145,110.12,127,110.13,09:15:11.596936792
155,110.12,127,110.13,09:15:20.792320357
158,110.12,127,110.13,09:15:20.792384754
158,110.12,126,110.13,09:15:20.792490661
158,110.12,125,110.13,09:15:20.792926609
158,110.12,124,110.13,09:15:20.793257604
158,110.12,123,110.13,09:15:20.793257604
158,110.12,122,110.13,09:15:20.793345851
158,110.12,121,110.13,09:15:20.793361258
158,110.12,119,110.13,09:15:20.793514132
158,110.12,118,110.13,09:15:20.793514132
158,110.12,117,110.13,09:15:20.793606013
158,110.12,118,110.13,09:15:20.908302692
158,110.12,119,110.13,09:15:20.919904556
158,110.12,116,110.13,09:15:21.511659056
158,110.12,115,110.13,09:15:21.513012552
158,110.12,114,110.13,09:15:21.513173336
158,110.12,118,110.13,09:15:21.522193318
158,110.12,119,110.13,09:15:41.525075355
158,110.12,118,110.13,09:15:41.916782478
158,110.12,119,110.13,09:15:41.989901448
158,110.12,118,110.13,09:15:42.571112460
158,110.12,114,110.13,09:15:51.508250786
158,110.12,119,110.13,09:15:51.518885409
158,110.12,115,110.13,09:15:52.875089985
158,110.12,104,110.13,09:15:52.875132193
158,110.12,103,110.13,09:15:52.875187579
158,110.12,100,110.13,09:15:52.875187579
158,110.12,86,110.13,09:15:52.875187579
158,110.12,82,110.13,09:15:52.875187579
158,110.12,80,110.13,09:15:52.875223966
158,110.12,74,110.13,09:15:52.875223966
158,110.12,33,110.13,09:15:52.875223966
158,110.12,32,110.13,09:15:52.875223966
158,110.12,30,110.13,09:15:52.875223966
158,110.12,5,110.13,09:15:52.875223966
158,110.12,171,110.14,09:15:52.875223966
4,110.13,171,110.14,09:15:52.875223966
15,110.13,171,110.14,09:15:52.875223966
16,110.13,171,110.14,09:15:52.875509316
18,110.13,171,110.14,09:15:52.875555796
26,110.13,171,110.14,09:15:52.875555796
27,110.13,171,110.14,09:15:52.875579955
38,110.13,171,110.14,09:15:52.875579955
38,110.13,159,110.14,09:15:52.875579955
38,110.13,185,110.14,09:15:52.875608148
27,110.13,185,110.14,09:15:52.875608148
28,110.13,185,110.14,09:15:52.875608148
27,110.13,185,110.14,09:15:52.875848176
27,110.13,178,110.14,09:15:52.876064016
27,110.13,163,110.14,09:15:52.876064016
27,110.13,137,110.14,09:15:52.876082973
39,110.13,137,110.14,09:15:52.876299318
83,110.13,137,110.14,09:15:52.876880467
39,110.13,137,110.14,09:15:52.881198607
40,110.13,137,110.14,09:15:52.881352653
42,110.13,137,110.14,09:15:52.881492643
41,110.13,137,110.14,09:15:52.885096439
39,110.13,137,110.14,09:15:52.885249271
38,110.13,137,110.14,09:15:52.885322836
37,110.13,137,110.14,09:15:52.885518538
39,110.13,137,110.14,09:15:52.885518538
40,110.13,137,110.14,09:15:52.885662560
51,110.13,137,110.14,09:15:52.887589647
51,110.13,113,110.14,09:15:52.920652068
52,110.13,113,110.14,09:15:52.944019787
53,110.13,113,110.14,09:15:52.944192890
53,110.13,123,110.14,09:15:53.055870505
98,110.13,123,110.14,09:15:53.669841300
98,110.13,120,110.14,09:15:53.697789939
98,110.13,121,110.14,09:15:53.733620024
98,110.13,146,110.14,09:15:53.896250483
98,110.13,149,110.14,09:15:57.119723513
97,110.13,149,110.14,09:15:57.122425047
86,110.13,149,110.14,09:15:57.122561533
84,110.13,149,110.14,09:15:57.187994709
84,110.13,146,110.14,09:15:58.055293271
83,110.13,146,110.14,09:15:59.424087201
81,110.13,146,110.14,09:15:59.424087201
78,110.13,146,110.14,09:15:59.424410283
80,110.13,146,110.14,09:16:02.772019203
83,110.13,146,110.14,09:16:02.772101848
84,110.13,146,110.14,09:16:02.772177692
83,110.13,146,110.14,09:16:02.809472723
81,110.13,146,110.14,09:16:03.202021429
36,110.13,146,110.14,09:16:03.917214839
24,110.13,146,110.14,09:16:03.959842144
25,110.13,146,110.14,09:16:03.960218773
28,110.13,146,110.14,09:16:03.960236005
28,110.13,136,110.14,09:16:03.960236005
20,110.13,136,110.14,09:16:03.960236005
18,110.13,136,110.14,09:16:03.960236005
20,110.13,136,110.14,09:16:03.960356687
18,110.13,136,110.14,09:16:03.960641813
17,110.13,136,110.14,09:16:03.960797294
17,110.13,139,110.14,09:16:06.015394500
18,110.13,139,110.14,09:16:07.367886972
19,110.13,139,110.14,09:16:07.368292451
20,110.13,139,110.14,09:16:07.368849363
19,110.13,139,110.14,09:16:07.369473682
18,110.13,139,110.14,09:16:07.369622465
58,110.13,139,110.14,09:16:07.372818934
59,110.13,139,110.14,09:16:07.718076571
59,110.13,136,110.14,09:16:08.201734294
70,110.13,136,110.14,09:16:09.781677473
59,110.13,136,110.14,09:16:09.790687482
60,110.13,136,110.14,09:16:11.252720084
71,110.13,136,110.14,09:16:11.293771704
92,110.13,136,110.14,09:16:11.294250090
93,110.13,136,110.14,09:16:11.304464822
95,110.13,136,110.14,09:16:11.305609811
74,110.13,136,110.14,09:16:12.267066454
73,110.13,136,110.14,09:16:12.267164249
72,110.13,136,110.14,09:16:12.658140033
61,110.13,136,110.14,09:16:12.658296427
62,110.13,136,110.14,09:16:12.798679011
61,110.13,136,110.14,09:16:12.947652450
60,110.13,136,110.14,09:16:12.956108066
60,110.13,139,110.14,09:16:13.267754328
60,110.13,136,110.14,09:16:13.557590805
59,110.13,136,110.14,09:16:14.884964535
59,110.13,139,110.14,09:16:14.939045667
59,110.13,136,110.14,09:16:18.841364433
70,110.13,136,110.14,09:16:18.895367240
59,110.13,136,110.14,09:16:19.109284319
60,110.13,136,110.14,09:16:19.813388474
61,110.13,136,110.14,09:16:19.813565644
72,110.13,136,110.14,09:16:19.813708269
98,110.13,136,110.14,09:16:19.814267267
97,110.13,136,110.14,09:16:20.045458237
71,110.13,136,110.14,09:16:20.810510649
60,110.13,136,110.14,09:16:20.810747657
59,110.13,136,110.14,09:16:20.810938793
59,110.13,137,110.14,09:16:22.157842523
19,110.13,137,110.14,09:16:22.424653279
18,110.13,137,110.14,09:16:22.424867217
18,110.13,140,110.14,09:16:22.426161956
15,110.13,140,110.14,09:16:22.428348531
12,110.13,140,110.14,09:16:22.428838808
3,110.13,140,110.14,09:16:22.429069167
2,110.13,140,110.14,09:16:22.429069167
169,110.12,140,110.14,09:16:22.429085135
163,110.12,140,110.14,09:16:22.429404586
163,110.12,163,110.14,09:16:22.429428081
163,110.12,11,110.13,09:16:22.429778725
149,110.12,11,110.13,09:16:22.429957268
149,110.12,163,110.14,09:16:22.430178490
149,110.12,175,110.14,09:16:22.430201105
149,110.12,179,110.14,09:16:22.430214256
149,110.12,1,110.13,09:16:22.430321876
139,110.12,1,110.13,09:16:22.430688318
139,110.12,3,110.13,09:16:22.430818426
139,110.12,6,110.13,09:16:22.430818426
139,110.12,7,110.13,09:16:22.433346051
139,110.12,8,110.13,09:16:22.433416694
139,110.12,7,110.13,09:16:22.433639061
139,110.12,18,110.13,09:16:22.433639061
139,110.12,17,110.13,09:16:22.433840339
139,110.12,18,110.13,09:16:22.436601399
139,110.12,19,110.13,09:16:22.436749009
139,110.12,18,110.13,09:16:22.437063389
139,110.12,19,110.13,09:16:22.437145747
139,110.12,20,110.13,09:16:22.437474925
139,110.12,21,110.13,09:16:22.439290344
139,110.12,20,110.13,09:16:22.439840414
139,110.12,19,110.13,09:16:22.440013706
139,110.12,18,110.13,09:16:22.440117749
139,110.12,19,110.13,09:16:22.500723352
139,110.12,21,110.13,09:16:22.507611926
139,110.12,22,110.13,09:16:22.518285212
164,110.12,22,110.13,09:16:22.525460015
164,110.12,21,110.13,09:16:22.604438989
164,110.12,22,110.13,09:16:22.605476793
164,110.12,21,110.13,09:16:23.479244423
164,110.12,22,110.13,09:16:23.948878303
164,110.12,23,110.13,09:16:25.834043359
164,110.12,22,110.13,09:16:27.166924905
164,110.12,23,110.13,09:16:30.414449648
164,110.12,55,110.13,09:16:30.487455550
164,110.12,60,110.13,09:16:30.487598363
164,110.12,66,110.13,09:16:30.487598363
154,110.12,66,110.13,09:16:30.487719560
154,110.12,67,110.13,09:16:30.487719560
154,110.12,68,110.13,09:16:30.487719560
129,110.12,68,110.13,09:16:30.487841352
126,110.12,68,110.13,09:16:30.487841352
126,110.12,69,110.13,09:16:30.487841352
126,110.12,68,110.13,09:16:30.488160835
126,110.12,84,110.13,09:16:30.488528375
126,110.12,88,110.13,09:16:30.502567066
101,110.12,88,110.13,09:16:30.506037771
101,110.12,98,110.13,09:16:30.542462748
101,110.12,102,110.13,09:16:30.542462748
73,110.12,102,110.13,09:16:30.544143637
68,110.12,102,110.13,09:16:30.544143637
49,110.12,102,110.13,09:16:30.544246360
43,110.12,102,110.13,09:16:30.544404283
43,110.12,104,110.13,09:16:30.553799239
43,110.12,105,110.13,09:16:30.553964669
31,110.12,105,110.13,09:16:30.554298778
22,110.12,105,110.13,09:16:30.554298778
33,110.12,105,110.13,09:16:30.560982505
33,110.12,106,110.13,09:16:30.565596643
33,110.12,107,110.13,09:16:30.565670291
32,110.12,107,110.13,09:16:30.650520277
31,110.12,107,110.13,09:16:30.653186806
30,110.12,107,110.13,09:16:30.653702185
19,110.12,107,110.13,09:16:30.653835564
20,110.12,107,110.13,09:16:30.744554167
31,110.12,107,110.13,09:16:30.745507078
30,110.12,107,110.13,09:16:31.617313456
29,110.12,107,110.13,09:16:31.617552026
18,110.12,107,110.13,09:16:31.617552026
18,110.12,130,110.13,09:16:31.786902250
17,110.12,130,110.13,09:16:31.787094294
16,110.12,130,110.13,09:16:31.787164978
21,110.12,130,110.13,09:16:32.812476117
21,110.12,107,110.13,09:16:33.217597371
61,110.12,107,110.13,09:16:33.218065508
61,110.12,108,110.13,09:16:33.227355188
21,110.12,108,110.13,09:16:33.285157551
32,110.12,108,110.13,09:16:33.481545496
32,110.12,133,110.13,09:16:34.556274010
21,110.12,133,110.13,09:16:34.556274010
21,110.12,134,110.13,09:16:34.556380759
21,110.12,133,110.13,09:16:34.557866246
20,110.12,133,110.13,09:16:34.558107030
19,110.12,133,110.13,09:16:34.558181907
18,110.12,133,110.13,09:16:34.558181907
17,110.12,133,110.13,09:16:34.558256300
17,110.12,134,110.13,09:16:34.558256300
16,110.12,134,110.13,09:16:34.558324156
15,110.12,134,110.13,09:16:34.558394281
14,110.12,134,110.13,09:16:34.559019192
16,110.12,134,110.13,09:16:34.560649930
14,110.12,134,110.13,09:16:34.563902735
13,110.12,134,110.13,09:16:34.565428605
13,110.12,150,110.13,09:16:34.578321668
9,110.12,150,110.13,09:16:34.582589614
5,110.12,150,110.13,09:16:34.582589614
149,110.11,150,110.13,09:16:34.582652634
152,110.11,150,110.13,09:16:34.582824875
152,110.11,11,110.12,09:16:34.582925073
140,110.11,11,110.12,09:16:34.583260090
140,110.11,162,110.13,09:16:34.583369690
140,110.11,172,110.13,09:16:34.583880788
140,110.11,162,110.13,09:16:34.584173033
140,110.11,163,110.13,09:16:34.593586951
140,110.11,165,110.13,09:16:34.593586951
140,110.11,177,110.13,09:16:34.611587021
140,110.11,189,110.13,09:16:34.612030009
140,110.11,1,110.12,09:16:34.618585708
140,110.11,2,110.12,09:16:34.618752300
140,110.11,3,110.12,09:16:34.618827717
140,110.11,14,110.12,09:16:34.624715025
140,110.11,19,110.12,09:16:34.640528991
140,110.11,20,110.12,09:16:34.646960718
140,110.11,21,110.12,09:16:34.647180082
140,110.11,20,110.12,09:16:34.650271708
140,110.11,21,110.12,09:16:34.653267268
140,110.11,22,110.12,09:16:34.662482413
140,110.11,23,110.12,09:16:34.799872414
140,110.11,26,110.12,09:16:35.070688483
140,110.11,27,110.12,09:16:35.071464038
140,110.11,52,110.12,09:16:35.208190260
140,110.11,51,110.12,09:16:36.152282945
140,110.11,50,110.12,09:16:36.152982110
140,110.11,49,110.12,09:16:36.157772381
140,110.11,48,110.12,09:16:36.157772381
140,110.11,45,110.12,09:16:36.157793568
140,110.11,44,110.12,09:16:36.157793568
140,110.11,33,110.12,09:16:36.157972023
140,110.11,32,110.12,09:16:36.158049348
140,110.11,30,110.12,09:16:36.237181044
140,110.11,31,110.12,09:16:36.266739108
140,110.11,33,110.12,09:16:36.266891923
140,110.11,31,110.12,09:16:36.462387800
140,110.11,30,110.12,09:16:36.514296671
140,110.11,29,110.12,09:16:36.514446143
140,110.11,30,110.12,09:16:36.531010265
140,110.11,31,110.12,09:16:36.531318656
140,110.11,30,110.12,09:16:36.668903602
140,110.11,29,110.12,09:16:36.669057830
140,110.11,32,110.12,09:16:38.084084415
140,110.11,34,110.12,09:16:38.084156649
140,110.11,35,110.12,09:16:38.299012120
140,110.11,46,110.12,09:16:38.320804659
140,110.11,47,110.12,09:16:38.383455582
140,110.11,48,110.12,09:16:38.383641499
140,110.11,49,110.12,09:16:38.515515686
140,110.11,50,110.12,09:16:38.519612487
140,110.11,39,110.12,09:16:41.665186041
140,110.11,36,110.12,09:16:41.665494441
140,110.11,35,110.12,09:16:41.665716127
140,110.11,36,110.12,09:16:41.665783145
140,110.11,35,110.12,09:16:41.665877589
140,110.11,34,110.12,09:16:41.665877589
140,110.11,33,110.12,09:16:41.665877589
140,110.11,32,110.12,09:16:41.667461047
140,110.11,30,110.12,09:16:41.668199436
140,110.11,31,110.12,09:16:41.668808877
140,110.11,32,110.12,09:16:41.669219305
140,110.11,33,110.12,09:16:41.669285712
140,110.11,32,110.12,09:16:41.692713094
165,110.11,32,110.12,09:16:41.695772400
165,110.11,31,110.12,09:16:41.695934660
165,110.11,30,110.12,09:16:41.696003209
165,110.11,29,110.12,09:16:41.696120173
165,110.11,28,110.12,09:16:42.871707597
165,110.11,25,110.12,09:16:42.871847277
165,110.11,212,110.13,09:16:42.871871969
165,110.11,184,110.13,09:16:42.872034160
167,110.11,184,110.13,09:16:42.872034160
1,110.12,184,110.13,09:16:42.872240710
3,110.12,184,110.13,09:16:42.872256858
3,110.12,172,110.13,09:16:42.872256858
29,110.12,172,110.13,09:16:42.872410055
29,110.12,178,110.13,09:16:42.873009561
3,110.12,178,110.13,09:16:42.882599638
2,110.12,178,110.13,09:16:42.882789193
175,110.11,178,110.13,09:16:42.882871065
175,110.11,166,110.13,09:16:42.882871065
175,110.11,154,110.13,09:16:42.883355650
175,110.11,138,110.13,09:16:42.884545604
171,110.11,138,110.13,09:16:42.893620603
167,110.11,138,110.13,09:16:42.896617810
165,110.11,138,110.13,09:16:42.896941967
165,110.11,140,110.13,09:16:42.902602859
165,110.11,138,110.13,09:16:42.902951928
165,110.11,139,110.13,09:16:42.978483456
171,110.11,139,110.13,09:16:43.230954381
177,110.11,139,110.13,09:16:43.231327434
185,110.11,139,110.13,09:16:43.231670358
185,110.11,114,110.13,09:16:43.234475575
185,110.11,130,110.13,09:16:43.242981621
185,110.11,114,110.13,09:16:43.244509693
189,110.11,114,110.13,09:16:43.254766390
195,110.11,114,110.13,09:16:43.255125689
187,110.11,114,110.13,09:16:43.345457189
185,110.11,114,110.13,09:16:43.345873767
179,110.11,114,110.13,09:16:43.347217050
179,110.11,126,110.13,09:16:43.347380739
167,110.11,126,110.13,09:16:43.347650038
167,110.11,114,110.13,09:16:43.476727659
173,110.11,114,110.13,09:16:43.476988175
175,110.11,114,110.13,09:16:43.477354771
175,110.11,139,110.13,09:16:43.894597556
169,110.11,139,110.13,09:16:43.975803064
167,110.11,139,110.13,09:16:43.976179412
173,110.11,139,110.13,09:16:43.993123366
189,110.11,139,110.13,09:16:43.993564822
185,110.11,139,110.13,09:16:44.001797136
189,110.11,139,110.13,09:16:44.165565471
185,110.11,139,110.13,09:16:44.252811734
179,110.11,139,110.13,09:16:44.425666818
185,110.11,139,110.13,09:16:44.735453157
179,110.11,139,110.13,09:16:44.736286821
173,110.11,139,110.13,09:16:45.301370060
177,110.11,139,110.13,09:16:46.168041014
179,110.11,139,110.13,09:16:46.168431961
175,110.11,139,110.13,09:16:46.408086464
193,110.11,139,110.13,09:16:46.754387756
195,110.11,139,110.13,09:16:46.754692047
167,110.11,139,110.13,09:16:47.584664054
1,110.12,139,110.13,09:16:48.334219026
7,110.12,139,110.13,09:16:48.334448376
38,110.12,139,110.13,09:16:48.334525617
54,110.12,139,110.13,09:16:48.335859023
38,110.12,139,110.13,09:16:49.757902200
7,110.12,139,110.13,09:16:49.757902200
1,110.12,139,110.13,09:16:50.372423640
4,110.12,139,110.13,09:16:50.373069911
5,110.12,139,110.13,09:16:51.022449508
5,110.12,138,110.13,09:16:51.025740846
5,110.12,136,110.13,09:16:51.025898282
5,110.12,133,110.13,09:16:51.025898282
5,110.12,122,110.13,09:16:51.025913136
5,110.12,121,110.13,09:16:51.025913136
5,110.12,119,110.13,09:16:51.025913136
5,110.12,118,110.13,09:16:51.026137137
5,110.12,117,110.13,09:16:51.026152903
5,110.12,85,110.13,09:16:51.026167293
5,110.12,80,110.13,09:16:51.026183931
5,110.12,74,110.13,09:16:51.026183931
5,110.12,73,110.13,09:16:51.026198116
5,110.12,72,110.13,09:16:51.026361729
5,110.12,56,110.13,09:16:51.026375037
5,110.12,46,110.13,09:16:51.026390813
5,110.12,42,110.13,09:16:51.026390813
5,110.12,40,110.13,09:16:51.026390813
5,110.12,39,110.13,09:16:51.026405274
5,110.12,38,110.13,09:16:51.026421431
5,110.12,37,110.13,09:16:51.026437915
5,110.12,36,110.13,09:16:51.026437915
5,110.12,35,110.13,09:16:51.026452122
5,110.12,34,110.13,09:16:51.026466913
5,110.12,32,110.13,09:16:51.026466913
5,110.12,26,110.13,09:16:51.026603651
5,110.12,25,110.13,09:16:51.026617735
5,110.12,216,110.14,09:16:51.026633536
10,110.12,216,110.14,09:16:51.027068461
16,110.12,216,110.14,09:16:51.027090525
18,110.12,216,110.14,09:16:51.027090525
30,110.12,216,110.14,09:16:51.027109911
32,110.12,216,110.14,09:16:51.027109911
52,110.12,216,110.14,09:16:51.027125031
63,110.12,216,110.14,09:16:51.027125031
73,110.12,216,110.14,09:16:51.027139565
73,110.12,1,110.13,09:16:51.027243277
76,110.12,1,110.13,09:16:51.027243277
76,110.12,4,110.13,09:16:51.027266611
76,110.12,6,110.13,09:16:51.027266611
86,110.12,6,110.13,09:16:51.027582706
86,110.12,17,110.13,09:16:51.027582706
121,110.12,17,110.13,09:16:51.027597663
121,110.12,18,110.13,09:16:51.027849527
127,110.12,18,110.13,09:16:51.027849527
127,110.12,19,110.13,09:16:51.027864950
128,110.12,19,110.13,09:16:51.027879363
140,110.12,19,110.13,09:16:51.027894966
141,110.12,19,110.13,09:16:51.027909916
144,110.12,19,110.13,09:16:51.027937555
144,110.12,20,110.13,09:16:51.028029423
144,110.12,22,110.13,09:16:51.028029423
144,110.12,23,110.13,09:16:51.028043046
134,110.12,23,110.13,09:16:51.028043046
134,110.12,12,110.13,09:16:51.028106367
134,110.12,17,110.13,09:16:51.028272243
134,110.12,16,110.13,09:16:51.028292793
134,110.12,15,110.13,09:16:51.028292793
134,110.12,26,110.13,09:16:51.028309705
134,110.12,25,110.13,09:16:51.028345010
134,110.12,23,110.13,09:16:51.028479397
134,110.12,24,110.13,09:16:51.028479397
134,110.12,23,110.13,09:16:51.028599206
136,110.12,23,110.13,09:16:51.028599206
134,110.12,23,110.13,09:16:51.035574369
134,110.12,24,110.13,09:16:51.035694667
134,110.12,23,110.13,09:16:51.035845879
134,110.12,24,110.13,09:16:51.037074160
134,110.12,25,110.13,09:16:51.037144784
134,110.12,22,110.13,09:16:51.047589455
134,110.12,20,110.13,09:16:51.047589455
134,110.12,19,110.13,09:16:51.047606492
134,110.12,14,110.13,09:16:51.047606492
134,110.12,3,110.13,09:16:51.047606492
134,110.12,2,110.13,09:16:51.047606492
134,110.12,1,110.13,09:16:51.047622031
134,110.12,186,110.14,09:16:51.047622031
134,110.12,11,110.13,09:16:51.047785393
136,110.12,11,110.13,09:16:51.048379854
136,110.12,186,110.14,09:16:51.048533630
136,110.12,196,110.14,09:16:51.048603590
136,110.12,230,110.14,09:16:51.048760440
136,110.12,4,110.13,09:16:51.048997128
136,110.12,15,110.13,09:16:51.049531853
136,110.12,16,110.13,09:16:51.049531853
138,110.12,16,110.13,09:16:51.058883835
141,110.12,16,110.13,09:16:51.058954904
141,110.12,19,110.13,09:16:51.059034398
141,110.12,17,110.13,09:16:51.064485322
142,110.12,17,110.13,09:16:51.069752736
142,110.12,15,110.13,09:16:51.069856540
143,110.12,15,110.13,09:16:51.075793174
143,110.12,17,110.13,09:16:51.080711145
143,110.12,18,110.13,09:16:51.157827649
143,110.12,19,110.13,09:16:51.157982103
143,110.12,18,110.13,09:16:51.158139210
143,110.12,19,110.13,09:16:51.228425309
141,110.12,19,110.13,09:16:51.228779231
141,110.12,18,110.13,09:16:51.228930800
141,110.12,19,110.13,09:16:51.248752793
138,110.12,19,110.13,09:16:51.249317643
128,110.12,19,110.13,09:16:51.249386923
128,110.12,18,110.13,09:16:51.252462131
128,110.12,19,110.13,09:16:51.254126232
128,110.12,20,110.13,09:16:51.254283559
128,110.12,21,110.13,09:16:51.308739884
128,110.12,22,110.13,09:16:51.317928268
128,110.12,60,110.13,09:16:51.630788659
128,110.12,70,110.13,09:16:51.630868588
128,110.12,71,110.13,09:16:51.631048105
108,110.12,71,110.13,09:16:51.631781278
102,110.12,71,110.13,09:16:51.631855980
102,110.12,72,110.13,09:16:51.643042446
102,110.12,75,110.13,09:16:51.643153252
102,110.12,65,110.13,09:16:51.968563330
102,110.12,27,110.13,09:16:51.968563330
122,110.12,27,110.13,09:16:51.981532470
122,110.12,26,110.13,09:16:51.981698860
122,110.12,25,110.13,09:16:51.981698860
128,110.12,25,110.13,09:16:51.981714969
128,110.12,24,110.13,09:16:51.981817679
128,110.12,25,110.13,09:16:51.981976997
128,110.12,27,110.13,09:16:51.987689837
122,110.12,27,110.13,09:16:51.987874232
102,110.12,27,110.13,09:16:51.988063713
102,110.12,47,110.13,09:16:52.048305234
102,110.12,48,110.13,09:16:53.633483533
102,110.12,88,110.13,09:16:53.633588468
102,110.12,86,110.13,09:16:54.400168498
102,110.12,75,110.13,09:16:54.400333342
102,110.12,74,110.13,09:16:54.400348527
102,110.12,73,110.13,09:16:54.400348527
102,110.12,71,110.13,09:16:54.400363086
102,110.12,70,110.13,09:16:54.400363086
102,110.12,69,110.13,09:16:54.400363086
102,110.12,68,110.13,09:16:54.400380402
102,110.12,67,110.13,09:16:54.400380402
102,110.12,64,110.13,09:16:54.400380402
102,110.12,63,110.13,09:16:54.400380402
102,110.12,61,110.13,09:16:54.400380402
102,110.12,41,110.13,09:16:54.400395295
102,110.12,40,110.13,09:16:54.400395295
102,110.12,250,110.14,09:16:54.400411477
122,110.12,250,110.14,09:16:54.401006881
132,110.12,250,110.14,09:16:54.401031509
138,110.12,250,110.14,09:16:54.401031509
138,110.12,246,110.14,09:16:54.401126542
141,110.12,246,110.14,09:16:54.401211074
141,110.12,224,110.14,09:16:54.401717539
141,110.12,3,110.13,09:16:54.411493377
141,110.12,6,110.13,09:16:54.411562276
141,110.12,7,110.13,09:16:54.411864851
141,110.12,4,110.13,09:16:54.418840972
141,110.12,1,110.13,09:16:54.418931661
141,110.12,224,110.14,09:16:54.418946820
141,110.12,212,110.14,09:16:54.421298185
141,110.12,200,110.14,09:16:54.421858828
141,110.12,188,110.14,09:16:54.422376108
140,110.12,188,110.14,09:16:54.423094086
140,110.12,192,110.14,09:16:54.430217979
142,110.12,192,110.14,09:16:54.433966994
132,110.12,192,110.14,09:16:54.512334893
129,110.12,192,110.14,09:16:54.512399936
131,110.12,192,110.14,09:16:54.644313400
129,110.12,192,110.14,09:16:56.920498025
154,110.12,192,110.14,09:16:57.026274683
129,110.12,192,110.14,09:16:57.265679353
142,110.12,192,110.14,09:16:57.639477812
167,110.12,192,110.14,09:16:58.515713127
11,110.13,192,110.14,09:16:58.763414454
55,110.13,192,110.14,09:16:58.763822934
55,110.13,173,110.14,09:16:58.763841451
11,110.13,173,110.14,09:16:58.764831047
12,110.13,173,110.14,09:16:58.764978565
13,110.13,173,110.14,09:16:58.767219677
14,110.13,173,110.14,09:16:58.774118504
16,110.13,173,110.14,09:16:58.774272693
17,110.13,173,110.14,09:16:58.774729189
18,110.13,173,110.14,09:16:58.775017703
19,110.13,173,110.14,09:16:58.863749203
18,110.13,173,110.14,09:16:58.863899609
20,110.13,173,110.14,09:16:58.967235111
21,110.13,173,110.14,09:16:58.967801905
22,110.13,173,110.14,09:16:58.967824023
22,110.13,157,110.14,09:16:58.982480054
22,110.13,145,110.14,09:16:58.982635360
22,110.13,122,110.14,09:16:59.732587471
67,110.13,122,110.14,09:16:59.733937803
69,110.13,122,110.14,09:16:59.733937803
69,110.13,110,110.14,09:16:59.734093422
70,110.13,110,110.14,09:16:59.734420145
70,110.13,109,110.14,09:16:59.734533400
70,110.13,106,110.14,09:16:59.734533400
70,110.13,116,110.14,09:17:00.014426796
96,110.13,116,110.14,09:17:02.986842480
70,110.13,116,110.14,09:17:02.989940468
68,110.13,116,110.14,09:17:02.997014303
70,110.13,116,110.14,09:17:02.998437978
70,110.13,110,110.14,09:17:02.998572590
70,110.13,95,110.14,09:17:02.998572590
70,110.13,85,110.14,09:17:02.998572590
84,110.13,85,110.14,09:17:02.999018788
84,110.13,79,110.14,09:17:03.048542153
84,110.13,74,110.14,09:17:03.048637643
84,110.13,73,110.14,09:17:03.049969390
84,110.13,72,110.14,09:17:03.050461572
84,110.13,71,110.14,09:17:03.050527726
110,110.13,71,110.14,09:17:03.090182066
110,110.13,81,110.14,09:17:03.102727302
110,110.13,71,110.14,09:17:03.127156838
110,110.13,70,110.14,09:17:03.160843766
110,110.13,50,110.14,09:17:03.161166942
110,110.13,20,110.14,09:17:03.161241206
110,110.13,18,110.14,09:17:03.161673525
110,110.13,15,110.14,09:17:03.161813195
110,110.13,16,110.14,09:17:03.162587400
110,110.13,15,110.14,09:17:03.163163774
110,110.13,17,110.14,09:17:03.397502237
110,110.13,28,110.14,09:17:03.397675869
110,110.13,26,110.14,09:17:03.397899254
110,110.13,15,110.14,09:17:03.398414448
110,110.13,13,110.14,09:17:03.409715550
110,110.13,11,110.14,09:17:03.409782411
110,110.13,12,110.14,09:17:03.944781843
110,110.13,13,110.14,09:17:03.945153036
110,110.13,12,110.14,09:17:03.952463223
110,110.13,11,110.14,09:17:03.953897830
110,110.13,12,110.14,09:17:04.029902808
110,110.13,11,110.14,09:17:04.032297264
110,110.13,12,110.14,09:17:04.458721349
110,110.13,13,110.14,09:17:04.460129495
110,110.13,14,110.14,09:17:04.461020918
110,110.13,13,110.14,09:17:04.463749864
110,110.13,12,110.14,09:17:04.463889355
110,110.13,11,110.14,09:17:04.465765202
110,110.13,12,110.14,09:17:04.477676516
110,110.13,13,110.14,09:17:04.483038689
110,110.13,14,110.14,09:17:04.563210857
110,110.13,13,110.14,09:17:05.104492617
110,110.13,14,110.14,09:17:05.152900402
110,110.13,13,110.14,09:17:05.242733069
110,110.13,12,110.14,09:17:05.242835846
110,110.13,11,110.14,09:17:05.242978451
110,110.13,14,110.14,09:17:05.709604648
110,110.13,19,110.14,09:17:05.930788589
110,110.13,30,110.14,09:17:05.932166991
110,110.13,36,110.14,09:17:05.953383099
110,110.13,46,110.14,09:17:05.953621236
96,110.13,46,110.14,09:17:05.953725843
70,110.13,46,110.14,09:17:05.953870154
70,110.13,47,110.14,09:17:05.954076419
70,110.13,46,110.14,09:17:06.020776529
70,110.13,36,110.14,09:17:06.020985818
70,110.13,30,110.14,09:17:06.021961265
70,110.13,31,110.14,09:17:06.024873602
70,110.13,32,110.14,09:17:06.032078208
70,110.13,33,110.14,09:17:06.032184767
70,110.13,43,110.14,09:17:06.037852384
70,110.13,55,110.14,09:17:06.073985282
70,110.13,43,110.14,09:17:06.074183083
70,110.13,33,110.14,09:17:09.745146937
70,110.13,32,110.14,09:17:09.745146937
87,110.13,32,110.14,09:17:09.745186566
96,110.13,32,110.14,09:17:09.745186566
96,110.13,21,110.14,09:17:09.745186566
96,110.13,27,110.14,09:17:09.745312393
96,110.13,38,110.14,09:17:09.745351701
96,110.13,39,110.14,09:17:09.745430806
96,110.13,49,110.14,09:17:09.745503311
79,110.13,49,110.14,09:17:09.745679932
70,110.13,49,110.14,09:17:09.745679932
70,110.13,48,110.14,09:17:10.440198059
70,110.13,38,110.14,09:17:10.440198059
87,110.13,38,110.14,09:17:10.440317705
96,110.13,38,110.14,09:17:10.440457561
96,110.13,39,110.14,09:17:10.547141559
79,110.13,39,110.14,09:17:10.547322938
70,110.13,39,110.14,09:17:10.547322938
70,110.13,49,110.14,09:17:10.547402672
70,110.13,48,110.14,09:17:10.547477059
70,110.13,38,110.14,09:17:10.581546550
70,110.13,39,110.14,09:17:10.613437824
70,110.13,49,110.14,09:17:10.613512717
70,110.13,48,110.14,09:17:11.746781196
70,110.13,37,110.14,09:17:12.647044011
70,110.13,38,110.14,09:17:12.647210168
70,110.13,37,110.14,09:17:12.709742345
90,110.13,37,110.14,09:17:12.709829698
90,110.13,27,110.14,09:17:12.709829698
96,110.13,27,110.14,09:17:12.709914805
96,110.13,28,110.14,09:17:12.819735080
76,110.13,28,110.14,09:17:12.819877022
76,110.13,39,110.14,09:17:12.819951217
70,110.13,39,110.14,09:17:12.819951217
70,110.13,49,110.14,09:17:12.820062852
70,110.13,39,110.14,09:17:14.150514876
70,110.13,38,110.14,09:17:14.150628736
70,110.13,39,110.14,09:17:15.411716078
70,110.13,49,110.14,09:17:15.416515214
70,110.13,39,110.14,09:17:18.718032238
70,110.13,40,110.14,09:17:21.589605135
70,110.13,77,110.14,09:17:24.207520417
70,110.13,87,110.14,09:17:24.207520417
70,110.13,97,110.14,09:17:24.207786816
25,110.13,97,110.14,09:17:24.211489101
26,110.13,97,110.14,09:17:24.222854704
27,110.13,97,110.14,09:17:24.222924477
27,110.13,98,110.14,09:17:24.222998237
27,110.13,99,110.14,09:17:24.223120615
72,110.13,99,110.14,09:17:24.368120914
27,110.13,99,110.14,09:17:24.806854433
26,110.13,99,110.14,09:17:25.209520398
27,110.13,99,110.14,09:17:26.052881163
26,110.13,99,110.14,09:17:26.053048019
27,110.13,99,110.14,09:17:26.143188679
26,110.13,99,110.14,09:17:26.252039853
27,110.13,99,110.14,09:17:26.256708557
26,110.13,99,110.14,09:17:26.316114685
25,110.13,99,110.14,09:17:26.462207200
23,110.13,99,110.14,09:17:26.463525459
24,110.13,99,110.14,09:17:26.495535682
25,110.13,99,110.14,09:17:26.495597309
24,110.13,99,110.14,09:17:26.593657634
23,110.13,99,110.14,09:17:26.593739554
24,110.13,99,110.14,09:17:26.593854321
25,110.13,99,110.14,09:17:26.676355297
24,110.13,99,110.14,09:17:26.680474113
25,110.13,99,110.14,09:17:26.713923166
73,110.13,99,110.14,09:17:26.806232316
74,110.13,99,110.14,09:17:26.806272997
73,110.13,99,110.14,09:17:26.851339583
74,110.13,99,110.14,09:17:29.490533676
74,110.13,89,110.14,09:17:29.497437470
74,110.13,52,110.14,09:17:29.497516820
74,110.13,42,110.14,09:17:29.497781915
73,110.13,42,110.14,09:17:29.504361410
74,110.13,42,110.14,09:17:29.508075345
74,110.13,66,110.14,09:17:29.570464532
74,110.13,42,110.14,09:17:29.600552019
73,110.13,42,110.14,09:17:29.614737729
74,110.13,42,110.14,09:17:29.617856668
91,110.13,42,110.14,09:17:35.092744601
100,110.13,42,110.14,09:17:35.092854812
83,110.13,42,110.14,09:17:35.096633466
74,110.13,42,110.14,09:17:35.096709759
74,110.13,66,110.14,09:17:35.105632979
74,110.13,76,110.14,09:17:35.106591273
74,110.13,52,110.14,09:17:35.136715703
74,110.13,76,110.14,09:17:35.168031953
74,110.13,52,110.14,09:17:35.278150802
74,110.13,42,110.14,09:17:38.556864069
74,110.13,41,110.14,09:17:40.671207025
100,110.13,41,110.14,09:17:40.671260407
100,110.13,35,110.14,09:17:40.671260407
100,110.13,24,110.14,09:17:40.671260407
100,110.13,35,110.14,09:17:40.671260407
100,110.13,32,110.14,09:17:40.671468162
100,110.13,31,110.14,09:17:40.671593105
99,110.13,31,110.14,09:17:40.671593105
99,110.13,26,110.14,09:17:40.671746219
113,110.13,26,110.14,09:17:40.671746219
113,110.13,31,110.14,09:17:40.672207428
113,110.13,32,110.14,09:17:40.672454526
113,110.13,33,110.14,09:17:40.672599678
99,110.13,33,110.14,09:17:40.683210509
99,110.13,34,110.14,09:17:40.683354845
99,110.13,33,110.14,09:17:40.720267189
99,110.13,32,110.14,09:17:40.720405192
99,110.13,31,110.14,09:17:40.721236625
99,110.13,32,110.14,09:17:41.235886311
99,110.13,31,110.14,09:17:41.388132525
99,110.13,26,110.14,09:17:42.388824426
99,110.13,27,110.14,09:17:42.388990142
107,110.13,27,110.14,09:17:42.389189786
107,110.13,26,110.14,09:17:42.389385497
113,110.13,26,110.14,09:17:42.389385497
113,110.13,15,110.14,09:17:42.399545068
113,110.13,12,110.14,09:17:42.399754602
113,110.13,11,110.14,09:17:42.399754602
113,110.13,10,110.14,09:17:42.399836093
113,110.13,9,110.14,09:17:42.399836093
113,110.13,20,110.14,09:17:42.413012817
113,110.13,25,110.14,09:17:42.434660614
113,110.13,20,110.14,09:17:42.456062842
113,110.13,30,110.14,09:17:42.481987705
113,110.13,31,110.14,09:17:42.482271127
105,110.13,31,110.14,09:17:42.483605378
99,110.13,31,110.14,09:17:42.483663899
99,110.13,36,110.14,09:17:42.483776172
99,110.13,37,110.14,09:17:42.486164297
99,110.13,43,110.14,09:17:42.486460241
99,110.13,44,110.14,09:17:42.566199724
99,110.13,45,110.14,09:17:42.577465998
99,110.13,46,110.14,09:17:43.153961514
99,110.13,45,110.14,09:17:43.165387840
99,110.13,44,110.14,09:17:43.165919462
99,110.13,38,110.14,09:17:43.166845380
99,110.13,28,110.14,09:17:43.167018546
99,110.13,27,110.14,09:17:43.234291589
99,110.13,26,110.14,09:17:43.288088306
99,110.13,21,110.14,09:17:43.288225234
99,110.13,22,110.14,09:17:43.302047320
99,110.13,23,110.14,09:17:43.337497441
99,110.13,24,110.14,09:17:44.058916286
99,110.13,22,110.14,09:17:44.400506708
99,110.13,20,110.14,09:17:44.400506708
99,110.13,19,110.14,09:17:44.400683525
99,110.13,18,110.14,09:17:44.400683525
99,110.13,17,110.14,09:17:44.400698163
99,110.13,16,110.14,09:17:44.400698163
99,110.13,15,110.14,09:17:44.400698163
99,110.13,4,110.14,09:17:44.400881184
99,110.13,3,110.14,09:17:44.400881184
99,110.13,2,110.14,09:17:44.400895649
99,110.13,1,110.14,09:17:44.400895649
99,110.13,200,110.15,09:17:44.400895649
107,110.13,200,110.15,09:17:44.401149527
113,110.13,200,110.15,09:17:44.401149527
113,110.13,217,110.15,09:17:44.401149527
118,110.13,217,110.15,09:17:44.401323022
130,110.13,217,110.15,09:17:44.401323022
136,110.13,217,110.15,09:17:44.401342234
136,110.13,226,110.15,09:17:44.401358961
136,110.13,230,110.15,09:17:44.401489687
136,110.13,224,110.15,09:17:44.402075290
136,110.13,2,110.14,09:17:44.411843482
136,110.13,4,110.14,09:17:44.411908772
138,110.13,4,110.14,09:17:44.412252096
140,110.13,4,110.14,09:17:44.412252096
140,110.13,2,110.14,09:17:44.419275102
140,110.13,226,110.15,09:17:44.419275102
140,110.13,224,110.15,09:17:44.419784679
141,110.13,224,110.15,09:17:44.430174557
142,110.13,224,110.15,09:17:44.430556983
142,110.13,227,110.15,09:17:44.430626583
142,110.13,231,110.15,09:17:44.430696574
11,110.14,231,110.15,09:17:44.444757834
14,110.14,231,110.15,09:17:44.445030669
15,110.14,231,110.15,09:17:44.445273104
16,110.14,231,110.15,09:17:44.445357541
19,110.14,231,110.15,09:17:44.455758326
19,110.14,232,110.15,09:17:44.456333551
18,110.14,232,110.15,09:17:44.474025236
19,110.14,232,110.15,09:17:44.499047139
20,110.14,232,110.15,09:17:44.535917421
21,110.14,232,110.15,09:17:44.539165998
18,110.14,232,110.15,09:17:45.240940726
7,110.14,232,110.15,09:17:45.241040105
6,110.14,232,110.15,09:17:45.241199995
5,110.14,232,110.15,09:17:45.241274974
2,110.14,232,110.15,09:17:45.246224613
1,110.14,232,110.15,09:17:45.246285692
1,110.14,235,110.15,09:17:45.247026718
2,110.14,235,110.15,09:17:45.350759406
4,110.14,235,110.15,09:17:45.350759406
3,110.14,235,110.15,09:17:45.351019403
4,110.14,235,110.15,09:17:45.352985757
5,110.14,235,110.15,09:17:45.355864703
4,110.14,235,110.15,09:17:45.584844895
3,110.14,235,110.15,09:17:45.584844895
2,110.14,235,110.15,09:17:45.584953083
144,110.13,235,110.15,09:17:45.585201749
142,110.13,235,110.15,09:17:45.585671701
142,110.13,211,110.15,09:17:46.281721398
142,110.13,225,110.15,09:17:48.634801367
142,110.13,211,110.15,09:17:48.635168576
146,110.13,211,110.15,09:17:48.635168576
146,110.13,208,110.15,09:17:49.068279706
142,110.13,208,110.15,09:17:49.068870829
142,110.13,211,110.15,09:17:52.121197418
142,110.13,215,110.15,09:17:52.439463894
142,110.13,216,110.15,09:17:55.345986226
142,110.13,212,110.15,09:17:56.353159711
146,110.13,212,110.15,09:17:56.564473603
11,110.14,212,110.15,09:17:56.605701887
12,110.14,212,110.15,09:17:56.606098286
14,110.14,212,110.15,09:17:56.606973764
15,110.14,212,110.15,09:17:56.607210535
14,110.14,212,110.15,09:17:56.607837898
15,110.14,212,110.15,09:17:56.612116430
16,110.14,212,110.15,09:17:56.612968695
17,110.14,212,110.15,09:17:56.617811002
16,110.14,212,110.15,09:17:56.618256195
16,110.14,236,110.15,09:17:56.629995019
15,110.14,236,110.15,09:17:56.630199569
16,110.14,236,110.15,09:17:56.681269642
15,110.14,236,110.15,09:17:56.681440125
16,110.14,236,110.15,09:17:56.688328370
17,110.14,236,110.15,09:17:56.703202872
18,110.14,236,110.15,09:17:56.703356875
17,110.14,236,110.15,09:17:56.832837465
18,110.14,236,110.15,09:17:56.899933609
19,110.14,236,110.15,09:17:56.900391980
18,110.14,236,110.15,09:17:56.900735218
20,110.14,236,110.15,09:17:56.901218619
21,110.14,236,110.15,09:17:56.901336248
20,110.14,236,110.15,09:17:56.901493147
19,110.14,236,110.15,09:17:56.909751203
18,110.14,236,110.15,09:17:56.910880917
19,110.14,236,110.15,09:17:56.990723629
18,110.14,236,110.15,09:17:57.007283673
17,110.14,236,110.15,09:17:57.108774486
16,110.14,236,110.15,09:17:57.108861335
14,110.14,236,110.15,09:17:57.108861335
12,110.14,236,110.15,09:17:57.108861335
11,110.14,236,110.15,09:17:57.204198944
15,110.14,236,110.15,09:17:57.254330536
16,110.14,236,110.15,09:17:57.254471409
15,110.14,236,110.15,09:17:59.807525250
4,110.14,236,110.15,09:17:59.807677815
150,110.13,236,110.15,09:17:59.808290482
146,110.13,236,110.15,09:17:59.808717508
142,110.13,236,110.15,09:17:59.809088743
11,110.14,236,110.15,09:18:00.049679781
14,110.14,236,110.15,09:18:00.050151720
15,110.14,236,110.15,09:18:00.050295658
16,110.14,236,110.15,09:18:00.050371280
13,110.14,236,110.15,09:18:00.069813748
14,110.14,236,110.15,09:18:00.129359709
15,110.14,236,110.15,09:18:00.133558481
14,110.14,236,110.15,09:18:00.154919078
15,110.14,236,110.15,09:18:00.168507741
14,110.14,236,110.15,09:18:00.203736604
13,110.14,236,110.15,09:18:00.272331938
2,110.14,236,110.15,09:18:01.951249076
1,110.14,236,110.15,09:18:02.620359040
144,110.13,236,110.15,09:18:02.620501893
142,110.13,236,110.15,09:18:02.620860826
11,110.14,236,110.15,09:18:08.380237171
152,110.13,236,110.15,09:18:08.381009916
142,110.13,236,110.15,09:18:08.381469377
11,110.14,236,110.15,09:18:08.382561963
152,110.13,236,110.15,09:18:08.383167053
142,110.13,236,110.15,09:18:08.383620440
11,110.14,236,110.15,09:18:08.388072164
152,110.13,236,110.15,09:18:08.388661991
142,110.13,236,110.15,09:18:08.389098367
11,110.14,236,110.15,09:18:08.390859144
152,110.13,236,110.15,09:18:08.391437028
142,110.13,236,110.15,09:18:08.391874775
11,110.14,236,110.15,09:18:08.394449174
142,110.13,236,110.15,09:18:08.394883349
152,110.13,236,110.15,09:18:08.394947438
142,110.13,236,110.15,09:18:08.395318722
11,110.14,236,110.15,09:18:08.399583789
152,110.13,236,110.15,09:18:08.400169298
142,110.13,236,110.15,09:18:08.400608353
11,110.14,236,110.15,09:18:08.415606428
152,110.13,236,110.15,09:18:08.416187656
142,110.13,236,110.15,09:18:08.416644660
11,110.14,236,110.15,09:18:08.427452391
152,110.13,236,110.15,09:18:08.427957079
142,110.13,236,110.15,09:18:08.428384435
11,110.14,236,110.15,09:18:08.448587510
152,110.13,236,110.15,09:18:08.449205010
142,110.13,236,110.15,09:18:08.449659221
11,110.14,236,110.15,09:18:08.453344816
152,110.13,236,110.15,09:18:08.453926054
142,110.13,236,110.15,09:18:08.454358122
11,110.14,236,110.15,09:18:08.458230474
142,110.13,236,110.15,09:18:08.458597888
152,110.13,236,110.15,09:18:08.458699883
142,110.13,236,110.15,09:18:08.459040840
11,110.14,236,110.15,09:18:10.296071773
142,110.13,236,110.15,09:18:10.296327901
152,110.13,236,110.15,09:18:10.296654802
142,110.13,236,110.15,09:18:10.297041804
142,110.13,212,110.15,09:18:13.162269072
11,110.14,212,110.15,09:18:13.169252386
142,110.13,212,110.15,09:18:13.169579200
152,110.13,212,110.15,09:18:13.169766066
142,110.13,212,110.15,09:18:13.170221282
11,110.14,212,110.15,09:18:13.170891631
142,110.13,212,110.15,09:18:13.171288287
152,110.13,212,110.15,09:18:13.171373457
11,110.14,212,110.15,09:18:13.171686433
142,110.13,212,110.15,09:18:13.171959835
142,110.13,236,110.15,09:18:13.192403642
142,110.13,212,110.15,09:18:16.169141519
142,110.13,236,110.15,09:18:16.192612976
142,110.13,240,110.15,09:18:16.337706890
142,110.13,260,110.15,09:18:16.338079601
142,110.13,262,110.15,09:18:16.338417860
142,110.13,240,110.15,09:18:16.338970756
136,110.13,240,110.15,09:18:16.345175838
128,110.13,240,110.15,09:18:16.345243169
128,110.13,216,110.15,09:18:16.359682615
128,110.13,240,110.15,09:18:16.531499289
6,110.14,240,110.15,09:18:18.362103245
17,110.14,240,110.15,09:18:18.362279148
17,110.14,236,110.15,09:18:18.362421202
18,110.14,236,110.15,09:18:18.362547307
21,110.14,236,110.15,09:18:18.362636691
22,110.14,236,110.15,09:18:18.362653564
21,110.14,236,110.15,09:18:18.362830630
20,110.14,236,110.15,09:18:18.844918751
9,110.14,236,110.15,09:18:18.845083756
10,110.14,236,110.15,09:18:18.845235416
9,110.14,236,110.15,09:18:18.864400792
10,110.14,236,110.15,09:18:19.066221866
4,110.14,236,110.15,09:18:20.103077460
3,110.14,236,110.15,09:18:20.103404816
157,110.13,236,110.15,09:18:20.103832793
138,110.13,236,110.15,09:18:20.103996570
132,110.13,236,110.15,09:18:20.104081738
130,110.13,236,110.15,09:18:20.104182688
128,110.13,236,110.15,09:18:20.104553622
128,110.13,237,110.15,09:18:21.543671503
116,110.13,237,110.15,09:18:22.749954104
116,110.13,249,110.15,09:18:22.750306135
116,110.13,259,110.15,09:18:22.750737627
128,110.13,259,110.15,09:18:22.750836534
128,110.13,237,110.15,09:18:22.751031080
132,110.13,237,110.15,09:18:22.786108586
128,110.13,237,110.15,09:18:22.786462100
11,110.14,237,110.15,09:18:24.103411164
12,110.14,237,110.15,09:18:24.103690536
11,110.14,237,110.15,09:18:24.490086290
12,110.14,237,110.15,09:18:25.158940703
11,110.14,237,110.15,09:18:25.970753327
12,110.14,237,110.15,09:18:29.721178638
13,110.14,237,110.15,09:18:30.147020666
14,110.14,237,110.15,09:18:30.147135370
15,110.14,237,110.15,09:18:30.147475162
16,110.14,237,110.15,09:18:30.147894727
17,110.14,237,110.15,09:18:30.148106159
21,110.14,237,110.15,09:18:30.148286333
21,110.14,234,110.15,09:18:30.153446972
22,110.14,234,110.15,09:18:30.153722146
23,110.14,234,110.15,09:18:30.154151740
24,110.14,234,110.15,09:18:30.155938708
24,110.14,210,110.15,09:18:30.187983519
54,110.14,210,110.15,09:18:30.264929337
54,110.14,193,110.15,09:18:30.265317468
54,110.14,184,110.15,09:18:30.265337775
55,110.14,184,110.15,09:18:30.265337775
72,110.14,184,110.15,09:18:30.265565349
78,110.14,184,110.15,09:18:30.265981416
77,110.14,184,110.15,09:18:30.266006264
78,110.14,184,110.15,09:18:30.266072037
72,110.14,184,110.15,09:18:30.276286085
71,110.14,184,110.15,09:18:30.276459393
41,110.14,184,110.15,09:18:30.276644365
40,110.14,184,110.15,09:18:30.276644365
39,110.14,184,110.15,09:18:30.276721239
22,110.14,184,110.15,09:18:30.276721239
24,110.14,184,110.15,09:18:30.276975300
24,110.14,172,110.15,09:18:30.279229471
24,110.14,160,110.15,09:18:30.279986517
24,110.14,144,110.15,09:18:30.280223076
24,110.14,132,110.15,09:18:30.280341623
24,110.14,148,110.15,09:18:30.289029916
24,110.14,160,110.15,09:18:30.512632572
24,110.14,172,110.15,09:18:30.513063874
24,110.14,184,110.15,09:18:30.513455733
24,110.14,168,110.15,09:18:32.424368328
24,110.14,184,110.15,09:18:32.512879318
22,110.14,184,110.15,09:18:36.774912813
24,110.14,184,110.15,09:18:36.816250936
22,110.14,184,110.15,09:18:38.030389193
23,110.14,184,110.15,09:18:38.030693905
24,110.14,184,110.15,09:18:38.030902556
61,110.14,184,110.15,09:18:38.207432894
71,110.14,184,110.15,09:18:38.207432894
34,110.14,184,110.15,09:18:38.304611972
24,110.14,184,110.15,09:18:38.304611972
24,110.14,190,110.15,09:18:41.563177013
24,110.14,189,110.15,09:18:51.542368346
24,110.14,191,110.15,09:18:51.553012893
29,110.14,191,110.15,09:18:58.587579798
24,110.14,191,110.15,09:18:58.587768629
25,110.14,191,110.15,09:18:58.605129543
24,110.14,191,110.15,09:18:58.608710219
23,110.14,191,110.15,09:19:08.571791720
24,110.14,191,110.15,09:19:10.799633203
25,110.14,191,110.15,09:19:10.799813338
24,110.14,191,110.15,09:19:12.183181731
25,110.14,191,110.15,09:19:12.321984830
24,110.14,191,110.15,09:19:12.915731060
25,110.14,191,110.15,09:19:15.857297553
24,110.14,191,110.15,09:19:16.296356390
49,110.14,191,110.15,09:19:17.712143949
55,110.14,191,110.15,09:19:17.712348976
56,110.14,191,110.15,09:19:17.712386077
56,110.14,185,110.15,09:19:17.712430973
78,110.14,185,110.15,09:19:17.712988368
77,110.14,185,110.15,09:19:17.723176210
55,110.14,185,110.15,09:19:17.723176210
30,110.14,185,110.15,09:19:17.723314287
30,110.14,191,110.15,09:19:17.723391471
31,110.14,191,110.15,09:19:17.723391471
31,110.14,179,110.15,09:19:17.723575755
31,110.14,175,110.15,09:19:17.723734184
31,110.14,163,110.15,09:19:17.724204849
31,110.14,161,110.15,09:19:17.724290897
31,110.14,149,110.15,09:19:17.724592641
25,110.14,149,110.15,09:19:17.724715100
25,110.14,133,110.15,09:19:17.725828551
24,110.14,133,110.15,09:19:17.733694536
24,110.14,139,110.15,09:19:17.734013608
24,110.14,155,110.15,09:19:17.737099148
24,110.14,139,110.15,09:19:17.738464362
24,110.14,151,110.15,09:19:17.745739040
24,110.14,167,110.15,09:19:17.745863254
24,110.14,179,110.15,09:19:17.746031628
24,110.14,191,110.15,09:19:17.746355449
25,110.14,191,110.15,09:19:17.759337124
24,110.14,191,110.15,09:19:17.759512167
25,110.14,191,110.15,09:19:20.682171976
24,110.14,191,110.15,09:19:20.910033619
24,110.14,189,110.15,09:19:21.534266313
25,110.14,189,110.15,09:19:21.534423580
25,110.14,192,110.15,09:19:21.544975855
24,110.14,192,110.15,09:19:21.545135477
25,110.14,192,110.15,09:19:24.445455044
24,110.14,192,110.15,09:19:24.762457071
55,110.14,192,110.15,09:19:24.765416180
61,110.14,192,110.15,09:19:24.765437897
66,110.14,192,110.15,09:19:24.765437897
67,110.14,192,110.15,09:19:24.765500967
67,110.14,186,110.15,09:19:24.765584566
83,110.14,186,110.15,09:19:24.766266266
77,110.14,186,110.15,09:19:24.776393693
72,110.14,186,110.15,09:19:24.776493507
71,110.14,186,110.15,09:19:24.776510131
40,110.14,186,110.15,09:19:24.776671164
24,110.14,186,110.15,09:19:24.776764761
24,110.14,190,110.15,09:19:24.776764761
25,110.14,190,110.15,09:19:24.777115820
25,110.14,178,110.15,09:19:24.777399279
25,110.14,180,110.15,09:19:24.777399279
25,110.14,174,110.15,09:19:24.777735873
25,110.14,162,110.15,09:19:24.777857735
25,110.14,150,110.15,09:19:24.778393735
25,110.14,134,110.15,09:19:24.778465767
24,110.14,134,110.15,09:19:24.787770242
24,110.14,140,110.15,09:19:24.787994923
24,110.14,156,110.15,09:19:24.790485433
24,110.14,140,110.15,09:19:24.791635681
25,110.14,140,110.15,09:19:24.795581229
25,110.14,152,110.15,09:19:24.799351241
25,110.14,168,110.15,09:19:24.799665043
25,110.14,180,110.15,09:19:24.799738358
24,110.14,180,110.15,09:19:24.799817530
24,110.14,192,110.15,09:19:24.800016963
25,110.14,192,110.15,09:19:31.414097529
63,110.14,192,110.15,09:19:31.414325375
69,110.14,192,110.15,09:19:31.414658431
69,110.14,186,110.15,09:19:31.414911143
63,110.14,186,110.15,09:19:31.425344469
25,110.14,186,110.15,09:19:31.425411307
24,110.14,186,110.15,09:19:31.425621314
24,110.14,192,110.15,09:19:31.425777969
25,110.14,192,110.15,09:19:31.426060402
25,110.14,190,110.15,09:19:31.426233713
25,110.14,186,110.15,09:19:31.426524919
25,110.14,174,110.15,09:19:31.426734935
25,110.14,162,110.15,09:19:31.427197692
25,110.14,146,110.15,09:19:31.427266818
25,110.14,134,110.15,09:19:31.427870973
31,110.14,134,110.15,09:19:31.427949719
25,110.14,134,110.15,09:19:31.437244446
24,110.14,134,110.15,09:19:31.437326327
24,110.14,140,110.15,09:19:31.437574983
25,110.14,140,110.15,09:19:31.437663556
31,110.14,140,110.15,09:19:31.437840764
31,110.14,134,110.15,09:19:31.438172489
31,110.14,150,110.15,09:19:31.438575587
31,110.14,162,110.15,09:19:31.438575587
31,110.14,174,110.15,09:19:31.438821276
31,110.14,186,110.15,09:19:31.439123465
25,110.14,186,110.15,09:19:31.439438581
24,110.14,186,110.15,09:19:31.448373804
24,110.14,192,110.15,09:19:31.448612902
25,110.14,192,110.15,09:19:31.449429702
25,110.14,188,110.15,09:19:31.449512047
25,110.14,186,110.15,09:19:31.449865278
25,110.14,174,110.15,09:19:31.454817803
25,110.14,158,110.15,09:19:31.454995291
25,110.14,146,110.15,09:19:31.455119973
25,110.14,134,110.15,09:19:31.455628596
25,110.14,146,110.15,09:19:31.459227500
25,110.14,162,110.15,09:19:31.459846900
25,110.14,174,110.15,09:19:31.459924817
24,110.14,174,110.15,09:19:31.460034425
24,110.14,186,110.15,09:19:31.460138069
24,110.14,192,110.15,09:19:31.460313963
24,110.14,180,110.15,09:19:31.463968578
24,110.14,168,110.15,09:19:31.464230443
24,110.14,156,110.15,09:19:31.464577026
24,110.14,140,110.15,09:19:31.464923522
24,110.14,152,110.15,09:19:31.474159346
24,110.14,164,110.15,09:19:31.474376133
24,110.14,180,110.15,09:19:31.474489560
24,110.14,192,110.15,09:19:31.474740427
24,110.14,180,110.15,09:19:31.476130170
24,110.14,168,110.15,09:19:31.476326855
24,110.14,156,110.15,09:19:31.476663939
25,110.14,156,110.15,09:19:34.155326281
65,110.14,156,110.15,09:19:34.155395487
65,110.14,150,110.15,09:19:34.155899412
25,110.14,150,110.15,09:19:34.166114933
24,110.14,150,110.15,09:19:34.166194747
23,110.14,150,110.15,09:19:34.166378890
22,110.14,150,110.15,09:19:34.166378890
22,110.14,156,110.15,09:19:34.166531540
23,110.14,156,110.15,09:19:34.166531540
25,110.14,156,110.15,09:19:34.166601886
25,110.14,140,110.15,09:19:34.167713478
25,110.14,152,110.15,09:19:34.178979599
25,110.14,168,110.15,09:19:34.179393928
25,110.14,180,110.15,09:19:34.179462879
25,110.14,192,110.15,09:19:34.179709566
14,110.14,192,110.15,09:19:34.448023528
13,110.14,192,110.15,09:19:34.448023528
12,110.14,192,110.15,09:19:34.448043081
11,110.14,192,110.15,09:19:34.448043081
10,110.14,192,110.15,09:19:34.448043081
6,110.14,192,110.15,09:19:34.448043081
5,110.14,192,110.15,09:19:34.448043081
3,110.14,192,110.15,09:19:34.448239819
2,110.14,192,110.15,09:19:34.448367970
2,110.14,207,110.15,09:19:34.448367970
1,110.14,207,110.15,09:19:34.448367970
174,110.13,207,110.15,09:19:34.448367970
174,110.13,218,110.15,09:19:34.448476152
11,110.14,218,110.15,09:19:34.448571506
154,110.13,218,110.15,09:19:34.448671554
150,110.13,218,110.15,09:19:34.448986571
150,110.13,226,110.15,09:19:34.449269115
150,110.13,224,110.15,09:19:34.449593220
150,110.13,225,110.15,09:19:34.482655758
150,110.13,213,110.15,09:19:34.511648941
150,110.13,201,110.15,09:19:34.512046029
150,110.13,189,110.15,09:19:34.512436429
150,110.13,201,110.15,09:19:34.513919173
150,110.13,213,110.15,09:19:34.514161486
150,110.13,225,110.15,09:19:34.514398799
150,110.13,221,110.15,09:19:36.370974226
3,110.14,221,110.15,09:19:36.769606695
6,110.14,221,110.15,09:19:36.769646528
7,110.14,221,110.15,09:19:36.771143878
8,110.14,221,110.15,09:19:36.771159008
19,110.14,221,110.15,09:19:36.771159008
20,110.14,221,110.15,09:19:36.771177475
19,110.14,221,110.15,09:19:36.771522306
18,110.14,221,110.15,09:19:36.771541568
61,110.14,221,110.15,09:19:36.771541568
62,110.14,221,110.15,09:19:36.771557295
62,110.14,213,110.15,09:19:36.772232175
62,110.14,202,110.15,09:19:36.773297742
62,110.14,187,110.15,09:19:36.773297742
67,110.14,187,110.15,09:19:36.773607358
62,110.14,187,110.15,09:19:36.773694856
63,110.14,187,110.15,09:19:36.773770149
62,110.14,187,110.15,09:19:36.781827675
62,110.14,195,110.15,09:19:36.782047608
19,110.14,195,110.15,09:19:36.782194658
21,110.14,195,110.15,09:19:36.782688606
22,110.14,195,110.15,09:19:36.782688606
22,110.14,187,110.15,09:19:36.782893882
21,110.14,187,110.15,09:19:36.793074843
19,110.14,187,110.15,09:19:36.793398279
18,110.14,187,110.15,09:19:36.793398279
18,110.14,201,110.15,09:19:36.793505890
18,110.14,193,110.15,09:19:36.793895824
18,110.14,181,110.15,09:19:36.801387009
19,110.14,181,110.15,09:19:36.801527259
19,110.14,169,110.15,09:19:36.801934196
19,110.14,153,110.15,09:19:36.802003255
20,110.14,153,110.15,09:19:36.802303518
20,110.14,141,110.15,09:19:36.802534492
20,110.14,157,110.15,09:19:36.828862485
20,110.14,141,110.15,09:19:36.829939220
22,110.14,141,110.15,09:19:36.830096702
22,110.14,157,110.15,09:19:36.831709126
22,110.14,169,110.15,09:19:36.833200450
22,110.14,181,110.15,09:19:36.833574683
22,110.14,193,110.15,09:19:36.833843534
20,110.14,193,110.15,09:19:36.833970658
19,110.14,193,110.15,09:19:36.834178788
18,110.14,193,110.15,09:19:36.880659884
15,110.14,193,110.15,09:19:36.882551489
12,110.14,193,110.15,09:19:36.882627767
18,110.14,193,110.15,09:19:36.991011396
19,110.14,193,110.15,09:19:36.991109632
18,110.14,193,110.15,09:19:36.991224721
19,110.14,193,110.15,09:19:37.005918755
20,110.14,193,110.15,09:19:37.025865948
21,110.14,193,110.15,09:19:37.025994587
20,110.14,193,110.15,09:19:37.215423404
19,110.14,193,110.15,09:19:37.215561096
20,110.14,193,110.15,09:19:37.366519007
19,110.14,193,110.15,09:19:37.429003301
20,110.14,193,110.15,09:19:37.540382310
21,110.14,193,110.15,09:19:37.540520809
22,110.14,193,110.15,09:19:37.540666294
21,110.14,193,110.15,09:19:37.586155057
20,110.14,193,110.15,09:19:37.692642821
20,110.14,181,110.15,09:19:37.761595123
20,110.14,169,110.15,09:19:37.762077282
21,110.14,169,110.15,09:19:37.762214726
22,110.14,169,110.15,09:19:37.762354749
22,110.14,157,110.15,09:19:37.762592661
23,110.14,157,110.15,09:19:37.896032719
23,110.14,151,110.15,09:19:37.896279595
22,110.14,151,110.15,09:19:37.906964580
21,110.14,151,110.15,09:19:37.907246993
21,110.14,157,110.15,09:19:37.907342996
22,110.14,157,110.15,09:19:37.907491095
22,110.14,141,110.15,09:19:37.908283740
22,110.14,157,110.15,09:19:37.918836293
22,110.14,169,110.15,09:19:37.918957762
22,110.14,181,110.15,09:19:37.919375870
22,110.14,193,110.15,09:19:37.919779432
21,110.14,193,110.15,09:19:37.919923749
22,110.14,193,110.15,09:19:40.002233413
69,110.14,193,110.15,09:19:40.006873810
70,110.14,193,110.15,09:19:40.007039201
69,110.14,193,110.15,09:19:40.007235941
69,110.14,187,110.15,09:19:40.008024762
75,110.14,187,110.15,09:19:40.008233882
77,110.14,187,110.15,09:19:40.016696727
71,110.14,187,110.15,09:19:40.018683303
71,110.14,189,110.15,09:19:40.018976010
24,110.14,189,110.15,09:19:40.019111241
24,110.14,187,110.15,09:19:40.019481788
25,110.14,187,110.15,09:19:40.022302679
24,110.14,187,110.15,09:19:40.024629638
24,110.14,175,110.15,09:19:40.024699927
24,110.14,163,110.15,09:19:40.025239531
24,110.14,147,110.15,09:19:40.025239531
25,110.14,147,110.15,09:19:40.025349538
25,110.14,135,110.15,09:19:40.025664705
24,110.14,135,110.15,09:19:40.027751341
24,110.14,147,110.15,09:19:40.030691531
24,110.14,141,110.15,09:19:40.031006134
24,110.14,153,110.15,09:19:40.043614530
24,110.14,165,110.15,09:19:40.043967285
24,110.14,181,110.15,09:19:40.044191845
24,110.14,193,110.15,09:19:40.044376373
23,110.14,193,110.15,09:19:40.108935344
24,110.14,193,110.15,09:19:40.120230563
23,110.14,193,110.15,09:19:40.156772199
24,110.14,193,110.15,09:19:40.158014253
71,110.14,193,110.15,09:19:40.494764803
71,110.14,187,110.15,09:19:40.494988889
24,110.14,187,110.15,09:19:40.505419388
23,110.14,187,110.15,09:19:40.505705937
23,110.14,201,110.15,09:19:40.505779195
24,110.14,201,110.15,09:19:40.506026633
24,110.14,193,110.15,09:19:40.506280962
24,110.14,181,110.15,09:19:40.506400251
24,110.14,169,110.15,09:19:40.506910116
24,110.14,153,110.15,09:19:40.507017153
24,110.14,141,110.15,09:19:40.507390276
24,110.14,153,110.15,09:19:40.517615633
24,110.14,165,110.15,09:19:40.517882157
24,110.14,181,110.15,09:19:40.517962877
24,110.14,193,110.15,09:19:40.518175591
13,110.14,193,110.15,09:19:40.670561154
12,110.14,193,110.15,09:19:40.670575000
10,110.14,193,110.15,09:19:40.670635243
9,110.14,193,110.15,09:19:40.670917513
8,110.14,193,110.15,09:19:40.671032120
4,110.14,193,110.15,09:19:40.671049077
3,110.14,193,110.15,09:19:40.671049077
1,110.14,193,110.15,09:19:40.671049077
174,110.13,193,110.15,09:19:40.671156312
11,110.14,193,110.15,09:19:40.671351093
12,110.14,193,110.15,09:19:40.671490248
12,110.14,213,110.15,09:19:40.671515649
12,110.14,219,110.15,09:19:40.671515649
12,110.14,223,110.15,09:19:40.671515649
14,110.14,223,110.15,09:19:40.671721435
13,110.14,223,110.15,09:19:40.671721435
2,110.14,223,110.15,09:19:40.671872235
13,110.14,223,110.15,09:19:40.672184830
13,110.14,227,110.15,09:19:40.672184830
14,110.14,227,110.15,09:19:40.672300218
14,110.14,221,110.15,09:19:40.672440324
18,110.14,221,110.15,09:19:40.705850639
18,110.14,209,110.15,09:19:41.012030175
18,110.14,197,110.15,09:19:41.012510709
18,110.14,185,110.15,09:19:41.013005437
19,110.14,185,110.15,09:19:41.404193100
20,110.14,185,110.15,09:19:41.404335687
67,110.14,185,110.15,09:19:41.783370135
67,110.14,177,110.15,09:19:41.783630764
68,110.14,177,110.15,09:19:41.783789852
21,110.14,177,110.15,09:19:41.794125050
20,110.14,177,110.15,09:19:41.794209037
19,110.14,177,110.15,09:19:41.794313481
18,110.14,177,110.15,09:19:41.794385926
18,110.14,189,110.15,09:19:41.794473407
18,110.14,183,110.15,09:19:41.795107966
18,110.14,167,110.15,09:19:41.795519240
18,110.14,179,110.15,09:19:41.806001444
18,110.14,191,110.15,09:19:41.806570154
18,110.14,207,110.15,09:19:41.806818000
18,110.14,219,110.15,09:19:41.807039085
48,110.14,219,110.15,09:19:48.271406683
65,110.14,219,110.15,09:19:48.271477620
35,110.14,219,110.15,09:19:48.299139692
18,110.14,219,110.15,09:19:48.299199705
18,110.14,216,110.15,09:19:50.926329119
18,110.14,211,110.15,09:19:50.926343653
18,110.14,210,110.15,09:19:50.926448082
18,110.14,209,110.15,09:19:50.926448082
18,110.14,203,110.15,09:19:50.926462494
18,110.14,194,110.15,09:19:50.926462494
18,110.14,192,110.15,09:19:50.926462494
18,110.14,191,110.15,09:19:50.926690389
18,110.14,179,110.15,09:19:50.926708523
18,110.14,148,110.15,09:19:50.926708523
18,110.14,144,110.15,09:19:50.926708523
53,110.14,144,110.15,09:19:50.926708523
53,110.14,124,110.15,09:19:50.926708523
59,110.14,124,110.15,09:19:50.926822043
59,110.14,118,110.15,09:19:50.926822043
60,110.14,118,110.15,09:19:50.926836497
65,110.14,118,110.15,09:19:50.926851567
85,110.14,118,110.15,09:19:50.926873259
86,110.14,118,110.15,09:19:50.926873259
86,110.14,119,110.15,09:19:50.926976731
89,110.14,119,110.15,09:19:50.926976731
95,110.14,119,110.15,09:19:50.926976731
96,110.14,119,110.15,09:19:50.927066482
97,110.14,119,110.15,09:19:50.927066482
109,110.14,119,110.15,09:19:50.927066482
109,110.14,131,110.15,09:19:50.927179893
109,110.14,136,110.15,09:19:50.927179893
103,110.14,136,110.15,09:19:50.927387016
98,110.14,136,110.15,09:19:50.927648986
98,110.14,137,110.15,09:19:50.927759038
98,110.14,125,110.15,09:19:50.927759038
98,110.14,119,110.15,09:19:50.927936829
98,110.14,131,110.15,09:19:50.938348608
98,110.14,172,110.15,09:19:50.938476166
99,110.14,172,110.15,09:19:50.938476166
99,110.14,178,110.15,09:19:50.938616346
93,110.14,178,110.15,09:19:50.938733664
73,110.14,178,110.15,09:19:50.938748589
73,110.14,180,110.15,09:19:50.938748589
73,110.14,181,110.15,09:19:50.938748589
72,110.14,181,110.15,09:19:50.938803690
72,110.14,169,110.15,09:19:50.940778721
72,110.14,157,110.15,09:19:50.941449828
72,110.14,141,110.15,09:19:50.941943485
72,110.14,129,110.15,09:19:50.942009620
72,110.14,141,110.15,09:19:50.949579181
72,110.14,153,110.15,09:19:50.949862731
72,110.14,169,110.15,09:19:50.949974862
72,110.14,181,110.15,09:19:50.950096497
73,110.14,181,110.15,09:19:51.061622178
73,110.14,178,110.15,09:19:51.528469470
73,110.14,177,110.15,09:19:51.528617632
73,110.14,181,110.15,09:19:51.539136118
73,110.14,182,110.15,09:19:51.539292828
73,110.14,181,110.15,09:19:54.024498748
73,110.14,175,110.15,09:19:54.024866938
73,110.14,176,110.15,09:19:54.031593118
73,110.14,164,110.15,09:19:54.038857706
73,110.14,152,110.15,09:19:54.039444868
73,110.14,151,110.15,09:19:54.039597650
73,110.14,135,110.15,09:19:54.039667086
73,110.14,123,110.15,09:19:54.039885895
73,110.14,124,110.15,09:19:54.471550594
73,110.14,136,110.15,09:19:54.471813164
73,110.14,130,110.15,09:19:54.472097888
73,110.14,142,110.15,09:19:54.483166455
73,110.14,154,110.15,09:19:54.483651789
73,110.14,170,110.15,09:19:54.483868611
73,110.14,182,110.15,09:19:54.484136908
73,110.14,181,110.15,09:19:54.484286736
73,110.14,169,110.15,09:19:54.512115645
73,110.14,170,110.15,09:19:54.512258561
73,110.14,158,110.15,09:19:54.512501462
73,110.14,146,110.15,09:19:54.512886985
73,110.14,145,110.15,09:19:55.160316668
73,110.14,139,110.15,09:19:55.160658254
73,110.14,140,110.15,09:19:55.171003048
73,110.14,152,110.15,09:19:55.171381576
73,110.14,146,110.15,09:19:55.171703770
73,110.14,130,110.15,09:19:55.172344170
73,110.14,146,110.15,09:19:55.183685957
73,110.14,158,110.15,09:19:55.183792962
73,110.14,170,110.15,09:19:55.184260087
73,110.14,169,110.15,09:19:55.184411276
73,110.14,181,110.15,09:19:55.184677121
73,110.14,182,110.15,09:19:55.184830812
73,110.14,181,110.15,09:19:55.230749024
73,110.14,182,110.15,09:19:55.262940817
73,110.14,182,110.15,09:19:55.262940817
73,110.14,181,110.15,09:20:00.375844337
73,110.14,182,110.15,09:20:00.397640101
72,110.14,182,110.15,09:20:04.748188779
71,110.14,182,110.15,09:20:04.749372228
72,110.14,182,110.15,09:20:04.750918230
73,110.14,182,110.15,09:20:04.750986665
72,110.14,182,110.15,09:20:04.751689832
71,110.14,182,110.15,09:20:04.751917131
70,110.14,182,110.15,09:20:04.752630629
69,110.14,182,110.15,09:20:04.752702933
70,110.14,182,110.15,09:20:04.753895268
71,110.14,182,110.15,09:20:04.754463050
70,110.14,182,110.15,09:20:04.759277594
69,110.14,182,110.15,09:20:04.759395424
70,110.14,182,110.15,09:20:04.762426661
69,110.14,182,110.15,09:20:04.825241319
70,110.14,182,110.15,09:20:05.247668905
71,110.14,182,110.15,09:20:05.247810998
71,110.14,181,110.15,09:20:09.152290515
76,110.14,181,110.15,09:20:09.152311289
82,110.14,181,110.15,09:20:09.152566852
82,110.14,175,110.15,09:20:09.152687152
76,110.14,175,110.15,09:20:09.162907450
76,110.14,176,110.15,09:20:09.163002982
71,110.14,176,110.15,09:20:09.163170976
71,110.14,188,110.15,09:20:09.163261685
71,110.14,182,110.15,09:20:09.163618085
71,110.14,170,110.15,09:20:09.164055931
71,110.14,158,110.15,09:20:09.164687953
71,110.14,142,110.15,09:20:09.164868177
71,110.14,130,110.15,09:20:09.165268384
71,110.14,142,110.15,09:20:09.174897482
71,110.14,154,110.15,09:20:09.175388140
71,110.14,166,110.15,09:20:09.175774016
71,110.14,182,110.15,09:20:09.175980505
71,110.14,181,110.15,09:20:09.176231356
71,110.14,182,110.15,09:20:09.348176593
70,110.14,182,110.15,09:20:10.620301874
69,110.14,182,110.15,09:20:10.620367759
70,110.14,182,110.15,09:20:10.928366467
70,110.14,178,110.15,09:20:11.511039129
71,110.14,178,110.15,09:20:11.511184444
71,110.14,183,110.15,09:20:11.521667615
76,110.14,183,110.15,09:20:17.291399964
71,110.14,183,110.15,09:20:17.292103514
69,110.14,183,110.15,09:20:17.457444447
58,110.14,183,110.15,09:20:17.457458629
57,110.14,183,110.15,09:20:17.457587257
53,110.14,183,110.15,09:20:17.457601891
18,110.14,183,110.15,09:20:17.457601891
15,110.14,183,110.15,09:20:17.457601891
3,110.14,183,110.15,09:20:17.457601891
2,110.14,183,110.15,09:20:17.457800268
1,110.14,183,110.15,09:20:17.457819330
180,110.13,183,110.15,09:20:17.457819330
180,110.13,29,110.14,09:20:17.457819330
180,110.13,17,110.14,09:20:17.458204016
150,110.13,17,110.14,09:20:17.458393444
150,110.13,16,110.14,09:20:17.468794629
150,110.13,17,110.14,09:20:17.492264232
150,110.13,22,110.14,09:20:21.535967317
150,110.13,23,110.14,09:20:21.537857936
150,110.13,21,110.14,09:20:24.258822296
150,110.13,20,110.14,09:20:24.258911673
150,110.13,11,110.14,09:20:24.259244753
150,110.13,9,110.14,09:20:24.259244753
150,110.13,7,110.14,09:20:24.259406926
150,110.13,6,110.14,09:20:24.259427614
150,110.13,5,110.14,09:20:24.259427614
150,110.13,1,110.14,09:20:24.259427614
150,110.13,208,110.15,09:20:24.259449307
6,110.14,208,110.15,09:20:24.259449307
8,110.14,208,110.15,09:20:24.259776846
2,110.14,208,110.15,09:20:24.259917659
2,110.14,209,110.15,09:20:24.259917659
2,110.14,203,110.15,09:20:24.260001271
2,110.14,187,110.15,09:20:24.260430304
2,110.14,198,110.15,09:20:24.260573419
4,110.14,198,110.15,09:20:24.263923963
15,110.14,198,110.15,09:20:24.264009877
16,110.14,198,110.15,09:20:24.264246875
16,110.14,187,110.15,09:20:24.264246875
17,110.14,187,110.15,09:20:24.264263322
17,110.14,181,110.15,09:20:24.264263322
17,110.14,192,110.15,09:20:24.264335107
16,110.14,192,110.15,09:20:24.264581505
16,110.14,190,110.15,09:20:24.264670397
17,110.14,190,110.15,09:20:24.264830837
17,110.14,199,110.15,09:20:24.265507021
18,110.14,199,110.15,09:20:24.265633418
19,110.14,199,110.15,09:20:24.265633418
21,110.14,199,110.15,09:20:24.265701533
21,110.14,188,110.15,09:20:24.265847700
21,110.14,179,110.15,09:20:24.265997305
21,110.14,162,110.15,09:20:24.265997305
21,110.14,173,110.15,09:20:24.269651889
20,110.14,173,110.15,09:20:24.269937441
18,110.14,173,110.15,09:20:24.274536651
17,110.14,173,110.15,09:20:24.274663328
17,110.14,179,110.15,09:20:24.274842657
22,110.14,179,110.15,09:20:24.275364244
25,110.14,179,110.15,09:20:24.275364244
27,110.14,179,110.15,09:20:24.275451383
29,110.14,179,110.15,09:20:24.275451383
30,110.14,179,110.15,09:20:24.275743043
30,110.14,168,110.15,09:20:24.275933872
30,110.14,164,110.15,09:20:24.276030648
29,110.14,164,110.15,09:20:24.276030648
26,110.14,164,110.15,09:20:24.276346332
26,110.14,162,110.15,09:20:24.276561493
21,110.14,162,110.15,09:20:24.276764716
22,110.14,162,110.15,09:20:24.276781912
23,110.14,162,110.15,09:20:24.277361768
25,110.14,162,110.15,09:20:24.277436716
25,110.14,150,110.15,09:20:24.278637130
25,110.14,134,110.15,09:20:24.278823950
25,110.14,122,110.15,09:20:24.279182733
25,110.14,110,110.15,09:20:24.279684963
25,110.14,121,110.15,09:20:24.279927783
26,110.14,121,110.15,09:20:24.281357894
25,110.14,121,110.15,09:20:24.286516988
26,110.14,121,110.15,09:20:24.286933774
26,110.14,137,110.15,09:20:24.287345066
24,110.14,137,110.15,09:20:24.287584225
26,110.14,137,110.15,09:20:24.287975652
26,110.14,121,110.15,09:20:24.288762195
25,110.14,121,110.15,09:20:24.297032040
25,110.14,127,110.15,09:20:24.297352858
23,110.14,127,110.15,09:20:24.297498145
22,110.14,127,110.15,09:20:24.298435034
23,110.14,127,110.15,09:20:24.317362602
23,110.14,139,110.15,09:20:24.318668455
23,110.14,151,110.15,09:20:24.319073477
23,110.14,167,110.15,09:20:24.319073477
22,110.14,167,110.15,09:20:24.319209794
22,110.14,179,110.15,09:20:24.319392059
24,110.14,179,110.15,09:20:24.339993274
22,110.14,179,110.15,09:20:24.340248877
23,110.14,179,110.15,09:20:24.343428196
22,110.14,179,110.15,09:20:24.348903837
22,110.14,203,110.15,09:20:24.411303368
24,110.14,203,110.15,09:20:24.470053332
25,110.14,203,110.15,09:20:24.470198124
24,110.14,203,110.15,09:20:24.472710909
25,110.14,203,110.15,09:20:24.473997824
26,110.14,203,110.15,09:20:24.473997824
26,110.14,197,110.15,09:20:24.474245966
26,110.14,186,110.15,09:20:24.477546674
27,110.14,186,110.15,09:20:24.477688691
26,110.14,186,110.15,09:20:24.477841066
27,110.14,186,110.15,09:20:24.483592297
27,110.14,185,110.15,09:20:24.483729439
26,110.14,185,110.15,09:20:24.483875621
26,110.14,186,110.15,09:20:24.484020396
26,110.14,162,110.15,09:20:24.484789399
26,110.14,150,110.15,09:20:24.485777667
26,110.14,138,110.15,09:20:24.486342409
26,110.14,126,110.15,09:20:24.486826982
26,110.14,110,110.15,09:20:24.486904290
27,110.14,110,110.15,09:20:24.493147868
27,110.14,109,110.15,09:20:24.493217506
27,110.14,110,110.15,09:20:24.494329613
26,110.14,110,110.15,09:20:24.495395149
26,110.14,121,110.15,09:20:24.495619703
26,110.14,142,110.15,09:20:24.495619703
25,110.14,142,110.15,09:20:24.495757239
25,110.14,148,110.15,09:20:24.495834041
26,110.14,148,110.15,09:20:24.496066266
26,110.14,142,110.15,09:20:24.496524316
26,110.14,148,110.15,09:20:24.496895247
25,110.14,148,110.15,09:20:24.506578201
23,110.14,148,110.15,09:20:24.506727649
22,110.14,148,110.15,09:20:24.506802142
22,110.14,164,110.15,09:20:24.510255212
23,110.14,164,110.15,09:20:24.530480629
24,110.14,164,110.15,09:20:24.530649444
26,110.14,164,110.15,09:20:24.530719140
24,110.14,164,110.15,09:20:24.531459905
25,110.14,164,110.15,09:20:24.534814949
24,110.14,164,110.15,09:20:24.535075333
25,110.14,164,110.15,09:20:24.542065776
26,110.14,164,110.15,09:20:24.542195660
26,110.14,143,110.15,09:20:24.581861652
25,110.14,143,110.15,09:20:24.620351612
26,110.14,143,110.15,09:20:24.622375326
26,110.14,155,110.15,09:20:24.762448644
26,110.14,167,110.15,09:20:24.762876576
26,110.14,179,110.15,09:20:24.763330860
26,110.14,203,110.15,09:20:24.781732560
25,110.14,203,110.15,09:20:24.781873040
26,110.14,203,110.15,09:20:24.815044994
25,110.14,203,110.15,09:20:24.971945696
24,110.14,203,110.15,09:20:24.972093043
23,110.14,203,110.15,09:20:25.059518386
24,110.14,203,110.15,09:20:25.079109712
25,110.14,203,110.15,09:20:25.088650820
26,110.14,203,110.15,09:20:25.088800727
25,110.14,203,110.15,09:20:25.095469151
24,110.14,203,110.15,09:20:25.426770916
23,110.14,203,110.15,09:20:25.486747531
24,110.14,203,110.15,09:20:25.503604750
23,110.14,203,110.15,09:20:25.533568503
24,110.14,203,110.15,09:20:25.658808332
25,110.14,203,110.15,09:20:25.659030383
25,110.14,179,110.15,09:20:25.674125936
26,110.14,179,110.15,09:20:25.706506234
25,110.14,179,110.15,09:20:28.071452255
72,110.14,179,110.15,09:20:28.325690169
73,110.14,179,110.15,09:20:28.325801061
73,110.14,168,110.15,09:20:28.325903043
73,110.14,167,110.15,09:20:28.325996303
73,110.14,161,110.15,09:20:28.326087018
26,110.14,161,110.15,09:20:28.336420250
26,110.14,162,110.15,09:20:28.336504690
25,110.14,162,110.15,09:20:28.336664379
25,110.14,174,110.15,09:20:28.336740135
26,110.14,174,110.15,09:20:28.336910007
26,110.14,162,110.15,09:20:28.336910007
26,110.14,156,110.15,09:20:28.337071534
26,110.14,144,110.15,09:20:28.337474330
26,110.14,132,110.15,09:20:28.337921386
26,110.14,116,110.15,09:20:28.338080636
26,110.14,127,110.15,09:20:28.338141587
26,110.14,139,110.15,09:20:28.348461422
26,110.14,151,110.15,09:20:28.348826607
26,110.14,163,110.15,09:20:28.349232581
26,110.14,179,110.15,09:20:28.349524763
25,110.14,179,110.15,09:20:29.772439268
24,110.14,179,110.15,09:20:29.777283335
23,110.14,179,110.15,09:20:29.780938241
24,110.14,179,110.15,09:20:29.853074797
25,110.14,179,110.15,09:20:29.887561880
72,110.14,179,110.15,09:20:29.887645163
73,110.14,179,110.15,09:20:29.887711749
72,110.14,179,110.15,09:20:29.888153870
25,110.14,179,110.15,09:20:29.931769594
26,110.14,179,110.15,09:20:29.995705169
25,110.14,179,110.15,09:20:31.843422653
24,110.14,179,110.15,09:20:31.843731584
23,110.14,179,110.15,09:20:31.843885113
22,110.14,179,110.15,09:20:31.843955727
23,110.14,179,110.15,09:20:31.844241593
22,110.14,179,110.15,09:20:31.844667167
23,110.14,179,110.15,09:20:31.846954464
22,110.14,179,110.15,09:20:31.847446217
22,110.14,203,110.15,09:20:32.015873233
47,110.14,203,110.15,09:20:32.514991952
49,110.14,203,110.15,09:20:32.515130771
71,110.14,203,110.15,09:20:32.515130771
72,110.14,203,110.15,09:20:32.515147542
73,110.14,203,110.15,09:20:32.515147542
73,110.14,197,110.15,09:20:32.515350819
72,110.14,197,110.15,09:20:32.515367923
71,110.14,197,110.15,09:20:32.515469074
69,110.14,197,110.15,09:20:32.525394533
47,110.14,197,110.15,09:20:32.525585448
22,110.14,197,110.15,09:20:32.525585448
22,110.14,209,110.15,09:20:32.525650790
22,110.14,203,110.15,09:20:32.526023134
22,110.14,191,110.15,09:20:32.526952945
22,110.14,179,110.15,09:20:32.527494442
22,110.14,167,110.15,09:20:32.527975671
22,110.14,151,110.15,09:20:32.528704291
22,110.14,163,110.15,09:20:32.536933891
22,110.14,175,110.15,09:20:32.537216624
22,110.14,187,110.15,09:20:32.537491293
22,110.14,203,110.15,09:20:32.537677481
22,110.14,179,110.15,09:20:32.542556988
22,110.14,180,110.15,09:20:32.543614761
22,110.14,204,110.15,09:20:32.766027729
23,110.14,204,110.15,09:20:32.969010032
22,110.14,204,110.15,09:20:32.986577014
23,110.14,204,110.15,09:20:33.510320546
22,110.14,204,110.15,09:20:33.562967709
20,110.14,204,110.15,09:20:34.835253040
18,110.14,204,110.15,09:20:34.866849626
18,110.14,197,110.15,09:20:35.850030283
18,110.14,191,110.15,09:20:35.850196660
18,110.14,175,110.15,09:20:35.850212254
18,110.14,170,110.15,09:20:35.850212254
18,110.14,167,110.15,09:20:35.850212254
18,110.14,164,110.15,09:20:35.850212254
18,110.14,160,110.15,09:20:35.850445440
18,110.14,159,110.15,09:20:35.850464161
18,110.14,158,110.15,09:20:35.850464161
18,110.14,153,110.15,09:20:35.850480519
18,110.14,152,110.15,09:20:35.850480519
18,110.14,140,110.15,09:20:35.850494522
18,110.14,99,110.15,09:20:35.850737824
18,110.14,97,110.15,09:20:35.850751834
18,110.14,96,110.15,09:20:35.850766653
18,110.14,95,110.15,09:20:35.850766653
18,110.14,94,110.15,09:20:35.850782070
18,110.14,83,110.15,09:20:35.850782070
18,110.14,77,110.15,09:20:35.850782070
18,110.14,65,110.15,09:20:35.850798602
18,110.14,53,110.15,09:20:35.850798602
18,110.14,41,110.15,09:20:35.850813120
18,110.14,25,110.15,09:20:35.850813120
18,110.14,24,110.15,09:20:35.850813120
18,110.14,4,110.15,09:20:35.851270986
20,110.14,4,110.15,09:20:35.851270986
25,110.14,4,110.15,09:20:35.851315933
26,110.14,4,110.15,09:20:35.851315933
32,110.14,4,110.15,09:20:35.851315933
33,110.14,4,110.15,09:20:35.851315933
39,110.14,4,110.15,09:20:35.852184559
42,110.14,4,110.15,09:20:35.852200044
43,110.14,4,110.15,09:20:35.852200044
53,110.14,4,110.15,09:20:35.852220588
73,110.14,4,110.15,09:20:35.852220588
103,110.14,4,110.15,09:20:35.852220588
103,110.14,16,110.15,09:20:35.852239180
103,110.14,17,110.15,09:20:35.852239180
104,110.14,17,110.15,09:20:35.852239180
107,110.14,17,110.15,09:20:35.852239180
108,110.14,17,110.15,09:20:35.852272030
108,110.14,18,110.15,09:20:35.852272030
125,110.14,18,110.15,09:20:35.852292526
132,110.14,18,110.15,09:20:35.852292526
132,110.14,23,110.15,09:20:35.852292526
132,110.14,25,110.15,09:20:35.852354607
132,110.14,30,110.15,09:20:35.852354607
132,110.14,41,110.15,09:20:35.852354607
132,110.14,42,110.15,09:20:35.852390169
132,110.14,41,110.15,09:20:35.852413849
132,110.14,29,110.15,09:20:35.852629528
125,110.14,29,110.15,09:20:35.852649407
125,110.14,18,110.15,09:20:35.852683861
125,110.14,17,110.15,09:20:35.852683861
125,110.14,18,110.15,09:20:35.852683861
125,110.14,29,110.15,09:20:35.852972594
126,110.14,29,110.15,09:20:35.861049558
126,110.14,32,110.15,09:20:35.861362736
126,110.14,35,110.15,09:20:35.861438995
126,110.14,37,110.15,09:20:35.862022249
127,110.14,37,110.15,09:20:35.862118050
127,110.14,38,110.15,09:20:35.870551104
127,110.14,36,110.15,09:20:35.872227870
127,110.14,34,110.15,09:20:35.872299275
127,110.14,40,110.15,09:20:35.884098729
127,110.14,36,110.15,09:20:35.913682893
127,110.14,40,110.15,09:20:36.017310897
127,110.14,41,110.15,09:20:36.922682043
124,110.14,41,110.15,09:20:36.922857778
114,110.14,41,110.15,09:20:36.922923832
114,110.14,35,110.15,09:20:37.366181556
114,110.14,34,110.15,09:20:37.366272824
114,110.14,35,110.15,09:20:37.389638578
114,110.14,34,110.15,09:20:39.837523236
114,110.14,33,110.15,09:20:41.864359355
124,110.14,33,110.15,09:20:41.864628669
127,110.14,33,110.15,09:20:41.864697534
127,110.14,34,110.15,09:20:41.865021566
127,110.14,37,110.15,09:20:41.875701078
127,110.14,40,110.15,09:20:41.875772166
124,110.14,40,110.15,09:20:42.116232935
114,110.14,40,110.15,09:20:42.116298606
114,110.14,41,110.15,09:20:46.202044113
114,110.14,40,110.15,09:20:48.851184650
114,110.14,41,110.15,09:20:48.939082237
114,110.14,42,110.15,09:20:48.939154691
114,110.14,41,110.15,09:20:48.939220514
114,110.14,40,110.15,09:20:49.000304227
114,110.14,41,110.15,09:20:49.112549810
114,110.14,42,110.15,09:20:49.117829407
114,110.14,41,110.15,09:20:49.118555023
114,110.14,47,110.15,09:20:49.127457186
94,110.14,47,110.15,09:20:49.128373416
88,110.14,47,110.15,09:20:49.128432840
88,110.14,48,110.15,09:20:49.128538101
88,110.14,47,110.15,09:20:49.142099006
88,110.14,48,110.15,09:20:49.146377951
88,110.14,47,110.15,09:20:49.155395544
88,110.14,41,110.15,09:20:49.155534213
88,110.14,40,110.15,09:20:50.693039036
88,110.14,41,110.15,09:20:50.697716306
88,110.14,40,110.15,09:20:50.792173784
88,110.14,41,110.15,09:20:51.841043392
88,110.14,42,110.15,09:20:52.225471345
114,110.14,42,110.15,09:20:53.693310105
114,110.14,41,110.15,09:20:53.693385705
114,110.14,40,110.15,09:20:53.693524112
114,110.14,42,110.15,09:20:54.231941857
88,110.14,42,110.15,09:20:55.149568360
88,110.14,54,110.15,09:20:55.149736824
88,110.14,71,110.15,09:20:55.162181137
88,110.14,54,110.15,09:20:55.263692721
88,110.14,58,110.15,09:20:56.957483507
88,110.14,59,110.15,09:21:00.584517626
88,110.14,60,110.15,09:21:01.979517330
88,110.14,61,110.15,09:21:03.603747223
88,110.14,60,110.15,09:21:05.323860204
88,110.14,61,110.15,09:21:06.087524813
88,110.14,60,110.15,09:21:07.254090344
88,110.14,61,110.15,09:21:13.041416069
88,110.14,60,110.15,09:21:13.046599105
88,110.14,61,110.15,09:21:13.142346740
88,110.14,60,110.15,09:21:13.633093012
88,110.14,61,110.15,09:21:14.586726578
88,110.14,60,110.15,09:21:14.690704387
88,110.14,61,110.15,09:21:15.257153811
88,110.14,60,110.15,09:21:16.234949580
88,110.14,61,110.15,09:21:18.108795514
88,110.14,60,110.15,09:21:19.083514461
88,110.14,61,110.15,09:21:20.875389786
88,110.14,60,110.15,09:21:21.431649743
88,110.14,61,110.15,09:21:21.516038624
88,110.14,62,110.15,09:21:23.666745605
88,110.14,61,110.15,09:21:23.666957655
88,110.14,62,110.15,09:21:25.056957919
88,110.14,61,110.15,09:21:25.680555564
87,110.14,61,110.15,09:21:29.925927425
85,110.14,61,110.15,09:21:29.925927425
74,110.14,61,110.15,09:21:29.926088023
73,110.14,61,110.15,09:21:29.926103009
72,110.14,61,110.15,09:21:29.926103009
71,110.14,61,110.15,09:21:29.926103009
70,110.14,61,110.15,09:21:29.926103009
68,110.14,61,110.15,09:21:29.926311108
63,110.14,61,110.15,09:21:29.926324209
62,110.14,61,110.15,09:21:29.926324209
56,110.14,61,110.15,09:21:29.926338091
55,110.14,61,110.15,09:21:29.926338091
52,110.14,61,110.15,09:21:29.926463213
51,110.14,61,110.15,09:21:29.926491495
47,110.14,61,110.15,09:21:29.926491495
47,110.14,62,110.15,09:21:29.926491495
47,110.14,84,110.15,09:21:29.926491495
47,110.14,96,110.15,09:21:29.926491495
46,110.14,96,110.15,09:21:29.926507098
46,110.14,97,110.15,09:21:29.926776791
46,110.14,138,110.15,09:21:29.926796759
46,110.14,139,110.15,09:21:29.926796759
20,110.14,139,110.15,09:21:29.926896762
19,110.14,139,110.15,09:21:29.927066199
2,110.14,139,110.15,09:21:29.927267345
8,110.14,139,110.15,09:21:29.927330525
9,110.14,139,110.15,09:21:29.927330525
10,110.14,139,110.15,09:21:29.927350391
11,110.14,139,110.15,09:21:29.927350391
12,110.14,139,110.15,09:21:29.927350391
12,110.14,149,110.15,09:21:29.927416058
13,110.14,149,110.15,09:21:29.927434125
12,110.14,149,110.15,09:21:29.928218563
11,110.14,149,110.15,09:21:29.928232386
9,110.14,149,110.15,09:21:29.928262063
7,110.14,149,110.15,09:21:29.928304162
6,110.14,149,110.15,09:21:29.928417384
5,110.14,149,110.15,09:21:29.928417384
4,110.14,149,110.15,09:21:29.928728834
3,110.14,149,110.15,09:21:29.928728834
2,110.14,149,110.15,09:21:29.928930895
172,110.13,149,110.15,09:21:29.928946095
160,110.13,149,110.15,09:21:29.929418782
160,110.13,143,110.15,09:21:29.929436348
160,110.13,149,110.15,09:21:29.929472158
160,110.13,155,110.15,09:21:29.929489826
150,110.13,155,110.15,09:21:29.929768847
1,110.14,155,110.15,09:21:29.939786302
3,110.14,155,110.15,09:21:29.946803196
4,110.14,155,110.15,09:21:29.946884822
5,110.14,155,110.15,09:21:29.946884822
4,110.14,155,110.15,09:21:29.947121144
4,110.14,154,110.15,09:21:29.948123841
3,110.14,154,110.15,09:21:29.950093159
1,110.14,154,110.15,09:21:29.950320813
150,110.13,154,110.15,09:21:29.950536602
1,110.14,154,110.15,09:21:29.961382280
4,110.14,154,110.15,09:21:29.961581250
34,110.14,154,110.15,09:21:29.961665768
35,110.14,154,110.15,09:21:29.961926286
36,110.14,154,110.15,09:21:29.961997658
35,110.14,154,110.15,09:21:29.972287594
5,110.14,154,110.15,09:21:29.972393191
5,110.14,155,110.15,09:21:29.974902405
4,110.14,155,110.15,09:21:29.975060514
6,110.14,155,110.15,09:21:29.975840212
7,110.14,155,110.15,09:21:29.977582154
8,110.14,155,110.15,09:21:29.977746499
19,110.14,155,110.15,09:21:29.977815347
20,110.14,155,110.15,09:21:29.983131718
20,110.14,154,110.15,09:21:30.001218527
19,110.14,154,110.15,09:21:30.027995199
8,110.14,154,110.15,09:21:30.028139590
10,110.14,154,110.15,09:21:30.028310767
11,110.14,154,110.15,09:21:30.028376172
22,110.14,154,110.15,09:21:30.039115217
20,110.14,154,110.15,09:21:30.043400555
50,110.14,154,110.15,09:21:30.095348064
67,110.14,154,110.15,09:21:30.096407893
67,110.14,132,110.15,09:21:30.337419144
68,110.14,132,110.15,09:21:30.337649800
68,110.14,131,110.15,09:21:30.337797028
69,110.14,131,110.15,09:21:30.337905361
70,110.14,131,110.15,09:21:30.340680581
71,110.14,131,110.15,09:21:30.340810950
70,110.14,131,110.15,09:21:30.375186719
71,110.14,131,110.15,09:21:31.386229927
70,110.14,131,110.15,09:21:32.123986725
71,110.14,131,110.15,09:21:32.878783917
72,110.14,131,110.15,09:21:33.248661540
74,110.14,131,110.15,09:21:36.792529957
74,110.14,130,110.15,09:21:41.546705523
74,110.14,132,110.15,09:21:41.557460747
73,110.14,132,110.15,09:21:41.923374100
62,110.14,132,110.15,09:21:41.923576237
61,110.14,132,110.15,09:21:41.923705121
60,110.14,132,110.15,09:21:41.923726269
60,110.14,133,110.15,09:21:41.923726269
59,110.14,133,110.15,09:21:41.923726269
60,110.14,133,110.15,09:21:41.923726269
62,110.14,133,110.15,09:21:41.923855710
61,110.14,133,110.15,09:21:41.934105715
59,110.14,133,110.15,09:21:41.934197101
59,110.14,149,110.15,09:21:41.944965784
59,110.14,159,110.15,09:21:41.945082520
42,110.14,159,110.15,09:21:41.956202551
12,110.14,159,110.15,09:21:41.956222637
11,110.14,159,110.15,09:21:41.956398461
10,110.14,159,110.15,09:21:41.956489152
9,110.14,159,110.15,09:21:41.956592044
9,110.14,161,110.15,09:21:41.956673087
8,110.14,161,110.15,09:21:41.956772304
6,110.14,161,110.15,09:21:41.956772304
4,110.14,161,110.15,09:21:41.956884554
4,110.14,163,110.15,09:21:41.957210975
2,110.14,163,110.15,09:21:41.966791020
1,110.14,163,110.15,09:21:41.967055020
154,110.13,163,110.15,09:21:41.967167621
150,110.13,163,110.15,09:21:41.967818229
150,110.13,159,110.15,09:21:41.967890174
150,110.13,1,110.14,09:21:42.085554101
150,110.13,6,110.14,09:21:42.085788700
150,110.13,7,110.14,09:21:42.085788700
150,110.13,8,110.14,09:21:42.086602012
150,110.13,19,110.14,09:21:42.086602012
150,110.13,20,110.14,09:21:42.122849842
150,110.13,19,110.14,09:21:42.334530270
150,110.13,8,110.14,09:21:44.318538574
150,110.13,10,110.14,09:21:44.662698324
150,110.13,11,110.14,09:21:44.664950277
150,110.13,22,110.14,09:21:44.754406497
150,110.13,11,110.14,09:21:45.356264360
150,110.13,22,110.14,09:21:52.891327210
150,110.13,24,110.14,09:21:52.892138025
150,110.13,29,110.14,09:21:53.393549849
138,110.13,29,110.14,09:21:53.393674137
138,110.13,30,110.14,09:21:53.399137685
138,110.13,29,110.14,09:21:53.455070632
138,110.13,30,110.14,09:21:54.062370506
138,110.13,32,110.14,09:21:54.073224575
112,110.13,32,110.14,09:21:54.073416683
112,110.13,38,110.14,09:21:54.073436702
112,110.13,68,110.14,09:21:54.073436702
112,110.13,78,110.14,09:21:54.073436702
112,110.13,90,110.14,09:21:54.073516161
112,110.13,91,110.14,09:21:54.073535263
112,110.13,108,110.14,09:21:54.073535263
112,110.13,114,110.14,09:21:54.073669699
107,110.13,114,110.14,09:21:54.073896875
107,110.13,113,110.14,09:21:54.073914826
109,110.13,113,110.14,09:21:54.073989787
109,110.13,112,110.14,09:21:54.074158733
109,110.13,100,110.14,09:21:54.074352388
109,110.13,99,110.14,09:21:54.074421361
109,110.13,82,110.14,09:21:54.084445120
109,110.13,52,110.14,09:21:54.084521951
109,110.13,64,110.14,09:21:54.084810948
109,110.13,65,110.14,09:21:54.084810948
108,110.13,65,110.14,09:21:54.084893978
106,110.13,65,110.14,09:21:54.084995219
104,110.13,65,110.14,09:21:54.084995219
104,110.13,69,110.14,09:21:54.084995219
104,110.13,73,110.14,09:21:54.084995219
82,110.13,73,110.14,09:21:54.085082281
82,110.13,77,110.14,09:21:54.099371506
76,110.13,77,110.14,09:21:54.532059755
76,110.13,65,110.14,09:21:55.759272152
76,110.13,61,110.14,09:21:59.044012725
76,110.13,60,110.14,09:22:01.530580290
76,110.13,62,110.14,09:22:01.541234109
76,110.13,63,110.14,09:22:02.888641492
75,110.13,63,110.14,09:22:02.900104115
75,110.13,84,110.14,09:22:03.002423507
74,110.13,84,110.14,09:22:03.002423507
74,110.13,122,110.14,09:22:03.002423507
26,110.13,122,110.14,09:22:03.002518336
24,110.13,122,110.14,09:22:03.002619871
23,110.13,122,110.14,09:22:03.002635157
23,110.13,134,110.14,09:22:03.002811364
23,110.13,144,110.14,09:22:03.002970317
24,110.13,144,110.14,09:22:03.003054822
24,110.13,150,110.14,09:22:03.003148767
24,110.13,140,110.14,09:22:03.003548300
22,110.13,140,110.14,09:22:03.003647680
21,110.13,140,110.14,09:22:03.003647680
20,110.13,140,110.14,09:22:03.003847067
20,110.13,128,110.14,09:22:03.012862528
22,110.13,128,110.14,09:22:03.013098535
23,110.13,128,110.14,09:22:03.013194351
22,110.13,128,110.14,09:22:03.013709253
20,110.13,128,110.14,09:22:03.013783071
19,110.13,128,110.14,09:22:03.347071852
17,110.13,128,110.14,09:22:03.347208034
16,110.13,128,110.14,09:22:03.347555447
5,110.13,128,110.14,09:22:03.347650034
5,110.13,139,110.14,09:22:03.347650034
4,110.13,139,110.14,09:22:03.347837854
3,110.13,139,110.14,09:22:03.347920763
2,110.13,139,110.14,09:22:03.347920763
1,110.13,139,110.14,09:22:03.348435274
149,110.12,139,110.14,09:22:03.348513418
147,110.12,139,110.14,09:22:03.349070311
147,110.12,151,110.14,09:22:03.349125770
145,110.12,151,110.14,09:22:03.349723375
146,110.12,151,110.14,09:22:03.359927173
147,110.12,151,110.14,09:22:03.360011855
6,110.13,151,110.14,09:22:03.409946006
6,110.13,139,110.14,09:22:03.410391591
153,110.12,139,110.14,09:22:03.421275789
147,110.12,139,110.14,09:22:03.421713877
147,110.12,11,110.13,09:22:04.549757307
147,110.12,12,110.13,09:22:04.550071909
147,110.12,13,110.13,09:22:04.550169691
147,110.12,14,110.13,09:22:04.550187169
147,110.12,16,110.13,09:22:04.550187169
147,110.12,19,110.13,09:22:04.550337684
147,110.12,24,110.13,09:22:04.550414337
147,110.12,26,110.13,09:22:04.550643233
147,110.12,27,110.13,09:22:04.553520495
147,110.12,25,110.13,09:22:04.554238683
147,110.12,24,110.13,09:22:04.555137470
147,110.12,19,110.13,09:22:04.559377124
147,110.12,18,110.13,09:22:04.559448478
147,110.12,15,110.13,09:22:04.559517691
147,110.12,18,110.13,09:22:04.560245213
147,110.12,23,110.13,09:22:04.560264986
147,110.12,28,110.13,09:22:04.560264986
147,110.12,25,110.13,09:22:04.560492487
147,110.12,23,110.13,09:22:04.561154665
147,110.12,18,110.13,09:22:04.561531727
147,110.12,20,110.13,09:22:04.561546450
147,110.12,21,110.13,09:22:04.561678480
147,110.12,26,110.13,09:22:04.565882032
147,110.12,25,110.13,09:22:04.565951036
147,110.12,26,110.13,09:22:04.567613810
147,110.12,25,110.13,09:22:04.569235281
147,110.12,20,110.13,09:22:04.571530255
147,110.12,21,110.13,09:22:04.571956555
147,110.12,22,110.13,09:22:04.572850133
147,110.12,26,110.13,09:22:04.603934670
147,110.12,31,110.13,09:22:04.666351657
147,110.12,27,110.13,09:22:04.672719483
147,110.12,29,110.13,09:22:04.674547671
147,110.12,39,110.13,09:22:04.772932912
147,110.12,40,110.13,09:22:04.773035390
147,110.12,41,110.13,09:22:04.773052693
141,110.12,41,110.13,09:22:04.773363685
121,110.12,41,110.13,09:22:04.773363685
121,110.12,47,110.13,09:22:04.777528040
121,110.12,41,110.13,09:22:04.783588535
121,110.12,40,110.13,09:22:04.783703978
121,110.12,30,110.13,09:22:04.784021514
121,110.12,31,110.13,09:22:04.786861173
121,110.12,37,110.13,09:22:04.787553540
121,110.12,41,110.13,09:22:04.826734581
110,110.12,41,110.13,09:22:04.870973270
97,110.12,41,110.13,09:22:04.871044138
97,110.12,45,110.13,09:22:04.882267742
97,110.12,49,110.13,09:22:04.882371653
97,110.12,48,110.13,09:22:05.155875311
97,110.12,42,110.13,09:22:05.369489268
86,110.12,42,110.13,09:22:07.158761236
86,110.12,43,110.13,09:22:07.158761236
86,110.12,44,110.13,09:22:07.158761236
86,110.12,54,110.13,09:22:07.158924881
74,110.12,54,110.13,09:22:07.159152970
74,110.12,53,110.13,09:22:07.159420314
85,110.12,53,110.13,09:22:07.159944771
85,110.12,43,110.13,09:22:07.160046003
85,110.12,44,110.13,09:22:07.169617888
85,110.12,54,110.13,09:22:07.169617888
74,110.12,54,110.13,09:22:07.169774648
74,110.12,53,110.13,09:22:07.169969820
74,110.12,43,110.13,09:22:07.206006518
74,110.12,57,110.13,09:22:07.231841852
74,110.12,83,110.13,09:22:07.231841852
74,110.12,91,110.13,09:22:07.231932887
74,110.12,103,110.13,09:22:07.231932887
74,110.12,125,110.13,09:22:07.231948022
74,110.12,137,110.13,09:22:07.231948022
74,110.12,143,110.13,09:22:07.231948022
69,110.12,143,110.13,09:22:07.373935151
63,110.12,143,110.13,09:22:07.374343720
63,110.12,153,110.13,09:22:07.374531909
60,110.12,153,110.13,09:22:07.377503478
63,110.12,153,110.13,09:22:08.236466035
74,110.12,153,110.13,09:22:08.236929458
74,110.12,141,110.13,09:22:08.237041023
74,110.12,129,110.13,09:22:08.237251599
74,110.12,115,110.13,09:22:08.237267935
74,110.12,105,110.13,09:22:08.237404047
74,110.12,97,110.13,09:22:08.237873291
74,110.12,91,110.13,09:22:08.237873291
74,110.12,101,110.13,09:22:08.566106872
74,110.12,103,110.13,09:22:08.699070235
74,110.12,105,110.13,09:22:08.705165349
63,110.12,105,110.13,09:22:09.470052265
63,110.12,117,110.13,09:22:09.470396100
63,110.12,133,110.13,09:22:09.470410875
63,110.12,142,110.13,09:22:09.470410875
63,110.12,152,110.13,09:22:09.470489793
63,110.12,157,110.13,09:22:09.470489793
51,110.12,157,110.13,09:22:09.470672216
16,110.12,157,110.13,09:22:09.470672216
13,110.12,157,110.13,09:22:09.470672216
24,110.12,157,110.13,09:22:09.470854975
25,110.12,157,110.13,09:22:09.471187143
24,110.12,157,110.13,09:22:09.508435152
26,110.12,157,110.13,09:22:11.158078924
52,110.12,157,110.13,09:22:11.158148408
73,110.12,157,110.13,09:22:11.158251599
73,110.12,147,110.13,09:22:11.165941712
73,110.12,131,110.13,09:22:11.166033344
73,110.12,119,110.13,09:22:11.166033344
74,110.12,119,110.13,09:22:11.166276512
74,110.12,110,110.13,09:22:11.471087433
74,110.12,105,110.13,09:22:11.471173439
74,110.12,95,110.13,09:22:11.471396188
74,110.12,73,110.13,09:22:11.471604201
74,110.12,47,110.13,09:22:11.471686384
74,110.12,71,110.13,09:22:11.503715617
74,110.12,47,110.13,09:22:11.538507315
74,110.12,46,110.13,09:22:11.609565956
89,110.12,46,110.13,09:22:11.609914034
100,110.12,46,110.13,09:22:11.610168024
100,110.12,70,110.13,09:22:11.626615528
85,110.12,70,110.13,09:22:11.626839554
74,110.12,70,110.13,09:22:11.626855010
74,110.12,80,110.13,09:22:11.630171424
74,110.12,56,110.13,09:22:11.811956055
74,110.12,57,110.13,09:22:11.813163815
74,110.12,56,110.13,09:22:11.816892711
74,110.12,57,110.13,09:22:11.828011165
74,110.12,47,110.13,09:22:11.945726743
74,110.12,46,110.13,09:22:11.945980004
74,110.12,47,110.13,09:22:12.901555405
74,110.12,46,110.13,09:22:12.901661670
74,110.12,47,110.13,09:22:14.007937248
74,110.12,46,110.13,09:22:14.008153130
74,110.12,56,110.13,09:22:14.008352979
74,110.12,57,110.13,09:22:14.285451443
74,110.12,56,110.13,09:22:14.746878470
91,110.12,56,110.13,09:22:15.390672638
100,110.12,56,110.13,09:22:15.390770456
100,110.12,46,110.13,09:22:15.390921063
91,110.12,46,110.13,09:22:15.398452537
74,110.12,46,110.13,09:22:15.398517714
74,110.12,70,110.13,09:22:15.418543242
74,110.12,46,110.13,09:22:15.438458271
74,110.12,56,110.13,09:22:15.925962931
74,110.12,57,110.13,09:22:16.071124100
74,110.12,56,110.13,09:22:16.071278388
74,110.12,57,110.13,09:22:16.160336322
74,110.12,69,110.13,09:22:16.506031131
74,110.12,57,110.13,09:22:16.506520852
74,110.12,58,110.13,09:22:17.831353697
74,110.12,57,110.13,09:22:17.831502203
74,110.12,56,110.13,09:22:18.322488824
74,110.12,46,110.13,09:22:18.322743777
73,110.12,46,110.13,09:22:18.699787117
70,110.12,46,110.13,09:22:18.699984022
69,110.12,46,110.13,09:22:18.700004377
67,110.12,46,110.13,09:22:18.700004377
65,110.12,46,110.13,09:22:18.700004377
64,110.12,46,110.13,09:22:18.700004377
63,110.12,46,110.13,09:22:18.700020023
62,110.12,46,110.13,09:22:18.700020023
61,110.12,46,110.13,09:22:18.700020023
50,110.12,46,110.13,09:22:18.700020023
48,110.12,46,110.13,09:22:18.700020023
22,110.12,46,110.13,09:22:18.700033405
1,110.12,46,110.13,09:22:18.700347696
170,110.11,46,110.13,09:22:18.700368892
170,110.11,52,110.13,09:22:18.700532563
170,110.11,62,110.13,09:22:18.700553209
170,110.11,63,110.13,09:22:18.700553209
170,110.11,111,110.13,09:22:18.700553209
170,110.11,125,110.13,09:22:18.700553209
170,110.11,126,110.13,09:22:18.700765891
170,110.11,138,110.13,09:22:18.700765891
170,110.11,164,110.13,09:22:18.700765891
144,110.11,164,110.13,09:22:18.700868472
140,110.11,164,110.13,09:22:18.701444597
140,110.11,168,110.13,09:22:18.701522510
140,110.11,166,110.13,09:22:18.701843822
141,110.11,166,110.13,09:22:18.711702562
142,110.11,166,110.13,09:22:18.711771109
142,110.11,164,110.13,09:22:18.712246042
145,110.11,164,110.13,09:22:18.722594205
148,110.11,164,110.13,09:22:18.722663738
148,110.11,11,110.12,09:22:18.875768048
148,110.11,12,110.12,09:22:18.909096598
148,110.11,13,110.12,09:22:19.317153931
148,110.11,14,110.12,09:22:19.319061379
148,110.11,15,110.12,09:22:19.319535622
148,110.11,16,110.12,09:22:19.321619115
148,110.11,17,110.12,09:22:19.327751542
148,110.11,18,110.12,09:22:19.328388297
148,110.11,19,110.12,09:22:19.328586591
148,110.11,20,110.12,09:22:19.412160692
148,110.11,19,110.12,09:22:19.668221270
148,110.11,21,110.12,09:22:19.715520510
148,110.11,23,110.12,09:22:19.720708472
148,110.11,22,110.12,09:22:19.741814850
148,110.11,23,110.12,09:22:20.300455090
148,110.11,22,110.12,09:22:20.452890032
148,110.11,21,110.12,09:22:20.558748489
148,110.11,20,110.12,09:22:20.558823240
148,110.11,19,110.12,09:22:20.558823240
148,110.11,18,110.12,09:22:20.558942811
148,110.11,17,110.12,09:22:20.558964856
148,110.11,16,110.12,09:22:20.558964856
148,110.11,5,110.12,09:22:20.558964856
148,110.11,4,110.12,09:22:20.559362104
148,110.11,2,110.12,09:22:20.559572641
148,110.11,185,110.13,09:22:20.559650328
1,110.12,185,110.13,09:22:20.559739787
148,110.11,185,110.13,09:22:20.559942352
148,110.11,173,110.13,09:22:20.560020221
148,110.11,161,110.13,09:22:20.560354077
148,110.11,159,110.13,09:22:20.560729078
148,110.11,160,110.13,09:22:20.839043433
148,110.11,174,110.13,09:22:23.281417124
148,110.11,180,110.13,09:22:23.283736124
148,110.11,174,110.13,09:22:23.284097099
148,110.11,182,110.13,09:22:23.285616455
148,110.11,186,110.13,09:22:23.285997233
148,110.11,160,110.13,09:22:23.286945394
148,110.11,184,110.13,09:22:23.311818615
148,110.11,4,110.12,09:22:23.312038386
148,110.11,5,110.12,09:22:23.340763534
148,110.11,1,110.12,09:22:23.344758664
148,110.11,2,110.12,09:22:23.383860308
148,110.11,1,110.12,09:22:23.402422295
148,110.11,2,110.12,09:22:23.584159516
148,110.11,1,110.12,09:22:23.661338396
148,110.11,161,110.13,09:22:23.661465590
148,110.11,159,110.13,09:22:23.661586386
1,110.12,159,110.13,09:22:23.661586386
39,110.12,159,110.13,09:22:23.661946783
38,110.12,159,110.13,09:22:23.661946783
38,110.12,147,110.13,09:22:23.662127806
158,110.11,147,110.13,09:22:23.672901886
152,110.11,147,110.13,09:22:23.673341799
152,110.11,148,110.13,09:22:23.957085551
152,110.11,122,110.13,09:22:24.085910521
152,110.11,146,110.13,09:22:24.107924941
152,110.11,4,110.12,09:22:24.108979385
152,110.11,125,110.13,09:22:24.140990389
152,110.11,121,110.13,09:22:24.141418828
152,110.11,122,110.13,09:22:24.275298998
148,110.11,122,110.13,09:22:24.679827702
45,110.12,122,110.13,09:22:27.888939752
46,110.12,122,110.13,09:22:27.889201192
45,110.12,122,110.13,09:22:27.889303906
45,110.12,74,110.13,09:22:27.889374725
45,110.12,106,110.13,09:22:27.889621659
46,110.12,106,110.13,09:22:27.889713967
46,110.12,122,110.13,09:22:27.889713967
47,110.12,122,110.13,09:22:27.889713967
46,110.12,122,110.13,09:22:27.889851863
45,110.12,122,110.13,09:22:27.889966312
178,110.11,122,110.13,09:22:27.890119419
178,110.11,134,110.13,09:22:27.890383333
148,110.11,134,110.13,09:22:27.890602064
148,110.11,135,110.13,09:22:31.728144736
50,110.12,135,110.13,09:22:32.732051090
50,110.12,123,110.13,09:22:32.732303195
51,110.12,123,110.13,09:22:32.732410875
52,110.12,123,110.13,09:22:32.732410875
54,110.12,123,110.13,09:22:32.732428375
55,110.12,123,110.13,09:22:32.732428375
55,110.12,91,110.13,09:22:32.732703502
55,110.12,75,110.13,09:22:32.732703502
55,110.12,61,110.13,09:22:32.732789095
66,110.12,61,110.13,09:22:32.732951639
67,110.12,61,110.13,09:22:32.733058925
72,110.12,61,110.13,09:22:32.734778016
67,110.12,61,110.13,09:22:32.738919466
73,110.12,61,110.13,09:22:32.745108840
67,110.12,61,110.13,09:22:32.746734516
72,110.12,61,110.13,09:22:32.764827511
72,110.12,51,110.13,09:22:32.791804014
98,110.12,51,110.13,09:22:32.791804014
111,110.12,51,110.13,09:22:32.791929931
85,110.12,51,110.13,09:22:32.802361981
72,110.12,51,110.13,09:22:32.802361981
67,110.12,51,110.13,09:22:32.819451470
67,110.12,47,110.13,09:22:32.836346325
67,110.12,51,110.13,09:22:32.885787330
81,110.12,51,110.13,09:22:34.579115758
93,110.12,51,110.13,09:22:34.579115758
100,110.12,51,110.13,09:22:34.579176103
106,110.12,51,110.13,09:22:34.579374567
106,110.12,50,110.13,09:22:34.579468574
106,110.12,54,110.13,09:22:34.621722336
106,110.12,50,110.13,09:22:35.245356477
106,110.12,60,110.13,09:22:35.248644791
94,110.12,60,110.13,09:22:35.248644791
80,110.12,60,110.13,09:22:35.248659783
80,110.12,64,110.13,09:22:35.248740017
74,110.12,64,110.13,09:22:35.255884256
67,110.12,64,110.13,09:22:35.255884256
73,110.12,64,110.13,09:22:35.256421190
67,110.12,64,110.13,09:22:35.267123825
72,110.12,64,110.13,09:22:35.271656999
67,110.12,64,110.13,09:22:35.287502870
72,110.12,64,110.13,09:22:35.289302708
67,110.12,64,110.13,09:22:35.479317377
56,110.12,64,110.13,09:22:36.274487425
55,110.12,64,110.13,09:22:37.324452523
54,110.12,64,110.13,09:22:37.327828780
55,110.12,64,110.13,09:22:37.362670983
54,110.12,64,110.13,09:22:37.892028434
55,110.12,64,110.13,09:22:39.121585293
55,110.12,65,110.13,09:22:39.488830521
56,110.12,65,110.13,09:22:39.578121147
55,110.12,65,110.13,09:22:39.582144712
56,110.12,65,110.13,09:22:39.584475357
67,110.12,65,110.13,09:22:39.699063171
72,110.12,65,110.13,09:22:39.699237203
67,110.12,65,110.13,09:22:39.710980385
73,110.12,65,110.13,09:22:39.711128667
73,110.12,89,110.13,09:22:39.733649134
73,110.12,65,110.13,09:22:39.753756499
67,110.12,65,110.13,09:22:40.099060682
67,110.12,66,110.13,09:22:40.173606150
