price,volume,timestamp
110.13,4,09:15:52.875089985
110.13,11,09:15:52.875132193
110.13,3,09:15:52.875187579
110.13,14,09:15:52.875187579
110.13,4,09:15:52.875187579
110.13,1,09:15:52.875187579
110.13,5,09:15:52.875223966
110.13,1,09:15:52.875223966
110.13,2,09:15:52.875223966
110.13,41,09:15:52.875223966
110.13,25,09:15:52.875223966
110.13,6,09:15:52.875223966
110.13,1,09:15:52.885096439
110.13,8,09:16:03.960236005
110.13,2,09:16:03.960236005
110.13,9,09:16:22.429069167
110.13,1,09:16:22.429069167
110.13,2,09:16:22.429085135
110.12,4,09:16:34.582589614
110.12,5,09:16:34.582652634
110.12,1,09:16:42.871707597
110.12,3,09:16:42.871847277
110.12,25,09:16:42.871871969
110.13,1,09:16:51.025740846
110.13,2,09:16:51.025898282
110.13,3,09:16:51.025898282
110.13,1,09:16:51.025913136
110.13,11,09:16:51.025913136
110.13,2,09:16:51.025913136
110.13,1,09:16:51.026137137
110.13,1,09:16:51.026152903
110.13,32,09:16:51.026167293
110.13,5,09:16:51.026183931
110.13,6,09:16:51.026183931
110.13,1,09:16:51.026198116
110.13,1,09:16:51.026361729
110.13,16,09:16:51.026375037
110.13,4,09:16:51.026390813
110.13,10,09:16:51.026390813
110.13,2,09:16:51.026390813
110.13,1,09:16:51.026405274
110.13,1,09:16:51.026421431
110.13,1,09:16:51.026437915
110.13,1,09:16:51.026452122
110.13,1,09:16:51.026466913
110.13,2,09:16:51.026466913
110.13,6,09:16:51.026603651
110.13,1,09:16:51.026617735
110.13,25,09:16:51.026633536
110.13,3,09:16:51.047589455
110.13,2,09:16:51.047589455
110.13,11,09:16:51.047606492
110.13,5,09:16:51.047606492
110.13,1,09:16:51.047606492
110.13,1,09:16:51.047622031
110.13,2,09:16:51.064485322
110.13,2,09:16:54.400168498
110.13,11,09:16:54.400333342
110.13,1,09:16:54.400348527
110.13,2,09:16:54.400363086
110.13,1,09:16:54.400363086
110.13,2,09:16:54.400380402
110.13,1,09:16:54.400380402
110.13,3,09:16:54.400380402
110.13,20,09:16:54.400395295
110.13,1,09:16:54.400395295
110.13,40,09:16:54.400411477
110.13,3,09:16:54.418840972
110.13,3,09:16:54.418931661
110.13,1,09:16:54.418946820
110.14,1,09:17:40.671593105
110.14,2,09:17:44.400506708
110.14,1,09:17:44.400683525
110.14,1,09:17:44.400698163
110.14,11,09:17:44.400881184
110.14,1,09:17:44.400881184
110.14,1,09:17:44.400895649
110.14,2,09:17:44.419275102
110.14,1,09:17:45.584953083
110.14,2,09:17:45.585201749
110.14,1,09:19:34.448023528
110.14,11,09:19:34.448023528
110.14,1,09:19:34.448043081
110.14,4,09:19:34.448043081
110.14,11,09:19:34.448671554
110.14,11,09:19:40.670561154
110.14,1,09:19:40.670575000
110.14,2,09:19:40.670635243
110.14,2,09:19:40.671049077
110.14,1,09:19:40.671049077
110.14,4,09:19:40.671049077
110.14,1,09:19:40.671156312
110.15,3,09:19:50.926329119
110.15,5,09:19:50.926343653
110.15,1,09:19:50.926448082
110.15,6,09:19:50.926462494
110.15,2,09:19:50.926462494
110.15,9,09:19:50.926462494
110.15,1,09:19:50.926690389
110.15,12,09:19:50.926708523
110.15,31,09:19:50.926708523
110.15,4,09:19:50.926708523
110.14,2,09:20:17.457444447
110.14,11,09:20:17.457458629
110.14,1,09:20:17.457587257
110.14,3,09:20:17.457601891
110.14,12,09:20:17.457601891
110.14,4,09:20:17.457601891
110.14,35,09:20:17.457601891
110.14,1,09:20:17.457800268
110.14,1,09:20:17.457819330
110.14,12,09:20:17.458204016
110.14,1,09:20:17.468794629
110.14,2,09:20:24.258822296
110.14,1,09:20:24.258911673
110.14,2,09:20:24.259244753
110.14,9,09:20:24.259244753
110.14,2,09:20:24.259406926
110.14,1,09:20:24.259427614
110.14,4,09:20:24.259427614
110.14,1,09:20:24.259449307
110.14,1,09:20:24.269937441
110.15,7,09:20:35.850030283
110.15,6,09:20:35.850196660
110.15,3,09:20:35.850212254
110.15,16,09:20:35.850212254
110.15,5,09:20:35.850212254
110.15,4,09:20:35.850445440
110.15,1,09:20:35.850464161
110.15,1,09:20:35.850480519
110.15,5,09:20:35.850480519
110.15,12,09:20:35.850494522
110.15,41,09:20:35.850737824
110.15,2,09:20:35.850751834
110.15,1,09:20:35.850766653
110.15,11,09:20:35.850782070
110.15,1,09:20:35.850782070
110.15,6,09:20:35.850782070
110.15,12,09:20:35.850798602
110.15,12,09:20:35.850813120
110.15,16,09:20:35.850813120
110.15,1,09:20:35.850813120
110.15,20,09:20:35.851270986
110.15,1,09:20:41.864359355
110.14,1,09:21:29.925927425
110.14,2,09:21:29.925927425
110.14,11,09:21:29.926088023
110.14,1,09:21:29.926103009
110.14,2,09:21:29.926311108
110.14,1,09:21:29.926324209
110.14,5,09:21:29.926324209
110.14,1,09:21:29.926338091
110.14,6,09:21:29.926338091
110.14,3,09:21:29.926463213
110.14,1,09:21:29.926491495
110.14,4,09:21:29.926491495
110.14,1,09:21:29.928218563
110.14,1,09:21:29.928232386
110.14,2,09:21:29.928262063
110.14,2,09:21:29.928304162
110.14,2,09:21:29.928946095
110.14,1,09:21:30.027995199
110.14,1,09:21:41.967055020
110.14,1,09:21:41.967167621
110.13,1,09:22:03.348435274
110.13,1,09:22:03.348513418
110.12,1,09:22:18.699787117
110.12,3,09:22:18.699984022
110.12,2,09:22:18.700004377
110.12,1,09:22:18.700004377
110.12,1,09:22:18.700020023
110.12,11,09:22:18.700020023
110.12,2,09:22:18.700020023
110.12,26,09:22:18.700033405
110.12,21,09:22:18.700347696
110.12,1,09:22:18.700368892
110.12,1,09:22:20.559362104
110.12,2,09:22:20.559572641
110.12,2,09:22:20.559650328
110.12,1,09:22:23.661465590
110.13,11,09:22:40.222655752
110.13,1,09:22:40.222804079
110.13,1,09:22:40.222818544
110.13,2,09:22:40.222818544
110.13,5,09:22:40.222818544
110.13,5,09:22:40.223053910
110.13,2,09:22:40.223067423
110.13,4,09:22:40.223081350
110.13,4,09:22:40.223097609
110.13,6,09:22:40.223097609
110.13,1,09:22:40.223112384
110.13,1,09:22:40.223225209
110.13,1,09:22:40.223240508
110.13,10,09:22:40.223254262
110.13,4,09:22:40.223254262
110.13,4,09:22:40.223268268
110.13,1,09:22:40.223470428
110.13,1,09:22:40.223483942
110.13,11,09:22:40.223938668
110.13,38,09:22:40.224422862
110.13,1,09:22:40.224596687
110.13,22,09:22:40.224678575
110.13,48,09:22:40.224937227
110.13,1,09:22:47.383131367
110.13,1,09:23:13.702440030
110.13,1,09:23:13.702631022
110.13,1,09:23:13.702644695
110.13,1,09:23:13.702660472
110.13,3,09:23:13.702660472
110.13,2,09:23:13.702660472
110.13,1,09:23:13.702674206
110.13,1,09:23:13.702690055
110.13,3,09:23:13.702690055
110.13,2,09:23:13.702703908
110.13,1,09:23:13.702718888
110.13,11,09:23:13.702718888
110.13,5,09:23:13.702733166
110.13,2,09:23:13.702879758
110.13,1,09:23:13.702898807
110.13,1,09:23:13.702914644
110.13,10,09:23:13.702935287
110.13,28,09:23:13.702949460
110.13,20,09:23:13.702967386
110.13,12,09:23:13.702981521
110.13,1,09:23:13.702998922
110.13,17,09:23:13.703217901
110.13,7,09:23:13.703787878
110.13,4,09:23:13.713791277
110.13,4,09:23:13.713872323
110.13,2,09:23:13.714083145
110.13,2,09:23:13.751203763
110.13,2,09:23:20.618177518
110.13,47,09:23:20.618490221
110.12,50,09:23:34.817153024
110.12,1,09:23:34.817309692
110.12,1,09:23:34.817325210
110.12,2,09:23:34.817325210
110.12,5,09:23:34.817521097
110.12,2,09:23:34.817548304
110.12,20,09:23:34.817548304
110.12,5,09:23:34.817548304
110.12,11,09:23:34.817548304
110.12,1,09:23:34.817548304
110.12,5,09:23:42.287684050
110.12,3,09:23:42.287840689
110.12,5,09:23:42.287857362
110.12,1,09:23:42.287857362
110.12,11,09:23:42.287857362
110.12,1,09:23:42.288074445
110.12,5,09:23:42.288097831
110.12,1,09:23:42.288097831
110.12,2,09:23:42.288097831
110.12,37,09:23:42.288097831
110.12,10,09:23:42.288097831
110.13,6,09:23:47.602357478
110.13,1,09:23:47.602357478
110.13,1,09:23:47.602595065
110.13,11,09:23:47.602595065
110.13,3,09:23:47.602609522
110.13,1,09:23:47.602609522
110.13,3,09:23:47.602764156
110.13,1,09:23:47.602781558
110.13,1,09:23:47.602796080
110.13,1,09:23:47.603014291
110.13,1,09:23:47.603052450
110.13,48,09:23:47.603052450
110.13,7,09:23:47.603052450
110.13,4,09:23:47.603052450
110.13,2,09:23:47.603052450
110.13,6,09:25:07.686097121
110.13,2,09:25:07.686112958
110.13,2,09:25:07.686126894
110.13,1,09:25:07.686126894
110.13,2,09:25:07.686141985
110.13,1,09:25:07.686141985
110.13,1,09:25:07.686155050
110.13,3,09:25:07.686171745
110.13,2,09:25:07.686888407
110.13,1,09:25:07.861417499
110.13,1,09:26:16.225684453
110.13,2,09:26:16.226030360
110.13,1,09:26:16.226030360
110.12,25,09:26:48.830156329
110.12,1,09:26:48.830341625
110.12,1,09:26:48.830356882
110.12,1,09:26:48.830370399
110.12,1,09:26:48.830536569
110.12,1,09:26:48.830551989
110.12,1,09:26:48.830566731
110.12,2,09:26:48.830566731
110.12,1,09:26:48.830580727
110.12,3,09:26:48.830735954
110.12,11,09:26:48.830735954
110.12,25,09:26:53.354263371
110.12,2,09:26:53.354404088
110.12,1,09:26:53.354418917
110.12,1,09:26:53.354595636
110.12,1,09:26:53.354611525
110.12,2,09:26:53.354611525
110.12,6,09:26:53.354625611
110.12,11,09:26:53.354767528
110.12,1,09:26:53.365625789
110.12,1,09:26:53.365758812
110.11,2,09:27:24.739992606
110.11,5,09:27:24.740147524
110.11,9,09:27:24.740162823
110.11,1,09:27:24.740162823
110.11,40,09:27:24.740373712
110.11,3,09:27:24.740393457
110.11,1,09:27:24.740393457
110.11,6,09:27:24.740393457
110.11,10,09:27:24.740393457
110.11,5,09:27:24.740393457
110.11,4,09:27:24.740571177
110.11,4,09:27:24.740600487
110.11,1,09:27:24.740600487
110.1,6,09:27:27.139560338
110.1,1,09:27:27.139560338
110.11,3,09:27:38.436083431
110.11,8,09:27:38.436302814
110.11,1,09:27:38.436419265
110.11,1,09:27:38.447013610
110.11,3,09:27:48.046452171
110.11,3,09:27:48.046466036
110.11,1,09:27:48.046537998
110.11,1,09:28:39.722423236
110.11,18,09:28:39.722759373
110.11,1,09:28:39.722759373
110.11,10,09:28:59.021220974
110.11,3,09:29:00.125156126
110.11,3,09:29:06.210195381
110.11,1,09:29:06.329728500
110.11,1,09:29:06.341860838
110.11,2,09:29:06.353688699
110.11,1,09:29:06.353889099
110.11,1,09:29:06.854952867
110.11,1,09:29:07.355573201
110.11,3,09:29:07.355675707
110.11,1,09:29:07.355696775
110.11,3,09:29:07.355696775
110.11,1,09:29:15.276670126
110.11,2,09:29:15.288857740
110.11,3,09:29:15.300709464
110.11,5,09:29:15.312486529
110.11,1,09:29:15.312587718
110.11,1,09:29:15.312607100
110.11,3,09:29:15.312607100
110.11,3,09:29:15.814090749
110.11,4,09:29:16.313842927
110.11,1,09:29:16.313857509
110.11,1,09:29:16.313952029
110.11,1,09:29:16.313970490
110.11,5,09:29:16.813910717
110.11,4,09:29:17.313980840
110.11,1,09:29:17.313980840
110.11,4,09:29:17.538182568
110.11,1,09:29:17.538252600
110.11,4,09:29:17.814094503
110.11,1,09:29:17.814167959
110.1,1,09:29:33.593963624
110.1,37,09:29:33.593977468
110.1,1,09:29:33.594117663
110.1,39,09:29:33.594144441
110.1,1,09:29:33.594144441
110.1,3,09:29:33.594144441
110.1,14,09:29:33.594144441
110.1,29,09:29:33.594529570
110.1,11,09:29:33.594682604
110.1,3,09:29:33.594696581
110.1,18,09:29:33.594814185
110.1,2,09:29:33.594833564
110.1,2,09:29:33.609498569
110.1,1,09:29:33.615763858
110.1,2,09:29:33.633802504
110.1,1,09:29:33.634689172
110.1,1,09:29:33.655114686
110.1,1,09:29:33.694692694
110.1,1,09:29:33.712298069
110.1,1,09:29:33.730389942
110.1,1,09:29:33.748923908
110.1,1,09:29:33.770329621
110.11,4,09:29:49.135131212
110.11,1,09:29:49.135131212
110.11,1,09:29:49.135154035
110.11,3,09:30:05.553114058
110.11,1,09:30:05.553198320
110.11,2,09:30:05.553218739
110.11,4,09:30:05.554341455
110.11,4,09:30:05.563840739
110.11,5,09:30:05.575117688
110.11,6,09:30:05.585408607
110.11,4,09:30:05.611861118
110.11,4,09:30:05.621439192
110.11,6,09:30:05.689220783
110.11,6,09:30:05.693576291
110.11,6,09:30:05.697271917
110.11,6,09:30:05.699980242
110.11,5,09:30:05.704351925
110.11,4,09:30:05.709017756
110.11,4,09:30:05.711457793
110.11,4,09:30:05.713855334
110.11,4,09:30:05.715290017
110.11,1,09:30:05.715290017
110.11,5,09:30:07.239481976
110.11,5,09:30:10.317882193
110.11,1,09:30:10.317975172
110.11,3,09:30:10.328746246
110.11,3,09:30:10.340736751
110.11,1,09:30:10.340755429
110.11,1,09:30:10.351338349
110.11,1,09:30:10.351425716
110.11,2,09:30:10.351550763
110.11,1,09:30:15.617545203
110.11,1,09:30:15.617573919
110.11,6,09:30:15.617573919
110.11,3,09:30:15.617573919
110.11,6,09:30:25.999113242
110.11,3,09:30:26.009780747
110.11,4,09:30:26.020410124
110.11,1,09:30:26.031079314
110.11,3,09:30:26.031079314
110.1,9,09:30:47.717607175
110.1,1,09:30:47.717607175
110.1,95,09:30:47.718030263
110.1,5,09:30:47.718260903
110.1,2,09:30:47.718260903
110.1,21,09:30:47.718260903
110.1,1,09:30:47.740258671
110.1,10,09:30:47.740359074
110.1,1,09:30:47.740374764
110.1,2,09:30:47.740374764
110.1,1,09:30:47.764409257
110.1,9,09:30:47.785130444
110.1,1,09:30:47.785130444
110.1,1,09:30:47.785224543
110.1,1,09:30:47.785246937
110.1,1,09:30:47.809107815
110.1,1,09:30:47.828278928
110.1,1,09:30:47.846690159
110.1,3,09:30:47.864897437
110.1,1,09:30:47.885755075
110.1,1,09:30:47.906208268
110.1,1,09:30:47.924787184
110.1,1,09:30:47.943301768
110.1,1,09:30:47.961912604
110.1,1,09:30:47.980640861
110.1,1,09:30:49.049875366
110.1,1,09:30:49.051017451
110.1,2,09:30:49.051114942
110.1,1,09:30:49.051136577
110.1,6,09:31:12.708308537
110.1,10,09:31:12.708308537
110.1,1,09:31:12.708308537
110.1,1,09:31:12.708396358
110.1,4,09:31:12.708423344
110.1,10,09:31:12.708423344
110.1,13,09:31:12.708423344
110.1,40,09:31:12.734343816
110.09,2,09:31:17.882110327
110.09,1,09:31:17.882456203
110.09,8,09:31:17.882471060
110.09,3,09:31:17.882578084
110.09,1,09:31:17.882705623
110.09,8,09:31:17.882840023
110.09,10,09:31:17.882840023
110.09,7,09:31:17.882934386
110.09,10,09:31:17.882934386
110.09,3,09:31:17.883091489
110.09,2,09:31:17.883091489
110.09,8,09:31:17.883091489
110.09,4,09:31:17.883558902
110.09,1,09:31:17.883697939
110.09,8,09:31:17.883712669
110.09,5,09:31:17.883726679
110.09,10,09:31:17.884112281
110.09,1,09:31:17.884258176
110.09,8,09:31:17.884289712
110.09,2,09:31:17.884336624
110.09,1,09:31:17.884595359
110.09,11,09:31:24.543121723
110.09,89,09:31:49.463256219
110.09,1,09:31:49.463343504
110.09,4,09:31:49.463368052
110.09,6,09:31:49.463368052
110.09,1,09:32:12.795745961
110.09,2,09:32:12.795881155
110.09,2,09:32:12.795905619
110.09,3,09:32:12.795905619
110.09,1,09:32:12.795905619
110.09,9,09:32:31.285485114
110.09,12,09:32:31.285485114
110.09,30,09:32:31.285787625
110.09,2,09:32:31.285813033
110.09,1,09:32:31.285813033
110.09,6,09:32:31.285813033
110.09,5,09:32:31.285813033
110.09,10,09:32:31.285813033
110.09,4,09:32:31.285850499
110.09,13,09:32:31.285850499
110.09,10,09:32:31.493108619
110.09,4,09:32:31.529503358
110.09,6,09:32:31.529738330
110.09,7,09:32:31.529789716
110.09,3,09:32:31.529789716
110.09,15,09:32:31.529893005
110.09,2,09:32:31.529921056
110.09,1,09:32:31.530253507
110.09,1,09:32:32.608000488
110.09,1,09:32:32.608226312
110.09,1,09:32:32.608405790
110.09,49,09:32:32.608405790
110.09,6,09:32:57.422933106
110.09,1,09:32:57.422998306
110.09,1,09:33:31.352334472
110.09,1,09:33:31.352606911
110.09,2,09:33:31.352622150
110.09,1,09:33:31.352622150
110.09,1,09:33:31.352645395
110.09,4,09:33:31.352645395
110.09,10,09:33:31.352645395
110.08,1,09:33:38.399585667
110.08,1,09:33:38.399769509
110.08,1,09:33:38.399784162
110.08,6,09:33:38.399799749
110.08,1,09:33:38.399799749
110.08,13,09:33:38.399799749
110.08,9,09:33:38.399813903
110.08,1,09:33:38.399813903
110.08,8,09:33:38.399827624
110.08,9,09:33:38.399950022
110.08,12,09:33:38.399966432
110.08,3,09:33:38.399980697
110.08,10,09:33:38.399994876
110.08,4,09:33:38.400014995
110.08,4,09:33:38.400030259
110.08,1,09:33:38.400043999
110.08,1,09:33:38.645644939
110.08,1,09:33:42.911606433
110.08,2,09:33:42.911606433
110.08,3,09:33:42.912538176
110.08,1,09:33:42.912538176
110.08,4,09:33:42.912780374
110.08,2,09:33:42.912819120
110.08,1,09:33:42.912819120
110.07,1,09:34:14.755958633
110.07,1,09:34:19.959342811
110.07,10,09:34:29.316484126
110.07,12,09:34:29.316605902
110.07,2,09:34:29.316646155
110.07,1,09:34:29.316646155
110.07,1,09:34:31.740455597
110.07,1,09:34:45.181665078
110.07,5,09:34:45.181845836
110.07,1,09:34:45.181862731
110.07,36,09:34:45.181862731
110.07,1,09:34:45.181877074
110.07,1,09:34:45.181892255
110.07,6,09:34:45.181892255
110.07,2,09:34:45.181892255
110.07,10,09:34:45.181892255
110.07,1,09:34:45.181911295
110.07,81,09:34:56.821253252
110.07,1,09:34:56.821353236
110.07,12,09:34:56.821369044
110.07,6,09:34:56.821369044
110.08,1,09:35:02.690724064
110.08,1,09:35:02.690741521
110.08,2,09:35:02.690741521
110.08,10,09:35:02.690741521
110.08,3,09:35:02.690741521
110.08,1,09:35:18.716099101
110.08,5,09:35:18.716119910
110.08,1,09:35:18.716152329
110.08,5,09:35:18.716152329
110.08,1,09:35:18.741599417
110.08,1,09:35:56.805849565
110.08,3,09:35:56.805864106
110.08,1,09:35:56.805977024
110.08,1,09:35:56.805993097
110.08,4,09:35:56.806028537
110.09,10,09:36:10.189277309
110.09,1,09:36:10.189277309
110.09,1,09:36:10.189370650
110.09,35,09:36:10.189395619
110.09,2,09:36:10.189395619
110.09,1,09:36:10.189395619
110.09,1,09:36:21.016414880
110.09,2,09:36:21.017034336
110.09,1,09:36:21.017034336
110.09,1,09:36:21.017051507
110.09,1,09:36:21.181419725
110.09,2,09:36:22.415047533
110.09,1,09:36:22.415277408
110.09,1,09:36:25.429663270
110.09,9,09:36:25.429680402
110.09,1,09:36:34.708950040
110.09,1,09:36:40.761213882
110.08,50,09:36:55.412210276
110.09,4,09:36:58.334044343
110.09,6,09:36:58.334044343
110.09,3,09:36:58.334183287
110.09,6,09:36:58.334183287
110.09,1,09:36:58.334282900
110.09,1,09:36:58.334405953
110.09,1,09:36:58.334489908
110.09,7,09:36:58.334648461
110.09,1,09:37:00.209684517
110.09,2,09:37:00.669148713
110.09,1,09:37:01.112545976
110.09,1,09:37:01.112561467
110.09,1,09:37:08.930477874
110.09,2,09:37:08.930497592
110.09,1,09:37:18.185498705
110.09,1,09:37:18.185768436
110.09,1,09:37:18.185889248
110.09,4,09:37:18.185889248
110.09,1,09:37:18.500814537
110.1,1,09:37:51.365244092
110.1,1,09:37:51.365397273
110.1,1,09:37:51.365421936
110.1,10,09:37:51.365421936
110.1,5,09:37:51.365421936
110.1,32,09:37:51.365421936
110.1,9,09:37:51.365436988
110.09,2,09:38:45.932455489
110.09,3,09:38:45.932557399
110.09,3,09:38:45.932574631
110.09,1,09:38:45.932574631
110.1,1,09:38:55.622830820
110.1,1,09:38:55.623055882
110.1,1,09:38:55.623070657
110.1,2,09:38:55.623084455
110.1,4,09:38:55.623101712
110.1,3,09:38:55.623101712
110.1,1,09:38:55.623117050
110.1,2,09:38:55.623117050
110.1,1,09:38:55.623131562
110.1,1,09:38:55.623146410
110.1,2,09:38:55.623146410
110.1,13,09:38:55.623164429
110.1,2,09:38:55.623178775
110.1,1,09:38:55.623192493
110.1,10,09:38:55.623206826
110.1,1,09:38:55.623261863
110.1,1,09:38:55.633647126
110.1,4,09:38:56.173610109
110.1,5,09:38:56.173827254
110.1,1,09:38:56.173980011
110.1,9,09:38:56.173980011
110.1,2,09:38:56.174457200
110.1,1,09:38:56.186314637
110.1,1,09:38:56.688102007
110.1,1,09:38:57.188383576
110.1,7,09:38:57.188383576
110.1,3,09:38:58.188580203
110.1,6,09:38:58.189294811
110.1,3,09:38:58.189512768
110.1,1,09:38:58.688361396
110.1,1,09:38:58.744126416
110.1,1,09:38:58.744297141
110.1,1,09:38:59.217309104
110.1,1,09:39:14.377069502
110.1,9,09:39:14.377069502
110.1,2,09:39:14.377177326
110.1,10,09:39:14.377206545
110.1,2,09:39:14.377206545
110.1,1,09:39:14.377206545
110.1,1,09:39:14.387787666
110.1,1,09:39:14.387984147
110.11,2,09:39:14.916400621
110.11,1,09:39:14.916414003
110.11,2,09:39:14.916515449
110.11,2,09:39:14.916533783
110.11,29,09:39:14.916533783
110.11,10,09:39:14.916533783
110.11,13,09:39:15.350083928
110.11,1,09:39:15.350218812
110.11,2,09:39:15.350244669
110.11,12,09:39:15.350244669
110.11,6,09:39:15.350244669
110.11,7,09:39:15.350244669
110.11,1,09:39:15.350244669
110.1,22,09:40:00.141758637
110.1,2,09:40:00.141937207
110.1,2,09:40:00.141951441
110.1,10,09:40:00.141966903
110.1,1,09:40:00.141966903
110.1,3,09:40:00.141982004
110.1,1,09:40:00.142315984
110.1,3,09:40:00.144950741
110.1,10,09:40:08.899339770
110.1,1,09:40:08.899476093
110.1,1,09:40:08.900015430
110.1,2,09:40:08.900015430
110.1,1,09:41:07.477735491
110.1,2,09:41:07.477750496
110.1,1,09:41:07.477750496
110.1,1,09:41:07.477769440
110.1,10,09:41:07.477769440
110.1,2,09:41:07.477769440
110.1,1,09:41:07.488276255
110.1,1,09:41:07.488372579
110.1,1,09:41:07.589493343
110.1,1,09:41:11.650836929
110.1,5,09:41:11.650851713
110.1,2,09:41:11.650991489
110.1,1,09:41:11.651007179
110.1,1,09:41:11.651021194
110.1,1,09:41:11.651036190
110.1,10,09:41:11.651036190
110.1,5,09:41:11.651054487
110.1,1,09:41:16.471206900
110.1,1,09:41:16.471273299
110.1,1,09:41:28.156838446
110.1,1,09:41:28.156854171
110.1,1,09:41:28.156967867
110.1,6,09:41:28.157576990
110.1,25,09:41:28.336737441
110.1,1,09:41:34.198084858
110.1,1,09:41:34.208769447
110.1,1,09:41:34.372644092
110.1,4,09:41:34.372713589
110.1,3,09:42:57.683795194
110.1,1,09:42:57.684282330
110.1,8,09:42:57.684488506
110.1,17,09:42:57.684552026
110.1,1,09:42:57.684873232
110.1,2,09:42:57.684888058
110.1,1,09:42:57.684980976
110.1,1,09:42:57.684994710
110.1,1,09:42:57.685009408
110.1,2,09:42:57.685146247
110.1,1,09:42:57.695389113
110.1,1,09:42:57.695818338
110.1,1,09:42:57.705747640
110.1,1,09:42:57.712876487
110.1,1,09:42:57.716856801
110.1,1,09:42:57.722447037
110.1,1,09:42:58.938684758
110.1,1,09:42:58.938943955
110.1,2,09:42:58.939071958
110.1,1,09:42:58.939071958
110.1,5,09:42:58.939296620
110.09,10,09:43:05.171951818
110.09,1,09:43:05.172178125
110.09,1,09:43:05.172192564
110.09,1,09:43:05.172208231
110.09,4,09:43:05.172208231
110.09,1,09:43:05.172222260
110.09,2,09:43:05.172222260
110.09,3,09:43:05.172235911
110.09,1,09:43:05.172252909
110.09,6,09:43:05.172252909
110.09,1,09:43:18.665614159
110.09,24,09:43:18.665614159
110.09,2,09:43:22.183831889
110.09,2,09:43:22.184847211
110.09,6,09:43:22.184860785
110.09,1,09:43:22.188890049
110.09,1,09:43:36.818901469
110.08,3,09:43:52.739375873
110.08,1,09:43:52.774914149
110.08,2,09:44:00.334667850
110.08,46,09:44:00.334667850
110.08,2,09:44:00.334738749
110.08,2,09:44:00.377354867
110.08,3,09:44:00.377437820
110.08,1,09:44:06.250577576
110.08,1,09:44:06.261355000
110.08,10,09:44:14.148414112
110.08,1,09:44:14.148414112
110.08,2,09:44:14.148723692
110.08,1,09:44:14.149453726
110.07,1,09:44:51.249251315
110.07,3,09:45:03.593445148
110.07,2,09:45:03.593445148
110.07,1,09:45:03.593558041
110.07,10,09:45:03.593589923
110.07,36,09:45:03.593589923
110.07,1,09:45:31.102965123
110.07,1,09:45:31.113852480
110.07,2,09:45:31.113852480
110.07,2,09:45:31.113950425
110.07,1,09:45:31.124666797
110.07,1,09:45:41.278785255
110.07,1,09:45:41.278803254
110.07,7,09:45:41.278803254
110.07,1,09:45:41.279028269
110.07,2,09:45:41.279045696
110.07,4,09:45:41.279099382
110.07,1,09:45:41.279213170
110.07,4,09:46:56.277298354
110.07,5,09:46:56.277298354
110.07,1,09:46:56.277298354
110.07,14,09:47:10.022913743
110.07,9,09:47:10.022944582
110.07,14,09:47:10.022959273
110.07,1,09:47:10.022973247
110.07,1,09:47:10.022987295
110.07,1,09:47:10.023015308
110.07,1,09:47:10.023029212
110.07,1,09:47:10.023043855
110.07,3,09:47:10.023057727
110.07,6,09:47:18.129533815
110.07,24,09:47:18.129850288
110.07,1,09:47:18.130143919
110.07,2,09:47:18.130143919
110.08,1,09:47:29.517938015
110.08,4,09:47:29.517938015
110.09,1,09:48:34.091533030
110.09,1,09:48:34.091650883
110.09,1,09:48:34.091670954
110.09,3,09:48:34.091670954
110.09,1,09:48:35.367824567
110.09,1,09:48:35.367907004
110.08,1,09:49:04.298757508
110.09,1,09:49:22.448005234
110.09,2,09:49:22.448005234
110.08,1,09:51:45.697062181
110.09,1,09:52:18.397266281
110.09,1,09:52:18.397401062
110.09,1,09:52:18.397438432
110.09,5,09:52:18.397438432
110.09,1,09:52:18.408007289
110.09,10,09:53:00.643884932
110.09,1,09:53:00.643884932
110.09,6,09:53:00.643982344
110.09,1,09:53:00.643996965
110.09,3,09:53:00.643996965
110.09,1,09:53:21.884768921
110.09,1,09:53:59.814400632
110.09,1,09:53:59.814502815
110.09,2,09:53:59.814502815
110.09,1,09:53:59.814527365
110.09,10,09:53:59.814527365
110.09,1,09:54:13.322973391
110.09,1,09:54:21.327546804
110.09,5,09:54:45.281125918
110.09,4,09:54:58.180546483
110.09,6,09:54:58.180978416
110.09,9,09:54:58.180978416
110.09,4,09:54:58.181117376
110.09,1,09:56:10.443655151
110.09,1,09:56:25.482519511
110.09,1,09:56:30.300778477
110.09,1,09:56:30.534865266
110.09,1,09:56:31.611050594
110.09,1,09:56:36.225614750
110.09,1,09:56:41.707242224
110.09,1,09:56:41.707314716
110.09,1,09:56:41.707334633
110.09,1,09:57:15.247804089
110.09,1,09:57:24.037150943
110.08,1,09:58:41.702265520
110.09,1,09:59:21.000971129
110.09,4,09:59:21.000971129
110.09,3,09:59:21.000990559
110.09,2,09:59:21.000990559
110.09,1,09:59:21.000990559
110.09,1,09:59:21.001316921
110.08,7,09:59:29.130281706
110.08,6,09:59:29.130361008
110.09,6,09:59:30.629257225
110.09,3,09:59:31.979606481
110.09,2,09:59:31.979606481
110.09,2,09:59:31.979689345
110.09,1,09:59:31.979707755
110.09,7,09:59:50.021182262
110.09,1,09:59:50.021182262
110.09,1,09:59:50.021288262
110.09,1,09:59:50.021311385
110.08,22,10:00:00.012601194
110.08,1,10:00:00.017783165
110.08,15,10:00:00.017783165
110.07,21,10:00:00.019443014
110.07,1,10:00:00.019557388
110.07,21,10:00:00.019617362
110.07,7,10:00:00.019617362
110.07,7,10:00:00.020811038
110.09,2,10:00:03.699107788
110.09,1,10:00:03.699107788
110.09,4,10:00:03.699107788
110.08,22,10:00:11.740096863
110.08,6,10:00:13.598697912
110.08,1,10:00:13.598697912
110.08,1,10:00:13.598795688
110.08,26,10:00:16.653341529
110.09,1,10:00:17.530723765
110.09,4,10:00:17.530817909
110.09,6,10:00:17.530836929
110.09,1,10:00:17.530836929
110.09,1,10:00:17.530938809
110.09,3,10:00:17.530957705
110.1,1,10:00:20.237686214
110.1,4,10:00:20.237794633
110.09,1,10:00:41.004445694
110.09,2,10:00:41.004459374
110.09,2,10:00:41.004523083
110.09,1,10:00:41.004540648
110.09,14,10:00:42.162213153
110.09,8,10:00:42.162535464
110.09,3,10:00:42.163206906
110.09,8,10:00:42.163206906
110.09,6,10:00:42.163355290
110.09,2,10:00:42.163470266
110.09,2,10:00:42.163580070
110.09,1,10:00:42.163580070
110.09,2,10:00:42.163724093
110.09,2,10:00:42.163824554
110.09,1,10:00:42.163844839
110.09,2,10:00:44.778978793
110.09,2,10:00:44.779276002
110.09,40,10:00:44.879517761
110.09,3,10:00:44.879517761
110.08,5,10:00:52.689363254
110.08,4,10:00:52.689363254
110.08,1,10:00:52.689363254
110.07,7,10:01:28.808865261
110.07,11,10:01:28.808884636
110.07,14,10:01:28.808884636
110.07,10,10:01:28.808884636
110.07,2,10:01:28.809207580
110.07,28,10:01:28.809207580
110.07,1,10:01:28.809207580
110.07,1,10:01:28.809670396
110.07,1,10:01:28.809840124
110.07,2,10:01:28.809861964
110.07,10,10:01:28.809861964
110.07,2,10:01:28.810053340
110.07,1,10:01:28.810053340
110.07,5,10:01:28.810271061
110.07,3,10:01:28.810289217
110.07,1,10:01:28.849601211
110.07,1,10:01:29.014961682
110.06,1,10:01:33.413938127
110.05,1,10:01:45.666591580
110.05,1,10:01:50.115666706
110.05,7,10:01:50.115666706
110.06,3,10:01:54.934716507
110.06,1,10:01:54.934716507
110.06,1,10:01:54.934737860
110.06,2,10:01:54.934737860
110.06,1,10:01:55.104442967
110.06,1,10:01:57.372694457
110.06,2,10:02:01.982025454
110.06,1,10:02:47.261720311
110.06,3,10:02:47.261720311
110.06,5,10:02:47.261797591
110.06,1,10:02:47.261821287
110.06,10,10:02:47.261821287
110.05,1,10:03:26.830023861
110.05,2,10:03:26.830023861
110.05,1,10:03:47.637198715
110.06,30,10:04:07.436582419
110.06,1,10:04:07.436582419
110.06,1,10:04:07.436687471
110.06,3,10:04:07.436714643
110.06,1,10:04:07.436714643
110.06,5,10:04:07.436714643
110.07,2,10:04:22.677557564
110.07,1,10:04:22.677557564
110.07,1,10:04:42.381252976
110.08,2,10:05:01.487486537
110.08,1,10:05:01.487486537
110.08,4,10:05:01.487486537
110.08,2,10:05:03.693013001
110.08,2,10:05:09.184436633
110.08,1,10:05:09.184436633
110.08,1,10:05:09.184969830
110.07,1,10:05:30.253228689
110.08,1,10:06:08.710817225
110.08,3,10:06:08.710884949
110.08,1,10:06:08.711038101
110.08,1,10:06:15.189730954
110.08,4,10:06:17.956412279
110.08,2,10:06:17.956522581
110.08,4,10:06:17.956522581
110.08,3,10:06:17.956522581
110.07,3,10:06:53.683496058
110.07,1,10:06:53.683564011
110.07,1,10:06:53.698787216
110.07,1,10:06:53.699252587
110.07,3,10:06:53.699252587
110.07,1,10:08:05.886265993
110.07,1,10:08:05.886432306
110.07,2,10:08:05.886446674
110.07,1,10:08:05.886463311
110.07,12,10:08:05.886463311
110.07,1,10:08:05.886480646
110.07,10,10:08:05.886480646
110.08,1,10:09:50.548140343
110.08,16,10:09:50.548587274
110.08,1,10:09:50.548587274
110.08,1,10:09:50.584048066
110.08,1,10:10:08.164695048
110.08,1,10:10:08.164711860
110.08,4,10:10:08.164725665
110.08,2,10:10:08.164741195
110.06,3,10:10:53.517526066
110.06,10,10:10:53.517526066
110.06,1,10:10:53.532885141
110.06,1,10:10:58.619027707
110.06,25,10:11:00.992060406
110.07,1,10:11:45.016380367
110.07,1,10:11:45.016468488
110.07,1,10:11:45.016924033
110.07,4,10:11:45.017066532
110.07,2,10:11:45.017098293
110.07,1,10:11:45.017098293
110.07,1,10:11:45.017308452
110.07,2,10:11:45.874845785
110.08,1,10:12:01.945441342
110.08,1,10:12:14.382823476
110.08,1,10:12:14.382970495
110.08,1,10:12:14.383415176
110.08,1,10:12:19.824135579
110.08,1,10:12:19.848343992
110.08,2,10:12:29.799936132
110.08,1,10:12:29.799936132
110.08,3,10:12:29.800067434
110.08,12,10:12:29.800102465
110.08,8,10:12:29.800289095
110.08,4,10:12:29.800529268
110.08,4,10:12:29.800668637
110.08,6,10:12:31.965500872
110.08,2,10:12:31.965614844
110.08,1,10:12:31.965629065
110.08,3,10:12:31.965644262
110.08,7,10:12:31.965827606
110.08,2,10:12:31.965842473
110.08,1,10:12:31.965842473
110.08,4,10:12:31.965842473
110.08,1,10:12:36.930876131
110.08,2,10:12:36.930876131
110.06,1,10:13:40.694732731
110.06,2,10:13:49.763659121
110.06,1,10:13:49.763659121
110.06,1,10:13:49.763729971
110.06,4,10:14:53.136798140
110.06,8,10:14:53.142757341
110.06,4,10:14:53.142757341
110.06,5,10:14:53.142884042
110.06,2,10:14:53.142934743
110.06,4,10:14:53.142934743
110.06,2,10:14:53.148254559
110.06,1,10:14:53.154120037
110.06,4,10:14:53.154120037
110.06,1,10:14:53.154205948
110.06,1,10:14:53.166096615
110.06,1,10:14:53.166173207
110.06,2,10:14:53.166189095
110.06,1,10:14:53.179164216
110.06,2,10:14:53.179164216
110.06,1,10:14:53.190297481
110.06,1,10:14:53.190371808
110.06,2,10:14:53.190371808
