bidVolume,bidPrice,askVolume,askPrice,timestamp
66,118.05,8,118.06,09:15:00.014125299
66,118.05,7,118.06,09:15:00.014125299
66,118.05,6,118.06,09:15:00.014125737
66,118.05,5,118.06,09:15:00.014125737
66,118.05,4,118.06,09:15:00.014125737
66,118.05,2,118.06,09:15:00.014125737
66,118.05,99,118.07,09:15:00.014125737
74,118.05,99,118.07,09:15:00.022725651
80,118.05,99,118.07,09:15:00.023579750
90,118.05,99,118.07,09:15:00.029136600
93,118.05,99,118.07,09:15:00.029196524
94,118.05,99,118.07,09:15:00.059300173
94,118.05,100,118.07,09:15:00.126187841
94,118.05,104,118.07,09:15:00.135434261
86,118.05,104,118.07,09:15:00.135611819
87,118.05,104,118.07,09:15:00.144192568
87,118.05,3,118.06,09:15:00.152702108
87,118.05,4,118.06,09:15:00.152938152
77,118.05,4,118.06,09:15:00.153017644
77,118.05,5,118.06,09:15:00.161958818
77,118.05,6,118.06,09:15:00.170780860
74,118.05,6,118.06,09:15:00.255194791
74,118.05,7,118.06,09:15:00.412550791
74,118.05,6,118.06,09:15:01.016398590
74,118.05,4,118.06,09:15:01.016692671
74,118.05,3,118.06,09:15:01.016692671
74,118.05,2,118.06,09:15:01.016790378
74,118.05,1,118.06,09:15:01.016806196
74,118.05,104,118.07,09:15:01.016806196
76,118.05,104,118.07,09:15:01.017068852
86,118.05,104,118.07,09:15:01.017255969
86,118.05,105,118.07,09:15:01.060725912
84,118.05,105,118.07,09:15:01.071184020
84,118.05,5,118.06,09:15:01.285113142
74,118.05,5,118.06,09:15:01.285493989
74,118.05,6,118.06,09:15:01.401403811
74,118.05,7,118.06,09:15:02.122648153
74,118.05,6,118.06,09:15:02.691950974
74,118.05,5,118.06,09:15:02.692135480
74,118.05,4,118.06,09:15:02.692223627
75,118.05,4,118.06,09:15:02.692303086
75,118.05,1,118.06,09:15:02.693258528
75,118.05,104,118.07,09:15:02.693258528
75,118.05,100,118.07,09:15:02.693581738
85,118.05,100,118.07,09:15:02.693834883
85,118.05,101,118.07,09:15:02.735919702
85,118.05,104,118.07,09:15:02.736128678
85,118.05,1,118.06,09:15:02.904724663
75,118.05,1,118.06,09:15:02.904977296
75,118.05,2,118.06,09:15:03.144739388
74,118.05,2,118.06,09:15:03.483703162
74,118.05,1,118.06,09:15:04.633632689
74,118.05,104,118.07,09:15:04.633649242
74,118.05,101,118.07,09:15:04.633831982
74,118.05,102,118.07,09:15:04.676116669
74,118.05,103,118.07,09:15:04.676285789
74,118.05,102,118.07,09:15:05.308063173
74,118.05,103,118.07,09:15:05.435923719
74,118.05,104,118.07,09:15:05.436099293
74,118.05,1,118.06,09:15:05.571730439
74,118.05,2,118.06,09:15:05.572110810
74,118.05,3,118.06,09:15:05.572308330
74,118.05,11,118.06,09:15:05.579801515
74,118.05,12,118.06,09:15:05.579978705
68,118.05,12,118.06,09:15:05.596114685
68,118.05,14,118.06,09:15:05.596378422
68,118.05,16,118.06,09:15:05.665610783
68,118.05,17,118.06,09:15:05.665794856
68,118.05,16,118.06,09:15:05.679870961
68,118.05,17,118.06,09:15:05.742646344
68,118.05,16,118.06,09:15:05.745725744
68,118.05,17,118.06,09:15:05.749456560
68,118.05,16,118.06,09:15:05.881856448
68,118.05,15,118.06,09:15:05.881927373
68,118.05,13,118.06,09:15:05.881927373
68,118.05,12,118.06,09:15:05.882000066
68,118.05,10,118.06,09:15:05.882000066
68,118.05,9,118.06,09:15:05.882079088
68,118.05,1,118.06,09:15:05.883220360
68,118.05,2,118.06,09:15:05.884152465
68,118.05,3,118.06,09:15:05.884378980
68,118.05,2,118.06,09:15:05.887521788
68,118.05,1,118.06,09:15:05.887720338
68,118.05,2,118.06,09:15:05.986451696
68,118.05,3,118.06,09:15:05.986510768
68,118.05,11,118.06,09:15:05.986677833
68,118.05,13,118.06,09:15:06.113885612
68,118.05,14,118.06,09:15:06.113953634
68,118.05,15,118.06,09:15:06.113953634
68,118.05,16,118.06,09:15:06.114128972
68,118.05,17,118.06,09:15:06.114199439
68,118.05,16,118.06,09:15:06.116490400
68,118.05,15,118.06,09:15:06.116627738
68,118.05,14,118.06,09:15:06.116769802
68,118.05,13,118.06,09:15:06.309916250
68,118.05,14,118.06,09:15:07.076185047
68,118.05,13,118.06,09:15:07.111426404
68,118.05,14,118.06,09:15:07.304051237
68,118.05,16,118.06,09:15:07.309524420
76,118.05,16,118.06,09:15:07.309686328
76,118.05,14,118.06,09:15:07.309829032
80,118.05,14,118.06,09:15:07.309933799
80,118.05,13,118.06,09:15:07.310054934
81,118.05,13,118.06,09:15:07.330063032
83,118.05,13,118.06,09:15:07.330208223
83,118.05,11,118.06,09:15:07.330964276
83,118.05,10,118.06,09:15:07.503739687
83,118.05,9,118.06,09:15:07.503877060
83,118.05,8,118.06,09:15:07.556448700
83,118.05,102,118.07,09:15:07.556448700
16,118.06,102,118.07,09:15:07.556448700
18,118.06,102,118.07,09:15:07.556771080
21,118.06,102,118.07,09:15:07.557093518
21,118.06,92,118.07,09:15:07.557299947
22,118.06,92,118.07,09:15:07.557320472
23,118.06,92,118.07,09:15:07.557399169
21,118.06,92,118.07,09:15:07.557951015
22,118.06,92,118.07,09:15:07.573562978
22,118.06,91,118.07,09:15:07.573717228
22,118.06,92,118.07,09:15:07.599350509
22,118.06,93,118.07,09:15:07.599512490
26,118.06,93,118.07,09:15:07.764384437
28,118.06,93,118.07,09:15:07.764624215
29,118.06,93,118.07,09:15:07.976178567
29,118.06,92,118.07,09:15:07.976365771
29,118.06,91,118.07,09:15:07.976429016
31,118.06,91,118.07,09:15:08.017572165
32,118.06,91,118.07,09:15:08.069512518
32,118.06,90,118.07,09:15:08.077600730
34,118.06,90,118.07,09:15:08.169813956
35,118.06,90,118.07,09:15:08.169978299
35,118.06,91,118.07,09:15:08.657564072
34,118.06,91,118.07,09:15:08.873691826
35,118.06,91,118.07,09:15:09.256960514
35,118.06,92,118.07,09:15:10.151260887
32,118.06,92,118.07,09:15:10.183556996
30,118.06,92,118.07,09:15:10.183620976
29,118.06,92,118.07,09:15:10.183620976
25,118.06,92,118.07,09:15:10.210661040
26,118.06,92,118.07,09:15:10.432347903
27,118.06,92,118.07,09:15:11.173024267
31,118.06,92,118.07,09:15:11.261110664
33,118.06,92,118.07,09:15:11.261268597
33,118.06,91,118.07,09:15:11.266747044
34,118.06,91,118.07,09:15:11.266913047
34,118.06,92,118.07,09:15:11.344266600
33,118.06,92,118.07,09:15:11.344414023
33,118.06,94,118.07,09:15:12.018169951
33,118.06,95,118.07,09:15:12.039868450
33,118.06,96,118.07,09:15:12.813627055
33,118.06,97,118.07,09:15:12.898988304
33,118.06,99,118.07,09:15:13.040565259
32,118.06,99,118.07,09:15:13.040747315
33,118.06,99,118.07,09:15:13.359999832
33,118.06,100,118.07,09:15:13.439472908
33,118.06,101,118.07,09:15:14.219116221
29,118.06,101,118.07,09:15:14.281850984
27,118.06,101,118.07,09:15:15.170948479
29,118.06,101,118.07,09:15:15.590746552
30,118.06,101,118.07,09:15:16.184490916
28,118.06,101,118.07,09:15:16.206244818
29,118.06,101,118.07,09:15:20.591863697
31,118.06,101,118.07,09:15:20.592661530
32,118.06,101,118.07,09:15:20.592822397
36,118.06,101,118.07,09:15:20.593495536
36,118.06,97,118.07,09:15:20.792265759
37,118.06,97,118.07,09:15:20.792567470
47,118.06,97,118.07,09:15:20.792926609
50,118.06,97,118.07,09:15:20.793000008
51,118.06,97,118.07,09:15:20.793257604
53,118.06,97,118.07,09:15:20.793345851
54,118.06,97,118.07,09:15:20.793361258
52,118.06,97,118.07,09:15:20.794414938
53,118.06,97,118.07,09:15:20.796432258
52,118.06,97,118.07,09:15:20.797457819
53,118.06,97,118.07,09:15:20.801857106
52,118.06,97,118.07,09:15:20.803867024
51,118.06,97,118.07,09:15:20.804587481
52,118.06,97,118.07,09:15:20.810381007
51,118.06,97,118.07,09:15:20.815276744
48,118.06,97,118.07,09:15:20.823157955
38,118.06,97,118.07,09:15:20.823221737
37,118.06,97,118.07,09:15:20.897470248
36,118.06,97,118.07,09:15:20.897618517
32,118.06,97,118.07,09:15:20.907963204
31,118.06,97,118.07,09:15:20.908125159
29,118.06,97,118.07,09:15:21.010714399
33,118.06,97,118.07,09:15:21.512516258
33,118.06,82,118.07,09:15:21.512518354
44,118.06,82,118.07,09:15:21.512518354
48,118.06,82,118.07,09:15:21.512518354
51,118.06,82,118.07,09:15:21.512835944
53,118.06,82,118.07,09:15:21.512998293
57,118.06,82,118.07,09:15:21.513144453
67,118.06,82,118.07,09:15:21.556272254
70,118.06,82,118.07,09:15:21.556426577
66,118.06,82,118.07,09:15:21.583329784
55,118.06,82,118.07,09:15:21.583397038
56,118.06,82,118.07,09:15:21.674629318
55,118.06,82,118.07,09:15:21.725944761
56,118.06,82,118.07,09:15:21.726768386
56,118.06,83,118.07,09:15:22.894321665
55,118.06,83,118.07,09:15:22.894477527
59,118.06,83,118.07,09:15:23.974077736
83,118.06,83,118.07,09:15:23.982346408
83,118.06,82,118.07,09:15:23.982577877
83,118.06,81,118.07,09:15:23.982654065
83,118.06,76,118.07,09:15:23.982748353
83,118.06,66,118.07,09:15:23.982748353
84,118.06,66,118.07,09:15:23.982766347
84,118.06,65,118.07,09:15:23.982766347
84,118.06,66,118.07,09:15:23.993654746
84,118.06,68,118.07,09:15:23.993842058
84,118.06,67,118.07,09:15:24.082104396
84,118.06,65,118.07,09:15:24.099700438
85,118.06,65,118.07,09:15:24.659053189
85,118.06,64,118.07,09:15:24.659222686
86,118.06,64,118.07,09:15:24.910962593
87,118.06,64,118.07,09:15:25.567510507
86,118.06,64,118.07,09:15:25.567653688
86,118.06,60,118.07,09:15:26.493022005
87,118.06,60,118.07,09:15:26.493180456
87,118.06,50,118.07,09:15:26.671134346
87,118.06,46,118.07,09:15:26.671188100
87,118.06,45,118.07,09:15:26.671286221
87,118.06,37,118.07,09:15:26.671350960
87,118.06,38,118.07,09:15:26.945279248
87,118.06,39,118.07,09:15:26.945383237
87,118.06,38,118.07,09:15:26.955585269
87,118.06,37,118.07,09:15:26.956495339
87,118.06,36,118.07,09:15:26.989124972
87,118.06,37,118.07,09:15:27.019594597
87,118.06,38,118.07,09:15:27.019766375
86,118.06,38,118.07,09:15:27.019831704
86,118.06,39,118.07,09:15:27.019949624
86,118.06,38,118.07,09:15:27.498061855
86,118.06,37,118.07,09:15:27.498131541
86,118.06,36,118.07,09:15:27.498201690
86,118.06,38,118.07,09:15:31.614539849
86,118.06,39,118.07,09:15:31.614711708
86,118.06,38,118.07,09:15:31.614932252
86,118.06,36,118.07,09:15:31.615055186
86,118.06,37,118.07,09:15:31.619021961
86,118.06,39,118.07,09:15:31.619165807
86,118.06,37,118.07,09:15:31.986980894
86,118.06,36,118.07,09:15:32.187930590
87,118.06,36,118.07,09:15:32.199912511
86,118.06,36,118.07,09:15:32.299329268
86,118.06,37,118.07,09:15:32.905246321
86,118.06,38,118.07,09:15:33.180813144
87,118.06,38,118.07,09:15:34.768756988
86,118.06,38,118.07,09:15:34.875647513
86,118.06,49,118.07,09:15:36.609442510
86,118.06,52,118.07,09:15:36.609492869
86,118.06,55,118.07,09:15:36.609594504
86,118.06,52,118.07,09:15:37.851178100
87,118.06,52,118.07,09:15:37.851334842
87,118.06,49,118.07,09:15:37.852126950
87,118.06,38,118.07,09:15:37.852193324
86,118.06,38,118.07,09:15:37.852259472
86,118.06,39,118.07,09:15:37.862378178
86,118.06,40,118.07,09:15:37.863406433
86,118.06,39,118.07,09:15:37.867098699
86,118.06,38,118.07,09:15:37.867227225
86,118.06,39,118.07,09:15:38.630530121
86,118.06,40,118.07,09:15:38.630598201
86,118.06,39,118.07,09:15:38.630763779
86,118.06,38,118.07,09:15:38.630850796
86,118.06,40,118.07,09:15:38.640231817
86,118.06,44,118.07,09:15:38.640295891
86,118.06,46,118.07,09:15:38.640405679
86,118.06,47,118.07,09:15:38.640554092
86,118.06,46,118.07,09:15:38.641104117
86,118.06,47,118.07,09:15:38.694275128
86,118.06,48,118.07,09:15:38.694435313
83,118.06,48,118.07,09:15:39.589068962
73,118.06,48,118.07,09:15:39.589132096
73,118.06,60,118.07,09:15:39.695298885
73,118.06,59,118.07,09:15:40.922752998
70,118.06,59,118.07,09:15:41.524922107
66,118.06,59,118.07,09:15:41.525431879
64,118.06,59,118.07,09:15:41.738617294
63,118.06,59,118.07,09:15:41.970197401
64,118.06,59,118.07,09:15:41.980792440
64,118.06,58,118.07,09:15:41.989153326
67,118.06,58,118.07,09:15:41.989367703
68,118.06,58,118.07,09:15:41.989452322
68,118.06,59,118.07,09:15:41.989452322
67,118.06,59,118.07,09:15:41.989561029
67,118.06,60,118.07,09:15:41.989706088
64,118.06,60,118.07,09:15:41.989782357
67,118.06,60,118.07,09:15:42.570943056
68,118.06,60,118.07,09:15:42.571178614
68,118.06,59,118.07,09:15:42.572090140
65,118.06,59,118.07,09:15:42.572156223
64,118.06,59,118.07,09:15:42.572249688
65,118.06,59,118.07,09:15:42.572561781
66,118.06,59,118.07,09:15:42.573489300
67,118.06,59,118.07,09:15:42.575426034
68,118.06,59,118.07,09:15:42.575544653
84,118.06,59,118.07,09:15:42.603989010
84,118.06,47,118.07,09:15:42.604176581
84,118.06,46,118.07,09:15:42.604247759
84,118.06,44,118.07,09:15:42.604315573
84,118.06,45,118.07,09:15:42.671839862
84,118.06,47,118.07,09:15:42.672009836
84,118.06,48,118.07,09:15:42.672072463
84,118.06,49,118.07,09:15:42.892677661
84,118.06,48,118.07,09:15:43.130796983
84,118.06,46,118.07,09:15:43.130851367
84,118.06,45,118.07,09:15:43.196514988
84,118.06,43,118.07,09:15:43.196573769
88,118.06,43,118.07,09:15:43.938191916
88,118.06,39,118.07,09:15:43.938531599
89,118.06,39,118.07,09:15:44.171184742
91,118.06,39,118.07,09:15:44.918567170
102,118.06,39,118.07,09:15:49.149323682
102,118.06,38,118.07,09:15:49.149575813
102,118.06,39,118.07,09:15:49.848642488
102,118.06,40,118.07,09:15:51.139295944
102,118.06,39,118.07,09:15:51.140715492
100,118.06,39,118.07,09:15:51.611330143
101,118.06,39,118.07,09:15:51.664267530
101,118.06,35,118.07,09:15:52.872740006
101,118.06,33,118.07,09:15:52.872820528
101,118.06,29,118.07,09:15:52.872820528
101,118.06,27,118.07,09:15:52.873222422
101,118.06,26,118.07,09:15:52.873492748
101,118.06,25,118.07,09:15:52.873508696
101,118.06,24,118.07,09:15:52.873508696
101,118.06,23,118.07,09:15:52.873508696
101,118.06,22,118.07,09:15:52.873521909
101,118.06,21,118.07,09:15:52.873628376
101,118.06,20,118.07,09:15:52.873641925
101,118.06,19,118.07,09:15:52.873655717
101,118.06,18,118.07,09:15:52.873672258
101,118.06,17,118.07,09:15:52.873672258
101,118.06,16,118.07,09:15:52.873686459
101,118.06,15,118.07,09:15:52.874329086
101,118.06,13,118.07,09:15:52.874348578
101,118.06,12,118.07,09:15:52.874348578
101,118.06,11,118.07,09:15:52.874348578
101,118.06,10,118.07,09:15:52.874348578
101,118.06,8,118.07,09:15:52.874348578
101,118.06,7,118.07,09:15:52.874361963
101,118.06,6,118.07,09:15:52.874544968
101,118.06,5,118.07,09:15:52.874565237
101,118.06,4,118.07,09:15:52.874565237
101,118.06,3,118.07,09:15:52.874565237
101,118.06,2,118.07,09:15:52.874565237
101,118.06,1,118.07,09:15:52.874565237
101,118.06,123,118.08,09:15:52.874583704
8,118.07,123,118.08,09:15:52.874583704
11,118.07,123,118.08,09:15:52.875089985
13,118.07,123,118.08,09:15:52.875089985
14,118.07,123,118.08,09:15:52.875132193
11,118.07,123,118.08,09:15:52.875187579
12,118.07,123,118.08,09:15:52.875187579
12,118.07,118,118.08,09:15:52.875223966
12,118.07,109,118.08,09:15:52.875223966
13,118.07,109,118.08,09:15:52.875555796
13,118.07,99,118.08,09:15:52.875579955
15,118.07,99,118.08,09:15:52.875579955
15,118.07,98,118.08,09:15:52.875608148
16,118.07,98,118.08,09:15:52.876023137
24,118.07,98,118.08,09:15:52.876064016
30,118.07,98,118.08,09:15:52.876064016
31,118.07,98,118.08,09:15:52.876064016
31,118.07,92,118.08,09:15:52.876517305
31,118.07,83,118.08,09:15:52.876532394
33,118.07,83,118.08,09:15:52.876730523
43,118.07,83,118.08,09:15:52.883410597
44,118.07,83,118.08,09:15:52.896489141
42,118.07,83,118.08,09:15:52.899379104
42,118.07,76,118.08,09:15:52.899585786
37,118.07,76,118.08,09:15:52.926304052
37,118.07,80,118.08,09:15:52.926487828
38,118.07,80,118.08,09:15:52.943858862
45,118.07,80,118.08,09:15:52.944090241
48,118.07,80,118.08,09:15:53.017256433
69,118.07,80,118.08,09:15:53.622900346
69,118.07,76,118.08,09:15:53.623122788
73,118.07,76,118.08,09:15:53.623122788
66,118.07,76,118.08,09:15:53.623192461
66,118.07,72,118.08,09:15:53.623192461
66,118.07,69,118.08,09:15:53.623294301
68,118.07,69,118.08,09:15:53.623367834
68,118.07,59,118.08,09:15:53.623367834
68,118.07,57,118.08,09:15:53.623500000
69,118.07,57,118.08,09:15:53.697518772
72,118.07,57,118.08,09:15:53.697718609
73,118.07,57,118.08,09:15:53.839998607
74,118.07,57,118.08,09:15:53.906402025
74,118.07,50,118.08,09:15:53.946529729
74,118.07,49,118.08,09:15:54.303854133
98,118.07,49,118.08,09:15:54.442317234
95,118.07,49,118.08,09:15:54.590393958
99,118.07,49,118.08,09:15:54.898963380
101,118.07,49,118.08,09:15:55.872299221
101,118.07,46,118.08,09:15:55.872468481
101,118.07,45,118.08,09:15:55.872536683
101,118.07,46,118.08,09:15:55.883629095
101,118.07,48,118.08,09:15:55.883786173
101,118.07,44,118.08,09:15:56.573122434
101,118.07,42,118.08,09:15:56.587829778
104,118.07,42,118.08,09:15:56.609446723
104,118.07,41,118.08,09:15:56.979541899
104,118.07,44,118.08,09:15:57.118114621
104,118.07,45,118.08,09:15:57.118172842
104,118.07,42,118.08,09:15:57.118266685
104,118.07,44,118.08,09:15:57.118732951
104,118.07,42,118.08,09:15:57.118963248
104,118.07,43,118.08,09:15:57.119506866
104,118.07,44,118.08,09:15:57.119644659
104,118.07,46,118.08,09:15:57.119723513
104,118.07,45,118.08,09:15:57.120789372
104,118.07,47,118.08,09:15:57.122263831
104,118.07,45,118.08,09:15:57.126435988
104,118.07,46,118.08,09:15:57.126699492
104,118.07,45,118.08,09:15:57.131022010
104,118.07,44,118.08,09:15:57.131168654
104,118.07,45,118.08,09:15:57.131649124
104,118.07,44,118.08,09:15:57.134095167
104,118.07,47,118.08,09:15:57.139926209
102,118.07,47,118.08,09:15:57.143052473
102,118.07,44,118.08,09:15:57.148241979
102,118.07,46,118.08,09:15:57.160011314
102,118.07,48,118.08,09:15:57.160170176
102,118.07,49,118.08,09:15:57.160321856
102,118.07,48,118.08,09:15:58.055051159
103,118.07,48,118.08,09:15:58.410275162
103,118.07,46,118.08,09:15:58.424650730
103,118.07,44,118.08,09:15:58.424803046
103,118.07,42,118.08,09:15:58.425677305
103,118.07,44,118.08,09:15:58.805593740
103,118.07,45,118.08,09:15:58.805783232
103,118.07,44,118.08,09:15:58.809790457
103,118.07,45,118.08,09:15:58.810442861
103,118.07,46,118.08,09:15:58.810594285
103,118.07,45,118.08,09:15:58.835258436
103,118.07,46,118.08,09:15:58.936475825
103,118.07,45,118.08,09:15:59.066001266
103,118.07,54,118.08,09:15:59.470464474
103,118.07,58,118.08,09:15:59.470531303
103,118.07,59,118.08,09:15:59.470634234
103,118.07,61,118.08,09:15:59.470699412
103,118.07,63,118.08,09:16:00.145498407
103,118.07,61,118.08,09:16:01.563333084
103,118.07,60,118.08,09:16:02.144304332
103,118.07,58,118.08,09:16:02.148809868
103,118.07,57,118.08,09:16:02.148875282
103,118.07,58,118.08,09:16:02.153137052
103,118.07,60,118.08,09:16:02.153310163
103,118.07,61,118.08,09:16:02.153465350
103,118.07,62,118.08,09:16:02.153602385
103,118.07,60,118.08,09:16:02.600864834
94,118.07,60,118.08,09:16:02.753219845
94,118.07,61,118.08,09:16:02.753401081
94,118.07,60,118.08,09:16:02.771324835
94,118.07,52,118.08,09:16:02.771403168
94,118.07,50,118.08,09:16:02.771403168
94,118.07,41,118.08,09:16:02.771585961
94,118.07,40,118.08,09:16:02.771679616
94,118.07,39,118.08,09:16:02.771679616
94,118.07,35,118.08,09:16:02.771774431
104,118.07,35,118.08,09:16:02.771774431
106,118.07,35,118.08,09:16:02.771774431
106,118.07,34,118.08,09:16:02.771936745
106,118.07,33,118.08,09:16:02.771936745
106,118.07,32,118.08,09:16:02.771936745
106,118.07,31,118.08,09:16:02.772019203
106,118.07,33,118.08,09:16:02.772019203
106,118.07,34,118.08,09:16:02.891588154
106,118.07,35,118.08,09:16:03.140702041
106,118.07,38,118.08,09:16:03.145801033
106,118.07,39,118.08,09:16:03.201783641
106,118.07,40,118.08,09:16:03.201953327
104,118.07,40,118.08,09:16:03.202664050
104,118.07,41,118.08,09:16:03.205938921
104,118.07,44,118.08,09:16:03.206103737
104,118.07,43,118.08,09:16:03.210101910
104,118.07,42,118.08,09:16:03.210227410
104,118.07,43,118.08,09:16:03.216732715
104,118.07,44,118.08,09:16:03.217024024
104,118.07,43,118.08,09:16:03.242450009
104,118.07,42,118.08,09:16:03.242578454
104,118.07,43,118.08,09:16:03.960437077
94,118.07,43,118.08,09:16:03.960537499
94,118.07,53,118.08,09:16:03.960709161
94,118.07,55,118.08,09:16:03.960797294
94,118.07,58,118.08,09:16:03.960797294
94,118.07,55,118.08,09:16:03.960914136
94,118.07,59,118.08,09:16:06.659281839
90,118.07,59,118.08,09:16:06.660628718
90,118.07,57,118.08,09:16:07.368678040
90,118.07,58,118.08,09:16:07.368909503
90,118.07,61,118.08,09:16:07.369064950
90,118.07,62,118.08,09:16:07.369327493
90,118.07,59,118.08,09:16:07.511442922
90,118.07,56,118.08,09:16:07.717557118
90,118.07,46,118.08,09:16:07.717616241
90,118.07,45,118.08,09:16:07.717760561
90,118.07,41,118.08,09:16:07.717760561
90,118.07,40,118.08,09:16:07.717822120
94,118.07,40,118.08,09:16:07.717892692
94,118.07,39,118.08,09:16:07.717963918
94,118.07,36,118.08,09:16:11.293941344
94,118.07,35,118.08,09:16:11.294098318
94,118.07,33,118.08,09:16:11.304398490
106,118.07,33,118.08,09:16:11.304464822
106,118.07,32,118.08,09:16:11.304605791
106,118.07,31,118.08,09:16:11.304682054
106,118.07,33,118.08,09:16:11.305438418
106,118.07,32,118.08,09:16:11.305438418
106,118.07,31,118.08,09:16:11.305497647
106,118.07,32,118.08,09:16:12.357099424
106,118.07,31,118.08,09:16:12.357250594
106,118.07,33,118.08,09:16:12.357315404
106,118.07,34,118.08,09:16:12.453707842
106,118.07,33,118.08,09:16:12.486933685
106,118.07,34,118.08,09:16:12.618743891
106,118.07,33,118.08,09:16:12.668243108
106,118.07,31,118.08,09:16:12.798524224
106,118.07,32,118.08,09:16:12.801420599
106,118.07,34,118.08,09:16:12.801612163
106,118.07,35,118.08,09:16:12.892726149
106,118.07,36,118.08,09:16:12.951656732
106,118.07,37,118.08,09:16:12.951724217
106,118.07,38,118.08,09:16:12.956462511
106,118.07,39,118.08,09:16:12.956628297
106,118.07,41,118.08,09:16:12.956691512
106,118.07,42,118.08,09:16:12.956759393
106,118.07,44,118.08,09:16:12.992217869
102,118.07,44,118.08,09:16:12.992674534
102,118.07,48,118.08,09:16:12.992865507
90,118.07,48,118.08,09:16:12.992936755
90,118.07,50,118.08,09:16:13.332626168
90,118.07,51,118.08,09:16:13.332802939
90,118.07,50,118.08,09:16:14.592701061
90,118.07,70,118.08,09:16:16.674455254
90,118.07,71,118.08,09:16:16.674659388
91,118.07,71,118.08,09:16:17.456475518
94,118.07,71,118.08,09:16:18.818530823
94,118.07,70,118.08,09:16:19.813179399
94,118.07,68,118.08,09:16:19.814539804
94,118.07,64,118.08,09:16:19.814644895
94,118.07,62,118.08,09:16:19.814856841
94,118.07,63,118.08,09:16:19.839279325
94,118.07,62,118.08,09:16:19.882716311
94,118.07,63,118.08,09:16:19.981510979
94,118.07,67,118.08,09:16:20.656482053
94,118.07,68,118.08,09:16:20.813018820
94,118.07,71,118.08,09:16:20.813224420
93,118.07,71,118.08,09:16:21.153354857
93,118.07,68,118.08,09:16:21.259955106
93,118.07,78,118.08,09:16:22.424484233
93,118.07,81,118.08,09:16:22.424546831
93,118.07,82,118.08,09:16:22.424716281
93,118.07,83,118.08,09:16:22.424867217
91,118.07,83,118.08,09:16:22.425174092
91,118.07,93,118.08,09:16:22.427452455
91,118.07,98,118.08,09:16:22.427517321
90,118.07,98,118.08,09:16:22.427619103
89,118.07,98,118.08,09:16:22.427814394
87,118.07,98,118.08,09:16:22.428013305
86,118.07,98,118.08,09:16:22.428013305
85,118.07,98,118.08,09:16:22.428100854
81,118.07,98,118.08,09:16:22.428100854
77,118.07,98,118.08,09:16:22.428201212
72,118.07,98,118.08,09:16:22.428201212
71,118.07,98,118.08,09:16:22.428348531
69,118.07,98,118.08,09:16:22.428667509
68,118.07,98,118.08,09:16:22.428667509
65,118.07,98,118.08,09:16:22.428838808
59,118.07,98,118.08,09:16:22.428838808
58,118.07,98,118.08,09:16:22.428838808
57,118.07,98,118.08,09:16:22.428838808
56,118.07,98,118.08,09:16:22.428838808
53,118.07,98,118.08,09:16:22.428838808
44,118.07,98,118.08,09:16:22.428838808
44,118.07,108,118.08,09:16:22.429054188
42,118.07,108,118.08,09:16:22.429054188
42,118.07,109,118.08,09:16:22.429054188
41,118.07,109,118.08,09:16:22.429300878
40,118.07,109,118.08,09:16:22.429316433
39,118.07,109,118.08,09:16:22.429329975
38,118.07,109,118.08,09:16:22.429344452
14,118.07,109,118.08,09:16:22.429359188
13,118.07,109,118.08,09:16:22.429373565
13,118.07,113,118.08,09:16:22.429388225
10,118.07,113,118.08,09:16:22.429404586
9,118.07,113,118.08,09:16:22.429404586
8,118.07,113,118.08,09:16:22.429446155
5,118.07,113,118.08,09:16:22.429460504
4,118.07,113,118.08,09:16:22.429475145
3,118.07,113,118.08,09:16:22.429490603
2,118.07,113,118.08,09:16:22.429508130
1,118.07,113,118.08,09:16:22.429539547
94,118.06,113,118.08,09:16:22.429553746
94,118.06,2,118.07,09:16:22.429574223
81,118.06,2,118.07,09:16:22.429587858
81,118.06,6,118.07,09:16:22.429742536
81,118.06,8,118.07,09:16:22.429758101
81,118.06,14,118.07,09:16:22.429799070
81,118.06,15,118.07,09:16:22.429812395
81,118.06,21,118.07,09:16:22.429925528
81,118.06,35,118.07,09:16:22.429941752
81,118.06,36,118.07,09:16:22.429957268
71,118.06,36,118.07,09:16:22.430097999
71,118.06,39,118.07,09:16:22.430097999
71,118.06,40,118.07,09:16:22.430114372
68,118.06,40,118.07,09:16:22.430114372
68,118.06,42,118.07,09:16:22.430201105
58,118.06,42,118.07,09:16:22.430201105
54,118.06,42,118.07,09:16:22.430214256
54,118.06,52,118.07,09:16:22.430305153
54,118.06,51,118.07,09:16:22.430305153
54,118.06,48,118.07,09:16:22.430321876
54,118.06,52,118.07,09:16:22.430554650
54,118.06,50,118.07,09:16:22.430554650
54,118.06,58,118.07,09:16:22.433085325
54,118.06,62,118.07,09:16:22.433153955
50,118.06,62,118.07,09:16:22.433487280
39,118.06,62,118.07,09:16:22.434284908
39,118.06,63,118.07,09:16:22.434356252
39,118.06,62,118.07,09:16:22.434591594
39,118.06,63,118.07,09:16:22.434794482
39,118.06,62,118.07,09:16:22.434961727
39,118.06,68,118.07,09:16:22.435028597
37,118.06,68,118.07,09:16:22.435112904
37,118.06,69,118.07,09:16:22.435192872
37,118.06,71,118.07,09:16:22.435976711
37,118.06,75,118.07,09:16:22.436046059
33,118.06,75,118.07,09:16:22.436530510
33,118.06,76,118.07,09:16:22.437252380
32,118.06,76,118.07,09:16:22.439100674
32,118.06,74,118.07,09:16:22.439621954
32,118.06,71,118.07,09:16:22.439686865
36,118.06,71,118.07,09:16:22.439920023
36,118.06,70,118.07,09:16:22.440013706
37,118.06,70,118.07,09:16:22.440101438
37,118.06,68,118.07,09:16:22.440101438
44,118.06,68,118.07,09:16:22.440117749
44,118.06,67,118.07,09:16:22.440117749
44,118.06,68,118.07,09:16:22.440341416
44,118.06,74,118.07,09:16:22.440530635
44,118.06,75,118.07,09:16:22.443051705
44,118.06,74,118.07,09:16:22.443261615
44,118.06,73,118.07,09:16:22.443586175
44,118.06,67,118.07,09:16:22.443761884
44,118.06,66,118.07,09:16:22.444964821
44,118.06,62,118.07,09:16:22.445157178
44,118.06,54,118.07,09:16:22.445226605
51,118.06,54,118.07,09:16:22.445226605
51,118.06,40,118.07,09:16:22.445393067
51,118.06,41,118.07,09:16:22.449007093
51,118.06,46,118.07,09:16:22.449172008
51,118.06,47,118.07,09:16:22.450701019
51,118.06,46,118.07,09:16:22.472904005
52,118.06,46,118.07,09:16:22.477737083
52,118.06,47,118.07,09:16:22.507453772
52,118.06,48,118.07,09:16:22.507670937
52,118.06,49,118.07,09:16:22.525460015
52,118.06,52,118.07,09:16:22.605017366
45,118.06,52,118.07,09:16:22.605253682
45,118.06,54,118.07,09:16:22.605371215
45,118.06,56,118.07,09:16:22.605742699
44,118.06,56,118.07,09:16:22.629620955
44,118.06,57,118.07,09:16:22.664036489
44,118.06,58,118.07,09:16:22.664199081
44,118.06,59,118.07,09:16:22.866808448
44,118.06,60,118.07,09:16:22.893567933
44,118.06,61,118.07,09:16:23.107877262
43,118.06,61,118.07,09:16:23.115052210
36,118.06,61,118.07,09:16:23.123718071
45,118.06,61,118.07,09:16:23.126865349
45,118.06,60,118.07,09:16:23.127111963
46,118.06,60,118.07,09:16:23.127188449
50,118.06,60,118.07,09:16:23.127188449
51,118.06,60,118.07,09:16:23.127264315
51,118.06,58,118.07,09:16:23.127331480
51,118.06,60,118.07,09:16:23.430997432
50,118.06,60,118.07,09:16:23.476586489
51,118.06,60,118.07,09:16:23.476948216
51,118.06,59,118.07,09:16:23.478907322
55,118.06,59,118.07,09:16:23.478971687
56,118.06,59,118.07,09:16:23.479094350
56,118.06,60,118.07,09:16:24.011623264
56,118.06,61,118.07,09:16:24.025530260
55,118.06,61,118.07,09:16:24.142677373
55,118.06,60,118.07,09:16:24.142732788
55,118.06,61,118.07,09:16:24.184878420
51,118.06,61,118.07,09:16:24.592332244
51,118.06,62,118.07,09:16:24.690877581
51,118.06,63,118.07,09:16:25.719305106
47,118.06,63,118.07,09:16:25.765561509
46,118.06,63,118.07,09:16:25.765760107
46,118.06,64,118.07,09:16:25.765837621
46,118.06,59,118.07,09:16:25.765837621
45,118.06,59,118.07,09:16:25.765905845
44,118.06,59,118.07,09:16:25.765977902
44,118.06,60,118.07,09:16:25.765977902
44,118.06,61,118.07,09:16:25.766137144
44,118.06,62,118.07,09:16:25.815511493
43,118.06,62,118.07,09:16:25.820316719
42,118.06,62,118.07,09:16:26.100222372
42,118.06,71,118.07,09:16:26.100404891
42,118.06,74,118.07,09:16:26.100471892
42,118.06,75,118.07,09:16:26.100629108
42,118.06,76,118.07,09:16:26.457477833
42,118.06,77,118.07,09:16:27.157283133
45,118.06,77,118.07,09:16:27.224412337
45,118.06,76,118.07,09:16:27.224481767
45,118.06,75,118.07,09:16:27.224481767
46,118.06,75,118.07,09:16:27.224574714
43,118.06,75,118.07,09:16:27.224780179
44,118.06,75,118.07,09:16:27.226326249
43,118.06,75,118.07,09:16:27.229420439
43,118.06,76,118.07,09:16:27.240156825
43,118.06,77,118.07,09:16:27.585868719
42,118.06,77,118.07,09:16:28.602118124
43,118.06,77,118.07,09:16:30.401636615
42,118.06,77,118.07,09:16:30.403927947
42,118.06,92,118.07,09:16:30.412112658
41,118.06,92,118.07,09:16:30.412250575
41,118.06,93,118.07,09:16:30.483085227
41,118.06,94,118.07,09:16:30.483261009
25,118.06,94,118.07,09:16:30.487118226
24,118.06,94,118.07,09:16:30.487290271
20,118.06,94,118.07,09:16:30.487290271
19,118.06,94,118.07,09:16:30.487314814
18,118.06,94,118.07,09:16:30.487314814
16,118.06,94,118.07,09:16:30.487314814
15,118.06,94,118.07,09:16:30.487314814
14,118.06,94,118.07,09:16:30.487314814
13,118.06,94,118.07,09:16:30.487314814
4,118.06,94,118.07,09:16:30.487330308
103,118.05,94,118.07,09:16:30.487330308
103,118.05,1,118.06,09:16:30.487455550
103,118.05,4,118.06,09:16:30.487613602
103,118.05,8,118.06,09:16:30.487704673
103,118.05,21,118.06,09:16:30.487841352
103,118.05,25,118.06,09:16:30.487841352
103,118.05,27,118.06,09:16:30.487981556
103,118.05,28,118.06,09:16:30.487981556
103,118.05,34,118.06,09:16:30.487981556
103,118.05,31,118.06,09:16:30.487981556
100,118.05,31,118.06,09:16:30.488160835
90,118.05,31,118.06,09:16:30.488160835
90,118.05,25,118.06,09:16:30.488287866
90,118.05,21,118.06,09:16:30.488287866
90,118.05,19,118.06,09:16:30.488287866
90,118.05,15,118.06,09:16:30.493840113
90,118.05,2,118.06,09:16:30.493975558
93,118.05,2,118.06,09:16:30.494150090
98,118.05,2,118.06,09:16:30.494314807
98,118.05,10,118.06,09:16:30.502451729
98,118.05,12,118.06,09:16:30.502708795
93,118.05,12,118.06,09:16:30.502807947
93,118.05,16,118.06,09:16:30.508362589
90,118.05,16,118.06,09:16:30.508575578
90,118.05,18,118.06,09:16:30.508671334
90,118.05,19,118.06,09:16:30.508671334
90,118.05,20,118.06,09:16:30.509757068
88,118.05,20,118.06,09:16:30.511627838
88,118.05,19,118.06,09:16:30.524804792
88,118.05,18,118.06,09:16:30.524820120
88,118.05,17,118.06,09:16:30.524820120
88,118.05,16,118.06,09:16:30.525026907
88,118.05,10,118.06,09:16:30.525142043
88,118.05,8,118.06,09:16:30.525142043
90,118.05,8,118.06,09:16:30.525142043
90,118.05,9,118.06,09:16:30.525222664
90,118.05,5,118.06,09:16:30.525301714
90,118.05,12,118.06,09:16:30.525382094
90,118.05,14,118.06,09:16:30.525532791
90,118.05,15,118.06,09:16:30.542325209
90,118.05,19,118.06,09:16:30.542933321
88,118.05,19,118.06,09:16:30.543470671
88,118.05,27,118.06,09:16:30.544268132
87,118.05,27,118.06,09:16:30.544474104
87,118.05,31,118.06,09:16:30.552597797
87,118.05,33,118.06,09:16:30.552777477
72,118.05,33,118.06,09:16:30.554122267
72,118.05,32,118.06,09:16:30.560672975
73,118.05,32,118.06,09:16:30.561047250
73,118.05,41,118.06,09:16:30.595093640
73,118.05,45,118.06,09:16:30.595198712
80,118.05,45,118.06,09:16:30.595606305
82,118.05,45,118.06,09:16:30.595786442
82,118.05,46,118.06,09:16:30.598828572
82,118.05,47,118.06,09:16:30.615338452
80,118.05,47,118.06,09:16:30.618670229
80,118.05,48,118.06,09:16:30.650351896
80,118.05,50,118.06,09:16:30.650451045
80,118.05,48,118.06,09:16:30.650595178
80,118.05,50,118.06,09:16:30.653771212
80,118.05,48,118.06,09:16:30.654000444
80,118.05,47,118.06,09:16:30.654145394
80,118.05,48,118.06,09:16:30.655402709
80,118.05,51,118.06,09:16:30.665188292
80,118.05,53,118.06,09:16:30.665803198
80,118.05,52,118.06,09:16:30.833631996
80,118.05,53,118.06,09:16:30.867952276
80,118.05,54,118.06,09:16:30.877393115
80,118.05,53,118.06,09:16:30.877627639
80,118.05,55,118.06,09:16:31.007695665
80,118.05,56,118.06,09:16:31.029601002
79,118.05,56,118.06,09:16:31.029767080
79,118.05,57,118.06,09:16:31.239204061
72,118.05,57,118.06,09:16:31.335236983
77,118.05,57,118.06,09:16:31.370207462
77,118.05,58,118.06,09:16:31.504393600
73,118.05,58,118.06,09:16:31.610823960
72,118.05,58,118.06,09:16:31.610979841
72,118.05,59,118.06,09:16:31.614954303
68,118.05,59,118.06,09:16:31.616880804
64,118.05,59,118.06,09:16:31.617041162
58,118.05,59,118.06,09:16:31.617313456
58,118.05,69,118.06,09:16:31.617385507
58,118.05,70,118.06,09:16:31.617478461
50,118.05,70,118.06,09:16:31.617478461
50,118.05,75,118.06,09:16:31.617500592
50,118.05,76,118.06,09:16:31.617664762
49,118.05,76,118.06,09:16:31.786531357
49,118.05,78,118.06,09:16:31.786705962
47,118.05,78,118.06,09:16:31.786902250
42,118.05,78,118.06,09:16:31.786971232
32,118.05,78,118.06,09:16:31.786971232
27,118.05,78,118.06,09:16:32.088171111
27,118.05,85,118.06,09:16:32.088366887
27,118.05,89,118.06,09:16:32.088505149
26,118.05,89,118.06,09:16:32.088642480
29,118.05,89,118.06,09:16:32.125549290
29,118.05,90,118.06,09:16:32.512641826
29,118.05,91,118.06,09:16:32.912412507
30,118.05,91,118.06,09:16:32.959207116
30,118.05,92,118.06,09:16:32.990097863
31,118.05,92,118.06,09:16:33.222018999
30,118.05,92,118.06,09:16:33.266476839
30,118.05,93,118.06,09:16:33.583485111
30,118.05,94,118.06,09:16:34.391143295
29,118.05,94,118.06,09:16:34.555852938
28,118.05,94,118.06,09:16:34.555978519
26,118.05,94,118.06,09:16:34.555998452
25,118.05,94,118.06,09:16:34.555998452
24,118.05,94,118.06,09:16:34.555998452
23,118.05,94,118.06,09:16:34.556013015
21,118.05,94,118.06,09:16:34.556013015
17,118.05,94,118.06,09:16:34.556274010
17,118.05,97,118.06,09:16:34.556395251
17,118.05,96,118.06,09:16:34.556395251
17,118.05,97,118.06,09:16:34.556395251
14,118.05,97,118.06,09:16:34.558577327
11,118.05,97,118.06,09:16:34.559147787
11,118.05,98,118.06,09:16:34.559147787
11,118.05,97,118.06,09:16:34.559225540
11,118.05,96,118.06,09:16:34.559384661
11,118.05,95,118.06,09:16:34.559469315
11,118.05,96,118.06,09:16:34.563469432
11,118.05,95,118.06,09:16:34.563601755
11,118.05,96,118.06,09:16:34.563831749
11,118.05,95,118.06,09:16:34.563967515
11,118.05,96,118.06,09:16:34.564195656
11,118.05,95,118.06,09:16:34.564337736
5,118.05,95,118.06,09:16:34.564654865
4,118.05,95,118.06,09:16:34.564756913
1,118.05,95,118.06,09:16:34.564756913
106,118.04,95,118.06,09:16:34.564775066
106,118.04,11,118.05,09:16:34.565748836
106,118.04,12,118.05,09:16:34.565990621
96,118.04,12,118.05,09:16:34.565990621
96,118.04,14,118.05,09:16:34.566080851
96,118.04,13,118.05,09:16:34.566167901
96,118.04,15,118.05,09:16:34.567015792
96,118.04,4,118.05,09:16:34.569636954
96,118.04,16,118.05,09:16:34.569853876
89,118.04,16,118.05,09:16:34.569916833
86,118.04,16,118.05,09:16:34.570039005
86,118.04,17,118.05,09:16:34.570131670
86,118.04,18,118.05,09:16:34.572298834
86,118.04,19,118.05,09:16:34.572555743
86,118.04,20,118.05,09:16:34.575023104
86,118.04,26,118.05,09:16:34.575277770
77,118.04,26,118.05,09:16:34.583011326
72,118.04,26,118.05,09:16:34.583031851
72,118.04,27,118.05,09:16:34.583031851
72,118.04,28,118.05,09:16:34.583031851
57,118.04,28,118.05,09:16:34.583485216
57,118.04,36,118.05,09:16:34.583591472
57,118.04,37,118.05,09:16:34.583591472
55,118.04,37,118.05,09:16:34.583591472
55,118.04,36,118.05,09:16:34.583880788
55,118.04,37,118.05,09:16:34.583985149
55,118.04,41,118.05,09:16:34.583997876
52,118.04,41,118.05,09:16:34.585930943
42,118.04,41,118.05,09:16:34.586017333
42,118.04,53,118.05,09:16:34.586017333
42,118.04,56,118.05,09:16:34.586031852
42,118.04,57,118.05,09:16:34.586031852
42,118.04,58,118.05,09:16:34.586098607
42,118.04,57,118.05,09:16:34.586207417
43,118.04,57,118.05,09:16:34.588181322
46,118.04,57,118.05,09:16:34.588336766
46,118.04,54,118.05,09:16:34.589925715
46,118.04,42,118.05,09:16:34.589997270
46,118.04,34,118.05,09:16:34.590098462
46,118.04,33,118.05,09:16:34.590284246
46,118.04,34,118.05,09:16:34.594231901
46,118.04,35,118.05,09:16:34.594367948
46,118.04,36,118.05,09:16:34.595143458
46,118.04,34,118.05,09:16:34.600023468
46,118.04,33,118.05,09:16:34.600099682
47,118.04,33,118.05,09:16:34.600200312
47,118.04,35,118.05,09:16:34.601937377
47,118.04,36,118.05,09:16:34.641127966
47,118.04,37,118.05,09:16:34.642088171
47,118.04,45,118.05,09:16:34.662332026
47,118.04,48,118.05,09:16:34.764900783
47,118.04,50,118.05,09:16:34.765692798
47,118.04,51,118.05,09:16:34.868762010
47,118.04,50,118.05,09:16:35.005525186
43,118.04,50,118.05,09:16:35.070526692
42,118.04,50,118.05,09:16:35.071569622
39,118.04,50,118.05,09:16:35.071627741
39,118.04,60,118.05,09:16:35.072001222
39,118.04,72,118.05,09:16:35.072001222
39,118.04,75,118.05,09:16:35.072078278
35,118.04,75,118.05,09:16:35.072145194
34,118.04,75,118.05,09:16:35.125044336
34,118.04,76,118.05,09:16:35.125206085
34,118.04,77,118.05,09:16:35.272066264
34,118.04,78,118.05,09:16:35.339742774
33,118.04,78,118.05,09:16:35.373568737
33,118.04,80,118.05,09:16:35.406495386
33,118.04,78,118.05,09:16:35.600107096
36,118.04,78,118.05,09:16:35.639533183
36,118.04,79,118.05,09:16:36.035415870
36,118.04,81,118.05,09:16:36.069093142
37,118.04,81,118.05,09:16:36.131660250
38,118.04,81,118.05,09:16:36.131831187
42,118.04,81,118.05,09:16:36.133907428
42,118.04,73,118.05,09:16:36.145454992
52,118.04,73,118.05,09:16:36.157273691
55,118.04,73,118.05,09:16:36.157372465
55,118.04,63,118.05,09:16:36.157450608
58,118.04,63,118.05,09:16:36.157513843
58,118.04,59,118.05,09:16:36.157673757
58,118.04,56,118.05,09:16:36.157793568
58,118.04,44,118.05,09:16:36.157793568
58,118.04,43,118.05,09:16:36.158049348
58,118.04,42,118.05,09:16:36.158128292
62,118.04,42,118.05,09:16:36.158128292
62,118.04,36,118.05,09:16:36.158202733
62,118.04,35,118.05,09:16:36.159113420
62,118.04,34,118.05,09:16:36.159350579
62,118.04,33,118.05,09:16:36.159350579
62,118.04,32,118.05,09:16:36.159416025
62,118.04,31,118.05,09:16:36.159529785
62,118.04,19,118.05,09:16:36.160845655
62,118.04,20,118.05,09:16:36.161477556
62,118.04,21,118.05,09:16:36.161636583
62,118.04,22,118.05,09:16:36.162772266
59,118.04,22,118.05,09:16:36.163728134
59,118.04,23,118.05,09:16:36.170365461
59,118.04,24,118.05,09:16:36.170523889
62,118.04,24,118.05,09:16:36.413370991
63,118.04,24,118.05,09:16:36.413557790
63,118.04,23,118.05,09:16:36.432873181
63,118.04,22,118.05,09:16:36.514577505
62,118.04,22,118.05,09:16:36.521047043
62,118.04,23,118.05,09:16:36.531156112
62,118.04,26,118.05,09:16:36.531385769
62,118.04,25,118.05,09:16:36.668764048
62,118.04,22,118.05,09:16:36.970624207
62,118.04,23,118.05,09:16:37.030815205
62,118.04,31,118.05,09:16:38.083748595
62,118.04,44,118.05,09:16:38.083893084
62,118.04,45,118.05,09:16:38.126670395
58,118.04,45,118.05,09:16:38.298725314
55,118.04,45,118.05,09:16:38.373729541
45,118.04,45,118.05,09:16:38.373791106
45,118.04,49,118.05,09:16:38.373898331
44,118.04,49,118.05,09:16:38.374051360
44,118.04,51,118.05,09:16:38.374126583
44,118.04,52,118.05,09:16:38.374706513
43,118.04,52,118.05,09:16:38.516216335
39,118.04,52,118.05,09:16:38.519265956
39,118.04,63,118.05,09:16:38.519436714
39,118.04,64,118.05,09:16:38.519676215
36,118.04,64,118.05,09:16:38.538492509
33,118.04,64,118.05,09:16:38.540947429
33,118.04,78,118.05,09:16:38.541109057
30,118.04,78,118.05,09:16:38.541246708
29,118.04,78,118.05,09:16:38.541353019
28,118.04,78,118.05,09:16:38.541429857
26,118.04,78,118.05,09:16:38.541429857
27,118.04,78,118.05,09:16:38.543000883
28,118.04,78,118.05,09:16:38.543145168
27,118.04,78,118.05,09:16:38.545294648
26,118.04,78,118.05,09:16:38.550763640
25,118.04,78,118.05,09:16:38.552387670
26,118.04,78,118.05,09:16:38.554842648
27,118.04,78,118.05,09:16:38.555010363
28,118.04,78,118.05,09:16:38.555085032
29,118.04,78,118.05,09:16:38.555191848
31,118.04,78,118.05,09:16:38.570509827
32,118.04,78,118.05,09:16:38.571526064
36,118.04,78,118.05,09:16:38.574736333
36,118.04,77,118.05,09:16:38.676504919
35,118.04,77,118.05,09:16:38.708154660
34,118.04,77,118.05,09:16:38.713322173
35,118.04,77,118.05,09:16:38.740060267
36,118.04,77,118.05,09:16:38.740239118
37,118.04,77,118.05,09:16:38.740307242
37,118.04,78,118.05,09:16:38.777300634
36,118.04,78,118.05,09:16:38.834629548
35,118.04,78,118.05,09:16:38.834764694
34,118.04,78,118.05,09:16:38.928000997
34,118.04,79,118.05,09:16:39.011484261
33,118.04,79,118.05,09:16:39.175989296
33,118.04,80,118.05,09:16:39.573751752
32,118.04,80,118.05,09:16:39.573917719
32,118.04,81,118.05,09:16:39.573979313
31,118.04,81,118.05,09:16:39.574111073
31,118.04,86,118.05,09:16:39.643425570
29,118.04,86,118.05,09:16:39.643567627
29,118.04,87,118.05,09:16:39.643628456
30,118.04,87,118.05,09:16:39.703098146
31,118.04,87,118.05,09:16:39.707635993
32,118.04,87,118.05,09:16:39.707747634
33,118.04,87,118.05,09:16:39.707901721
34,118.04,87,118.05,09:16:39.708083135
35,118.04,87,118.05,09:16:39.708159234
35,118.04,86,118.05,09:16:39.708687375
35,118.04,85,118.05,09:16:39.708781023
36,118.04,85,118.05,09:16:39.713206197
38,118.04,85,118.05,09:16:39.713372757
38,118.04,71,118.05,09:16:39.713529090
42,118.04,71,118.05,09:16:39.713786427
42,118.04,69,118.05,09:16:41.037919879
40,118.04,69,118.05,09:16:41.038471757
36,118.04,69,118.05,09:16:41.434508321
37,118.04,69,118.05,09:16:41.664199712
40,118.04,69,118.05,09:16:41.664401523
41,118.04,69,118.05,09:16:41.664467830
45,118.04,69,118.05,09:16:41.664653312
45,118.04,58,118.05,09:16:41.664771638
56,118.04,58,118.05,09:16:41.665289164
56,118.04,50,118.05,09:16:41.665426201
56,118.04,46,118.05,09:16:41.665564748
56,118.04,33,118.05,09:16:41.665640533
60,118.04,33,118.05,09:16:41.666843784
60,118.04,32,118.05,09:16:41.735901531
60,118.04,31,118.05,09:16:42.258380567
60,118.04,30,118.05,09:16:42.264651434
75,118.04,30,118.05,09:16:42.395083004
75,118.04,29,118.05,09:16:42.395267846
75,118.04,28,118.05,09:16:42.395345167
75,118.04,27,118.05,09:16:42.395345167
75,118.04,26,118.05,09:16:42.395498815
75,118.04,25,118.05,09:16:42.562315433
77,118.04,25,118.05,09:16:42.595778207
78,118.04,25,118.05,09:16:42.595959432
78,118.04,24,118.05,09:16:42.607360976
79,118.04,24,118.05,09:16:42.749704891
79,118.04,23,118.05,09:16:42.870651106
79,118.04,22,118.05,09:16:42.870744497
79,118.04,21,118.05,09:16:42.870744497
79,118.04,18,118.05,09:16:42.870760002
79,118.04,16,118.05,09:16:42.870760002
79,118.04,15,118.05,09:16:42.871024145
79,118.04,14,118.05,09:16:42.871024145
89,118.04,14,118.05,09:16:42.871024145
89,118.04,13,118.05,09:16:42.871039765
89,118.04,12,118.05,09:16:42.871233326
89,118.04,11,118.05,09:16:42.871233326
89,118.04,9,118.05,09:16:42.871233326
89,118.04,8,118.05,09:16:42.871233326
89,118.04,7,118.05,09:16:42.871233326
89,118.04,6,118.05,09:16:42.871233326
89,118.04,5,118.05,09:16:42.871233326
89,118.04,98,118.06,09:16:42.871233326
97,118.04,98,118.06,09:16:42.871347780
1,118.05,98,118.06,09:16:42.871347780
3,118.05,98,118.06,09:16:42.871614624
4,118.05,98,118.06,09:16:42.871871969
5,118.05,98,118.06,09:16:42.871887946
4,118.05,98,118.06,09:16:42.872143738
4,118.05,88,118.06,09:16:42.872143738
5,118.05,88,118.06,09:16:42.872328822
4,118.05,88,118.06,09:16:42.883057912
5,118.05,88,118.06,09:16:42.885984167
4,118.05,88,118.06,09:16:42.893066210
3,118.05,88,118.06,09:16:42.893231401
2,118.05,88,118.06,09:16:42.893305519
3,118.05,88,118.06,09:16:42.893416037
2,118.05,88,118.06,09:16:42.896004391
1,118.05,88,118.06,09:16:42.896153450
106,118.04,88,118.06,09:16:42.896310480
106,118.04,89,118.06,09:16:42.896378722
106,118.04,99,118.06,09:16:42.896531149
106,118.04,98,118.06,09:16:42.896617810
106,118.04,2,118.05,09:16:42.902194524
96,118.04,2,118.05,09:16:42.902448546
96,118.04,3,118.05,09:16:43.030540503
96,118.04,5,118.05,09:16:43.113842568
96,118.04,3,118.05,09:16:43.230301585
96,118.04,2,118.05,09:16:43.230301585
96,118.04,99,118.06,09:16:43.230301585
3,118.05,99,118.06,09:16:43.230376222
4,118.05,99,118.06,09:16:43.230547502
6,118.05,99,118.06,09:16:43.230635512
6,118.05,89,118.06,09:16:43.230709281
10,118.05,89,118.06,09:16:43.231037792
11,118.05,89,118.06,09:16:43.234768127
12,118.05,89,118.06,09:16:43.254361649
15,118.05,89,118.06,09:16:43.254542382
14,118.05,89,118.06,09:16:43.330735637
11,118.05,89,118.06,09:16:43.345084757
10,118.05,89,118.06,09:16:43.345145785
7,118.05,89,118.06,09:16:43.346836956
3,118.05,89,118.06,09:16:43.346984856
1,118.05,89,118.06,09:16:43.347145556
2,118.05,89,118.06,09:16:43.466492994
4,118.05,89,118.06,09:16:43.476549573
5,118.05,89,118.06,09:16:43.476612113
4,118.05,89,118.06,09:16:43.483612237
5,118.05,89,118.06,09:16:43.490671665
4,118.05,89,118.06,09:16:43.507031622
2,118.05,89,118.06,09:16:43.975305526
1,118.05,89,118.06,09:16:43.975454335
4,118.05,89,118.06,09:16:43.992710538
6,118.05,89,118.06,09:16:43.992903203
8,118.05,89,118.06,09:16:43.992973392
12,118.05,89,118.06,09:16:43.992973392
10,118.05,89,118.06,09:16:44.001410036
11,118.05,89,118.06,09:16:44.013542504
10,118.05,89,118.06,09:16:44.023709979
11,118.05,89,118.06,09:16:44.164984790
12,118.05,89,118.06,09:16:44.165161839
12,118.05,90,118.06,09:16:44.199970245
11,118.05,90,118.06,09:16:44.200128840
13,118.05,90,118.06,09:16:44.234792269
11,118.05,90,118.06,09:16:44.249865108
10,118.05,90,118.06,09:16:44.252421661
7,118.05,90,118.06,09:16:44.425244431
10,118.05,90,118.06,09:16:44.735040278
7,118.05,90,118.06,09:16:44.735883804
6,118.05,90,118.06,09:16:45.300755670
4,118.05,90,118.06,09:16:45.300893289
4,118.05,91,118.06,09:16:45.301047731
4,118.05,90,118.06,09:16:45.301263055
5,118.05,90,118.06,09:16:45.929185273
5,118.05,89,118.06,09:16:45.949331373
6,118.05,89,118.06,09:16:46.167592986
7,118.05,89,118.06,09:16:46.167735095
6,118.05,89,118.06,09:16:46.182356963
5,118.05,89,118.06,09:16:46.407618769
6,118.05,89,118.06,09:16:46.753663418
14,118.05,89,118.06,09:16:46.753818599
16,118.05,89,118.06,09:16:46.754048796
16,118.05,93,118.06,09:16:47.180738625
19,118.05,93,118.06,09:16:47.335473815
20,118.05,93,118.06,09:16:47.568165419
21,118.05,93,118.06,09:16:47.568800920
21,118.05,92,118.06,09:16:47.584101933
22,118.05,92,118.06,09:16:47.584167972
21,118.05,92,118.06,09:16:47.695205975
20,118.05,92,118.06,09:16:47.695344906
19,118.05,92,118.06,09:16:47.695486071
20,118.05,92,118.06,09:16:47.717459493
21,118.05,92,118.06,09:16:47.717519929
22,118.05,92,118.06,09:16:47.717737928
22,118.05,82,118.06,09:16:47.753049732
22,118.05,77,118.06,09:16:47.753049732
26,118.05,77,118.06,09:16:47.753161355
25,118.05,77,118.06,09:16:47.933147028
24,118.05,77,118.06,09:16:47.933255347
23,118.05,77,118.06,09:16:47.933324615
19,118.05,77,118.06,09:16:47.933426852
20,118.05,77,118.06,09:16:47.982725933
21,118.05,77,118.06,09:16:47.984742165
22,118.05,77,118.06,09:16:47.987407580
23,118.05,77,118.06,09:16:48.009978929
24,118.05,77,118.06,09:16:48.037863045
25,118.05,77,118.06,09:16:48.044112606
26,118.05,77,118.06,09:16:48.057937015
34,118.05,77,118.06,09:16:48.058100647
34,118.05,75,118.06,09:16:48.058165921
40,118.05,75,118.06,09:16:48.058232526
40,118.05,72,118.06,09:16:48.334525617
40,118.05,68,118.06,09:16:48.334539979
40,118.05,61,118.06,09:16:48.334539979
46,118.05,61,118.06,09:16:51.022004999
47,118.05,61,118.06,09:16:51.022287812
47,118.05,60,118.06,09:16:51.026633536
47,118.05,59,118.06,09:16:51.026648291
47,118.05,58,118.06,09:16:51.026662385
47,118.05,51,118.06,09:16:51.026675639
47,118.05,49,118.06,09:16:51.026985200
47,118.05,45,118.06,09:16:51.027030202
47,118.05,44,118.06,09:16:51.027048601
47,118.05,40,118.06,09:16:51.027109911
47,118.05,31,118.06,09:16:51.027109911
47,118.05,28,118.06,09:16:51.027109911
48,118.05,28,118.06,09:16:51.027109911
48,118.05,24,118.06,09:16:51.027139565
52,118.05,24,118.06,09:16:51.027266611
52,118.05,22,118.06,09:16:51.027284368
52,118.05,21,118.06,09:16:51.027427911
52,118.05,20,118.06,09:16:51.027441398
52,118.05,19,118.06,09:16:51.027458243
52,118.05,18,118.06,09:16:51.027473478
52,118.05,17,118.06,09:16:51.027487971
52,118.05,16,118.06,09:16:51.027487971
52,118.05,15,118.06,09:16:51.027487971
52,118.05,14,118.06,09:16:51.027501501
52,118.05,13,118.06,09:16:51.027515996
52,118.05,12,118.06,09:16:51.027530364
52,118.05,11,118.06,09:16:51.027544496
52,118.05,7,118.06,09:16:51.027560256
60,118.05,7,118.06,09:16:51.027597663
60,118.05,83,118.07,09:16:51.027611221
8,118.06,83,118.07,09:16:51.027864950
21,118.06,83,118.07,09:16:51.027968095
22,118.06,83,118.07,09:16:51.027968095
25,118.06,83,118.07,09:16:51.027982377
17,118.06,83,118.07,09:16:51.028106367
17,118.06,82,118.07,09:16:51.028272243
17,118.06,81,118.07,09:16:51.028292793
17,118.06,82,118.07,09:16:51.028292793
18,118.06,82,118.07,09:16:51.028309705
18,118.06,72,118.07,09:16:51.028309705
17,118.06,72,118.07,09:16:51.028530479
17,118.06,71,118.07,09:16:51.028530479
16,118.06,71,118.07,09:16:51.034945794
13,118.06,71,118.07,09:16:51.035013189
99,118.05,71,118.07,09:16:51.035124987
99,118.05,86,118.07,09:16:51.035243889
99,118.05,87,118.07,09:16:51.035367770
99,118.05,97,118.07,09:16:51.035367770
3,118.06,97,118.07,09:16:51.047730923
4,118.06,97,118.07,09:16:51.047785393
12,118.06,97,118.07,09:16:51.047882382
14,118.06,97,118.07,09:16:51.048010165
14,118.06,96,118.07,09:16:51.048094856
14,118.06,86,118.07,09:16:51.048207432
14,118.06,87,118.07,09:16:51.048207432
15,118.06,87,118.07,09:16:51.048831048
14,118.06,87,118.07,09:16:51.049170785
12,118.06,87,118.07,09:16:51.049442087
11,118.06,87,118.07,09:16:51.053741608
13,118.06,87,118.07,09:16:51.064632897
14,118.06,87,118.07,09:16:51.064786352
13,118.06,87,118.07,09:16:51.064938138
13,118.06,88,118.07,09:16:51.089692158
12,118.06,88,118.07,09:16:51.124549390
11,118.06,88,118.07,09:16:51.228064775
10,118.06,88,118.07,09:16:51.228151443
3,118.06,88,118.07,09:16:51.228151443
1,118.06,88,118.07,09:16:51.228340336
99,118.05,88,118.07,09:16:51.228425309
99,118.05,98,118.07,09:16:51.228628489
99,118.05,99,118.07,09:16:51.228628489
99,118.05,1,118.06,09:16:51.248610697
99,118.05,2,118.06,09:16:51.630171507
99,118.05,3,118.06,09:16:51.630382954
99,118.05,10,118.06,09:16:51.630461305
99,118.05,11,118.06,09:16:51.630461305
89,118.05,11,118.06,09:16:51.630692979
81,118.05,11,118.06,09:16:51.631048105
77,118.05,11,118.06,09:16:51.631048105
77,118.05,12,118.06,09:16:51.631353907
77,118.05,13,118.06,09:16:51.631353907
77,118.05,14,118.06,09:16:51.634885171
76,118.05,14,118.06,09:16:51.635048938
76,118.05,13,118.06,09:16:51.967107949
76,118.05,12,118.06,09:16:51.967168157
76,118.05,11,118.06,09:16:51.967860150
77,118.05,11,118.06,09:16:51.968030684
77,118.05,4,118.06,09:16:51.968112732
83,118.05,4,118.06,09:16:51.968212780
83,118.05,3,118.06,09:16:51.968402412
83,118.05,2,118.06,09:16:51.968479202
91,118.05,2,118.06,09:16:51.969641876
95,118.05,2,118.06,09:16:51.969718762
95,118.05,1,118.06,09:16:51.981263526
95,118.05,99,118.07,09:16:51.981263526
6,118.06,99,118.07,09:16:51.981263526
8,118.06,99,118.07,09:16:51.981602904
8,118.06,89,118.07,09:16:51.981714969
2,118.06,89,118.07,09:16:51.981902316
105,118.05,89,118.07,09:16:51.987419090
105,118.05,1,118.06,09:16:51.987609265
95,118.05,1,118.06,09:16:51.987951598
95,118.05,2,118.06,09:16:51.988063713
95,118.05,3,118.06,09:16:51.988080737
95,118.05,2,118.06,09:16:52.732372791
97,118.05,2,118.06,09:16:52.790625473
98,118.05,2,118.06,09:16:52.790805266
98,118.05,3,118.06,09:16:52.897208821
97,118.05,3,118.06,09:16:52.941396165
97,118.05,2,118.06,09:16:52.941636130
97,118.05,6,118.06,09:16:53.633567463
97,118.05,7,118.06,09:16:53.633588468
97,118.05,9,118.06,09:16:53.633588468
97,118.05,10,118.06,09:16:53.633672311
97,118.05,11,118.06,09:16:53.633817098
97,118.05,10,118.06,09:16:53.633889776
91,118.05,10,118.06,09:16:53.634456317
91,118.05,9,118.06,09:16:53.634701993
87,118.05,9,118.06,09:16:53.635128086
79,118.05,9,118.06,09:16:53.635128086
79,118.05,17,118.06,09:16:53.635248851
69,118.05,17,118.06,09:16:53.635899692
64,118.05,17,118.06,09:16:53.635969864
64,118.05,25,118.06,09:16:53.647011793
64,118.05,30,118.06,09:16:53.647165943
64,118.05,22,118.06,09:16:53.699820445
64,118.05,17,118.06,09:16:53.699881622
64,118.05,9,118.06,09:16:53.699990329
64,118.05,10,118.06,09:16:53.717496519
64,118.05,9,118.06,09:16:53.746344291
64,118.05,7,118.06,09:16:53.919436204
64,118.05,3,118.06,09:16:53.919571934
64,118.05,7,118.06,09:16:54.130810948
64,118.05,9,118.06,09:16:54.130982413
64,118.05,7,118.06,09:16:54.131148257
64,118.05,8,118.06,09:16:54.142505404
64,118.05,9,118.06,09:16:54.152360310
59,118.05,9,118.06,09:16:54.153277592
59,118.05,11,118.06,09:16:54.239344656
59,118.05,13,118.06,09:16:54.239575143
59,118.05,11,118.06,09:16:54.400508908
59,118.05,10,118.06,09:16:54.400530629
59,118.05,9,118.06,09:16:54.400812183
59,118.05,8,118.06,09:16:54.400971716
59,118.05,6,118.06,09:16:54.401006881
59,118.05,5,118.06,09:16:54.401006881
59,118.05,3,118.06,09:16:54.401006881
59,118.05,1,118.06,09:16:54.401006881
59,118.05,100,118.07,09:16:54.401006881
69,118.05,100,118.07,09:16:54.401031509
84,118.05,100,118.07,09:16:54.401031509
91,118.05,100,118.07,09:16:54.401344084
91,118.05,99,118.07,09:16:54.443054015
91,118.05,100,118.07,09:16:54.479242383
91,118.05,99,118.07,09:16:54.508021439
91,118.05,98,118.07,09:16:54.621014211
4,118.06,98,118.07,09:16:54.643807949
7,118.06,98,118.07,09:16:54.644069257
7,118.06,88,118.07,09:16:54.644150691
7,118.06,87,118.07,09:16:54.644238067
8,118.06,87,118.07,09:16:54.644252578
16,118.06,87,118.07,09:16:54.644406615
18,118.06,87,118.07,09:16:54.644654763
18,118.06,86,118.07,09:16:54.653906425
18,118.06,85,118.07,09:16:54.654296265
18,118.06,84,118.07,09:16:54.654687692
19,118.06,84,118.07,09:16:54.654848111
20,118.06,84,118.07,09:16:54.655021608
21,118.06,84,118.07,09:16:54.763522210
20,118.06,84,118.07,09:16:54.763690267
21,118.06,84,118.07,09:16:54.763751729
24,118.06,84,118.07,09:16:54.836995097
23,118.06,84,118.07,09:16:54.888329699
22,118.06,84,118.07,09:16:55.138177004
22,118.06,85,118.07,09:16:55.847815421
22,118.06,84,118.07,09:16:55.877134827
22,118.06,85,118.07,09:16:56.403840349
22,118.06,84,118.07,09:16:56.432939714
22,118.06,80,118.07,09:16:56.919601768
26,118.06,80,118.07,09:16:56.919775374
26,118.06,81,118.07,09:16:56.928838315
22,118.06,81,118.07,09:16:57.019754089
22,118.06,80,118.07,09:16:57.237050553
23,118.06,80,118.07,09:16:58.030320882
27,118.06,80,118.07,09:16:58.391304198
27,118.06,65,118.07,09:16:58.663854894
27,118.06,64,118.07,09:16:58.664079720
27,118.06,58,118.07,09:16:58.677120873
28,118.06,58,118.07,09:16:58.677286844
32,118.06,58,118.07,09:16:58.677485666
37,118.06,58,118.07,09:16:58.763722191
37,118.06,49,118.07,09:16:58.763722191
37,118.06,43,118.07,09:16:58.763822934
37,118.06,40,118.07,09:16:58.763841451
37,118.06,37,118.07,09:16:58.763841451
33,118.06,37,118.07,09:16:58.764122511
33,118.06,33,118.07,09:16:58.764266318
42,118.06,33,118.07,09:16:58.764266318
46,118.06,33,118.07,09:16:58.764351342
47,118.06,33,118.07,09:16:58.764351342
50,118.06,33,118.07,09:16:58.764519365
50,118.06,32,118.07,09:16:58.764519365
50,118.06,34,118.07,09:16:58.833315805
50,118.06,37,118.07,09:16:58.833506237
50,118.06,27,118.07,09:16:58.966814036
60,118.06,27,118.07,09:16:58.967133502
60,118.06,23,118.07,09:16:58.967133502
65,118.06,23,118.07,09:16:58.967133502
62,118.06,23,118.07,09:16:58.967235111
62,118.06,20,118.07,09:16:58.967235111
62,118.06,19,118.07,09:16:58.967824023
70,118.06,19,118.07,09:16:58.967824023
73,118.06,19,118.07,09:16:58.967824023
74,118.06,19,118.07,09:16:58.968052397
74,118.06,17,118.07,09:16:59.732993336
74,118.06,16,118.07,09:16:59.733074309
74,118.06,15,118.07,09:16:59.733499099
74,118.06,13,118.07,09:16:59.733612753
74,118.06,9,118.07,09:16:59.733937803
74,118.06,8,118.07,09:16:59.733937803
74,118.06,7,118.07,09:16:59.734043435
75,118.06,7,118.07,09:16:59.734063861
77,118.06,7,118.07,09:16:59.746172419
82,118.06,7,118.07,09:16:59.746348566
82,118.06,6,118.07,09:16:59.774091700
82,118.06,5,118.07,09:16:59.774794179
84,118.06,5,118.07,09:16:59.774965011
85,118.06,5,118.07,09:16:59.775161004
85,118.06,4,118.07,09:16:59.775534959
85,118.06,3,118.07,09:16:59.776185157
85,118.06,11,118.07,09:17:00.014139245
85,118.06,12,118.07,09:17:00.014349520
80,118.06,12,118.07,09:17:00.014426796
79,118.06,12,118.07,09:17:00.014902608
80,118.06,12,118.07,09:17:00.032011531
82,118.06,12,118.07,09:17:00.032177847
82,118.06,4,118.07,09:17:00.077271875
80,118.06,4,118.07,09:17:00.101720370
80,118.06,12,118.07,09:17:00.137726801
80,118.06,19,118.07,09:17:00.166623962
80,118.06,20,118.07,09:17:00.398059420
80,118.06,21,118.07,09:17:00.809025489
78,118.06,21,118.07,09:17:00.809184791
78,118.06,20,118.07,09:17:00.862358458
73,118.06,20,118.07,09:17:00.959913753
73,118.06,21,118.07,09:17:01.051503867
73,118.06,20,118.07,09:17:01.051643237
74,118.06,20,118.07,09:17:01.366891628
79,118.06,20,118.07,09:17:01.367086901
79,118.06,19,118.07,09:17:01.755352677
74,118.06,19,118.07,09:17:01.755589905
74,118.06,18,118.07,09:17:01.755741813
74,118.06,19,118.07,09:17:02.892984983
74,118.06,11,118.07,09:17:02.986680909
74,118.06,14,118.07,09:17:02.989784519
74,118.06,11,118.07,09:17:02.993361051
74,118.06,13,118.07,09:17:02.993530766
76,118.06,13,118.07,09:17:02.993599845
80,118.06,13,118.07,09:17:02.993781326
80,118.06,11,118.07,09:17:02.996735587
80,118.06,10,118.07,09:17:02.998042037
80,118.06,3,118.07,09:17:02.998144903
80,118.06,2,118.07,09:17:02.998166078
80,118.06,1,118.07,09:17:02.998166078
80,118.06,95,118.08,09:17:02.998166078
80,118.06,94,118.08,09:17:02.998544504
80,118.06,93,118.08,09:17:02.998572590
80,118.06,92,118.08,09:17:02.998572590
4,118.07,92,118.08,09:17:02.998572590
4,118.07,82,118.08,09:17:02.998910618
6,118.07,82,118.08,09:17:02.998927226
7,118.07,82,118.08,09:17:02.998927226
7,118.07,96,118.08,09:17:02.998927226
3,118.07,96,118.08,09:17:02.999018788
1,118.07,96,118.08,09:17:02.999144030
1,118.07,100,118.08,09:17:02.999144030
2,118.07,100,118.08,09:17:02.999803706
3,118.07,100,118.08,09:17:03.000515494
7,118.07,100,118.08,09:17:03.000868400
8,118.07,100,118.08,09:17:03.000970527
7,118.07,100,118.08,09:17:03.001133622
6,118.07,100,118.08,09:17:03.046935631
5,118.07,100,118.08,09:17:03.046935631
4,118.07,100,118.08,09:17:03.047076407
7,118.07,100,118.08,09:17:03.048623998
9,118.07,100,118.08,09:17:03.048623998
10,118.07,100,118.08,09:17:03.048637643
11,118.07,100,118.08,09:17:03.048753442
11,118.07,96,118.08,09:17:03.048918354
11,118.07,95,118.08,09:17:03.049059538
11,118.07,91,118.08,09:17:03.050041953
15,118.07,91,118.08,09:17:03.050119838
29,118.07,91,118.08,09:17:03.052332950
29,118.07,77,118.08,09:17:03.066758722
30,118.07,77,118.08,09:17:03.071070945
35,118.07,77,118.08,09:17:03.071257993
35,118.07,73,118.08,09:17:03.071964657
35,118.07,69,118.08,09:17:03.077123665
35,118.07,59,118.08,09:17:03.077186187
35,118.07,58,118.08,09:17:03.077395919
36,118.07,58,118.08,09:17:03.077395919
38,118.07,58,118.08,09:17:03.077536459
38,118.07,48,118.08,09:17:03.079146858
38,118.07,45,118.08,09:17:03.079211284
36,118.07,45,118.08,09:17:03.097533261
36,118.07,53,118.08,09:17:03.099326643
31,118.07,53,118.08,09:17:03.102174734
17,118.07,53,118.08,09:17:03.102320413
13,118.07,53,118.08,09:17:03.102727302
13,118.07,54,118.08,09:17:03.102727302
12,118.07,54,118.08,09:17:03.112551520
12,118.07,53,118.08,09:17:03.112614194
16,118.07,53,118.08,09:17:03.113939318
17,118.07,53,118.08,09:17:03.114098930
17,118.07,45,118.08,09:17:03.126962058
25,118.07,45,118.08,09:17:03.127345074
24,118.07,45,118.08,09:17:03.145156563
16,118.07,45,118.08,09:17:03.145332176
16,118.07,53,118.08,09:17:03.145393104
16,118.07,54,118.08,09:17:03.145499935
17,118.07,54,118.08,09:17:03.145571778
17,118.07,53,118.08,09:17:03.145679776
17,118.07,54,118.08,09:17:03.145755619
19,118.07,54,118.08,09:17:03.145755619
19,118.07,46,118.08,09:17:03.146181216
20,118.07,46,118.08,09:17:03.160911455
28,118.07,46,118.08,09:17:03.161005970
28,118.07,45,118.08,09:17:03.162713016
43,118.07,45,118.08,09:17:03.164665872
43,118.07,44,118.08,09:17:03.164901187
46,118.07,44,118.08,09:17:03.164901187
60,118.07,44,118.08,09:17:03.206778800
62,118.07,44,118.08,09:17:03.206969736
63,118.07,44,118.08,09:17:03.241294056
63,118.07,42,118.08,09:17:03.241455675
60,118.07,42,118.08,09:17:03.397220350
57,118.07,42,118.08,09:17:03.397327068
55,118.07,42,118.08,09:17:03.397344137
54,118.07,42,118.08,09:17:03.397344137
53,118.07,42,118.08,09:17:03.397344137
52,118.07,42,118.08,09:17:03.397344137
52,118.07,43,118.08,09:17:03.397502237
52,118.07,45,118.08,09:17:03.397583367
52,118.07,53,118.08,09:17:03.397583367
52,118.07,64,118.08,09:17:03.397599889
52,118.07,66,118.08,09:17:03.397599889
37,118.07,66,118.08,09:17:03.397675869
37,118.07,67,118.08,09:17:03.397746660
37,118.07,71,118.08,09:17:03.397746660
37,118.07,63,118.08,09:17:03.397818135
37,118.07,61,118.08,09:17:03.397899254
40,118.07,61,118.08,09:17:03.398009687
26,118.07,61,118.08,09:17:03.398009687
28,118.07,61,118.08,09:17:03.398100509
28,118.07,60,118.08,09:17:03.398100509
28,118.07,56,118.08,09:17:03.398100509
29,118.07,56,118.08,09:17:03.398430175
29,118.07,45,118.08,09:17:03.409887256
32,118.07,45,118.08,09:17:03.410024319
46,118.07,45,118.08,09:17:03.506606079
46,118.07,46,118.08,09:17:03.875082793
46,118.07,47,118.08,09:17:03.875255858
43,118.07,47,118.08,09:17:03.945256671
43,118.07,46,118.08,09:17:03.950247289
44,118.07,46,118.08,09:17:03.953750697
45,118.07,46,118.08,09:17:03.956889904
44,118.07,46,118.08,09:17:04.029660450
46,118.07,46,118.08,09:17:04.030658475
44,118.07,46,118.08,09:17:04.460194263
43,118.07,46,118.08,09:17:04.461098726
41,118.07,46,118.08,09:17:04.461541160
42,118.07,46,118.08,09:17:04.463585304
43,118.07,46,118.08,09:17:04.463680123
44,118.07,46,118.08,09:17:04.463819467
43,118.07,46,118.08,09:17:04.482881885
44,118.07,46,118.08,09:17:04.492775617
43,118.07,46,118.08,09:17:04.528087504
42,118.07,46,118.08,09:17:04.563063727
41,118.07,46,118.08,09:17:04.563314025
43,118.07,46,118.08,09:17:04.620992866
41,118.07,46,118.08,09:17:05.093850745
42,118.07,46,118.08,09:17:05.104040415
43,118.07,46,118.08,09:17:05.104196412
44,118.07,46,118.08,09:17:05.104343714
43,118.07,46,118.08,09:17:05.152669909
42,118.07,46,118.08,09:17:05.152833970
41,118.07,46,118.08,09:17:05.208754025
42,118.07,46,118.08,09:17:05.217640708
45,118.07,46,118.08,09:17:05.242485859
47,118.07,46,118.08,09:17:05.242661737
47,118.07,47,118.08,09:17:05.490748552
45,118.07,47,118.08,09:17:05.709437611
44,118.07,47,118.08,09:17:05.709669886
44,118.07,49,118.08,09:17:05.710315783
44,118.07,50,118.08,09:17:05.714476267
44,118.07,49,118.08,09:17:05.820263231
41,118.07,49,118.08,09:17:05.927315477
41,118.07,50,118.08,09:17:05.930517018
27,118.07,50,118.08,09:17:05.930583392
27,118.07,52,118.08,09:17:05.930717821
25,118.07,52,118.08,09:17:05.931046061
25,118.07,65,118.08,09:17:05.932343167
23,118.07,65,118.08,09:17:05.932579772
20,118.07,65,118.08,09:17:05.952920184
16,118.07,65,118.08,09:17:05.953129777
16,118.07,76,118.08,09:17:05.953192283
15,118.07,76,118.08,09:17:05.953383099
15,118.07,91,118.08,09:17:05.953621236
7,118.07,91,118.08,09:17:05.953725843
6,118.07,91,118.08,09:17:05.953800730
5,118.07,91,118.08,09:17:05.953986986
4,118.07,91,118.08,09:17:05.954076419
4,118.07,92,118.08,09:17:05.954076419
4,118.07,93,118.08,09:17:05.954222589
4,118.07,95,118.08,09:17:05.963553681
4,118.07,94,118.08,09:17:05.963723540
4,118.07,95,118.08,09:17:05.963784781
3,118.07,95,118.08,09:17:05.974794893
2,118.07,95,118.08,09:17:06.001388811
6,118.07,95,118.08,09:17:06.020708373
10,118.07,95,118.08,09:17:06.020776529
11,118.07,95,118.08,09:17:06.020913470
10,118.07,95,118.08,09:17:06.021182500
11,118.07,95,118.08,09:17:06.021182500
11,118.07,94,118.08,09:17:06.021254426
11,118.07,93,118.08,09:17:06.021689898
13,118.07,93,118.08,09:17:06.021811996
9,118.07,93,118.08,09:17:06.022415680
5,118.07,93,118.08,09:17:06.037185357
4,118.07,93,118.08,09:17:06.037368409
2,118.07,93,118.08,09:17:06.037678742
3,118.07,93,118.08,09:17:06.038914492
1,118.07,93,118.08,09:17:06.044461042
1,118.07,97,118.08,09:17:06.044616139
84,118.06,97,118.08,09:17:06.073778696
84,118.06,93,118.08,09:17:06.074064657
84,118.06,94,118.08,09:17:06.086462060
85,118.06,94,118.08,09:17:06.095091780
91,118.06,94,118.08,09:17:06.095243254
94,118.06,94,118.08,09:17:06.108128545
94,118.06,93,118.08,09:17:06.334058421
93,118.06,93,118.08,09:17:06.661874369
87,118.06,93,118.08,09:17:06.702864863
89,118.06,93,118.08,09:17:06.842657440
94,118.06,93,118.08,09:17:06.842840077
94,118.06,94,118.08,09:17:07.424582419
89,118.06,94,118.08,09:17:08.042307131
89,118.06,96,118.08,09:17:09.121434598
89,118.06,100,118.08,09:17:09.195136784
89,118.06,85,118.08,09:17:09.744326080
12,118.07,85,118.08,09:17:09.745110367
20,118.07,85,118.08,09:17:09.745110367
22,118.07,85,118.08,09:17:09.745111333
26,118.07,85,118.08,09:17:09.745111333
26,118.07,86,118.08,09:17:09.745146937
26,118.07,85,118.08,09:17:09.745186566
26,118.07,91,118.08,09:17:09.745186566
18,118.07,91,118.08,09:17:09.745226956
6,118.07,91,118.08,09:17:09.745226956
7,118.07,91,118.08,09:17:09.745228806
3,118.07,91,118.08,09:17:09.745228806
1,118.07,91,118.08,09:17:09.745312393
1,118.07,85,118.08,09:17:09.745332374
89,118.06,85,118.08,09:17:09.745332374
89,118.06,84,118.08,09:17:09.766894720
87,118.06,84,118.08,09:17:10.398654463
84,118.06,84,118.08,09:17:10.401079581
3,118.07,84,118.08,09:17:10.439832685
4,118.07,84,118.08,09:17:10.440092946
8,118.07,84,118.08,09:17:10.440198059
10,118.07,84,118.08,09:17:10.440386899
7,118.07,84,118.08,09:17:10.546742746
6,118.07,84,118.08,09:17:10.546826246
5,118.07,84,118.08,09:17:10.546841424
5,118.07,93,118.08,09:17:10.547057136
3,118.07,93,118.08,09:17:10.547057136
3,118.07,94,118.08,09:17:10.547057136
3,118.07,100,118.08,09:17:10.547141559
90,118.06,100,118.08,09:17:10.547141559
90,118.06,103,118.08,09:17:10.547141559
90,118.06,102,118.08,09:17:10.547243920
3,118.07,102,118.08,09:17:10.581360937
3,118.07,103,118.08,09:17:10.597620798
3,118.07,106,118.08,09:17:10.597781134
90,118.06,106,118.08,09:17:10.613256544
90,118.06,103,118.08,09:17:10.613592186
94,118.06,103,118.08,09:17:10.646902940
101,118.06,103,118.08,09:17:10.647067551
101,118.06,100,118.08,09:17:11.313171327
94,118.06,100,118.08,09:17:11.313485645
95,118.06,100,118.08,09:17:11.331787207
101,118.06,100,118.08,09:17:11.331955328
97,118.06,100,118.08,09:17:12.674517961
3,118.07,100,118.08,09:17:12.709511621
5,118.07,100,118.08,09:17:12.709990562
2,118.07,100,118.08,09:17:12.741161079
1,118.07,100,118.08,09:17:12.819517230
102,118.06,100,118.08,09:17:12.819665240
102,118.06,1,118.07,09:17:12.920789702
102,118.06,2,118.07,09:17:13.005483115
96,118.06,2,118.07,09:17:13.264419162
96,118.06,1,118.07,09:17:13.753964845
96,118.06,109,118.08,09:17:13.754162067
103,118.06,109,118.08,09:17:13.754309626
103,118.06,99,118.08,09:17:14.150347958
96,118.06,99,118.08,09:17:14.214277749
96,118.06,1,118.07,09:17:15.416245590
96,118.06,4,118.07,09:17:15.416432791
96,118.06,5,118.07,09:17:15.416515214
91,118.06,5,118.07,09:17:15.576372586
94,118.06,5,118.07,09:17:15.611422220
97,118.06,5,118.07,09:17:15.611622082
99,118.06,5,118.07,09:17:16.344373324
99,118.06,2,118.07,09:17:16.701413640
99,118.06,6,118.07,09:17:16.718494015
96,118.06,6,118.07,09:17:17.043506487
98,118.06,6,118.07,09:17:17.047582782
100,118.06,6,118.07,09:17:17.047759905
106,118.06,6,118.07,09:17:17.356455737
106,118.06,5,118.07,09:17:17.356593197
106,118.06,6,118.07,09:17:18.616465459
106,118.06,7,118.07,09:17:18.616618870
106,118.06,8,118.07,09:17:18.616768454
106,118.06,9,118.07,09:17:18.617014706
104,118.06,9,118.07,09:17:18.617145183
104,118.06,11,118.07,09:17:18.617357586
104,118.06,10,118.07,09:17:18.622158389
104,118.06,8,118.07,09:17:18.674588274
104,118.06,7,118.07,09:17:18.674721646
104,118.06,6,118.07,09:17:18.674987124
104,118.06,5,118.07,09:17:18.717858641
104,118.06,4,118.07,09:17:18.718499450
104,118.06,5,118.07,09:17:22.897515187
104,118.06,6,118.07,09:17:23.919656903
104,118.06,7,118.07,09:17:23.920047165
104,118.06,9,118.07,09:17:23.920301632
104,118.06,11,118.07,09:17:23.924567122
104,118.06,9,118.07,09:17:24.147318311
104,118.06,8,118.07,09:17:24.147469786
104,118.06,7,118.07,09:17:24.147943293
104,118.06,5,118.07,09:17:24.148108995
104,118.06,6,118.07,09:17:24.205682857
104,118.06,7,118.07,09:17:24.205904177
104,118.06,8,118.07,09:17:24.206009262
104,118.06,10,118.07,09:17:24.206172498
104,118.06,11,118.07,09:17:24.206240133
100,118.06,11,118.07,09:17:24.206971325
100,118.06,19,118.07,09:17:24.207133691
100,118.06,20,118.07,09:17:24.207445467
100,118.06,21,118.07,09:17:24.207627182
100,118.06,20,118.07,09:17:24.207627182
95,118.06,20,118.07,09:17:24.207862909
85,118.06,20,118.07,09:17:24.207862909
85,118.06,21,118.07,09:17:24.207935345
75,118.06,21,118.07,09:17:24.208008884
74,118.06,21,118.07,09:17:24.208572551
74,118.06,22,118.07,09:17:24.209767945
74,118.06,23,118.07,09:17:24.209833334
74,118.06,22,118.07,09:17:24.209952787
74,118.06,24,118.07,09:17:24.210205132
74,118.06,22,118.07,09:17:24.210353916
74,118.06,21,118.07,09:17:24.210745263
74,118.06,22,118.07,09:17:24.210958853
74,118.06,21,118.07,09:17:24.211116495
74,118.06,22,118.07,09:17:24.211336303
74,118.06,21,118.07,09:17:24.211563514
74,118.06,28,118.07,09:17:24.211646632
74,118.06,29,118.07,09:17:24.211876049
74,118.06,22,118.07,09:17:24.211876049
73,118.06,22,118.07,09:17:24.214257704
73,118.06,21,118.07,09:17:24.216946808
73,118.06,22,118.07,09:17:24.217523492
73,118.06,21,118.07,09:17:24.217691351
73,118.06,27,118.07,09:17:24.217755508
73,118.06,28,118.07,09:17:24.217869268
65,118.06,28,118.07,09:17:24.218249476
62,118.06,28,118.07,09:17:24.218318439
62,118.06,29,118.07,09:17:24.219658249
61,118.06,29,118.07,09:17:24.222699584
61,118.06,30,118.07,09:17:24.222998237
61,118.06,31,118.07,09:17:24.223277817
61,118.06,30,118.07,09:17:24.224539000
61,118.06,32,118.07,09:17:24.233524527
61,118.06,33,118.07,09:17:24.261883459
61,118.06,34,118.07,09:17:24.288717905
61,118.06,33,118.07,09:17:24.328854492
61,118.06,46,118.07,09:17:24.669462673
61,118.06,47,118.07,09:17:24.872428808
59,118.06,47,118.07,09:17:24.872591743
55,118.06,47,118.07,09:17:25.209157339
53,118.06,47,118.07,09:17:25.209225069
53,118.06,50,118.07,09:17:25.209364084
45,118.06,50,118.07,09:17:25.209440081
45,118.06,61,118.07,09:17:25.209440081
45,118.06,62,118.07,09:17:25.209586836
45,118.06,66,118.07,09:17:25.209651499
46,118.06,66,118.07,09:17:25.247451828
46,118.06,65,118.07,09:17:25.326106766
46,118.06,66,118.07,09:17:25.329118702
45,118.06,66,118.07,09:17:25.498919326
41,118.06,66,118.07,09:17:25.499110148
40,118.06,66,118.07,09:17:25.774969752
38,118.06,66,118.07,09:17:25.782453267
35,118.06,66,118.07,09:17:25.784667621
35,118.06,67,118.07,09:17:25.787508271
38,118.06,67,118.07,09:17:25.819021463
37,118.06,67,118.07,09:17:26.052701896
37,118.06,71,118.07,09:17:26.052943269
37,118.06,85,118.07,09:17:26.249301237
37,118.06,86,118.07,09:17:26.250809523
36,118.06,86,118.07,09:17:26.315940759
32,118.06,86,118.07,09:17:26.316540414
32,118.06,87,118.07,09:17:26.316715969
23,118.06,87,118.07,09:17:26.316976195
23,118.06,88,118.07,09:17:26.423226186
22,118.06,88,118.07,09:17:26.593475208
21,118.06,88,118.07,09:17:26.593739554
21,118.06,74,118.07,09:17:26.806064294
23,118.06,74,118.07,09:17:26.806695324
22,118.06,74,118.07,09:17:26.851199278
22,118.06,75,118.07,09:17:27.650925669
20,118.06,75,118.07,09:17:28.197171668
22,118.06,75,118.07,09:17:29.236439790
23,118.06,75,118.07,09:17:29.486235058
22,118.06,75,118.07,09:17:29.486739452
23,118.06,75,118.07,09:17:29.491015812
25,118.06,75,118.07,09:17:29.497516820
19,118.06,75,118.07,09:17:29.497692484
20,118.06,75,118.07,09:17:29.497879652
18,118.06,75,118.07,09:17:29.497954179
17,118.06,75,118.07,09:17:29.498241389
19,118.06,75,118.07,09:17:29.500055417
17,118.06,75,118.07,09:17:29.500298819
19,118.06,75,118.07,09:17:29.500377605
20,118.06,75,118.07,09:17:29.500814098
19,118.06,75,118.07,09:17:29.500934063
21,118.06,75,118.07,09:17:29.501316552
19,118.06,75,118.07,09:17:29.501551898
17,118.06,75,118.07,09:17:29.502584110
18,118.06,75,118.07,09:17:29.502952475
19,118.06,75,118.07,09:17:29.503026609
20,118.06,75,118.07,09:17:29.503301849
19,118.06,75,118.07,09:17:29.503720669
18,118.06,75,118.07,09:17:29.503802669
17,118.06,75,118.07,09:17:29.503802669
18,118.06,75,118.07,09:17:29.505356838
17,118.06,75,118.07,09:17:29.505591468
15,118.06,75,118.07,09:17:29.508303290
17,118.06,75,118.07,09:17:29.530861122
15,118.06,75,118.07,09:17:29.615037409
17,118.06,75,118.07,09:17:30.084879328
21,118.06,75,118.07,09:17:30.088789940
17,118.06,75,118.07,09:17:30.104436403
17,118.06,76,118.07,09:17:32.897623572
15,118.06,76,118.07,09:17:35.080989876
17,118.06,76,118.07,09:17:35.089659041
19,118.06,76,118.07,09:17:35.089735259
23,118.06,76,118.07,09:17:35.089735259
24,118.06,76,118.07,09:17:35.089798049
24,118.06,65,118.07,09:17:35.089905902
22,118.06,65,118.07,09:17:35.089905902
18,118.06,65,118.07,09:17:35.090102991
17,118.06,65,118.07,09:17:35.090586663
25,118.06,65,118.07,09:17:35.090874182
23,118.06,65,118.07,09:17:35.090874182
15,118.06,65,118.07,09:17:35.090981807
17,118.06,65,118.07,09:17:35.091066983
21,118.06,65,118.07,09:17:35.091598259
21,118.06,64,118.07,09:17:35.092925045
22,118.06,64,118.07,09:17:35.093828757
21,118.06,64,118.07,09:17:35.093976347
22,118.06,64,118.07,09:17:35.094052869
23,118.06,64,118.07,09:17:35.096029757
22,118.06,64,118.07,09:17:35.096209911
21,118.06,64,118.07,09:17:35.096563453
22,118.06,64,118.07,09:17:35.097536825
24,118.06,64,118.07,09:17:35.097686809
22,118.06,64,118.07,09:17:35.098076709
21,118.06,64,118.07,09:17:35.098233071
22,118.06,64,118.07,09:17:35.098409487
21,118.06,64,118.07,09:17:35.098585055
22,118.06,64,118.07,09:17:35.099507789
21,118.06,64,118.07,09:17:35.099689911
22,118.06,64,118.07,09:17:35.100397820
21,118.06,64,118.07,09:17:35.100572903
22,118.06,64,118.07,09:17:35.100864045
21,118.06,64,118.07,09:17:35.101069574
23,118.06,64,118.07,09:17:35.103258328
35,118.06,64,118.07,09:17:35.103634366
35,118.06,60,118.07,09:17:35.103781559
36,118.06,60,118.07,09:17:35.105493619
36,118.06,57,118.07,09:17:35.105561266
36,118.06,58,118.07,09:17:35.106099158
35,118.06,58,118.07,09:17:35.106166733
35,118.06,59,118.07,09:17:35.106240095
23,118.06,59,118.07,09:17:35.106311512
21,118.06,59,118.07,09:17:35.106591273
21,118.06,60,118.07,09:17:35.106673507
22,118.06,60,118.07,09:17:35.106759599
21,118.06,60,118.07,09:17:35.106904988
22,118.06,60,118.07,09:17:35.107159414
23,118.06,60,118.07,09:17:35.107316242
22,118.06,60,118.07,09:17:35.107450469
22,118.06,62,118.07,09:17:35.125018185
20,118.06,62,118.07,09:17:35.265472661
19,118.06,62,118.07,09:17:35.265852238
19,118.06,69,118.07,09:17:35.265922808
19,118.06,74,118.07,09:17:35.266040014
15,118.06,74,118.07,09:17:35.266397364
17,118.06,74,118.07,09:17:35.268189445
15,118.06,74,118.07,09:17:35.273438802
17,118.06,74,118.07,09:17:35.379745275
15,118.06,74,118.07,09:17:35.871937838
24,118.06,74,118.07,09:17:38.556511768
26,118.06,74,118.07,09:17:38.556780901
27,118.06,74,118.07,09:17:38.556780901
31,118.06,74,118.07,09:17:38.556864069
31,118.06,73,118.07,09:17:38.557015483
28,118.06,73,118.07,09:17:39.363771662
27,118.06,73,118.07,09:17:39.364018715
29,118.06,73,118.07,09:17:39.398389844
29,118.06,69,118.07,09:17:40.670421711
29,118.06,68,118.07,09:17:40.670628930
29,118.06,67,118.07,09:17:40.670628930
29,118.06,66,118.07,09:17:40.670643937
29,118.06,65,118.07,09:17:40.670643937
29,118.06,63,118.07,09:17:40.670643937
29,118.06,62,118.07,09:17:40.670819605
29,118.06,54,118.07,09:17:40.670833893
29,118.06,53,118.07,09:17:40.670849304
29,118.06,47,118.07,09:17:40.670849304
29,118.06,46,118.07,09:17:40.670849304
29,118.06,44,118.07,09:17:40.670865224
29,118.06,43,118.07,09:17:40.670865224
29,118.06,42,118.07,09:17:40.671051800
29,118.06,29,118.07,09:17:40.671076658
29,118.06,28,118.07,09:17:40.671076658
29,118.06,24,118.07,09:17:40.671076658
29,118.06,23,118.07,09:17:40.671076658
29,118.06,22,118.07,09:17:40.671207025
29,118.06,21,118.07,09:17:40.671207025
42,118.06,21,118.07,09:17:40.671234030
46,118.06,21,118.07,09:17:40.671234030
46,118.06,20,118.07,09:17:40.671234030
49,118.06,20,118.07,09:17:40.671234030
64,118.06,20,118.07,09:17:40.671234030
75,118.06,20,118.07,09:17:40.671234030
75,118.06,15,118.07,09:17:40.671234030
75,118.06,8,118.07,09:17:40.671260407
76,118.06,8,118.07,09:17:40.671260407
77,118.06,8,118.07,09:17:40.671260407
78,118.06,8,118.07,09:17:40.671260407
86,118.06,8,118.07,09:17:40.671260407
89,118.06,8,118.07,09:17:40.671260407
89,118.06,7,118.07,09:17:40.671260407
89,118.06,6,118.07,09:17:40.671468162
81,118.06,6,118.07,09:17:40.671468162
83,118.06,6,118.07,09:17:40.671468162
83,118.06,7,118.07,09:17:40.671593105
83,118.06,9,118.07,09:17:40.671819725
83,118.06,10,118.07,09:17:40.671819725
83,118.06,12,118.07,09:17:40.672386164
82,118.06,12,118.07,09:17:40.692384349
82,118.06,20,118.07,09:17:40.692543146
82,118.06,26,118.07,09:17:40.692712541
82,118.06,24,118.07,09:17:40.718544800
82,118.06,23,118.07,09:17:40.720125621
82,118.06,22,118.07,09:17:40.720752552
82,118.06,14,118.07,09:17:40.720907614
82,118.06,8,118.07,09:17:40.721088936
82,118.06,7,118.07,09:17:40.744786408
89,118.06,7,118.07,09:17:40.744954613
99,118.06,7,118.07,09:17:40.782962447
100,118.06,7,118.07,09:17:40.783138556
90,118.06,7,118.07,09:17:40.970327723
89,118.06,7,118.07,09:17:41.234735339
89,118.06,6,118.07,09:17:41.234881441
82,118.06,6,118.07,09:17:41.234973431
82,118.06,14,118.07,09:17:41.235136276
82,118.06,15,118.07,09:17:41.235358948
82,118.06,19,118.07,09:17:41.235435759
85,118.06,19,118.07,09:17:41.387762298
92,118.06,19,118.07,09:17:41.387940402
92,118.06,15,118.07,09:17:41.675968660
92,118.06,7,118.07,09:17:41.676216292
85,118.06,7,118.07,09:17:41.676338634
85,118.06,5,118.07,09:17:42.388736155
85,118.06,4,118.07,09:17:42.388824426
85,118.06,2,118.07,09:17:42.388824426
85,118.06,1,118.07,09:17:42.388926103
85,118.06,104,118.08,09:17:42.388945316
85,118.06,105,118.08,09:17:42.389298135
1,118.07,105,118.08,09:17:42.389312365
2,118.07,105,118.08,09:17:42.389549578
2,118.07,106,118.08,09:17:42.389549578
2,118.07,96,118.08,09:17:42.389549578
2,118.07,95,118.08,09:17:42.389632902
2,118.07,97,118.08,09:17:42.389703111
3,118.07,97,118.08,09:17:42.391675366
3,118.07,95,118.08,09:17:42.395008950
2,118.07,95,118.08,09:17:42.395079792
3,118.07,95,118.08,09:17:42.398691767
4,118.07,95,118.08,09:17:42.398766935
5,118.07,95,118.08,09:17:42.398766935
9,118.07,95,118.08,09:17:42.398832276
8,118.07,95,118.08,09:17:42.398902177
9,118.07,95,118.08,09:17:42.398971137
8,118.07,95,118.08,09:17:42.399060196
8,118.07,94,118.08,09:17:42.399060196
10,118.07,94,118.08,09:17:42.399212564
24,118.07,94,118.08,09:17:42.399322116
23,118.07,94,118.08,09:17:42.400107437
27,118.07,94,118.08,09:17:42.401148165
29,118.07,94,118.08,09:17:42.401323807
30,118.07,94,118.08,09:17:42.404097930
30,118.07,91,118.08,09:17:42.404285453
30,118.07,80,118.08,09:17:42.404351289
30,118.07,67,118.08,09:17:42.405346757
30,118.07,61,118.08,09:17:42.405622776
30,118.07,52,118.08,09:17:42.405695100
30,118.07,48,118.08,09:17:42.405841638
29,118.07,48,118.08,09:17:42.406190012
29,118.07,49,118.08,09:17:42.406261462
30,118.07,49,118.08,09:17:42.408877850
30,118.07,48,118.08,09:17:42.408944100
31,118.07,48,118.08,09:17:42.409047511
30,118.07,48,118.08,09:17:42.410568806
29,118.07,48,118.08,09:17:42.411970215
27,118.07,48,118.08,09:17:42.412422968
27,118.07,56,118.08,09:17:42.412577870
13,118.07,56,118.08,09:17:42.412732813
11,118.07,56,118.08,09:17:42.412944545
11,118.07,57,118.08,09:17:42.416608207
11,118.07,56,118.08,09:17:42.428089246
10,118.07,56,118.08,09:17:42.434443989
9,118.07,56,118.08,09:17:42.434514225
9,118.07,57,118.08,09:17:42.434588137
9,118.07,58,118.08,09:17:42.434756352
9,118.07,57,118.08,09:17:42.455897447
9,118.07,56,118.08,09:17:42.456129300
10,118.07,56,118.08,09:17:42.461958650
9,118.07,56,118.08,09:17:42.479849519
5,118.07,56,118.08,09:17:42.481627642
1,118.07,56,118.08,09:17:42.481693687
1,118.07,60,118.08,09:17:42.481693687
101,118.06,60,118.08,09:17:42.481763402
101,118.06,64,118.08,09:17:42.481826868
101,118.06,65,118.08,09:17:42.481899203
101,118.06,64,118.08,09:17:42.481987705
101,118.06,66,118.08,09:17:42.482090154
101,118.06,76,118.08,09:17:42.482090154
101,118.06,86,118.08,09:17:42.482090154
101,118.06,96,118.08,09:17:42.482189372
101,118.06,99,118.08,09:17:42.482189372
101,118.06,1,118.07,09:17:42.483406287
101,118.06,2,118.07,09:17:42.486241786
101,118.06,4,118.07,09:17:42.486241786
101,118.06,5,118.07,09:17:42.486304801
91,118.06,5,118.07,09:17:42.486381073
91,118.06,3,118.07,09:17:42.490721323
91,118.06,2,118.07,09:17:42.490853937
91,118.06,4,118.07,09:17:42.502708821
91,118.06,5,118.07,09:17:42.566326233
91,118.06,6,118.07,09:17:42.577200157
85,118.06,6,118.07,09:17:42.627436163
85,118.06,7,118.07,09:17:42.689483524
85,118.06,8,118.07,09:17:42.898962339
85,118.06,10,118.07,09:17:42.899142412
85,118.06,18,118.07,09:17:43.096601812
84,118.06,18,118.07,09:17:43.096884583
84,118.06,16,118.07,09:17:43.096884583
69,118.06,16,118.07,09:17:43.151068383
69,118.06,17,118.07,09:17:43.154675610
69,118.06,20,118.07,09:17:43.154850893
70,118.06,20,118.07,09:17:43.165986462
72,118.06,20,118.07,09:17:43.166100694
72,118.06,19,118.07,09:17:43.166205897
72,118.06,11,118.07,09:17:43.166274636
72,118.06,10,118.07,09:17:43.166604524
72,118.06,7,118.07,09:17:43.166671864
72,118.06,6,118.07,09:17:43.167192767
72,118.06,5,118.07,09:17:43.167647589
72,118.06,3,118.07,09:17:43.170100563
72,118.06,2,118.07,09:17:43.170341611
81,118.06,2,118.07,09:17:43.254313288
87,118.06,2,118.07,09:17:43.254411122
94,118.06,2,118.07,09:17:43.254511195
95,118.06,2,118.07,09:17:43.347817639
100,118.06,2,118.07,09:17:43.347982877
100,118.06,4,118.07,09:17:44.058764120
100,118.06,3,118.07,09:17:44.401149527
100,118.06,2,118.07,09:17:44.401149527
100,118.06,99,118.08,09:17:44.401149527
20,118.07,99,118.08,09:17:44.401149527
34,118.07,99,118.08,09:17:44.401342234
36,118.07,99,118.08,09:17:44.401342234
37,118.07,99,118.08,09:17:44.401342234
45,118.07,99,118.08,09:17:44.401358961
45,118.07,91,118.08,09:17:44.401358961
47,118.07,91,118.08,09:17:44.401472071
47,118.07,81,118.08,09:17:44.401574094
47,118.07,79,118.08,09:17:44.401590102
48,118.07,79,118.08,09:17:44.401590102
40,118.07,79,118.08,09:17:44.401697215
40,118.07,69,118.08,09:17:44.401950142
20,118.07,69,118.08,09:17:44.402075290
18,118.07,69,118.08,09:17:44.402187594
16,118.07,69,118.08,09:17:44.412017604
15,118.07,69,118.08,09:17:44.412090954
1,118.07,69,118.08,09:17:44.412167572
3,118.07,69,118.08,09:17:44.419427883
11,118.07,69,118.08,09:17:44.419487627
12,118.07,69,118.08,09:17:44.419644578
16,118.07,69,118.08,09:17:44.419644578
20,118.07,69,118.08,09:17:44.419709989
22,118.07,69,118.08,09:17:44.430766097
122,118.07,69,118.08,09:17:44.444272273
122,118.07,66,118.08,09:17:44.444551155
122,118.07,64,118.08,09:17:44.444627697
122,118.07,54,118.08,09:17:44.444627697
122,118.07,50,118.08,09:17:44.444736019
122,118.07,49,118.08,09:17:44.444736019
122,118.07,48,118.08,09:17:44.444736019
122,118.07,47,118.08,09:17:44.444736019
122,118.07,43,118.08,09:17:44.444757834
125,118.07,43,118.08,09:17:44.444829604
125,118.07,42,118.08,09:17:44.444829604
126,118.07,42,118.08,09:17:44.445109133
128,118.07,42,118.08,09:17:44.445273104
128,118.07,40,118.08,09:17:44.445273104
140,118.07,40,118.08,09:17:44.445357541
139,118.07,40,118.08,09:17:44.445450229
140,118.07,40,118.08,09:17:44.456692834
142,118.07,40,118.08,09:17:44.456801750
142,118.07,38,118.08,09:17:44.458989313
156,118.07,38,118.08,09:17:44.518414444
156,118.07,37,118.08,09:17:44.518663275
156,118.07,35,118.08,09:17:44.518739323
156,118.07,34,118.08,09:17:44.518739323
156,118.07,33,118.08,09:17:44.518823435
157,118.07,33,118.08,09:17:44.518823435
157,118.07,32,118.08,09:17:44.560793903
157,118.07,31,118.08,09:17:44.561424696
162,118.07,31,118.08,09:17:44.969930438
159,118.07,31,118.08,09:17:45.241350002
160,118.07,31,118.08,09:17:45.241568114
159,118.07,31,118.08,09:17:45.242593890
159,118.07,32,118.08,09:17:45.245572863
161,118.07,32,118.08,09:17:45.245634600
161,118.07,31,118.08,09:17:45.245735947
160,118.07,31,118.08,09:17:45.247726075
158,118.07,31,118.08,09:17:45.248697149
159,118.07,31,118.08,09:17:45.248897780
160,118.07,31,118.08,09:17:45.249058957
159,118.07,31,118.08,09:17:45.249619562
157,118.07,31,118.08,09:17:45.250214303
158,118.07,31,118.08,09:17:45.250926786
159,118.07,31,118.08,09:17:45.251909969
161,118.07,31,118.08,09:17:45.252082978
160,118.07,31,118.08,09:17:45.306800105
159,118.07,31,118.08,09:17:45.310142877
158,118.07,31,118.08,09:17:45.346396322
158,118.07,32,118.08,09:17:45.346462747
158,118.07,33,118.08,09:17:45.346745333
158,118.07,32,118.08,09:17:45.346814510
158,118.07,31,118.08,09:17:45.346955867
156,118.07,31,118.08,09:17:45.347121667
158,118.07,31,118.08,09:17:45.349813576
159,118.07,31,118.08,09:17:45.349985065
160,118.07,31,118.08,09:17:45.350342498
160,118.07,30,118.08,09:17:45.350674027
168,118.07,30,118.08,09:17:45.350933621
169,118.07,30,118.08,09:17:45.482766024
174,118.07,30,118.08,09:17:45.482960879
74,118.07,30,118.08,09:17:45.584497702
72,118.07,30,118.08,09:17:45.584751526
72,118.07,34,118.08,09:17:45.584844895
73,118.07,34,118.08,09:17:45.584934383
72,118.07,34,118.08,09:17:45.584953083
72,118.07,37,118.08,09:17:45.585018195
72,118.07,38,118.08,09:17:45.585294959
72,118.07,49,118.08,09:17:45.585409429
72,118.07,50,118.08,09:17:45.585409429
72,118.07,58,118.08,09:17:45.585423887
71,118.07,58,118.08,09:17:45.585579266
63,118.07,58,118.08,09:17:45.585579266
63,118.07,50,118.08,09:17:45.585671701
49,118.07,50,118.08,09:17:45.585751486
37,118.07,50,118.08,09:17:45.585831599
37,118.07,51,118.08,09:17:45.585831599
32,118.07,51,118.08,09:17:45.585943714
32,118.07,52,118.08,09:17:45.655624805
30,118.07,52,118.08,09:17:45.852940943
30,118.07,64,118.08,09:17:45.853069759
30,118.07,67,118.08,09:17:45.853174978
29,118.07,67,118.08,09:17:45.853354568
27,118.07,67,118.08,09:17:45.854483719
27,118.07,69,118.08,09:17:45.854646310
27,118.07,70,118.08,09:17:46.261590715
23,118.07,70,118.08,09:17:46.262728055
15,118.07,70,118.08,09:17:46.263007296
13,118.07,70,118.08,09:17:46.265974648
13,118.07,79,118.08,09:17:46.265974648
9,118.07,79,118.08,09:17:46.266039860
8,118.07,79,118.08,09:17:46.266970524
10,118.07,79,118.08,09:17:46.284508360
14,118.07,79,118.08,09:17:46.298924081
9,118.07,79,118.08,09:17:46.360662657
12,118.07,79,118.08,09:17:46.395908511
13,118.07,79,118.08,09:17:46.396092533
16,118.07,79,118.08,09:17:46.599328285
15,118.07,79,118.08,09:17:46.599500451
13,118.07,79,118.08,09:17:46.795266454
12,118.07,79,118.08,09:17:47.355227023
9,118.07,79,118.08,09:17:47.746250187
9,118.07,78,118.08,09:17:48.085498031
9,118.07,77,118.08,09:17:48.085583788
9,118.07,75,118.08,09:17:48.085597734
9,118.07,74,118.08,09:17:48.085597734
11,118.07,74,118.08,09:17:48.085710534
11,118.07,65,118.08,09:17:48.085791196
13,118.07,65,118.08,09:17:48.085791196
15,118.07,65,118.08,09:17:48.085868492
19,118.07,65,118.08,09:17:48.085868492
20,118.07,65,118.08,09:17:48.085989865
20,118.07,64,118.08,09:17:48.106765982
19,118.07,64,118.08,09:17:48.133561112
19,118.07,74,118.08,09:17:48.205433564
17,118.07,74,118.08,09:17:48.205577323
17,118.07,75,118.08,09:17:48.205637890
15,118.07,75,118.08,09:17:48.267587953
13,118.07,75,118.08,09:17:48.267763995
9,118.07,75,118.08,09:17:48.566694230
8,118.07,75,118.08,09:17:48.633183285
6,118.07,75,118.08,09:17:48.633421202
6,118.07,79,118.08,09:17:48.633494287
6,118.07,81,118.08,09:17:48.633494287
5,118.07,81,118.08,09:17:48.633586635
2,118.07,81,118.08,09:17:48.633686216
1,118.07,81,118.08,09:17:48.634069541
95,118.06,81,118.08,09:17:48.634069541
95,118.06,7,118.07,09:17:48.634069541
95,118.06,81,118.08,09:17:48.634309173
95,118.06,2,118.07,09:17:48.634406407
95,118.06,91,118.08,09:17:48.634536907
95,118.06,92,118.08,09:17:48.634694186
98,118.06,92,118.08,09:17:48.634694186
11,118.07,92,118.08,09:17:48.634801367
11,118.07,94,118.08,09:17:48.634815912
12,118.07,94,118.08,09:17:48.634815912
12,118.07,84,118.08,09:17:48.634997111
13,118.07,84,118.08,09:17:48.635081921
11,118.07,84,118.08,09:17:48.635384327
10,118.07,84,118.08,09:17:48.647002687
10,118.07,83,118.08,09:17:49.001477803
11,118.07,83,118.08,09:17:49.305223982
15,118.07,83,118.08,09:17:49.305426403
16,118.07,83,118.08,09:17:49.421041622
18,118.07,83,118.08,09:17:49.421284033
22,118.07,83,118.08,09:17:49.421357176
23,118.07,83,118.08,09:17:49.421427118
23,118.07,81,118.08,09:17:49.422442354
23,118.07,71,118.08,09:17:49.422598779
25,118.07,71,118.08,09:17:49.422748430
28,118.07,71,118.08,09:17:49.422916180
27,118.07,71,118.08,09:17:49.431980104
25,118.07,71,118.08,09:17:49.432120571
27,118.07,71,118.08,09:17:49.822691968
24,118.07,71,118.08,09:17:50.025778533
24,118.07,70,118.08,09:17:50.964519567
20,118.07,70,118.08,09:17:52.014843056
16,118.07,70,118.08,09:17:52.015124148
16,118.07,78,118.08,09:17:52.015124148
14,118.07,78,118.08,09:17:52.015251915
14,118.07,89,118.08,09:17:52.015320714
10,118.07,89,118.08,09:17:52.015637421
9,118.07,89,118.08,09:17:52.015786550
8,118.07,89,118.08,09:17:52.016053031
7,118.07,89,118.08,09:17:52.016356873
7,118.07,90,118.08,09:17:52.016356873
6,118.07,90,118.08,09:17:52.016402810
2,118.07,90,118.08,09:17:52.016404800
2,118.07,82,118.08,09:17:52.016498483
80,118.06,82,118.08,09:17:52.017823001
77,118.06,82,118.08,09:17:52.018160966
2,118.07,82,118.08,09:17:52.054494829
2,118.07,81,118.08,09:17:52.054681849
77,118.06,81,118.08,09:17:52.087242740
77,118.06,82,118.08,09:17:52.087420115
77,118.06,85,118.08,09:17:52.087589265
80,118.06,85,118.08,09:17:52.120806419
83,118.06,85,118.08,09:17:52.121095290
83,118.06,82,118.08,09:17:52.436952219
80,118.06,82,118.08,09:17:52.437140482
80,118.06,86,118.08,09:17:52.437330472
80,118.06,87,118.08,09:17:52.437500050
80,118.06,4,118.07,09:17:52.439052890
80,118.06,5,118.07,09:17:52.439219831
80,118.06,6,118.07,09:17:52.439392839
80,118.06,7,118.07,09:17:52.439746508
73,118.06,7,118.07,09:17:52.439954909
73,118.06,8,118.07,09:17:52.440129747
73,118.06,10,118.07,09:17:52.440194506
72,118.06,10,118.07,09:17:52.440269997
62,118.06,10,118.07,09:17:52.440431577
62,118.06,11,118.07,09:17:52.440508346
62,118.06,13,118.07,09:17:52.506149326
62,118.06,11,118.07,09:17:52.506375262
62,118.06,12,118.07,09:17:52.506477620
62,118.06,11,118.07,09:17:52.506608611
62,118.06,12,118.07,09:17:52.519984965
62,118.06,11,118.07,09:17:52.522334282
62,118.06,12,118.07,09:17:52.542705027
62,118.06,13,118.07,09:17:52.542803722
62,118.06,12,118.07,09:17:52.575110740
62,118.06,11,118.07,09:17:52.646141382
62,118.06,12,118.07,09:17:52.678399991
62,118.06,11,118.07,09:17:52.706506853
64,118.06,11,118.07,09:17:52.891912968
67,118.06,11,118.07,09:17:52.892201160
67,118.06,13,118.07,09:17:52.894286693
67,118.06,12,118.07,09:17:53.027454684
67,118.06,11,118.07,09:17:53.158437330
67,118.06,10,118.07,09:17:53.159638146
67,118.06,9,118.07,09:17:53.159710600
67,118.06,8,118.07,09:17:53.159710600
67,118.06,6,118.07,09:17:53.159859925
79,118.06,6,118.07,09:17:53.160041618
82,118.06,6,118.07,09:17:53.160120944
87,118.06,6,118.07,09:17:53.160270865
87,118.06,2,118.07,09:17:53.161002902
87,118.06,6,118.07,09:17:53.185161095
87,118.06,8,118.07,09:17:53.194719687
87,118.06,10,118.07,09:17:53.194817153
82,118.06,10,118.07,09:17:53.194878206
82,118.06,8,118.07,09:17:53.209254976
82,118.06,6,118.07,09:17:53.358000339
82,118.06,7,118.07,09:17:53.374414626
82,118.06,8,118.07,09:17:53.378778978
82,118.06,7,118.07,09:17:53.498675155
82,118.06,6,118.07,09:17:53.573553640
82,118.06,7,118.07,09:17:54.765910322
82,118.06,6,118.07,09:17:55.339214176
82,118.06,2,118.07,09:17:56.242679394
92,118.06,2,118.07,09:17:56.352386608
92,118.06,98,118.08,09:17:56.352635651
99,118.06,98,118.08,09:17:56.352705180
100,118.06,98,118.08,09:17:56.352829216
100,118.06,97,118.08,09:17:56.352909769
90,118.06,97,118.08,09:17:56.538240914
8,118.07,97,118.08,09:17:56.563918628
8,118.07,87,118.08,09:17:56.564158769
9,118.07,87,118.08,09:17:56.564241591
10,118.07,87,118.08,09:17:56.564395079
9,118.07,87,118.08,09:17:56.565025914
10,118.07,87,118.08,09:17:56.571967048
11,118.07,87,118.08,09:17:56.572075544
12,118.07,87,118.08,09:17:56.572142805
11,118.07,87,118.08,09:17:56.572288875
13,118.07,87,118.08,09:17:56.572364699
12,118.07,87,118.08,09:17:56.572444321
13,118.07,87,118.08,09:17:56.572444321
12,118.07,87,118.08,09:17:56.572511784
12,118.07,86,118.08,09:17:56.572572299
13,118.07,86,118.08,09:17:56.572640993
17,118.07,86,118.08,09:17:56.588263700
19,118.07,86,118.08,09:17:56.588436106
20,118.07,86,118.08,09:17:56.592171032
31,118.07,86,118.08,09:17:56.592286651
34,118.07,86,118.08,09:17:56.592474312
36,118.07,86,118.08,09:17:56.592474312
34,118.07,86,118.08,09:17:56.595396902
36,118.07,86,118.08,09:17:56.604423344
36,118.07,82,118.08,09:17:56.605428396
36,118.07,78,118.08,09:17:56.605494719
36,118.07,67,118.08,09:17:56.605494719
34,118.07,67,118.08,09:17:56.605701887
36,118.07,67,118.08,09:17:56.606193572
37,118.07,67,118.08,09:17:56.606193572
40,118.07,67,118.08,09:17:56.606306136
39,118.07,67,118.08,09:17:56.606382104
39,118.07,65,118.08,09:17:56.606382104
39,118.07,54,118.08,09:17:56.606664653
39,118.07,51,118.08,09:17:56.606664653
39,118.07,39,118.08,09:17:56.606664653
39,118.07,36,118.08,09:17:56.606819371
40,118.07,36,118.08,09:17:56.606899710
41,118.07,36,118.08,09:17:56.606899710
41,118.07,40,118.08,09:17:56.607050676
40,118.07,40,118.08,09:17:56.607210535
40,118.07,41,118.08,09:17:56.607897335
40,118.07,40,118.08,09:17:56.608371155
40,118.07,39,118.08,09:17:56.611097313
41,118.07,39,118.08,09:17:56.612047649
40,118.07,39,118.08,09:17:56.612184708
41,118.07,39,118.08,09:17:56.612397546
50,118.07,39,118.08,09:17:56.612550487
49,118.07,39,118.08,09:17:56.612621735
52,118.07,39,118.08,09:17:56.612686573
53,118.07,39,118.08,09:17:56.612752500
54,118.07,39,118.08,09:17:56.612818951
54,118.07,38,118.08,09:17:56.616765953
55,118.07,38,118.08,09:17:56.616934580
55,118.07,34,118.08,09:17:56.617911911
55,118.07,35,118.08,09:17:56.618072742
55,118.07,34,118.08,09:17:56.618323757
54,118.07,34,118.08,09:17:56.618431152
54,118.07,35,118.08,09:17:56.618579817
54,118.07,34,118.08,09:17:56.618759369
58,118.07,34,118.08,09:17:56.703060517
70,118.07,34,118.08,09:17:56.900310463
71,118.07,34,118.08,09:17:56.900391980
74,118.07,34,118.08,09:17:56.900458060
73,118.07,34,118.08,09:17:56.900526287
77,118.07,34,118.08,09:17:56.980372033
65,118.07,34,118.08,09:17:57.108337059
62,118.07,34,118.08,09:17:57.108395478
62,118.07,35,118.08,09:17:57.112500384
62,118.07,34,118.08,09:17:57.122622899
63,118.07,34,118.08,09:17:57.224413881
63,118.07,33,118.08,09:17:58.453887922
63,118.07,32,118.08,09:17:58.787381377
63,118.07,33,118.08,09:17:59.808555889
63,118.07,37,118.08,09:17:59.811334073
54,118.07,37,118.08,09:17:59.811520083
51,118.07,37,118.08,09:17:59.811587014
51,118.07,36,118.08,09:17:59.825598534
51,118.07,37,118.08,09:17:59.842979918
51,118.07,36,118.08,09:17:59.914502552
61,118.07,36,118.08,09:18:00.049845313
62,118.07,36,118.08,09:18:00.050151720
62,118.07,39,118.08,09:18:00.204939448
61,118.07,39,118.08,09:18:00.205093931
61,118.07,40,118.08,09:18:01.037118076
61,118.07,41,118.08,09:18:02.620673329
51,118.07,41,118.08,09:18:02.620740369
51,118.07,42,118.08,09:18:02.885641315
51,118.07,43,118.08,09:18:03.126154106
47,118.07,43,118.08,09:18:03.795591488
46,118.07,43,118.08,09:18:04.101823670
43,118.07,43,118.08,09:18:04.102082875
42,118.07,43,118.08,09:18:04.102255705
42,118.07,51,118.08,09:18:04.102414181
42,118.07,43,118.08,09:18:04.268624142
42,118.07,44,118.08,09:18:04.551300356
42,118.07,43,118.08,09:18:08.251010310
42,118.07,45,118.08,09:18:08.273337274
43,118.07,45,118.08,09:18:08.379793164
45,118.07,45,118.08,09:18:08.380065454
45,118.07,46,118.08,09:18:08.485048177
46,118.07,46,118.08,09:18:09.109437136
46,118.07,45,118.08,09:18:09.109599999
48,118.07,45,118.08,09:18:09.109657868
51,118.07,45,118.08,09:18:11.736785314
50,118.07,45,118.08,09:18:11.990454276
50,118.07,60,118.08,09:18:11.990822716
49,118.07,60,118.08,09:18:11.990981286
49,118.07,61,118.08,09:18:11.991307695
47,118.07,61,118.08,09:18:12.409172513
47,118.07,62,118.08,09:18:12.899559657
45,118.07,62,118.08,09:18:12.908114775
45,118.07,75,118.08,09:18:12.908426605
45,118.07,76,118.08,09:18:12.908598649
44,118.07,76,118.08,09:18:12.908671725
33,118.07,76,118.08,09:18:12.908749417
30,118.07,76,118.08,09:18:12.908749417
30,118.07,78,118.08,09:18:12.908926280
28,118.07,78,118.08,09:18:12.908997228
24,118.07,78,118.08,09:18:12.909196332
24,118.07,76,118.08,09:18:12.912315315
24,118.07,78,118.08,09:18:12.919218326
23,118.07,78,118.08,09:18:12.938297431
23,118.07,80,118.08,09:18:12.938456860
16,118.07,80,118.08,09:18:12.938530488
16,118.07,90,118.08,09:18:12.938530488
16,118.07,89,118.08,09:18:12.947774478
15,118.07,89,118.08,09:18:12.979455014
15,118.07,90,118.08,09:18:13.047802556
11,118.07,90,118.08,09:18:13.075292095
9,118.07,90,118.08,09:18:13.075429020
11,118.07,90,118.08,09:18:13.110299198
12,118.07,90,118.08,09:18:13.110509614
13,118.07,90,118.08,09:18:13.110671255
12,118.07,90,118.08,09:18:13.121532820
13,118.07,90,118.08,09:18:13.136176256
16,118.07,90,118.08,09:18:13.136340447
17,118.07,90,118.08,09:18:13.136514598
17,118.07,88,118.08,09:18:13.136581504
16,118.07,88,118.08,09:18:13.137113670
16,118.07,89,118.08,09:18:13.142988853
15,118.07,89,118.08,09:18:13.142988853
15,118.07,90,118.08,09:18:13.143053336
12,118.07,90,118.08,09:18:13.143965278
11,118.07,90,118.08,09:18:13.144756855
9,118.07,90,118.08,09:18:13.144986140
11,118.07,90,118.08,09:18:13.165733090
14,118.07,90,118.08,09:18:13.165897788
12,118.07,90,118.08,09:18:13.165999593
12,118.07,89,118.08,09:18:13.166290754
13,118.07,89,118.08,09:18:13.166360101
14,118.07,89,118.08,09:18:13.166430860
18,118.07,89,118.08,09:18:13.166590753
20,118.07,89,118.08,09:18:13.166666971
20,118.07,88,118.08,09:18:13.166768523
22,118.07,88,118.08,09:18:13.166768523
23,118.07,88,118.08,09:18:13.166863874
