price,volume,timestamp
118.06,1,09:15:00.014125299
118.06,1,09:15:00.014125737
118.06,2,09:15:00.014125737
118.06,1,09:15:01.016398590
118.06,1,09:15:01.016692671
118.06,2,09:15:01.016692671
118.06,1,09:15:01.016790378
118.06,1,09:15:01.016806196
118.06,1,09:15:02.691950974
118.06,1,09:15:02.692223627
118.06,1,09:15:02.693258528
118.06,3,09:15:02.693258528
118.06,1,09:15:04.633632689
118.06,1,09:15:04.633649242
118.06,1,09:15:07.556448700
118.06,8,09:15:07.556448700
118.07,1,09:15:41.989153326
118.07,4,09:15:52.872740006
118.07,4,09:15:52.872820528
118.07,2,09:15:52.872820528
118.07,2,09:15:52.873222422
118.07,1,09:15:52.873492748
118.07,1,09:15:52.873508696
118.07,1,09:15:52.873521909
118.07,1,09:15:52.873628376
118.07,1,09:15:52.873641925
118.07,1,09:15:52.873655717
118.07,1,09:15:52.873672258
118.07,1,09:15:52.873686459
118.07,1,09:15:52.874329086
118.07,2,09:15:52.874348578
118.07,1,09:15:52.874348578
118.07,1,09:15:52.874361963
118.07,1,09:15:52.874544968
118.07,1,09:15:52.874565237
118.07,1,09:15:52.874583704
118.07,2,09:15:52.899379104
118.07,5,09:15:52.926304052
118.08,1,09:16:02.771324835
118.08,8,09:16:02.771403168
118.08,2,09:16:02.771403168
118.08,1,09:16:02.771936745
118.07,1,09:16:22.428013305
118.07,2,09:16:22.428013305
118.07,4,09:16:22.428100854
118.07,1,09:16:22.428100854
118.07,5,09:16:22.428201212
118.07,4,09:16:22.428201212
118.07,1,09:16:22.428667509
118.07,9,09:16:22.428838808
118.07,3,09:16:22.428838808
118.07,1,09:16:22.428838808
118.07,6,09:16:22.428838808
118.07,2,09:16:22.429054188
118.07,1,09:16:22.429300878
118.07,1,09:16:22.429316433
118.07,1,09:16:22.429329975
118.07,1,09:16:22.429344452
118.07,24,09:16:22.429359188
118.07,1,09:16:22.429373565
118.07,3,09:16:22.429404586
118.07,1,09:16:22.429404586
118.07,1,09:16:22.429446155
118.07,3,09:16:22.429460504
118.07,1,09:16:22.429475145
118.07,1,09:16:22.429490603
118.07,1,09:16:22.429508130
118.07,1,09:16:22.429539547
118.07,1,09:16:22.429553746
118.07,2,09:16:22.439621954
118.07,3,09:16:22.439686865
118.07,1,09:16:22.444964821
118.06,16,09:16:30.487118226
118.06,4,09:16:30.487290271
118.06,1,09:16:30.487290271
118.06,1,09:16:30.487314814
118.06,2,09:16:30.487314814
118.06,9,09:16:30.487330308
118.06,4,09:16:30.487330308
118.06,1,09:16:30.524804792
118.06,1,09:16:30.524820120
118.06,1,09:16:30.525026907
118.06,1,09:16:30.560672975
118.05,1,09:16:34.555852938
118.05,1,09:16:34.555978519
118.05,1,09:16:34.555998452
118.05,2,09:16:34.555998452
118.05,2,09:16:34.556013015
118.05,1,09:16:34.556013015
118.05,4,09:16:34.556274010
118.05,3,09:16:34.558577327
118.05,3,09:16:34.559147787
118.05,6,09:16:34.564654865
118.05,1,09:16:34.564756913
118.05,3,09:16:34.564756913
118.05,1,09:16:34.564775066
118.05,2,09:16:34.600023468
118.05,1,09:16:34.600099682
118.05,1,09:16:42.870651106
118.05,1,09:16:42.870744497
118.05,2,09:16:42.870760002
118.05,3,09:16:42.870760002
118.05,1,09:16:42.871024145
118.05,1,09:16:42.871039765
118.05,1,09:16:42.871233326
118.05,2,09:16:42.871233326
118.05,5,09:16:42.871233326
118.05,1,09:16:42.893066210
118.05,1,09:16:42.896004391
118.05,2,09:16:43.230301585
118.05,1,09:16:43.230301585
118.05,1,09:16:45.300755670
118.06,1,09:16:51.026633536
118.06,1,09:16:51.026648291
118.06,1,09:16:51.026662385
118.06,7,09:16:51.026675639
118.06,2,09:16:51.026985200
118.06,4,09:16:51.027030202
118.06,1,09:16:51.027048601
118.06,1,09:16:51.027427911
118.06,1,09:16:51.027441398
118.06,1,09:16:51.027458243
118.06,1,09:16:51.027473478
118.06,1,09:16:51.027487971
118.06,1,09:16:51.027501501
118.06,1,09:16:51.027515996
118.06,1,09:16:51.027530364
118.06,1,09:16:51.027544496
118.06,4,09:16:51.027560256
118.06,7,09:16:51.027611221
118.06,1,09:16:51.053741608
118.06,1,09:16:51.124549390
118.06,1,09:16:51.228064775
118.06,1,09:16:51.228151443
118.06,7,09:16:51.228151443
118.06,1,09:16:51.981263526
118.06,2,09:16:51.987419090
118.06,1,09:16:54.400812183
118.06,1,09:16:54.400971716
118.06,2,09:16:54.401006881
118.07,1,09:16:59.733074309
118.07,1,09:16:59.733499099
118.07,1,09:16:59.733937803
118.07,1,09:16:59.734043435
118.07,1,09:17:01.755352677
118.07,1,09:17:02.998042037
118.07,7,09:17:02.998144903
118.07,1,09:17:02.998166078
118.07,1,09:17:03.046935631
118.07,1,09:17:03.145156563
118.07,3,09:17:03.397220350
118.07,3,09:17:03.397327068
118.07,2,09:17:03.397344137
118.07,1,09:17:03.397344137
118.07,1,09:17:06.001388811
118.07,2,09:17:06.044461042
118.07,3,09:17:10.546742746
118.07,1,09:17:10.546826246
118.07,1,09:17:10.546841424
118.07,1,09:17:12.819517230
118.07,1,09:17:13.753964845
118.07,1,09:17:13.754162067
118.06,4,09:17:25.209157339
118.06,2,09:17:25.209225069
118.06,1,09:17:25.498919326
118.06,1,09:17:25.774969752
118.06,1,09:17:26.052701896
118.06,1,09:17:26.315940759
118.06,1,09:17:26.593475208
118.06,1,09:17:26.851199278
118.07,4,09:17:40.670421711
118.07,1,09:17:40.670628930
118.07,1,09:17:40.670643937
118.07,2,09:17:40.670643937
118.07,1,09:17:40.670819605
118.07,8,09:17:40.670833893
118.07,6,09:17:40.670849304
118.07,1,09:17:40.670849304
118.07,2,09:17:40.670865224
118.07,1,09:17:40.670865224
118.07,1,09:17:40.671051800
118.07,13,09:17:40.671076658
118.07,1,09:17:40.671076658
118.07,4,09:17:40.671076658
118.07,1,09:17:40.671468162
118.07,1,09:17:40.744786408
118.07,1,09:17:42.388926103
118.07,1,09:17:42.388945316
118.07,1,09:17:42.434443989
118.07,1,09:17:42.434514225
118.07,1,09:17:44.401149527
118.07,2,09:17:44.401149527
118.07,1,09:17:47.355227023
118.08,1,09:17:48.085498031
118.08,1,09:17:48.085583788
118.08,1,09:17:48.085597734
118.08,2,09:17:48.085597734
118.07,1,09:17:48.133561112
118.07,1,09:17:48.633183285
118.07,2,09:17:48.633421202
118.07,1,09:17:48.633586635
118.07,3,09:17:48.633686216
118.07,1,09:17:48.634069541
118.07,7,09:17:48.634309173
118.07,2,09:17:48.634536907
118.07,2,09:17:48.635384327
118.07,4,09:17:52.014843056
118.07,4,09:17:52.015124148
118.07,2,09:17:52.017823001
118.07,2,09:17:56.352635651
118.07,1,09:18:12.938297431
118.07,1,09:18:12.979455014
118.07,1,09:18:13.197886937
118.07,1,09:18:13.237627271
118.07,1,09:18:13.237643034
118.07,3,09:18:13.237782891
118.07,3,09:18:13.237809112
118.07,1,09:18:13.237809112
118.07,2,09:18:13.237809112
118.07,4,09:18:13.237809112
118.07,1,09:18:13.237824107
118.07,5,09:18:13.237824107
118.07,2,09:18:13.297521802
118.07,4,09:18:18.361507327
118.07,1,09:18:18.361606057
118.07,3,09:18:18.361626265
118.07,1,09:18:18.361626265
118.07,1,09:18:20.719810051
118.07,1,09:18:22.749460111
118.07,3,09:18:22.749474206
118.07,1,09:18:22.749567174
118.07,6,09:18:22.750065119
118.07,6,09:18:22.750082818
118.07,2,09:18:22.750322078
118.07,1,09:18:22.750587093
118.07,1,09:18:22.899019195
118.08,10,09:18:30.264664837
118.08,10,09:18:30.265042175
118.08,2,09:18:30.265042175
118.08,1,09:18:30.265157007
118.08,1,09:18:30.265173122
118.08,4,09:18:30.265173122
118.08,2,09:18:30.265173122
118.08,8,09:18:30.265337775
118.08,1,09:18:30.265337775
118.08,1,09:18:30.265355737
118.08,1,09:18:30.276046597
118.08,5,09:18:30.276060242
118.08,1,09:18:30.276145762
118.08,2,09:18:30.276145762
118.07,1,09:18:38.029912649
118.08,5,09:18:38.207060203
118.08,6,09:19:17.711539204
118.08,7,09:19:17.711553764
118.08,1,09:19:17.711710717
118.08,1,09:19:17.711726183
118.08,2,09:19:17.711726183
118.08,1,09:19:17.711905927
118.08,7,09:19:17.711921111
118.08,1,09:19:17.711921111
118.08,1,09:19:17.712120890
118.08,1,09:19:17.722490099
118.08,9,09:19:17.722571971
118.08,10,09:19:17.722571971
118.08,4,09:19:17.722715437
118.08,1,09:19:17.722842496
118.08,1,09:19:17.723314287
118.08,1,09:19:17.733446143
118.08,1,09:19:17.733539067
118.08,3,09:19:17.733539067
118.08,1,09:19:17.759153710
118.08,14,09:19:24.764990956
118.08,2,09:19:24.765106256
118.08,1,09:19:24.765127213
118.08,2,09:19:24.765127213
118.08,8,09:19:24.776090646
118.08,1,09:19:24.776181084
118.08,1,09:19:24.776198719
118.08,8,09:19:24.776198719
118.08,2,09:19:24.776510131
118.08,2,09:19:24.776924181
118.08,1,09:19:24.776924181
118.08,1,09:19:24.795405716
118.08,5,09:19:31.414022696
118.08,1,09:19:31.414454636
118.08,14,09:19:31.414454636
118.08,2,09:19:31.425114792
118.08,1,09:19:31.425230223
118.08,3,09:19:31.425247931
118.08,1,09:19:31.425247931
118.08,12,09:19:31.425547201
118.08,1,09:19:31.437013420
118.08,15,09:19:31.437436929
118.08,4,09:19:31.437758662
118.08,1,09:19:31.447270218
118.08,20,09:19:31.449096960
118.08,1,09:19:31.459730249
118.08,1,09:19:31.459826215
118.08,1,09:19:31.459846900
118.08,5,09:19:31.460050709
118.08,5,09:19:31.460233301
118.08,1,09:19:31.460507627
118.08,1,09:19:34.154801190
118.08,2,09:19:34.155076657
118.08,2,09:19:34.155166549
118.08,1,09:19:34.155305554
118.08,1,09:19:34.155326281
118.08,3,09:19:34.165957675
118.08,1,09:19:34.165957675
118.08,4,09:19:34.166036616
118.08,1,09:19:34.184926340
118.08,6,09:19:34.492413793
118.08,1,09:19:34.502161009
118.08,2,09:19:34.509389340
118.08,1,09:19:34.560845881
118.08,1,09:19:34.570741248
118.08,1,09:19:36.770523472
118.08,2,09:19:36.770536787
118.08,1,09:19:36.770602713
118.08,20,09:19:36.770616313
118.08,2,09:19:36.770631155
118.08,1,09:19:36.770631155
118.08,1,09:19:36.770817913
118.08,1,09:19:36.781401577
118.08,8,09:19:36.781477580
118.08,2,09:19:36.781496447
118.08,2,09:19:36.781827675
118.08,5,09:19:36.781984770
118.08,1,09:19:36.782309426
118.08,1,09:19:36.782602839
118.08,3,09:19:36.792805451
118.08,1,09:19:36.792880248
118.08,10,09:19:36.990743862
118.08,1,09:19:37.018982839
118.08,5,09:19:37.895838552
118.08,1,09:19:37.895925480
118.08,1,09:19:37.895940376
118.08,1,09:19:37.907069322
118.08,3,09:19:40.006667208
118.08,2,09:19:40.007039201
118.08,11,09:19:40.007315527
118.08,3,09:19:40.007521706
118.08,3,09:19:40.018276119
118.08,2,09:19:40.018448889
118.08,1,09:19:40.018474397
118.08,2,09:19:40.018474397
118.08,1,09:19:40.018494000
118.08,4,09:19:40.018494000
118.08,1,09:19:40.018683303
118.08,1,09:19:40.030205893
118.08,1,09:19:40.030288553
118.08,10,09:19:40.157761306
118.08,7,09:19:40.494395924
118.08,3,09:19:40.494469859
118.08,1,09:19:40.505195165
118.08,1,09:19:40.505273398
118.08,6,09:19:40.705651595
118.08,2,09:19:40.705735877
118.08,10,09:19:41.783037668
118.08,1,09:19:41.783056381
118.08,3,09:19:48.270781154
118.08,7,09:19:50.926873259
118.08,1,09:19:50.926956325
118.08,9,09:19:50.927534005
118.08,1,09:19:50.927561438
118.08,12,09:19:54.024066194
118.08,2,09:19:54.024407909
118.08,8,09:19:54.024407909
118.08,1,09:19:54.241261323
118.08,6,09:19:54.471120034
118.08,1,09:19:54.471204018
118.08,1,09:19:54.471221944
118.08,6,09:19:54.471550594
118.08,1,09:19:55.159934265
118.08,5,09:19:55.160131743
118.08,6,09:19:55.230529717
118.08,1,09:20:03.825840314
118.08,4,09:20:09.151694827
118.08,2,09:20:09.151761560
118.08,2,09:20:09.151981787
118.08,5,09:20:09.152105639
118.08,2,09:20:09.152262579
118.08,1,09:20:09.152290515
118.08,1,09:20:09.170280497
118.08,4,09:20:09.413904574
118.08,6,09:20:15.653541296
118.08,1,09:20:15.653805917
118.08,3,09:20:19.200233030
118.08,2,09:20:24.263349058
118.08,3,09:20:24.263601016
118.08,1,09:20:24.263710750
118.08,1,09:20:24.263732190
118.08,3,09:20:24.274263879
118.08,1,09:20:24.274263879
118.08,11,09:20:24.274356265
118.08,1,09:20:24.274356265
118.08,1,09:20:24.275013265
118.08,2,09:20:24.275451383
118.08,1,09:20:24.275577936
118.08,2,09:20:24.286114456
118.08,1,09:20:24.286221452
118.08,8,09:20:24.286221452
118.08,6,09:20:24.286236316
118.08,3,09:20:24.286236316
118.08,1,09:20:24.473732409
118.08,20,09:20:24.473732409
118.08,2,09:20:24.484368993
118.08,13,09:20:24.484368993
118.08,1,09:20:24.484451403
118.08,4,09:20:24.484467038
118.08,1,09:20:24.495109353
118.08,2,09:20:24.495200816
118.08,1,09:20:24.495200816
118.08,8,09:20:24.495217889
118.08,6,09:20:24.495961925
118.08,2,09:20:24.495961925
118.08,5,09:20:25.658599516
118.08,1,09:20:25.658664043
118.08,1,09:20:28.325373762
118.08,19,09:20:28.325373762
118.08,1,09:20:28.325444729
118.08,3,09:20:28.815578355
118.08,2,09:20:29.887316981
118.08,3,09:20:32.513980868
118.08,1,09:20:32.514258500
118.08,11,09:20:32.514604290
118.08,1,09:20:32.514604290
118.08,1,09:20:32.514759213
118.08,1,09:20:32.514773808
118.08,2,09:20:32.514773808
118.08,1,09:20:32.514967443
118.08,2,09:20:32.514991952
118.08,4,09:20:32.514991952
118.08,4,09:20:35.852239180
118.08,2,09:20:35.852255378
118.08,4,09:20:35.852292526
118.08,8,09:20:35.852292526
118.08,1,09:20:35.852307781
118.08,2,09:20:35.852307781
118.08,1,09:20:35.852354607
118.08,1,09:20:35.852390169
118.08,2,09:20:35.852390169
118.08,2,09:20:35.852629528
118.08,7,09:20:35.861846866
118.08,4,09:20:35.861944543
118.08,2,09:20:35.861960220
118.08,4,09:20:35.861960220
118.08,1,09:20:35.861960220
118.08,1,09:20:35.862217471
118.08,1,09:20:35.872765278
118.08,6,09:20:35.872863245
118.08,1,09:20:35.872879124
118.08,6,09:20:35.872879124
118.08,6,09:20:35.883736297
118.08,11,09:20:35.883736297
118.08,1,09:20:35.883818895
118.08,1,09:20:35.883837274
118.08,1,09:20:37.366004868
118.08,1,09:20:37.366079380
118.08,2,09:20:37.366079380
118.08,1,09:20:43.925638848
118.08,1,09:20:43.925721590
118.08,4,09:20:43.925721590
118.08,1,09:20:49.000160486
118.08,3,09:20:49.000160486
118.08,4,09:20:53.693136326
118.08,6,09:21:00.483231344
118.08,7,09:21:05.323460383
118.08,2,09:21:05.323575084
118.08,1,09:21:05.323575084
118.08,1,09:21:05.323589787
118.08,1,09:21:05.323834293
118.08,2,09:21:05.324127788
118.08,1,09:21:05.604660422
118.08,1,09:21:05.604736515
118.08,2,09:21:05.604736515
118.08,1,09:21:08.272108264
118.08,1,09:21:08.272169854
118.08,1,09:21:12.046587959
118.08,4,09:21:12.046651120
118.08,1,09:21:16.398655975
118.08,4,09:21:18.048867184
118.08,3,09:21:21.345286901
118.08,1,09:21:21.431503954
118.08,1,09:21:25.680286086
118.08,1,09:21:25.680357971
118.07,4,09:21:29.926507098
118.07,2,09:21:29.926521492
118.07,2,09:21:29.926573930
118.07,2,09:21:29.926911825
118.07,1,09:21:29.926925927
118.07,1,09:21:29.926940157
118.07,1,09:21:29.926954336
118.07,4,09:21:29.926970141
118.07,2,09:21:29.926983738
118.07,10,09:21:29.926998147
118.07,1,09:21:29.927013920
118.07,1,09:21:29.927051415
118.07,2,09:21:29.927066199
118.07,5,09:21:29.927283824
118.07,3,09:21:29.927283824
118.07,2,09:21:29.927513858
118.07,1,09:21:29.927652512
118.07,1,09:21:29.927667168
118.07,6,09:21:29.927682217
118.07,12,09:21:29.927682217
118.07,4,09:21:29.927682217
118.07,1,09:21:29.927697760
118.07,4,09:21:29.927697760
118.07,5,09:21:29.927844368
118.07,3,09:21:29.927858419
118.07,13,09:21:29.927871833
118.07,1,09:21:29.927889987
118.07,3,09:21:29.927904195
118.07,2,09:21:29.927918576
118.07,10,09:21:29.927932099
118.07,1,09:21:29.927946790
118.07,2,09:21:29.927962637
118.07,3,09:21:29.927983494
118.07,2,09:21:29.928182290
118.07,1,09:21:29.938855723
118.07,1,09:21:29.939351317
118.07,1,09:21:29.939985572
118.07,4,09:21:29.946611612
118.07,4,09:21:29.946625244
118.07,1,09:21:29.946715023
118.07,1,09:21:29.946731320
118.07,6,09:21:29.948717336
118.07,1,09:21:29.970912782
118.07,2,09:21:30.104807909
118.07,1,09:21:30.105765691
118.07,2,09:21:30.105765691
118.07,2,09:21:30.110300018
118.07,9,09:21:41.923056446
118.07,2,09:21:41.923056446
118.07,2,09:21:41.923136804
118.07,11,09:21:41.923136804
118.07,4,09:21:41.923150977
118.07,1,09:21:41.933872787
118.07,3,09:21:41.933974572
118.07,10,09:21:41.933992605
118.07,2,09:21:41.933992605
118.07,1,09:21:41.933992605
118.07,4,09:21:41.933992605
118.07,2,09:21:41.944675541
118.07,2,09:21:41.944766794
118.07,20,09:21:41.944781643
118.07,1,09:21:41.944781643
118.07,1,09:21:41.945341922
118.07,2,09:21:41.955733881
118.07,9,09:21:41.955733881
118.07,3,09:21:41.955834253
118.07,1,09:21:41.955850198
118.07,2,09:21:41.955850198
118.07,10,09:21:41.955850198
118.07,1,09:21:41.956006896
118.07,1,09:21:41.967182268
118.07,3,09:21:41.968892759
118.07,1,09:21:41.968892759
118.07,2,09:21:41.975520854
118.07,1,09:21:41.975624124
118.07,2,09:21:41.975638764
118.07,8,09:21:41.975638764
118.07,8,09:21:45.964611886
118.06,1,09:21:52.891005135
118.06,1,09:21:52.891019007
118.06,1,09:21:52.991359174
118.06,3,09:21:54.061994794
118.06,4,09:21:54.061994794
118.06,1,09:21:54.072869397
118.06,1,09:21:54.072883263
118.06,2,09:21:54.073028258
118.06,1,09:21:54.073028258
118.06,1,09:21:54.073047643
118.06,3,09:21:54.073047643
118.06,1,09:21:54.073065647
118.06,3,09:21:54.073065647
118.06,3,09:21:54.073305455
118.06,1,09:21:54.073801016
118.06,2,09:21:54.084224947
118.06,3,09:21:54.113941842
118.05,1,09:22:02.899803587
118.05,2,09:22:03.001753922
118.05,1,09:22:03.001753922
118.05,1,09:22:03.001901965
118.05,1,09:22:03.001927888
118.05,2,09:22:03.001927888
118.05,3,09:22:03.001927888
118.05,1,09:22:03.002198278
118.05,3,09:22:03.002252432
118.05,1,09:22:03.002400589
118.04,11,09:22:04.772428705
118.04,1,09:22:04.772428705
118.04,10,09:22:04.772443262
118.04,4,09:22:04.772523374
118.04,2,09:22:04.772538705
118.04,1,09:22:04.783205777
118.04,1,09:22:04.783309379
118.04,1,09:22:04.783328359
118.04,2,09:22:04.783328359
118.04,8,09:22:04.783328359
118.04,2,09:22:04.783566647
118.04,8,09:22:04.783588535
118.04,2,09:22:04.783703978
118.03,1,09:22:04.793009879
118.04,3,09:22:04.794493218
118.04,1,09:22:04.794579554
118.03,2,09:22:07.147238428
118.03,1,09:22:07.147342985
118.03,1,09:22:07.147358652
118.03,10,09:22:07.147373282
118.03,5,09:22:07.158254491
118.03,9,09:22:07.158267995
118.03,1,09:22:07.158337860
118.03,4,09:22:07.158353742
118.03,10,09:22:07.158353742
118.03,2,09:22:07.169103853
118.03,1,09:22:07.169216995
118.03,4,09:22:07.169216995
118.03,1,09:22:07.169238183
118.03,5,09:22:07.169238183
118.03,8,09:22:07.169238183
118.03,3,09:22:07.169238183
118.03,7,09:22:07.169774648
118.03,1,09:22:07.180997066
118.03,1,09:22:07.181204395
118.03,1,09:22:07.181219879
118.03,1,09:22:07.205930387
118.03,2,09:22:07.206115385
118.03,1,09:22:08.236081059
118.03,1,09:22:08.236166000
118.03,4,09:22:08.236181731
118.03,3,09:22:08.236181731
118.03,1,09:22:08.236354944
118.03,1,09:22:08.236466035
118.03,1,09:22:08.236488592
118.03,1,09:22:08.236603141
118.03,4,09:22:08.236603141
118.03,3,09:22:08.236708344
118.03,2,09:22:08.236728124
118.03,6,09:22:08.528332537
118.03,5,09:22:08.565743903
118.03,2,09:22:09.411733546
118.02,1,09:22:09.469772614
118.03,8,09:22:11.165703533
118.03,1,09:22:11.165722399
118.03,1,09:22:11.530688412
118.03,1,09:22:11.556376423
118.03,1,09:22:11.827832278
118.03,1,09:22:12.901316032
118.03,1,09:22:14.007795853
118.03,1,09:22:14.285304467
118.03,1,09:22:14.575376965
118.03,1,09:22:14.844505539
118.03,1,09:22:15.948411790
118.03,1,09:22:16.199220749
118.03,1,09:22:16.450288014
118.03,4,09:22:16.505582039
118.03,5,09:22:16.505582039
118.03,1,09:22:16.506632877
118.03,2,09:22:16.506809886
118.03,1,09:22:16.506900317
118.03,1,09:22:16.725334886
118.03,1,09:22:16.753165273
118.03,1,09:22:17.018912338
118.03,1,09:22:18.414159281
118.03,2,09:22:18.700399202
118.03,1,09:22:18.700553209
118.03,3,09:22:18.700765891
118.03,1,09:22:20.558496729
118.03,1,09:22:20.558599688
118.03,10,09:22:20.558615157
118.03,1,09:22:20.558615157
118.03,8,09:22:20.558615157
118.03,4,09:22:20.558615157
118.03,1,09:22:20.559022683
118.02,1,09:22:22.893268736
118.03,1,09:22:23.660920473
118.03,1,09:22:23.661056329
118.03,1,09:22:23.661082009
118.03,2,09:22:23.661082009
118.03,3,09:22:23.661082009
118.03,4,09:22:23.661082009
118.04,1,09:22:32.790950551
118.04,1,09:22:32.791199678
118.04,1,09:22:32.791423796
118.04,4,09:22:32.791423796
118.04,2,09:22:32.791423796
118.04,2,09:22:32.791532577
118.04,1,09:22:32.791532577
118.04,5,09:22:34.578486587
118.04,1,09:22:34.578486587
118.04,1,09:22:34.578874945
118.04,1,09:22:34.578892599
118.04,1,09:22:34.621387674
118.04,1,09:22:40.223498665
118.04,1,09:22:40.223530283
118.04,3,09:22:40.223544494
118.04,1,09:22:40.223685695
118.04,1,09:22:42.887779337
118.04,1,09:22:42.887847858
118.05,1,09:22:44.709056919
118.05,2,09:22:44.709157136
118.05,1,09:22:44.709157136
118.05,1,09:22:44.709171040
118.05,5,09:22:44.709171040
118.04,1,09:22:45.051544199
118.04,1,09:22:46.040423258
118.04,1,09:22:48.980570689
118.04,1,09:22:48.980907229
118.04,1,09:22:48.980932606
118.04,10,09:22:48.980932606
118.04,24,09:22:48.981170129
118.04,1,09:22:48.981185988
118.04,1,09:22:48.981200119
118.04,16,09:22:48.981213613
118.04,1,09:22:48.981227696
118.04,1,09:22:48.981241408
118.04,2,09:22:48.981257172
118.04,1,09:22:57.158376433
118.04,1,09:22:57.158516640
118.04,1,09:22:57.158538308
118.04,4,09:22:57.158538308
118.04,1,09:22:57.264897858
118.04,1,09:23:07.329431418
118.04,3,09:23:07.329537911
118.04,1,09:23:07.329537911
118.04,1,09:23:07.329555424
118.04,4,09:23:07.329555424
118.04,8,09:23:07.330027988
118.04,3,09:23:07.330042061
118.04,1,09:23:07.330042061
118.04,1,09:23:07.330056778
118.04,2,09:23:07.330056778
118.04,1,09:23:07.330075428
118.04,1,09:23:07.330490083
118.04,1,09:23:07.362924592
118.04,5,09:23:08.691215549
118.04,2,09:23:08.691517983
118.04,2,09:23:13.502514763
118.04,1,09:23:13.502514763
118.04,1,09:23:13.502530542
118.04,3,09:23:13.502530542
118.04,1,09:23:13.703016542
118.04,1,09:23:20.618621735
118.04,3,09:23:20.618771575
118.04,1,09:23:20.618789319
118.04,9,09:23:20.618789319
118.04,8,09:23:20.618789319
118.04,4,09:23:20.618789319
118.04,2,09:23:20.618866279
118.04,1,09:23:22.503809095
118.03,1,09:23:22.890657838
118.04,1,09:23:27.742272701
118.04,1,09:23:27.742324232
118.04,1,09:23:27.742587945
118.04,1,09:23:27.742701385
118.04,1,09:23:27.810899078
118.03,1,09:23:32.899879785
118.04,1,09:23:32.900365458
118.04,2,09:23:33.383729485
118.04,1,09:23:33.383744451
118.04,1,09:23:34.817710394
118.04,4,09:23:34.818064984
118.04,3,09:23:34.818291567
118.04,5,09:23:34.818291567
118.04,1,09:23:34.818307257
118.04,1,09:23:36.372611413
118.04,4,09:23:36.372683492
118.04,1,09:23:42.043144082
118.04,5,09:23:42.288259678
118.04,1,09:23:42.288259678
118.04,1,09:23:42.349348312
118.04,1,09:23:42.349433300
118.04,1,09:23:42.349451159
118.04,2,09:23:42.349451159
118.04,1,09:23:42.349784453
118.03,1,09:23:42.890510084
118.04,1,09:23:46.164854025
118.04,1,09:23:46.164952552
118.04,1,09:23:46.164968200
118.04,2,09:23:52.895160125
118.04,1,09:24:01.530562022
118.04,1,09:24:01.530709224
118.04,1,09:24:01.530724098
118.04,17,09:24:01.530724098
118.04,4,09:24:01.530930815
118.04,2,09:24:01.530930815
118.04,1,09:24:01.530946226
118.04,4,09:24:01.531020786
118.04,1,09:24:01.531035925
118.04,1,09:24:01.531162990
118.03,1,09:24:02.203356346
118.03,1,09:24:02.203482924
118.03,3,09:24:02.203499701
118.03,2,09:24:02.203499701
118.03,1,09:24:02.203499701
118.03,2,09:24:02.203515580
118.03,4,09:24:02.203515580
118.03,1,09:24:02.203515580
118.03,1,09:24:02.242133072
118.03,1,09:24:02.894725568
118.02,4,09:24:04.676719845
118.03,1,09:24:12.896752508
118.04,4,09:24:21.513110983
118.04,2,09:24:21.513129277
118.04,1,09:24:21.513843846
118.04,2,09:24:21.513843846
118.04,2,09:24:22.598798440
118.04,6,09:24:22.598887044
118.04,1,09:24:22.598887044
118.04,1,09:24:22.598901553
118.04,1,09:24:22.599311396
118.04,2,09:24:22.599329905
118.04,1,09:24:22.599329905
118.04,5,09:24:22.599329905
118.04,1,09:24:22.728812818
118.03,1,09:24:22.898314562
118.04,1,09:24:23.703459748
118.04,1,09:24:23.703669187
118.04,11,09:24:23.703746236
118.04,1,09:24:32.904692722
118.05,3,09:24:33.581158746
118.04,1,09:24:41.729247719
118.04,3,09:24:41.729247719
118.04,1,09:24:41.729262279
118.04,2,09:24:42.890429325
118.05,1,09:24:43.045784427
118.05,1,09:24:43.045847604
118.04,1,09:24:52.900696370
118.04,3,09:24:59.520935335
118.04,8,09:24:59.521137043
118.04,7,09:24:59.521137043
118.04,1,09:24:59.521137043
118.04,2,09:24:59.521612310
118.04,1,09:24:59.521612310
118.04,2,09:24:59.521628163
118.04,1,09:24:59.521628163
118.04,1,09:24:59.521767932
118.04,1,09:24:59.521790549
118.04,3,09:24:59.521790549
118.04,1,09:24:59.521809110
118.04,2,09:24:59.522042242
118.04,5,09:24:59.522062035
118.04,8,09:24:59.522076988
118.04,4,09:24:59.522093436
118.04,3,09:24:59.522164182
118.04,1,09:24:59.522178437
118.04,3,09:24:59.522194371
118.04,1,09:24:59.522194371
118.04,2,09:24:59.522309468
118.04,2,09:24:59.559457314
118.04,1,09:24:59.559457314
118.03,5,09:25:00.258152620
118.03,1,09:25:02.899214368
118.04,1,09:25:05.864186729
118.04,3,09:25:05.864186729
118.04,2,09:25:05.864292207
118.04,1,09:25:05.864292207
118.04,7,09:25:05.864633442
118.04,1,09:25:05.864633442
118.04,2,09:25:05.864648972
118.04,1,09:25:05.864796811
118.04,2,09:25:05.864814163
118.04,1,09:25:05.886663165
118.04,1,09:25:05.890836512
118.04,1,09:25:05.896412252
118.04,2,09:25:07.271668108
118.04,1,09:25:07.271668108
118.04,3,09:25:07.271686627
118.05,1,09:25:07.686888407
118.05,4,09:25:07.687310963
118.05,1,09:25:07.687458502
118.05,2,09:25:07.687477037
118.05,1,09:25:07.687477037
118.05,2,09:25:07.687496461
118.05,1,09:25:07.687496461
118.05,1,09:25:07.718081880
118.05,2,09:25:07.735531372
118.05,1,09:25:15.259126836
118.05,1,09:25:16.590441332
118.05,2,09:25:16.590528167
118.05,1,09:25:16.590712525
118.05,1,09:25:16.591150240
118.05,2,09:25:16.591150240
118.05,1,09:25:16.591282332
118.05,2,09:25:16.591282332
118.05,2,09:25:16.591299568
118.05,1,09:25:16.591539273
118.05,1,09:25:16.591695580
118.05,1,09:25:16.591710345
118.05,6,09:25:16.591727546
118.05,2,09:25:16.605462432
118.05,1,09:25:16.605755971
118.05,1,09:25:17.520785254
118.05,1,09:25:17.520859736
118.05,1,09:25:18.785300610
118.05,1,09:25:18.785380840
118.05,3,09:25:18.785380840
118.06,1,09:25:21.409667101
118.06,1,09:25:21.409762804
118.06,1,09:25:21.409780059
118.06,1,09:25:21.410211703
118.06,2,09:25:22.729259260
118.06,1,09:25:22.729259260
118.06,1,09:25:22.729628086
118.06,1,09:25:22.729749753
118.06,1,09:25:22.729776163
118.06,1,09:25:22.729886773
118.06,1,09:25:22.730307570
118.06,1,09:25:22.777683920
118.06,1,09:25:26.082648846
118.05,1,09:25:27.909538813
118.05,8,09:25:27.909538813
118.05,1,09:25:27.912438718
118.05,1,09:25:27.912661665
118.05,4,09:25:27.912677841
118.05,1,09:25:27.912677841
118.05,1,09:25:27.912692177
118.05,2,09:25:27.912707291
118.05,1,09:25:27.912707291
118.05,4,09:25:27.912722235
118.05,1,09:25:27.912722235
118.05,1,09:25:27.912736523
118.05,1,09:25:27.912751288
118.05,1,09:25:27.938706675
118.04,4,09:25:28.028782650
118.04,1,09:25:28.028851300
118.05,4,09:25:28.316397593
118.05,5,09:25:28.316456012
118.05,1,09:25:32.404609231
118.04,1,09:25:51.179277211
118.04,2,09:25:51.179277211
118.04,1,09:25:51.179434408
118.04,2,09:25:51.179434408
118.04,1,09:25:51.179449444
118.04,2,09:25:51.179449444
118.04,1,09:25:51.179652021
118.04,1,09:25:51.179673205
118.04,2,09:25:51.179800869
118.04,1,09:25:51.179800869
118.04,8,09:25:51.180137864
118.04,4,09:25:51.180153512
118.04,2,09:25:51.180175826
118.04,1,09:25:51.180175826
118.04,1,09:25:51.180191135
118.04,1,09:25:51.180209025
118.04,1,09:25:51.180544868
118.04,2,09:25:51.180544868
118.04,1,09:25:51.190867427
118.04,2,09:25:52.867195470
118.03,1,09:25:58.246200470
118.03,1,09:25:58.246670387
118.03,1,09:25:58.246779078
118.03,2,09:25:58.246798310
118.03,1,09:25:58.246798310
118.03,1,09:25:58.247237312
118.03,1,09:26:10.169237843
118.03,1,09:26:10.169626436
118.03,3,09:26:10.169758003
118.03,1,09:26:10.169775588
118.03,2,09:26:10.169775588
118.03,1,09:26:10.195328924
118.03,1,09:26:10.289332401
118.04,2,09:26:15.998531121
118.04,1,09:26:15.998544676
118.04,3,09:26:15.998662101
118.04,1,09:26:15.998662101
118.04,1,09:26:15.998680817
118.04,1,09:26:16.107323936
118.05,1,09:26:17.658435616
118.05,3,09:26:27.684268060
118.05,1,09:26:27.684268060
118.05,1,09:26:27.684344399
118.04,1,09:26:37.069496114
118.04,6,09:26:37.069633070
118.04,1,09:26:37.069633070
118.04,11,09:26:37.069755422
118.04,1,09:26:37.069770203
118.04,2,09:26:37.069770203
118.04,4,09:26:37.069770203
118.04,2,09:26:37.069854411
118.04,1,09:26:37.069854411
118.04,1,09:26:37.107097063
118.03,1,09:26:39.230799012
118.03,12,09:26:39.231861935
118.03,5,09:26:39.231861935
118.03,1,09:26:39.231861935
118.03,1,09:26:44.444478849
118.03,1,09:26:44.444538851
118.03,1,09:26:44.444806019
118.03,1,09:26:44.765630530
118.03,1,09:26:45.354556388
118.02,1,09:26:54.038831128
118.03,1,09:26:54.486847615
118.03,2,09:26:54.486923647
118.03,1,09:26:54.486938969
118.02,1,09:26:55.505464566
118.02,2,09:27:04.940402136
118.02,1,09:27:09.145248198
118.02,1,09:27:09.145342403
118.02,1,09:27:09.145359462
118.02,7,09:27:09.145359462
118.02,1,09:27:09.145617793
118.02,1,09:27:09.145635789
118.02,1,09:27:09.340838399
118.02,1,09:27:09.967100351
118.02,3,09:27:12.371948297
118.02,1,09:27:12.372043334
118.02,1,09:27:12.372411686
118.02,2,09:27:12.372411686
118.02,4,09:27:12.372411686
118.02,3,09:27:12.372498374
118.02,1,09:27:12.372513554
118.02,2,09:27:12.378758545
118.02,1,09:27:14.317173158
118.02,1,09:27:14.317250514
118.02,1,09:27:14.362354896
118.02,1,09:27:14.651660825
118.02,1,09:27:14.705073099
118.02,1,09:27:14.945321096
118.02,1,09:27:15.238631066
118.02,1,09:27:15.496989207
118.02,1,09:27:15.790614132
118.02,1,09:27:16.084878228
118.02,1,09:27:16.338598157
118.02,1,09:27:16.950481811
118.02,1,09:27:16.950503136
118.01,1,09:27:24.775129119
118.01,1,09:27:24.879981240
118.01,6,09:27:24.880074312
118.01,4,09:27:24.880089512
118.01,1,09:27:24.916171955
118.01,1,09:27:31.847220408
118.01,1,09:27:32.142125968
118.01,1,09:27:32.399279186
118.01,1,09:27:32.675800879
118.01,1,09:27:32.970769251
118.01,1,09:27:33.234657211
118.01,1,09:27:33.525048621
118.01,1,09:27:33.819256836
118.02,4,09:27:38.505842520
118.02,1,09:27:38.505974546
118.02,1,09:27:38.505994101
118.02,3,09:27:38.505994101
118.02,3,09:27:38.516701722
118.02,1,09:27:38.516997456
118.02,1,09:27:39.548959018
118.02,1,09:27:44.050800040
118.02,1,09:27:44.050889077
118.02,1,09:27:44.051175563
118.02,1,09:27:44.051405377
118.02,1,09:27:44.051585833
118.02,1,09:27:44.051610800
118.02,1,09:27:44.051637977
118.01,1,09:27:45.052563423
118.02,1,09:27:51.821375070
118.02,2,09:27:51.821375070
118.02,1,09:27:51.847807789
118.02,1,09:27:54.303907616
118.02,1,09:27:59.883638634
118.02,1,09:27:59.883652643
118.02,1,09:27:59.883769645
118.02,1,09:27:59.883791948
118.02,2,09:27:59.883791948
118.02,1,09:28:04.983887581
118.02,4,09:28:04.983969603
118.02,1,09:28:04.983986639
118.02,1,09:28:05.028373402
118.02,1,09:28:05.796045352
118.02,1,09:28:05.825561096
118.01,16,09:28:08.409285956
118.01,1,09:28:08.409439091
118.01,2,09:28:08.409454173
118.01,1,09:28:08.409454173
118.01,12,09:28:08.409454173
118.01,4,09:28:08.409669337
118.01,1,09:28:08.409683674
118.01,4,09:28:08.409683674
118.01,4,09:28:08.409699030
118.01,3,09:28:08.409699030
118.01,12,09:28:08.409837536
118.01,1,09:28:08.409873879
118.01,3,09:28:08.409873879
118.01,11,09:28:08.409873879
118.01,10,09:28:08.409873879
118.01,9,09:28:08.409873879
118.01,14,09:28:14.095599342
118.01,1,09:28:14.095662990
118.0,1,09:28:20.484365363
118.0,8,09:28:20.484365363
118.0,10,09:28:20.484492351
118.0,14,09:28:20.484507715
118.0,2,09:28:20.484507715
118.0,3,09:28:20.484507715
118.0,2,09:28:20.484714924
118.0,4,09:28:20.484731445
118.0,1,09:28:20.523265401
118.0,1,09:28:20.523338828
118.0,3,09:28:20.523510422
118.0,4,09:28:20.523602271
118.0,4,09:28:20.524269516
117.99,1,09:28:27.835424502
117.99,4,09:28:27.835424502
117.99,2,09:28:27.835584617
117.99,2,09:28:27.835599581
117.99,1,09:28:27.835599581
117.99,11,09:28:27.835599581
117.99,4,09:28:27.835775804
117.99,4,09:28:27.835790147
117.99,3,09:28:27.835790147
117.99,5,09:28:27.835790147
117.99,8,09:28:27.835790147
117.99,1,09:28:27.835959753
117.99,1,09:28:27.836021696
117.99,2,09:28:27.836265280
117.99,1,09:28:27.836283414
117.99,1,09:28:27.949301589
118.0,4,09:28:33.384416691
118.0,1,09:28:33.384416691
118.0,1,09:28:33.384560374
118.0,1,09:28:33.384575436
118.0,5,09:28:33.384575436
118.0,1,09:28:33.384796770
118.0,2,09:28:33.384812857
118.0,3,09:28:33.384812857
118.0,1,09:28:33.384830768
118.0,3,09:28:33.384830768
118.0,2,09:28:33.385270159
118.0,1,09:28:33.385284405
118.0,2,09:28:33.385299541
118.0,1,09:28:33.385314876
118.0,2,09:28:33.385328860
118.0,1,09:28:33.385543570
118.0,1,09:28:33.385556700
118.0,1,09:28:33.385572876
118.0,1,09:28:33.385616693
118.0,4,09:28:33.385684232
118.0,2,09:28:33.386069300
118.0,2,09:28:33.386088932
118.0,1,09:28:33.386088932
118.0,1,09:28:33.386213012
118.0,1,09:28:33.386311413
118.0,2,09:28:33.386327935
118.0,1,09:28:33.432685566
118.0,1,09:28:33.478123207
118.0,1,09:28:33.561373073
118.01,1,09:28:35.725634276
118.01,4,09:28:35.725649040
118.01,3,09:28:35.725764835
118.01,2,09:28:35.725782449
118.01,1,09:28:35.725782449
118.01,4,09:28:35.726001482
118.01,6,09:28:35.726019338
118.01,1,09:28:39.716191742
118.01,1,09:28:39.716299185
118.01,1,09:28:39.716315410
118.01,2,09:28:39.716315410
118.01,2,09:28:39.741983492
118.02,4,09:28:49.184774640
118.01,1,09:28:53.798271776
118.01,1,09:28:53.798392976
118.01,2,09:28:53.798392976
118.01,2,09:28:53.798487785
118.01,13,09:28:53.798772210
118.01,1,09:28:53.798772210
118.01,2,09:28:53.798772210
118.01,1,09:28:55.655699396
118.01,1,09:28:58.722340858
118.01,1,09:29:00.079448680
118.01,2,09:29:00.079448680
118.01,1,09:29:00.124919706
118.01,4,09:29:06.187657357
118.01,1,09:29:06.187672041
118.01,1,09:29:06.187731642
118.0,2,09:29:20.423969217
118.0,3,09:29:20.423969217
118.0,1,09:29:20.424064464
118.0,6,09:29:20.424064464
118.0,12,09:29:20.424246133
118.0,3,09:29:20.424452590
118.0,3,09:29:20.424592331
118.0,3,09:29:20.424620113
118.0,2,09:29:20.424620113
118.0,1,09:29:21.247991001
118.0,1,09:29:21.248098598
118.0,1,09:29:21.248324530
117.99,1,09:29:22.893918920
117.99,3,09:29:25.659336026
117.99,2,09:29:25.659350486
117.99,1,09:29:25.659522080
117.99,1,09:29:25.659537216
117.99,3,09:29:25.659537216
117.99,10,09:29:25.659537216
117.99,4,09:29:25.659537216
117.99,1,09:29:25.659705974
117.99,9,09:29:25.659705974
117.99,3,09:29:25.659727142
117.99,2,09:29:25.659727142
117.99,1,09:29:25.659727142
117.99,2,09:29:25.659946351
117.99,1,09:29:25.659972774
117.99,3,09:29:25.659972774
117.99,2,09:29:27.578952308
117.99,1,09:29:27.578966051
117.99,5,09:29:27.579091264
117.99,2,09:29:27.579109677
117.99,1,09:29:27.579109677
117.99,4,09:29:27.579109677
117.99,3,09:29:27.579333546
117.99,7,09:29:27.579347632
117.99,2,09:29:27.579347632
117.99,9,09:29:27.579473424
117.99,4,09:29:27.579684842
117.99,1,09:29:27.579846083
117.99,1,09:29:27.579865017
117.99,8,09:29:27.580115525
117.99,2,09:29:27.580115525
117.99,2,09:29:27.580273525
117.99,1,09:29:27.589504614
117.99,1,09:29:27.589599376
117.99,2,09:29:27.589599376
117.99,2,09:29:27.589616326
117.99,1,09:29:27.688580210
117.99,1,09:29:29.694965231
117.99,1,09:29:29.695052978
117.99,1,09:29:29.695073173
117.99,4,09:29:29.695073173
117.98,1,09:29:32.885545627
117.98,4,09:29:33.560937101
117.98,2,09:29:33.561003152
117.98,1,09:29:33.562776079
117.98,1,09:29:33.594505212
117.98,4,09:29:33.594505212
117.98,1,09:29:33.594529570
117.98,1,09:29:33.602073758
117.98,3,09:29:34.135448731
117.98,4,09:29:34.135527422
117.98,1,09:29:34.135882306
117.98,4,09:29:34.135882306
117.98,3,09:29:34.135978526
117.98,1,09:29:34.135994456
117.98,1,09:29:34.420454812
117.98,1,09:29:35.212129794
117.99,2,09:29:44.320707727
117.99,1,09:29:44.320787068
117.99,1,09:29:44.320935451
117.99,1,09:29:44.321098296
117.99,37,09:29:44.321271973
117.99,2,09:29:44.321429002
117.99,5,09:29:44.321442848
117.99,1,09:29:44.321458544
117.99,1,09:29:44.321474858
117.99,1,09:29:44.321541115
117.99,1,09:29:44.431400044
118.0,7,09:29:49.133700231
118.0,3,09:29:49.133714794
118.0,4,09:29:49.133797024
118.0,2,09:29:49.133813881
118.0,1,09:29:49.133813881
118.0,1,09:29:49.134417034
118.0,1,09:29:49.134540274
118.0,7,09:29:49.134559801
118.0,2,09:29:49.134559801
118.0,1,09:29:49.134559801
118.0,1,09:29:49.134587126
118.0,2,09:29:49.134587126
118.0,1,09:29:49.230571896
118.0,1,09:29:49.252890544
118.0,6,09:29:51.956397131
118.0,4,09:29:51.956537978
118.0,1,09:29:51.956554724
118.0,2,09:29:51.956554724
118.0,1,09:29:51.956575988
118.0,7,09:29:51.956575988
118.0,21,09:29:51.956575988
118.0,6,09:30:07.586566503
118.0,2,09:30:07.586566503
118.0,1,09:30:07.586717322
118.0,2,09:30:07.586732855
118.0,1,09:30:07.586732855
118.0,3,09:30:07.586750954
118.0,1,09:30:07.586750954
118.0,5,09:30:07.586750954
118.0,2,09:30:07.586775597
118.0,1,09:30:07.586775597
118.0,1,09:30:07.587313004
118.0,2,09:30:07.588509103
118.0,6,09:30:07.588509103
118.0,3,09:30:07.588509103
118.0,1,09:30:07.588544591
118.0,1,09:30:07.604869758
118.0,1,09:30:07.634326662
118.0,2,09:30:08.104058194
118.0,2,09:30:08.104178919
118.0,6,09:30:08.104229828
118.0,5,09:30:08.104229828
118.0,1,09:30:08.104229828
118.0,2,09:30:08.104229828
118.0,4,09:30:08.104229828
118.0,1,09:30:08.154258213
118.0,2,09:30:08.612616888
118.0,1,09:30:08.612616888
118.0,3,09:30:09.501150802
118.0,1,09:30:09.501150802
118.0,4,09:30:09.501150802
118.0,2,09:30:09.501245920
118.0,5,09:30:09.501245920
118.0,1,09:30:09.613485722
118.0,1,09:30:09.613560999
118.0,1,09:30:09.649828144
118.0,1,09:30:09.683158769
118.0,1,09:30:09.716002130
118.0,1,09:30:09.749459878
118.0,1,09:30:09.782463645
118.0,4,09:30:10.006731967
118.0,2,09:30:10.006754886
118.0,1,09:30:13.912619847
118.0,2,09:30:13.912619847
118.0,1,09:30:13.912643597
118.0,3,09:30:13.912643597
118.0,5,09:30:13.913165552
118.0,3,09:30:13.913165552
118.0,1,09:30:13.913165552
118.0,4,09:30:13.913424557
118.0,1,09:30:13.913500211
118.0,2,09:30:13.913520791
118.0,1,09:30:13.913520791
118.0,1,09:30:13.913635501
118.0,1,09:30:13.913651268
118.0,1,09:30:13.913672291
118.0,1,09:30:13.925290364
118.0,1,09:30:13.925631014
118.0,1,09:30:13.937398059
118.0,1,09:30:13.949352786
118.0,1,09:30:13.949428296
118.0,4,09:30:13.949445290
118.0,2,09:30:13.949445290
118.0,2,09:30:14.449308913
118.0,1,09:30:14.950714066
118.0,2,09:30:14.950804485
118.0,4,09:30:14.950825214
118.0,1,09:30:15.328748646
118.0,2,09:30:15.328748646
118.0,1,09:30:15.328808976
118.0,1,09:30:15.350258268
118.0,8,09:30:15.350789896
118.0,2,09:30:15.350789896
118.0,2,09:30:15.350905525
118.0,1,09:30:15.450514529
118.0,4,09:30:15.450514529
118.0,1,09:30:29.561708106
118.0,1,09:30:29.562224221
118.0,3,09:30:29.562320422
118.0,2,09:30:29.562346912
118.0,17,09:30:29.562346912
118.0,1,09:30:29.562346912
118.0,1,09:30:29.562445280
118.0,2,09:30:29.574242357
118.0,2,09:30:29.586108510
118.0,1,09:30:29.597901923
118.0,1,09:30:29.691972021
118.0,1,09:30:30.099439429
118.0,1,09:30:30.099555692
118.0,1,09:30:30.099584946
118.0,2,09:30:30.099584946
118.0,2,09:30:31.128810341
118.0,4,09:30:32.175639131
118.0,1,09:30:32.175639131
118.0,1,09:30:32.175723087
118.0,4,09:30:32.175745788
118.0,1,09:30:32.175745788
118.0,1,09:30:32.182355902
117.99,1,09:30:39.515432749
117.99,4,09:30:39.515432749
117.99,1,09:30:39.515630210
117.99,2,09:30:39.515646003
117.99,1,09:30:39.515660287
117.99,1,09:30:39.515675616
117.99,3,09:30:39.515690646
117.99,2,09:30:39.515705731
117.99,3,09:30:39.515705731
117.99,16,09:30:39.515719216
117.99,1,09:30:39.515732714
117.99,1,09:30:39.515747943
117.99,1,09:30:41.734003184
117.99,1,09:30:41.805948437
117.98,1,09:30:46.943982231
117.98,2,09:30:46.943982231
117.98,1,09:30:46.944041921
117.98,1,09:30:46.944578218
117.98,2,09:30:46.944757504
117.98,1,09:30:46.944772669
117.98,1,09:30:46.944787281
117.98,1,09:30:46.944806003
117.98,2,09:30:46.944806003
117.98,1,09:30:49.049875366
117.98,1,09:30:49.050008511
117.98,1,09:30:49.050214321
117.98,2,09:30:49.050314354
117.98,1,09:30:49.050344735
117.98,2,09:30:49.072396567
117.98,1,09:30:49.082159108
117.99,2,09:30:53.101783412
117.99,1,09:30:53.101896423
117.99,2,09:30:53.101925236
117.99,1,09:30:53.101925236
117.99,6,09:30:53.102385667
117.99,1,09:30:53.102385667
117.99,1,09:30:53.196582000
118.0,25,09:30:53.728745329
118.0,13,09:30:54.179719349
118.0,2,09:30:54.179847752
118.0,1,09:30:54.179847752
118.0,1,09:30:54.179872247
118.0,2,09:30:54.179872247
118.0,6,09:30:54.647552249
118.0,1,09:30:54.842302265
118.0,4,09:30:58.659583552
118.0,18,09:30:58.659583552
118.0,2,09:30:58.659716925
118.0,3,09:30:58.659716925
118.0,2,09:30:58.659755357
118.0,1,09:30:58.659755357
118.0,4,09:30:58.659755357
118.0,3,09:30:58.659755357
118.0,8,09:30:58.660644989
118.0,1,09:30:58.660801366
118.0,4,09:30:58.660919135
118.0,1,09:30:58.661905816
118.01,2,09:30:58.666297922
118.01,4,09:30:58.666297922
118.01,1,09:30:58.666499672
118.01,1,09:30:58.666514079
118.01,1,09:30:58.666530270
118.01,4,09:30:58.666530270
118.01,3,09:30:58.666545435
118.01,1,09:30:58.666545435
118.01,11,09:30:58.666545435
118.01,1,09:30:58.666563929
118.01,7,09:30:58.666563929
118.01,1,09:30:58.666578697
118.01,2,09:30:58.666578697
118.01,6,09:30:58.666591832
118.01,1,09:30:58.666605707
118.01,1,09:30:58.666619330
118.01,1,09:30:58.666633288
118.01,1,09:30:58.666647224
118.0,1,09:31:03.032632036
118.01,1,09:31:03.852438583
118.0,4,09:31:06.132791295
118.0,3,09:31:06.132791295
118.0,6,09:31:06.132877810
118.0,2,09:31:06.132877810
118.0,1,09:31:06.133476077
118.0,5,09:31:06.133476077
118.0,6,09:31:06.133555134
118.0,3,09:31:06.133723457
118.0,1,09:31:06.133742184
118.0,1,09:31:06.133808964
118.0,2,09:31:06.133808964
118.0,4,09:31:06.133808964
118.0,6,09:31:06.133808964
118.0,1,09:31:06.134072888
118.0,3,09:31:06.134072888
118.0,1,09:31:06.134195314
118.0,1,09:31:06.134385527
118.0,1,09:31:06.134409538
118.0,1,09:31:06.157360057
118.0,1,09:31:06.171336650
118.0,2,09:31:06.205160586
118.0,1,09:31:06.239020042
118.0,1,09:31:06.376153486
118.0,1,09:31:06.510899423
118.0,1,09:31:06.532148519
118.0,1,09:31:06.553008301
117.99,25,09:31:12.709259840
117.99,2,09:31:12.709259840
117.99,1,09:31:12.709259840
117.99,6,09:31:12.709259840
117.99,1,09:31:12.732318784
117.98,6,09:31:15.890119756
117.98,1,09:31:15.890573691
117.98,2,09:31:15.890573691
117.98,6,09:31:15.890573691
117.98,1,09:31:15.912873127
117.98,4,09:31:16.302638694
117.98,2,09:31:16.302765708
117.98,2,09:31:16.302800307
117.98,1,09:31:16.302800307
117.98,3,09:31:16.302800307
117.98,2,09:31:16.303041515
117.98,1,09:31:16.303361641
117.98,4,09:31:16.311867580
117.97,3,09:31:17.883351833
117.97,1,09:31:17.883351833
117.97,1,09:31:17.883508912
117.97,4,09:31:17.883531610
117.97,5,09:31:17.883531610
117.97,6,09:31:17.883531610
117.97,1,09:31:17.883531610
117.97,2,09:31:17.883531610
117.97,1,09:31:17.883558902
117.97,4,09:31:17.883558902
117.97,6,09:31:17.883937994
117.97,7,09:31:17.884816479
117.97,3,09:31:17.884832511
117.97,2,09:31:17.884851424
117.97,1,09:31:17.884851424
117.97,2,09:31:17.885207641
117.97,1,09:31:17.885227909
117.98,1,09:31:20.253532975
117.98,2,09:31:20.253532975
117.98,4,09:31:20.253641125
117.98,1,09:31:20.253667369
117.98,12,09:31:20.253667369
117.98,2,09:31:20.253667369
117.98,1,09:31:22.274289213
117.98,6,09:31:22.274368102
117.98,1,09:31:22.274394983
117.98,2,09:31:22.274394983
117.98,4,09:31:22.274394983
117.99,2,09:31:23.933327941
117.99,3,09:31:23.933327941
117.99,2,09:31:23.933349653
117.99,1,09:31:23.933349653
117.99,1,09:31:23.934008401
117.99,1,09:31:23.934022654
117.99,6,09:31:23.934022654
117.99,1,09:31:23.934036430
117.99,1,09:31:23.934049965
117.99,1,09:31:23.934064054
117.99,2,09:31:23.934353057
117.99,2,09:31:23.935030372
117.99,1,09:31:23.935047530
117.99,1,09:31:23.935363910
117.99,1,09:31:23.935705709
117.99,7,09:31:23.935945324
117.98,5,09:31:31.853366895
117.98,4,09:31:31.853914830
117.98,6,09:31:31.854111211
117.98,9,09:31:31.854129796
117.98,10,09:31:31.854129796
117.98,1,09:31:31.854144990
117.98,2,09:31:31.854144990
117.98,1,09:31:31.854159784
117.98,2,09:31:31.854159784
117.98,1,09:31:31.854174718
117.98,1,09:31:31.856728567
117.98,4,09:31:31.857340406
117.98,1,09:31:31.864696525
117.98,1,09:31:31.877173142
117.98,1,09:31:31.890220945
117.98,1,09:31:32.307937813
117.98,1,09:31:32.378669456
117.98,1,09:31:32.378684268
117.98,2,09:31:32.378885713
117.98,1,09:31:32.378901997
117.99,1,09:31:36.694424976
117.99,1,09:31:36.694443500
117.99,6,09:31:36.694443500
117.99,2,09:31:36.694443500
117.99,1,09:31:36.694600097
117.99,1,09:31:36.694615457
117.99,3,09:31:36.694713780
117.99,1,09:31:36.694814474
117.99,1,09:31:43.444466054
117.99,1,09:31:51.845862709
117.99,1,09:31:51.846046019
117.99,1,09:31:51.846068874
117.99,4,09:31:51.846068874
117.99,2,09:31:51.846068874
117.99,6,09:31:51.846068874
117.99,1,09:31:51.846094806
117.99,12,09:31:51.846094806
117.99,8,09:31:51.846094806
117.99,1,09:31:53.670249958
117.99,2,09:31:53.670249958
117.99,4,09:31:53.670336352
117.99,2,09:31:53.670356620
117.99,1,09:31:53.670356620
117.99,2,09:31:53.670575501
117.99,38,09:31:54.359639419
117.99,3,09:31:54.360260270
117.99,2,09:31:54.360613700
117.99,4,09:31:54.360613700
117.99,2,09:31:54.361311185
117.99,2,09:31:54.369296949
117.99,6,09:31:54.369383825
117.98,1,09:31:56.909408565
117.98,2,09:31:56.909408565
117.98,2,09:31:57.936275972
117.98,4,09:31:57.936384843
117.98,1,09:31:57.936404744
117.98,7,09:31:57.936404744
117.98,2,09:31:57.936404744
117.98,1,09:31:57.937845655
117.98,5,09:31:57.938462326
117.98,1,09:31:57.938543645
117.98,1,09:31:57.960059020
117.98,1,09:32:12.794839537
117.98,1,09:32:12.795304540
117.98,1,09:32:12.795386470
117.98,6,09:32:12.795426209
117.98,1,09:32:12.795492931
117.98,2,09:32:12.795492931
117.98,1,09:32:12.795613113
117.98,1,09:32:12.795637703
117.98,1,09:32:12.821960454
117.98,5,09:32:12.822430473
117.98,1,09:32:12.853986212
117.98,1,09:32:12.895079050
117.98,1,09:32:12.906165718
117.98,1,09:32:14.496897447
117.99,2,09:32:18.405317656
117.99,1,09:32:18.405546199
117.99,4,09:32:18.405626189
117.99,8,09:32:18.405829899
117.99,35,09:32:18.406488125
117.99,1,09:32:18.406646298
117.99,1,09:32:18.406689041
117.99,3,09:32:18.406689041
117.99,1,09:32:18.446667010
117.99,11,09:32:18.721046157
117.99,2,09:32:18.721174278
117.99,1,09:32:18.721210646
117.99,4,09:32:18.721210646
117.99,6,09:32:18.721210646
118.0,1,09:32:20.524874537
118.0,2,09:32:20.524874537
118.0,1,09:32:20.525003888
118.0,1,09:32:20.525029677
118.0,6,09:32:20.525029677
118.0,3,09:32:20.525029677
118.0,2,09:32:20.525029677
118.0,1,09:32:20.525561849
118.0,1,09:32:20.567009662
117.99,3,09:32:20.820240755
117.99,1,09:32:20.820240755
117.99,3,09:32:20.820403206
117.99,2,09:32:20.820432735
117.99,4,09:32:20.820432735
117.99,13,09:32:20.820432735
117.99,6,09:32:20.820432735
117.99,2,09:32:20.820451743
117.99,1,09:32:20.820451743
117.99,1,09:32:23.056863529
117.99,1,09:32:23.078941480
117.99,1,09:32:24.040145192
117.99,4,09:32:24.073001583
118.0,1,09:32:26.329701134
118.0,1,09:32:26.329801530
118.0,1,09:32:26.329828214
118.0,5,09:32:26.368978788
117.99,1,09:32:27.960548156
117.99,2,09:32:27.960548156
117.99,1,09:32:27.984174605
117.99,3,09:32:29.581831464
117.99,9,09:32:29.581942999
117.99,2,09:32:29.581965713
117.99,9,09:32:29.581965713
117.99,1,09:32:29.581965713
117.99,1,09:32:29.581984372
117.99,1,09:32:29.582279345
117.99,1,09:32:29.582476430
117.99,1,09:32:31.241823265
117.99,1,09:32:31.286168448
117.99,4,09:32:31.286168448
117.99,2,09:32:31.286168448
117.99,7,09:32:31.286315632
117.99,1,09:32:31.286330896
117.99,2,09:32:31.286330896
117.99,1,09:32:31.286345146
117.99,2,09:32:31.286360199
117.99,1,09:32:31.286360199
117.99,2,09:32:31.286374073
117.99,1,09:32:31.309701040
117.99,1,09:32:31.430424248
117.99,5,09:32:31.528749249
117.99,2,09:32:31.528915402
117.99,4,09:32:31.528939735
117.99,10,09:32:31.528939735
117.99,1,09:32:31.528939735
117.99,3,09:32:31.528939735
117.99,7,09:32:31.528939735
117.99,6,09:32:31.528939735
117.99,2,09:32:31.528939735
117.99,2,09:32:31.528995934
117.99,1,09:32:31.571729957
117.99,1,09:32:32.963414051
117.99,1,09:32:32.963516797
117.99,1,09:32:32.964074768
117.99,1,09:32:36.173164793
117.99,1,09:32:36.173245596
117.99,4,09:32:36.881405527
117.99,1,09:32:39.720513769
117.99,1,09:32:39.720643036
117.99,3,09:32:39.720643036
117.99,2,09:32:39.720657782
117.99,4,09:32:39.720657782
117.99,2,09:32:39.720750156
117.99,2,09:32:39.720764796
117.99,3,09:32:39.720945865
117.99,7,09:32:39.720945865
117.99,1,09:32:39.720945865
117.99,2,09:32:39.720976504
117.99,1,09:32:39.720976504
117.99,4,09:32:39.720976504
117.99,1,09:32:39.721910587
117.99,2,09:32:39.722303976
117.99,1,09:32:39.722303976
117.98,1,09:32:44.977800013
117.98,6,09:32:44.977879056
117.98,1,09:32:44.977896579
117.98,2,09:32:44.977896579
117.99,1,09:32:55.021377426
117.99,2,09:32:55.021481580
117.99,1,09:32:55.021503599
117.99,2,09:32:55.021503599
117.99,1,09:32:55.253676015
117.99,1,09:32:55.275489120
117.99,1,09:32:55.275960131
117.99,1,09:32:55.296845820
117.99,1,09:32:55.362699872
117.99,1,09:32:55.455383665
117.99,1,09:32:55.455569313
117.99,1,09:32:56.185589971
117.99,2,09:32:56.185907188
117.99,1,09:32:59.152213275
117.99,2,09:32:59.152213275
117.99,1,09:32:59.152430975
117.99,2,09:32:59.152430975
117.99,1,09:32:59.168464406
117.99,2,09:33:00.018335959
117.99,50,09:33:02.546409831
117.99,2,09:33:02.546513197
117.99,2,09:33:02.546546249
117.99,1,09:33:02.546546249
117.99,3,09:33:02.546546249
117.99,4,09:33:02.546546249
117.99,6,09:33:02.546546249
117.99,4,09:33:05.294260028
117.99,4,09:33:05.294348651
117.99,1,09:33:05.294372888
117.99,2,09:33:05.294372888
117.99,2,09:33:05.304953192
117.99,37,09:33:10.937331429
117.99,3,09:33:10.937436734
117.99,1,09:33:10.937470074
117.99,3,09:33:10.937470074
117.99,8,09:33:10.937470074
117.99,3,09:33:10.938306321
117.99,4,09:33:10.981819194
117.99,3,09:33:10.981819194
117.99,1,09:33:15.252401294
117.99,3,09:33:15.252861854
117.99,1,09:33:15.252979768
117.99,3,09:33:15.252979768
117.99,1,09:33:15.253010011
117.99,2,09:33:15.253010011
117.99,4,09:33:15.253010011
117.99,3,09:33:15.253010011
117.99,1,09:33:15.281846465
117.99,1,09:33:15.298694375
117.99,2,09:33:17.479257245
117.99,1,09:33:17.479404429
117.99,3,09:33:17.479521513
117.99,1,09:33:17.479521513
117.99,2,09:33:17.772135268
117.99,4,09:33:17.772245833
117.99,3,09:33:17.772267108
117.99,1,09:33:17.772267108
117.99,4,09:33:17.772267108
117.99,12,09:33:17.772284298
117.99,3,09:33:17.772498153
117.99,1,09:33:17.817464470
117.99,1,09:33:18.107932273
117.99,1,09:33:18.391002874
117.99,1,09:33:18.665542631
117.99,1,09:33:18.923468406
117.99,1,09:33:19.191940433
117.99,1,09:33:19.490459179
117.99,1,09:33:19.785270820
117.99,11,09:33:20.263043041
117.99,3,09:33:20.263760029
117.99,1,09:33:20.263760029
117.99,2,09:33:20.263760029
117.99,3,09:33:20.263774262
117.99,22,09:33:23.027746907
117.99,1,09:33:23.027746907
117.99,2,09:33:23.027838036
117.99,4,09:33:23.027865698
117.99,3,09:33:23.027865698
117.99,1,09:33:23.027865698
117.99,2,09:33:23.028128812
117.99,1,09:33:23.028560728
117.99,1,09:33:32.145447877
117.99,2,09:33:38.400077590
117.99,3,09:33:38.400287062
117.99,3,09:33:38.400512032
117.99,1,09:33:38.400616553
117.99,6,09:33:38.400616553
117.99,5,09:33:38.401146310
117.99,3,09:33:38.401160668
117.99,1,09:33:38.401160668
117.99,1,09:33:38.401175951
117.99,2,09:33:38.401175951
117.99,1,09:33:38.401192236
117.99,4,09:33:38.401192236
117.99,7,09:33:38.413904310
117.99,1,09:33:38.413904310
117.99,1,09:33:38.424991529
117.99,5,09:33:38.437309824
117.99,1,09:33:38.437309824
117.99,2,09:33:38.437382393
117.99,4,09:33:38.437397113
117.99,1,09:33:38.437725418
117.99,1,09:33:38.446371704
117.99,7,09:33:38.461292910
117.99,1,09:33:38.461310471
117.99,1,09:33:38.467226883
117.99,2,09:33:38.549150603
117.99,1,09:33:38.568704481
117.99,6,09:33:41.476883906
117.99,1,09:33:41.476883906
117.99,4,09:33:41.476974170
117.99,3,09:33:41.476997441
117.99,1,09:33:41.476997441
117.99,4,09:33:41.487587224
117.99,1,09:33:41.513140436
117.99,2,09:33:41.513501953
117.99,2,09:33:41.513520071
117.99,3,09:33:41.513520071
117.99,1,09:33:41.513520071
117.98,1,09:33:42.895234964
117.98,1,09:33:42.941202241
117.98,1,09:33:42.942199942
117.98,1,09:33:42.942219357
117.98,1,09:33:42.942239312
117.98,2,09:33:42.942262058
117.98,4,09:33:42.943019137
117.98,4,09:33:42.943366533
117.98,1,09:33:42.967864271
117.98,1,09:33:43.094299442
117.98,1,09:33:43.094526341
117.98,5,09:33:43.097037923
117.98,1,09:33:43.097158611
117.99,1,09:33:44.368010573
117.98,1,09:33:45.051799576
117.98,2,09:33:45.961729187
117.98,11,09:33:45.961837363
117.98,1,09:33:45.961863690
117.98,1,09:33:45.972272780
117.98,1,09:33:46.086917095
117.98,4,09:33:47.308645292
117.98,1,09:33:47.308645292
117.98,1,09:33:47.308734119
117.98,1,09:33:49.080831558
117.98,2,09:33:52.897831955
117.98,3,09:33:55.116735014
117.98,1,09:33:55.116735014
117.98,1,09:33:55.116908313
117.98,1,09:33:55.116922963
117.98,2,09:33:55.116922963
117.98,8,09:33:55.116922963
117.98,1,09:33:55.116938067
117.98,4,09:33:55.116938067
117.98,1,09:33:55.116960373
117.98,3,09:33:55.116960373
117.98,1,09:33:55.127435632
117.98,50,09:34:00.309840332
117.97,2,09:34:02.628282793
117.97,3,09:34:02.628300944
117.97,1,09:34:02.628300944
117.97,25,09:34:02.628300944
117.97,4,09:34:02.628300944
117.97,13,09:34:02.628318745
117.97,1,09:34:02.628318745
117.97,9,09:34:02.628318745
117.97,12,09:34:02.628318745
117.97,1,09:34:02.628334911
117.97,2,09:34:02.628334911
117.97,1,09:34:02.628354962
117.97,4,09:34:02.628354962
117.97,19,09:34:02.629154690
117.97,1,09:34:02.629395333
117.97,2,09:34:02.629723393
117.97,1,09:34:02.629723393
117.97,3,09:34:02.630031185
117.97,2,09:34:02.630031185
117.97,1,09:34:02.630338055
117.97,3,09:34:02.630493985
117.97,1,09:34:02.638867740
117.97,1,09:34:02.673923973
117.97,1,09:34:02.887903476
117.97,1,09:34:03.699884236
117.97,1,09:34:03.936968922
117.97,1,09:34:04.422713074
117.97,2,09:34:04.615314691
117.97,2,09:34:06.897466564
117.97,2,09:34:06.897481892
117.97,1,09:34:06.897481892
117.97,4,09:34:06.897615423
117.97,1,09:34:06.897635576
117.97,3,09:34:06.897635576
117.97,4,09:34:06.897635576
117.97,10,09:34:06.897635576
117.97,4,09:34:06.897661662
117.97,3,09:34:06.897661662
117.97,2,09:34:06.897661662
117.97,3,09:34:06.897964698
117.97,1,09:34:06.908171533
117.97,9,09:34:06.910621340
117.96,1,09:34:12.895427661
117.97,1,09:34:14.754668205
117.97,1,09:34:14.754752375
117.97,1,09:34:14.755144656
117.97,1,09:34:14.755262889
117.97,3,09:34:14.755262889
117.97,2,09:34:14.755345714
117.97,37,09:34:14.755713126
117.97,1,09:34:14.755713126
117.97,1,09:34:14.755896981
117.97,3,09:34:14.755914450
117.97,1,09:34:14.755914450
117.97,2,09:34:14.755914450
117.97,5,09:34:14.755928197
117.97,1,09:34:14.755942866
117.97,1,09:34:17.574138053
117.97,1,09:34:17.574152280
117.97,4,09:34:19.939900125
117.97,1,09:34:25.644037498
117.97,1,09:34:25.644051530
117.97,3,09:34:25.644198471
117.97,12,09:34:25.644234215
117.97,4,09:34:25.644234215
117.97,3,09:34:25.644234215
117.97,1,09:34:25.644234215
117.97,7,09:34:25.644234215
117.97,2,09:34:25.644234215
117.97,8,09:34:25.644234215
117.97,1,09:34:25.645446294
117.97,4,09:34:25.645564243
117.97,4,09:34:29.316646155
117.97,1,09:34:29.316646155
117.97,1,09:34:29.444773868
117.97,1,09:34:31.740087408
117.97,2,09:34:31.740117356
117.97,1,09:34:31.740117356
117.97,10,09:34:31.740117356
117.96,6,09:34:40.701289899
117.96,4,09:34:40.701369678
117.96,2,09:34:40.701369678
117.96,4,09:34:40.701672762
117.96,18,09:34:40.701672762
117.96,9,09:34:40.701770596
117.96,3,09:34:40.702020560
117.96,28,09:34:40.702036036
117.96,5,09:34:40.702036036
117.96,18,09:34:40.702036036
117.96,8,09:34:40.702050534
117.96,10,09:34:40.702050534
117.96,4,09:34:40.702138676
117.96,1,09:34:40.702152455
117.96,4,09:34:40.702251556
117.96,75,09:34:40.702348703
117.96,2,09:34:40.702348703
117.96,6,09:34:40.702504617
117.96,3,09:34:40.702517731
117.96,1,09:34:40.702532221
117.96,9,09:34:40.702532221
117.96,4,09:34:40.702549261
117.96,9,09:34:40.715316552
117.96,3,09:34:40.728171039
117.96,1,09:34:40.728171039
117.96,3,09:34:40.728260204
117.96,1,09:34:40.728275718
117.96,1,09:34:40.728549859
117.96,1,09:34:40.729843240
117.96,5,09:34:40.741811072
117.96,1,09:34:40.741811072
117.96,2,09:34:40.741811072
117.96,2,09:34:40.816306123
117.96,3,09:34:40.816825495
117.96,1,09:34:40.816825495
117.96,1,09:34:40.901806775
117.96,1,09:34:40.901937402
117.96,2,09:34:40.937181655
117.96,2,09:34:41.964805717
117.96,1,09:34:41.992566269
117.96,2,09:34:42.017971235
117.96,4,09:34:42.018182412
117.96,1,09:34:42.018520721
117.96,2,09:34:42.906006383
117.97,1,09:34:47.576573290
117.97,24,09:34:47.576573290
117.97,2,09:34:47.577154410
117.97,1,09:34:47.577574691
117.97,1,09:34:47.577589491
117.97,1,09:34:47.577604675
117.97,1,09:34:47.577619549
117.97,1,09:34:47.577636022
117.97,1,09:34:47.577650502
117.97,1,09:34:47.577664678
117.97,1,09:34:47.577679712
117.97,1,09:34:47.577697497
117.97,1,09:34:47.577711661
117.97,1,09:34:47.577726486
117.97,1,09:34:47.577740560
117.97,1,09:34:47.577757305
117.97,1,09:34:47.577770230
117.97,2,09:34:47.577790330
117.97,1,09:34:47.577790330
117.97,1,09:34:47.588617308
117.97,1,09:34:47.611004587
117.97,2,09:34:47.613618979
117.98,25,09:34:48.229421448
117.97,1,09:34:51.508851059
117.97,1,09:34:51.508950314
117.97,6,09:34:51.508950314
117.97,1,09:34:51.509524372
117.97,2,09:34:51.620382481
117.97,1,09:34:56.792404494
117.97,5,09:34:56.822018087
117.97,1,09:34:56.822032650
117.97,1,09:34:56.822048186
117.97,3,09:34:56.822064723
117.97,4,09:34:56.822064723
117.97,1,09:34:56.822064723
117.97,1,09:34:56.822102887
117.97,3,09:34:56.822102887
117.97,1,09:34:57.551134508
117.97,4,09:34:57.551134508
117.97,1,09:34:57.551197506
117.98,22,09:35:02.690403432
117.97,1,09:35:06.484723162
117.97,9,09:35:06.484723162
117.97,1,09:35:06.484738634
117.97,3,09:35:06.484738634
117.97,4,09:35:06.484738634
117.97,3,09:35:06.484776491
117.97,7,09:35:06.484776491
117.97,1,09:35:06.484776491
117.97,6,09:35:06.484776491
117.97,3,09:35:06.485249477
117.97,4,09:35:06.485702782
117.97,1,09:35:06.485702782
117.97,2,09:35:06.485791435
117.97,1,09:35:06.505442955
117.97,1,09:35:06.640123482
117.97,3,09:35:06.713376057
117.98,43,09:35:10.683077532
117.98,2,09:35:10.683077532
117.98,18,09:35:10.684322229
117.98,32,09:35:10.684337909
117.98,1,09:35:10.684354053
117.98,1,09:35:10.684369483
117.98,10,09:35:10.684369483
117.98,1,09:35:10.684383160
117.98,1,09:35:10.684399157
117.98,1,09:35:10.684412984
117.98,1,09:35:10.684554424
117.98,1,09:35:10.684568792
117.98,1,09:35:10.684582462
117.98,1,09:35:10.684596353
117.98,1,09:35:10.684611534
117.98,1,09:35:10.684625131
117.98,1,09:35:10.684639800
117.98,3,09:35:10.684639800
117.98,4,09:35:10.684662235
117.98,1,09:35:10.695703098
117.98,1,09:35:10.695796986
117.98,1,09:35:10.716553181
117.98,4,09:35:10.739359496
117.98,1,09:35:10.782686563
117.98,1,09:35:11.029073250
117.99,1,09:35:16.024310978
117.99,2,09:35:16.024310978
117.99,3,09:35:16.024785338
117.99,1,09:35:16.025410904
117.99,3,09:35:16.025410904
117.99,2,09:35:16.025527908
117.99,1,09:35:16.025766398
117.99,2,09:35:16.025936196
117.99,1,09:35:16.025950321
117.99,1,09:35:16.025968922
117.99,2,09:35:16.025968922
117.99,1,09:35:16.026280199
117.99,2,09:35:16.026318733
117.99,3,09:35:16.026335540
117.99,3,09:35:16.027116131
117.99,2,09:35:16.034415246
117.99,1,09:35:16.034494395
117.99,8,09:35:16.034718383
117.99,1,09:35:16.036468324
117.99,1,09:35:16.046543255
117.99,1,09:35:16.046644699
117.99,1,09:35:16.046661659
117.99,1,09:35:18.214939345
117.99,1,09:35:18.260293743
117.99,13,09:35:18.714774078
117.99,1,09:35:18.715115398
117.99,1,09:35:18.715129916
117.99,1,09:35:18.715145020
117.98,1,09:35:18.715160925
117.98,2,09:35:18.715160925
117.98,4,09:35:18.715160925
117.98,3,09:35:18.715160925
117.98,1,09:35:18.715177200
117.98,9,09:35:18.715191840
117.98,4,09:35:18.715191840
117.98,4,09:35:18.715205978
117.98,1,09:35:18.715315613
117.98,13,09:35:18.715329568
117.98,8,09:35:18.715344093
117.98,4,09:35:18.715344093
117.98,1,09:35:18.715358502
117.98,2,09:35:18.715373805
117.98,6,09:35:18.715373805
117.98,2,09:35:18.715387401
117.98,7,09:35:18.715402224
117.98,7,09:35:18.715424519
117.98,4,09:35:18.715794323
117.98,3,09:35:18.715808009
117.98,1,09:35:18.716580723
117.98,16,09:35:18.716618473
117.98,12,09:35:18.716809180
117.98,4,09:35:18.716824316
117.98,8,09:35:18.716853657
117.98,5,09:35:18.716867468
117.98,1,09:35:18.716906006
117.98,4,09:35:18.717328284
117.98,3,09:35:18.717486802
117.98,15,09:35:18.727612053
117.98,23,09:35:18.741126694
117.98,1,09:35:18.741126694
117.98,11,09:35:19.730801076
117.98,4,09:35:19.730961671
117.98,1,09:35:19.730961671
117.98,1,09:35:19.731782205
117.98,1,09:35:19.741835497
117.98,1,09:35:19.848040595
117.98,1,09:35:31.005536880
117.98,3,09:35:31.005665485
117.98,1,09:35:31.005697495
117.98,5,09:35:31.005697495
117.98,4,09:35:31.005697495
117.98,1,09:35:31.123904848
117.98,1,09:35:31.125313966
117.98,1,09:35:31.480625429
117.98,1,09:35:33.202606292
117.98,1,09:35:34.560527580
117.98,4,09:35:34.560527580
117.98,1,09:35:34.560616633
117.98,1,09:35:34.560635363
117.98,2,09:35:34.560635363
117.98,1,09:35:34.561004806
117.98,1,09:35:35.708744238
117.98,1,09:35:40.286959209
117.98,1,09:35:40.286973151
117.98,1,09:35:40.287030216
117.98,1,09:35:40.780788036
117.98,1,09:35:40.801825289
117.98,4,09:35:40.801825289
117.98,1,09:35:42.879853741
117.98,1,09:35:44.267716083
117.98,1,09:35:44.267829477
117.98,8,09:35:49.310295669
117.98,4,09:35:49.310437403
117.98,3,09:35:49.310437403
117.98,1,09:35:49.310470234
117.98,16,09:35:49.310470234
117.98,13,09:35:49.310470234
117.98,1,09:35:49.312187325
117.98,1,09:35:50.507836328
117.98,1,09:35:50.508707675
117.98,3,09:35:50.508707675
117.98,1,09:35:54.771500226
117.98,2,09:35:54.771515762
117.97,1,09:35:56.405950214
117.97,1,09:35:56.406122228
117.97,4,09:35:56.406122228
117.97,11,09:35:56.406157259
117.97,1,09:35:56.406157259
117.97,3,09:35:56.406157259
117.97,10,09:35:56.406157259
117.97,2,09:35:56.406157259
117.97,8,09:35:56.406157259
117.97,4,09:35:56.406157259
117.98,1,09:35:56.787330133
117.98,4,09:35:56.787330133
117.98,1,09:35:56.787345378
117.97,9,09:35:56.805301955
117.97,5,09:35:56.805301955
117.97,9,09:35:56.805457517
117.97,3,09:35:56.805471729
117.97,1,09:35:56.805471729
117.97,2,09:35:56.805487783
117.97,1,09:35:56.805487783
117.97,1,09:35:56.805502039
117.97,1,09:35:56.805517244
117.97,4,09:35:56.805517244
117.97,8,09:35:56.805517244
117.97,7,09:35:56.805676141
117.97,10,09:35:56.805690067
117.97,8,09:35:56.805705843
117.97,5,09:35:56.805720307
117.97,1,09:35:56.805734461
117.97,1,09:35:56.805748781
117.97,2,09:35:56.805764874
117.97,4,09:35:56.805778925
117.97,3,09:35:56.805796726
117.97,2,09:35:56.805812064
117.97,3,09:35:56.805834100
117.97,3,09:35:56.806180662
117.97,8,09:36:00.320099854
117.97,3,09:36:00.320099854
117.97,3,09:36:00.320259291
117.97,1,09:36:00.320297432
117.97,11,09:36:00.320297432
117.97,15,09:36:00.320297432
117.97,3,09:36:00.320297432
117.97,12,09:36:00.320297432
117.97,6,09:36:00.320297432
117.97,6,09:36:00.321107396
117.97,9,09:36:00.321128695
117.97,17,09:36:00.321128695
117.97,3,09:36:00.321145256
117.97,1,09:36:00.321459044
117.97,1,09:36:00.366374624
117.97,1,09:36:00.366390772
117.97,1,09:36:00.390649287
117.97,2,09:36:01.213891346
117.97,1,09:36:01.213891346
117.97,1,09:36:01.213984553
117.97,1,09:36:01.214004166
117.97,3,09:36:01.214004166
117.97,42,09:36:01.214854852
117.97,8,09:36:01.215264827
117.97,4,09:36:01.215264827
117.97,1,09:36:01.215264827
117.97,2,09:36:01.753412921
117.97,1,09:36:03.490628045
117.97,4,09:36:07.786614939
117.97,1,09:36:07.786629982
117.97,3,09:36:07.786629982
117.97,1,09:36:07.786743332
117.97,7,09:36:07.786758773
117.97,1,09:36:07.786758773
117.97,1,09:36:07.786772804
117.97,1,09:36:07.786788040
117.97,1,09:36:07.786805934
117.97,2,09:36:07.787053134
117.97,4,09:36:07.787066747
117.97,1,09:36:07.787213434
117.97,1,09:36:07.787228798
117.97,5,09:36:07.787228798
117.97,1,09:36:07.787244958
117.97,1,09:36:07.787263323
117.97,12,09:36:16.269294070
117.97,1,09:36:16.269294070
117.97,4,09:36:16.269415817
117.97,3,09:36:16.269415817
117.97,6,09:36:16.269448972
117.97,1,09:36:16.269448972
117.97,3,09:36:16.269448972
117.97,18,09:36:16.270386937
117.97,2,09:36:16.271926581
117.97,7,09:36:16.272006578
117.98,3,09:36:17.797596850
117.98,1,09:36:17.797596850
117.98,2,09:36:17.797704334
117.98,1,09:36:17.797731513
117.98,2,09:36:17.797731513
117.98,3,09:36:17.798273503
117.98,1,09:36:22.414759462
117.98,1,09:36:22.415006237
117.98,8,09:36:22.415047533
117.98,3,09:36:22.415047533
117.98,1,09:36:22.415047533
117.98,3,09:36:22.415176989
117.98,6,09:36:23.708022251
117.98,1,09:36:23.708088017
117.98,1,09:36:25.429308700
117.98,1,09:36:25.429512949
117.98,1,09:36:25.429528380
117.98,1,09:36:25.429564147
117.98,1,09:36:27.249731985
117.98,1,09:36:27.250117071
117.98,1,09:36:29.976222824
117.98,1,09:36:30.707378908
117.98,1,09:36:32.999587062
117.98,1,09:36:32.999677110
117.98,1,09:36:34.120002706
117.98,3,09:36:34.120112621
117.98,1,09:36:34.120127933
117.98,1,09:36:35.595353419
117.98,1,09:36:43.489282832
117.98,1,09:36:43.489381184
117.98,3,09:36:43.489419478
117.98,1,09:36:43.489419478
117.98,8,09:36:43.489419478
117.98,34,09:36:54.882866625
117.98,1,09:36:54.882880800
117.98,1,09:36:54.882980877
117.98,1,09:36:54.883001005
117.98,1,09:36:56.746553110
117.99,1,09:36:58.333667415
117.99,4,09:36:58.333667415
117.99,2,09:36:58.333757028
117.99,2,09:36:58.333771876
117.99,2,09:36:59.529666209
117.99,3,09:36:59.529742449
117.99,1,09:36:59.529935521
117.99,1,09:36:59.530057764
117.99,2,09:36:59.530057764
117.99,1,09:36:59.530572951
117.99,1,09:36:59.530895917
117.99,1,09:36:59.531060023
117.99,1,09:36:59.535684051
117.99,1,09:37:00.166511739
117.99,1,09:37:00.166804122
118.0,1,09:37:03.662592123
118.0,1,09:37:08.930377827
118.0,2,09:37:08.930377827
118.0,3,09:37:08.930377827
117.99,1,09:37:14.683599148
117.99,3,09:37:14.683599148
117.99,11,09:37:14.683599148
117.99,2,09:37:14.683599148
117.99,1,09:37:14.707703751
117.99,3,09:37:17.909010477
117.99,4,09:37:17.909228669
117.99,1,09:37:17.909243853
117.99,8,09:37:17.909258265
117.99,3,09:37:17.909258265
117.99,5,09:37:17.909258265
117.99,1,09:37:17.909274861
117.99,6,09:37:17.909274861
117.99,50,09:37:17.909274861
117.99,7,09:37:17.909274861
117.99,3,09:37:17.909289939
117.99,1,09:37:17.909289939
117.99,2,09:37:17.909289939
117.99,2,09:37:17.909309418
117.99,1,09:37:17.909879155
117.99,4,09:37:17.909879155
117.99,1,09:37:17.910024652
117.99,1,09:37:17.910255340
118.0,1,09:37:21.513178804
118.0,4,09:37:21.513178804
118.0,1,09:37:22.663058980
118.0,1,09:37:22.663801446
118.0,1,09:37:22.663830160
118.0,1,09:37:22.965127860
118.0,1,09:37:22.966030772
118.0,1,09:37:22.966049197
118.0,1,09:37:22.986587427
118.0,1,09:37:22.987039286
118.0,1,09:37:23.032937808
118.0,1,09:37:24.034494425
118.0,1,09:37:24.034695443
118.0,1,09:37:30.616610292
118.0,1,09:37:30.616932861
118.0,1,09:37:30.617257158
118.0,2,09:37:30.617257158
118.0,1,09:37:32.409557364
118.0,1,09:37:32.439663705
118.0,1,09:37:35.932082055
118.0,4,09:37:35.932082055
118.0,1,09:37:35.932181319
118.0,1,09:37:35.932209741
118.0,9,09:37:35.932209741
118.0,4,09:37:40.268270469
118.0,1,09:37:40.268342033
118.0,1,09:37:40.268696632
118.0,2,09:37:40.268815550
118.0,1,09:37:40.268815550
118.0,1,09:37:40.268902706
118.0,1,09:37:40.269255741
118.0,1,09:37:41.803550391
118.01,1,09:37:50.191410770
118.0,1,09:37:51.978564591
118.0,1,09:37:51.978667801
118.0,1,09:37:51.978693912
118.0,4,09:37:51.978693912
118.0,3,09:37:51.978693912
118.0,9,09:37:51.978693912
118.0,1,09:37:51.979573859
118.0,1,09:37:52.896226584
118.0,1,09:37:54.038897115
118.0,1,09:37:55.914630460
118.0,1,09:37:55.914725685
118.0,1,09:37:55.914741525
118.0,1,09:37:55.937614157
118.0,1,09:37:58.014327070
118.0,1,09:37:59.148393607
118.0,8,09:37:59.148393607
118.0,1,09:37:59.148489063
118.0,4,09:37:59.148489063
118.0,4,09:37:59.148510644
118.0,2,09:37:59.148510644
118.0,1,09:37:59.238905787
118.0,1,09:37:59.269025838
118.01,1,09:38:04.946459649
118.0,1,09:38:12.888440212
118.01,1,09:38:16.458252499
118.01,1,09:38:16.458353695
118.01,1,09:38:16.458372757
118.01,2,09:38:16.458578337
118.01,1,09:38:16.458578337
118.01,1,09:38:16.458698853
118.01,1,09:38:16.458722891
118.01,2,09:38:16.458722891
118.01,1,09:38:16.503525305
118.01,1,09:38:16.503729306
118.01,1,09:38:16.645448329
118.01,1,09:38:32.220420269
118.01,1,09:38:36.060998430
118.01,1,09:38:40.278177284
118.01,1,09:38:40.278277521
118.01,1,09:38:40.278301643
118.01,4,09:38:40.278301643
118.01,1,09:38:40.278536939
118.01,4,09:38:40.278715230
118.01,1,09:38:41.074904337
118.01,1,09:38:41.075107035
118.01,1,09:38:41.075230330
118.01,4,09:38:41.075230330
118.01,1,09:38:41.125391174
118.01,1,09:38:43.192892389
118.01,2,09:38:43.192968281
118.01,1,09:38:45.932838897
118.01,4,09:38:45.933206980
118.01,9,09:38:45.933243505
118.01,1,09:38:45.933243505
118.01,3,09:38:45.933243505
118.01,4,09:38:45.933243505
118.01,1,09:38:46.204657868
118.01,1,09:38:46.817664076
118.01,1,09:38:48.869469000
118.01,1,09:38:48.894647130
118.01,1,09:38:48.895037757
118.01,1,09:38:48.895820499
118.01,4,09:38:51.568510716
118.01,2,09:38:55.623289565
118.01,1,09:38:55.623303238
118.01,2,09:38:55.623318285
118.01,2,09:38:55.623509818
118.01,2,09:38:55.623524835
118.01,2,09:38:55.623706477
118.01,1,09:38:55.751294540
118.01,2,09:38:56.173027085
118.01,1,09:38:56.173042233
118.01,4,09:38:56.173075974
118.01,1,09:38:56.173075974
118.01,13,09:38:56.173075974
118.01,8,09:38:56.173075974
118.01,14,09:38:58.188489202
118.01,1,09:38:58.188489202
118.01,25,09:39:04.585168117
118.01,2,09:39:04.585249771
118.01,1,09:39:04.585249771
118.01,1,09:39:04.585265002
118.01,2,09:39:04.585594494
118.01,2,09:39:04.585627617
118.01,13,09:39:04.585627617
118.01,4,09:39:04.585627617
118.01,5,09:39:04.585627617
118.01,1,09:39:04.585965630
118.01,1,09:39:04.607731073
118.01,7,09:39:04.607731073
118.01,5,09:39:04.607731073
118.01,4,09:39:04.607825800
118.01,1,09:39:04.607843842
118.01,2,09:39:04.608242958
118.01,2,09:39:14.560235804
118.01,4,09:39:14.560235804
118.01,1,09:39:14.560569538
118.01,2,09:39:14.560569538
118.01,1,09:39:14.560697817
118.01,4,09:39:14.560697817
118.01,1,09:39:14.560715083
118.01,5,09:39:14.917085899
118.01,1,09:39:14.917102661
118.01,1,09:39:14.917293718
118.01,2,09:39:14.917293718
118.01,1,09:39:14.927706257
118.01,3,09:39:14.927706257
118.01,1,09:39:14.927780971
118.01,1,09:39:14.928227572
118.01,1,09:39:14.938515599
118.01,1,09:39:14.939262004
118.01,3,09:39:14.939364527
118.01,1,09:39:15.002500208
118.01,4,09:39:15.350639877
118.01,1,09:39:15.361710183
118.01,2,09:39:15.361710183
118.01,1,09:39:15.361789201
118.01,1,09:39:15.362307156
118.0,1,09:39:19.034768347
118.0,1,09:39:21.007442731
118.0,2,09:39:25.107754341
118.0,13,09:39:25.107865595
118.0,4,09:39:25.107895455
118.0,1,09:39:25.107895455
118.0,1,09:39:32.895799035
118.01,5,09:39:32.993478765
118.01,1,09:39:32.993693727
118.01,1,09:39:32.993708985
118.01,4,09:39:32.993722710
118.01,1,09:39:32.993738351
118.01,1,09:39:32.993752981
118.01,4,09:39:32.993752981
118.01,2,09:39:32.993766943
118.01,11,09:39:32.993782153
118.01,2,09:39:32.993782153
118.01,1,09:39:32.993799756
118.01,3,09:39:32.993815737
118.01,2,09:39:32.993828693
118.01,1,09:39:32.993843618
118.01,3,09:39:32.993858908
118.01,2,09:39:32.993872258
118.01,2,09:39:32.993888287
118.01,6,09:39:32.994191237
118.01,1,09:39:32.994191237
118.01,2,09:39:32.994829890
118.01,4,09:39:32.994847730
118.01,2,09:39:32.994880827
118.01,2,09:39:32.995492261
118.0,2,09:39:42.912552812
118.0,1,09:39:52.902370301
118.0,2,09:39:54.817741836
118.0,1,09:39:54.817741836
118.0,1,09:39:54.817912070
118.0,4,09:39:54.817926044
118.0,4,09:39:54.817946505
118.0,2,09:39:54.817946505
118.0,7,09:39:54.817946505
118.0,1,09:39:54.817969792
118.0,6,09:39:54.817969792
118.0,9,09:39:54.817969792
118.0,2,09:39:54.817969792
118.0,5,09:39:54.817969792
118.0,1,09:39:54.817985836
118.0,1,09:39:54.844421686
118.0,3,09:39:57.650302113
118.0,2,09:39:57.650302113
118.0,1,09:40:00.141982004
118.0,1,09:40:00.141998643
118.0,4,09:40:00.141998643
118.0,2,09:40:00.142014567
118.0,1,09:40:00.142014567
118.0,1,09:40:00.142028592
118.0,7,09:40:00.142042841
118.0,1,09:40:00.142476013
118.0,1,09:40:00.273058174
118.0,1,09:40:00.273072152
118.0,1,09:40:00.273165764
118.0,8,09:40:01.251431413
118.0,1,09:40:01.251510094
118.0,1,09:40:01.251526004
117.99,1,09:40:02.902865728
117.99,1,09:40:02.903230095
117.99,4,09:40:03.631506704
117.99,1,09:40:03.631522781
117.99,1,09:40:03.671816824
117.99,1,09:40:03.672089509
117.99,1,09:40:03.672514369
117.99,2,09:40:03.684485423
117.99,1,09:40:03.684500129
117.99,1,09:40:06.435675691
117.99,1,09:40:06.435700587
117.99,2,09:40:06.435700587
117.99,8,09:40:06.435700587
117.99,4,09:40:06.435700587
117.99,1,09:40:06.516328966
118.0,1,09:40:08.898532903
118.0,1,09:40:08.898547146
118.0,1,09:40:08.898824576
118.0,3,09:40:08.898840679
118.0,4,09:40:08.898840679
118.0,1,09:40:08.898840679
118.0,1,09:40:08.898859936
118.0,8,09:40:08.898859936
118.0,2,09:40:08.898859936
118.0,4,09:40:08.898859936
118.0,1,09:40:08.898875501
118.0,1,09:40:09.001560456
118.0,8,09:40:09.001560456
118.0,1,09:40:09.001637716
117.99,1,09:40:12.897469197
118.0,1,09:40:18.728722470
118.0,1,09:40:18.728801040
118.0,1,09:40:20.171518479
118.0,1,09:40:20.171532008
118.0,1,09:40:20.171618023
118.0,1,09:40:20.172155211
118.0,3,09:40:20.172155211
118.0,1,09:40:20.172271768
118.0,1,09:40:20.173017632
118.0,1,09:40:20.173303430
118.0,1,09:40:20.173421733
118.0,1,09:40:21.411103719
118.0,1,09:40:21.473546065
118.0,1,09:40:21.473881867
118.0,3,09:40:22.284789718
118.0,1,09:40:22.284789718
117.99,1,09:40:22.890051500
118.0,2,09:40:28.478184486
117.99,2,09:40:31.373973672
117.99,1,09:40:31.373973672
117.99,12,09:40:31.374228886
117.99,4,09:40:31.374244879
117.99,1,09:40:31.374260441
117.99,1,09:40:31.374273951
117.99,5,09:40:31.374288950
117.99,1,09:40:31.374288950
117.99,1,09:40:31.374304390
117.99,1,09:40:31.374320934
117.99,1,09:40:31.374335154
117.99,1,09:40:31.374350671
117.99,4,09:40:31.374369077
117.99,3,09:40:31.374384495
117.99,1,09:40:31.374384495
117.99,9,09:40:31.374400671
117.99,11,09:40:31.374415183
117.99,5,09:40:31.374429961
117.99,6,09:40:31.374429961
117.99,2,09:40:31.374448953
117.99,6,09:40:31.374463778
117.99,1,09:40:31.374479334
117.99,1,09:40:31.375537237
117.99,1,09:40:31.375550306
117.99,3,09:40:31.375690736
117.99,8,09:40:31.375690736
117.99,1,09:40:31.397537939
117.99,2,09:40:31.397537939
117.98,3,09:40:31.478537744
117.98,1,09:40:32.893568724
117.99,4,09:40:32.893915120
117.99,4,09:40:32.893997498
117.99,1,09:40:32.894015638
117.98,3,09:40:35.122518166
117.98,12,09:40:35.122518166
117.98,10,09:40:35.122518166
117.98,4,09:40:35.122693084
117.98,6,09:40:35.122707670
117.98,17,09:40:35.122723445
117.98,1,09:40:35.122723445
117.98,8,09:40:35.122738656
117.98,9,09:40:35.122738656
117.98,4,09:40:35.122752975
117.98,2,09:40:35.122768454
117.98,10,09:40:35.122768454
117.98,4,09:40:35.122781868
117.98,4,09:40:35.122799708
117.98,1,09:40:35.122820319
117.98,2,09:40:35.122840562
117.99,1,09:40:36.655276350
117.99,1,09:40:36.655392679
117.99,1,09:40:36.655425873
117.99,4,09:40:36.655425873
117.99,2,09:40:36.655425873
117.99,4,09:40:36.655496443
117.99,1,09:40:36.655517124
117.99,10,09:40:36.656462497
117.99,1,09:40:36.747754685
117.99,1,09:40:36.748730244
117.99,4,09:40:36.748730244
117.99,1,09:40:40.555736678
117.99,1,09:40:42.894506268
117.99,1,09:40:52.898652784
117.99,1,09:41:02.894787941
118.0,13,09:41:07.477143920
118.0,1,09:41:07.477172775
118.0,2,09:41:07.477172775
118.0,25,09:41:07.477172775
118.0,4,09:41:07.477172775
118.0,1,09:41:07.477197524
118.0,1,09:41:07.477546563
118.0,1,09:41:07.477719952
118.0,1,09:41:07.505458286
118.0,1,09:41:07.520876707
118.0,1,09:41:11.650542264
118.0,1,09:41:11.650556798
118.0,4,09:41:11.650556798
118.0,6,09:41:11.650571105
118.0,10,09:41:11.650571105
118.0,11,09:41:11.650571105
118.0,7,09:41:11.650587515
118.0,4,09:41:11.650587515
118.0,2,09:41:11.650587515
118.0,1,09:41:11.650587515
118.0,1,09:41:11.650605368
118.0,2,09:41:11.650605368
118.0,1,09:41:11.650624414
118.0,1,09:41:11.661881904
118.0,1,09:41:11.674403285
117.99,1,09:41:12.902505894
118.0,6,09:41:20.283423684
117.99,2,09:41:22.971071284
117.99,9,09:41:22.971071284
117.99,1,09:41:22.971240394
117.99,1,09:41:22.971257259
117.99,1,09:41:22.971273623
117.99,2,09:41:22.971273623
117.99,4,09:41:22.971287622
117.99,8,09:41:22.971287622
117.99,10,09:41:22.971287622
117.99,1,09:41:22.971303188
117.99,16,09:41:22.971925531
117.99,1,09:41:22.994293000
117.99,1,09:41:23.013908468
117.99,1,09:41:23.846072777
117.99,1,09:41:23.846147743
117.99,1,09:41:23.875238249
117.99,1,09:41:24.232885620
117.99,2,09:41:25.433157768
117.99,1,09:41:25.433157768
117.99,5,09:41:25.433157768
117.99,1,09:41:25.433551770
118.0,1,09:41:28.156338623
118.0,8,09:41:28.156446597
118.0,2,09:41:28.156507564
118.0,1,09:41:28.156507564
118.0,5,09:41:28.156507564
118.0,1,09:41:28.157121230
118.0,14,09:41:28.157121230
118.0,1,09:41:28.157717968
118.0,1,09:41:28.157997064
118.0,2,09:41:28.157997064
118.0,1,09:41:30.174571875
118.0,1,09:41:30.174822550
118.01,1,09:41:34.197758222
118.01,2,09:41:34.197758222
118.01,2,09:41:34.197842171
118.01,5,09:41:34.197842171
118.0,1,09:41:34.465175903
118.01,2,09:41:41.511601082
118.01,1,09:41:41.511601082
118.01,5,09:41:41.511719838
118.01,1,09:41:41.511738689
118.01,3,09:41:41.511738689
118.01,5,09:41:41.511738689
118.01,4,09:41:41.511766836
118.01,1,09:41:41.511766836
118.01,18,09:41:41.511766836
118.01,2,09:41:41.511766836
118.01,5,09:41:42.324455565
118.01,5,09:41:42.842187691
118.01,2,09:41:42.842263925
118.01,5,09:41:42.852976119
118.01,1,09:41:42.853185886
118.01,2,09:41:42.863694617
118.01,1,09:41:42.863763818
118.01,4,09:41:44.229499467
118.01,5,09:41:44.229499467
118.01,4,09:41:44.229579691
118.01,1,09:41:44.240222233
118.01,2,09:41:44.240222233
118.01,2,09:41:44.240297577
118.01,1,09:41:44.240455137
118.01,5,09:41:44.789808441
118.01,2,09:41:44.789824031
118.01,1,09:41:45.245854717
118.01,5,09:41:45.245854717
118.01,1,09:41:45.771238267
118.01,4,09:41:45.771470135
118.01,1,09:41:45.771470135
118.02,3,09:41:52.728072158
118.02,1,09:41:52.728072158
118.02,1,09:41:52.728527195
118.02,1,09:41:52.728622520
118.02,1,09:41:52.747129048
118.02,2,09:41:52.747129048
118.02,1,09:41:52.763603668
118.02,1,09:41:52.764560988
118.02,1,09:41:52.773387453
118.02,1,09:41:52.790615294
118.02,1,09:41:52.811213389
118.02,1,09:41:52.964511265
118.02,1,09:41:54.305035276
118.02,1,09:41:54.305049234
118.02,1,09:42:03.167833453
118.03,2,09:42:04.448960479
118.02,1,09:42:04.535638162
118.02,1,09:42:04.624498922
118.02,1,09:42:04.633637997
118.02,1,09:42:04.669057692
118.02,8,09:42:08.452888277
118.02,2,09:42:08.452977330
118.02,1,09:42:08.452995244
118.02,1,09:42:08.453440141
118.02,3,09:42:08.454870196
118.02,1,09:42:08.587562724
118.02,2,09:42:10.431462174
118.02,1,09:42:10.431462174
118.02,4,09:42:10.431560219
118.02,4,09:42:10.431585899
118.02,1,09:42:10.431585899
118.02,2,09:42:10.431585899
118.02,1,09:42:10.431924754
118.02,2,09:42:10.454259983
118.02,1,09:42:12.790988607
118.02,2,09:42:12.790988607
118.02,2,09:42:33.920576063
118.02,8,09:42:33.920590648
118.02,4,09:42:33.920776741
118.02,2,09:42:33.920790847
118.02,1,09:42:33.920805513
118.02,1,09:42:33.920819134
118.02,1,09:42:33.920833772
118.02,4,09:42:33.920833772
118.02,1,09:42:33.920855938
118.02,14,09:42:33.920855938
118.02,1,09:42:33.920876350
118.02,2,09:42:33.920890376
118.02,17,09:42:33.920904514
118.02,1,09:42:33.920918213
118.02,1,09:42:33.920941295
118.01,1,09:42:44.555861372
118.01,5,09:42:44.555931000
118.01,5,09:42:44.556079260
118.01,2,09:42:44.556093762
118.01,19,09:42:44.556217973
118.01,2,09:42:44.556249855
118.01,1,09:42:44.556249855
118.01,5,09:42:44.556249855
118.01,1,09:42:44.556896533
118.01,1,09:42:44.600156475
118.01,1,09:42:44.751127224
118.0,2,09:42:57.684318455
118.0,1,09:42:57.684318455
118.0,3,09:42:57.684318455
118.0,4,09:42:57.684318455
118.0,2,09:42:57.684503334
118.0,3,09:42:57.684503334
118.0,2,09:42:57.684517824
118.0,3,09:42:57.684536715
118.0,4,09:42:57.684584816
118.0,6,09:42:57.684901690
118.0,1,09:42:57.695818338
118.0,1,09:42:57.721971309
118.0,1,09:42:57.744272142
118.0,1,09:42:58.363380792
118.0,2,09:42:58.363470105
117.99,1,09:42:59.081116433
117.99,2,09:42:59.081116433
117.99,1,09:42:59.081240317
117.99,1,09:42:59.081256750
117.99,4,09:42:59.081256750
117.99,1,09:42:59.081632561
117.99,2,09:42:59.081632561
117.99,4,09:43:00.440675044
117.99,1,09:43:00.440675044
117.99,1,09:43:01.227037597
117.99,1,09:43:04.705926972
117.99,3,09:43:04.705926972
117.99,1,09:43:04.706008230
117.99,3,09:43:05.172267466
117.99,1,09:43:05.172284269
117.99,1,09:43:05.172298938
117.99,4,09:43:05.172311482
117.99,1,09:43:05.172325687
117.99,8,09:43:05.172325687
117.98,30,09:43:09.473868688
117.99,2,09:43:18.311877568
117.98,3,09:43:22.184063937
117.98,3,09:43:22.184130789
117.98,1,09:43:22.185123764
117.98,3,09:43:22.185123764
117.98,1,09:43:22.185136641
117.98,9,09:43:22.185150775
117.98,7,09:43:22.185200954
117.98,1,09:43:22.185200954
117.98,15,09:43:22.185215441
117.98,1,09:43:22.185215441
117.98,1,09:43:22.185230746
117.98,1,09:43:22.188890049
117.98,1,09:43:22.189544439
117.98,2,09:43:22.189568155
117.98,1,09:43:22.211657180
117.98,1,09:43:22.282144813
117.99,1,09:43:23.638369512
117.99,1,09:43:23.638464760
117.99,2,09:43:23.638479439
117.99,3,09:43:23.638479439
117.98,1,09:43:27.038258854
117.98,20,09:43:36.818188064
117.98,39,09:43:36.818470151
117.98,2,09:43:36.818484326
117.98,1,09:43:36.818498534
117.98,1,09:43:36.818512698
117.98,5,09:43:36.818512698
117.98,1,09:43:36.818530387
117.98,3,09:43:36.818544230
117.98,4,09:43:36.818558211
117.98,4,09:43:36.818572592
117.98,1,09:43:36.818572592
117.98,1,09:43:37.086664769
117.97,2,09:43:39.520994610
117.97,3,09:43:39.521013515
117.97,1,09:43:39.521013515
117.97,2,09:43:39.521306594
117.97,3,09:43:39.521443244
117.97,1,09:43:39.521443244
117.97,1,09:43:39.542522147
117.97,1,09:43:39.542610365
117.97,1,09:43:39.542642509
117.97,2,09:43:39.543038771
117.97,9,09:43:39.543038771
117.97,1,09:43:39.632437777
117.97,4,09:43:41.418751471
117.97,2,09:43:41.418751471
117.97,1,09:43:41.418839509
117.97,2,09:43:41.418866508
117.97,2,09:43:41.419070513
117.97,1,09:43:41.419070513
117.96,1,09:43:44.165929752
117.96,1,09:43:59.344972337
117.96,32,09:43:59.345303655
117.96,3,09:43:59.345702003
117.96,14,09:43:59.346512642
117.96,4,09:43:59.346512642
117.96,4,09:43:59.346554971
117.96,1,09:43:59.346554971
117.96,2,09:43:59.346554971
117.96,1,09:43:59.356751442
117.96,3,09:43:59.356751442
117.97,1,09:44:07.162381982
117.97,2,09:44:07.162381982
117.97,1,09:44:07.162469190
117.97,7,09:44:07.162776657
117.97,3,09:44:07.162776657
117.97,1,09:44:07.162868673
117.97,5,09:44:07.162868673
117.97,3,09:44:07.162868673
117.97,1,09:44:07.162995502
117.97,1,09:44:07.163270122
117.97,1,09:44:07.163474532
117.97,1,09:44:07.163491687
117.97,1,09:44:08.288597941
117.97,2,09:44:08.288597941
117.97,1,09:44:08.341179872
117.97,1,09:44:08.465036481
117.97,1,09:44:09.261186869
117.97,1,09:44:09.779677001
117.97,1,09:44:09.801394157
117.97,1,09:44:09.925093317
117.97,1,09:44:09.945733829
117.97,1,09:44:11.428555171
117.97,1,09:44:11.428750569
117.96,10,09:44:14.148266029
117.96,9,09:44:14.148973205
117.96,24,09:44:16.177903637
117.96,1,09:44:16.177903637
117.96,25,09:44:16.178014955
117.96,2,09:44:16.178042877
117.96,1,09:44:16.178042877
117.96,2,09:44:16.178597896
117.96,1,09:44:16.593613595
117.96,8,09:44:16.593613595
117.96,7,09:44:16.593751188
117.96,5,09:44:16.593751188
117.96,2,09:44:16.593751188
117.96,1,09:44:16.594195697
117.96,4,09:44:16.594337963
117.96,1,09:44:16.594337963
117.96,8,09:44:16.594856448
117.96,1,09:44:16.594856448
117.96,5,09:44:16.594856448
117.96,1,09:44:16.711423434
117.96,1,09:44:19.133669856
117.96,1,09:44:19.134287079
117.96,1,09:44:21.681282048
117.96,1,09:44:25.256392409
117.96,2,09:44:25.256392409
117.96,16,09:44:25.256392409
117.96,3,09:44:25.256468555
117.96,1,09:44:26.098036275
117.96,1,09:44:26.349527365
117.96,1,09:44:26.624476120
117.96,1,09:44:26.824191034
117.95,1,09:44:29.204939603
117.95,1,09:44:29.467176964
117.95,2,09:44:32.187166060
117.95,1,09:44:32.766336360
117.95,3,09:44:32.766497096
117.95,9,09:44:32.766520411
117.95,5,09:44:32.766520411
117.95,1,09:44:32.766520411
117.95,2,09:44:32.766520411
117.95,8,09:44:32.766520411
117.95,3,09:44:32.766520411
117.95,6,09:44:32.766567445
117.95,10,09:44:32.766567445
117.95,1,09:44:32.766567445
117.95,4,09:44:40.277643788
117.95,2,09:44:40.277741573
117.95,4,09:44:40.277763349
117.95,1,09:44:40.277763349
117.95,1,09:44:40.278189734
117.95,3,09:44:40.278189734
117.95,1,09:44:40.302803030
117.95,8,09:44:51.026805636
117.95,1,09:44:51.026805636
117.95,1,09:44:51.026882116
117.95,4,09:44:51.045727724
117.95,1,09:44:51.045727724
117.95,4,09:44:51.212647781
117.95,1,09:44:51.304475316
117.95,7,09:44:51.761817653
117.95,1,09:44:51.761817653
117.95,1,09:44:51.761919497
117.95,2,09:44:51.761919497
117.95,4,09:45:00.007328028
117.95,4,09:45:00.007344926
117.95,1,09:45:06.542816551
117.95,1,09:45:06.542901614
117.95,1,09:45:06.542921813
117.95,2,09:45:09.600177383
117.95,6,09:45:09.600543561
117.95,1,09:45:09.600543561
117.95,1,09:45:09.907376674
117.95,1,09:45:14.672345549
117.95,4,09:45:14.672370934
117.95,7,09:45:14.672370934
117.95,3,09:45:14.672370934
117.95,2,09:45:14.672370934
117.95,1,09:45:14.672895731
117.95,1,09:45:14.695055091
117.95,1,09:45:15.303734226
117.95,2,09:45:15.502906719
117.95,1,09:45:18.908112385
117.95,2,09:45:22.256723154
117.95,1,09:45:22.256805575
117.95,2,09:45:22.256824263
117.96,1,09:45:24.619173762
117.96,4,09:45:24.619286827
117.96,4,09:45:24.619304692
117.96,1,09:45:24.619304692
117.96,2,09:45:24.619732513
117.96,15,09:45:24.619732513
117.96,7,09:45:24.619732513
117.96,1,09:45:24.619891028
117.96,1,09:45:24.619906670
117.96,3,09:45:24.619906670
117.96,1,09:45:24.619924058
117.96,1,09:45:24.619940106
117.96,1,09:45:24.620260711
117.96,1,09:45:24.620492951
117.96,2,09:45:24.620890080
117.96,4,09:45:24.795822495
117.96,1,09:45:24.851672801
117.95,1,09:45:29.082530854
117.95,17,09:45:31.089811310
117.95,6,09:45:31.090398983
117.95,3,09:45:31.090398983
117.95,3,09:45:31.090564628
117.95,1,09:45:31.090585347
117.95,1,09:45:31.090609780
117.95,3,09:45:31.090609780
117.95,1,09:45:31.101162463
117.95,2,09:45:31.120856830
117.95,8,09:45:41.277867099
117.95,10,09:45:41.277965671
117.95,2,09:45:41.277965671
117.95,1,09:45:41.278240698
117.95,4,09:45:41.278346396
117.95,1,09:45:41.278660375
117.95,9,09:45:41.278660375
117.95,6,09:45:41.278660375
117.95,3,09:45:41.278660375
117.95,29,09:45:41.278816951
117.95,2,09:45:41.278831094
117.95,1,09:45:41.278844438
117.95,1,09:45:41.327233774
117.95,5,09:45:42.224543772
117.95,1,09:45:42.224543772
117.95,1,09:45:45.105675002
117.95,1,09:45:55.084036090
117.95,1,09:45:56.448832008
117.95,4,09:45:56.448832008
117.95,1,09:45:56.448922923
117.95,1,09:45:56.448960072
117.95,1,09:46:03.414116954
117.95,3,09:46:03.414116954
117.95,2,09:46:03.414209208
117.95,1,09:46:03.414235593
117.95,2,09:46:03.414235593
117.95,2,09:46:03.456841380
117.95,6,09:46:06.964065382
117.95,4,09:46:06.964145425
117.94,4,09:46:10.967915812
117.94,9,09:46:10.967971866
117.94,4,09:46:10.968098404
117.94,9,09:46:10.968098404
117.94,12,09:46:10.968098404
117.94,2,09:46:10.968098404
117.94,1,09:46:10.968098404
117.94,2,09:46:10.968394030
117.94,1,09:46:10.968582282
117.94,1,09:46:10.968598077
117.94,7,09:46:10.968598077
117.94,2,09:46:10.968613489
117.94,15,09:46:10.968613489
117.94,1,09:46:10.968628346
117.94,2,09:46:10.968628346
117.94,1,09:46:10.968642698
117.94,3,09:46:10.968656646
117.94,1,09:46:10.968793075
117.94,1,09:46:10.968807610
117.94,1,09:46:10.992839218
117.93,1,09:46:12.118269602
117.93,4,09:46:12.118269602
117.93,1,09:46:12.118361163
117.93,4,09:46:12.118382116
117.93,3,09:46:12.118382116
117.93,1,09:46:12.118382116
117.93,2,09:46:12.118382116
117.93,2,09:46:12.118749842
117.93,1,09:46:12.118749842
117.93,1,09:46:12.119608078
117.93,2,09:46:12.119917150
117.93,4,09:46:12.169642296
117.93,1,09:46:12.169735921
117.93,1,09:46:14.638995123
117.93,3,09:46:14.686366309
117.93,4,09:46:14.686366309
117.93,3,09:46:14.686608888
117.93,2,09:46:14.686626127
117.93,1,09:46:14.686626127
117.93,2,09:46:14.686842286
117.93,1,09:46:15.198510956
117.92,4,09:46:15.255186759
117.93,9,09:46:15.426570750
117.93,6,09:46:16.408837390
117.93,2,09:46:16.408837390
117.93,10,09:46:17.209651014
117.93,2,09:46:17.209651014
117.93,10,09:46:17.220347491
117.93,1,09:46:17.220621392
117.93,7,09:46:17.231133947
117.93,1,09:46:17.231133947
117.93,1,09:46:17.291066097
117.93,7,09:46:17.352531851
117.93,2,09:46:19.432234946
117.93,1,09:46:19.455178992
117.93,1,09:46:23.042402987
117.94,4,09:46:24.422828074
117.94,1,09:46:24.422828074
117.94,5,09:46:24.422902884
117.94,1,09:46:25.614357974
117.94,15,09:46:25.614357974
117.94,2,09:46:25.614461187
117.94,1,09:46:25.614501740
117.94,2,09:46:25.614501740
117.94,3,09:46:25.614501740
117.94,1,09:46:25.614797731
117.94,3,09:46:25.614797731
117.94,4,09:46:25.614942256
117.94,8,09:46:25.614942256
117.94,1,09:46:25.614942256
117.94,20,09:46:25.614957260
117.94,8,09:46:25.615230063
117.94,1,09:46:25.615230063
117.94,1,09:46:25.615407634
117.94,1,09:46:25.615438252
117.94,1,09:46:25.663220187
117.95,1,09:46:28.190536597
117.95,2,09:46:28.190536597
117.95,2,09:46:28.190608978
117.95,1,09:46:29.548681535
117.95,2,09:46:29.548778732
117.95,4,09:46:29.548793548
117.94,1,09:46:32.042919292
117.94,4,09:46:32.043008572
117.94,1,09:46:32.043028713
117.94,2,09:46:32.043028713
117.94,4,09:46:37.297077283
117.94,1,09:46:40.273495984
117.94,3,09:46:40.273579671
117.94,1,09:46:40.273598864
117.94,1,09:46:42.069293114
117.94,1,09:46:43.033087591
117.94,8,09:46:43.033376833
117.94,1,09:46:45.395770414
117.94,1,09:46:48.784160887
117.93,1,09:46:50.037619903
117.93,2,09:46:50.037943931
117.93,2,09:46:50.038067233
117.93,1,09:46:50.038084507
117.93,3,09:46:50.038084507
117.93,1,09:46:51.385089012
117.93,10,09:46:51.385089012
117.93,1,09:46:51.385163964
117.94,2,09:46:51.960449754
117.94,8,09:46:51.960464801
117.94,1,09:46:51.960464801
117.94,1,09:46:51.960575194
117.94,1,09:46:51.960599594
117.94,4,09:46:51.960599594
117.94,2,09:46:51.960599594
117.94,3,09:46:51.960599594
117.94,9,09:46:52.495775324
117.94,4,09:46:52.495775324
117.94,12,09:46:52.495775324
117.94,25,09:46:53.045459952
117.94,9,09:46:53.045876521
117.94,1,09:46:53.045972722
117.94,2,09:46:57.160255582
117.94,1,09:46:57.160255582
117.94,4,09:46:57.160351758
117.94,1,09:46:57.160367358
117.94,4,09:46:57.160367358
117.95,1,09:47:01.203981505
117.94,1,09:47:02.666836785
117.94,2,09:47:02.666920647
117.94,1,09:47:02.666943604
117.94,1,09:47:02.687574050
117.94,4,09:47:02.687574050
117.94,1,09:47:02.687644866
117.94,15,09:47:06.151659535
117.94,1,09:47:06.152102676
117.94,2,09:47:06.152102676
117.94,1,09:47:06.175761967
117.94,1,09:47:16.387272413
117.94,2,09:47:16.387676484
117.94,12,09:47:16.387825457
117.94,1,09:47:16.387825457
117.94,10,09:47:16.387825457
117.94,18,09:47:16.387840160
117.94,1,09:47:17.049458058
117.95,1,09:47:18.129048410
117.95,1,09:47:18.129213782
117.95,1,09:47:18.129244151
117.95,4,09:47:18.129244151
117.95,7,09:47:18.129244151
117.95,2,09:47:18.129244151
117.95,1,09:47:18.156098699
117.95,1,09:47:18.233652720
117.95,1,09:47:18.262323117
117.95,1,09:47:20.034312722
117.96,1,09:47:21.200514423
117.96,2,09:47:22.601124675
117.96,3,09:47:22.601124675
117.96,1,09:47:22.601246319
117.96,1,09:47:22.601266409
117.96,2,09:47:22.601266409
117.96,2,09:47:22.601652589
117.96,7,09:47:25.035770691
117.96,1,09:47:25.035770691
117.96,1,09:47:25.035854890
117.96,6,09:47:25.035854890
117.97,1,09:47:25.313930316
117.97,1,09:47:25.454089450
117.97,1,09:47:26.285401090
117.97,3,09:47:26.285470568
117.97,3,09:47:30.145601722
117.97,5,09:47:30.145601722
117.97,1,09:47:30.145601722
117.97,2,09:47:30.145616074
117.97,2,09:47:30.145694203
117.97,1,09:47:35.016011818
117.97,1,09:47:35.016571922
117.97,1,09:47:35.017017747
117.97,1,09:47:35.291786624
117.97,1,09:47:38.038593817
117.97,1,09:47:40.603656781
117.97,1,09:47:40.698658820
117.97,2,09:47:40.698828944
117.97,1,09:47:43.036205969
117.98,11,09:47:43.056227907
117.98,1,09:47:43.752749287
117.98,2,09:47:43.752749287
117.98,1,09:47:43.753042234
117.98,1,09:47:43.791651640
117.98,1,09:47:45.145420241
117.97,2,09:47:49.231007159
117.97,1,09:47:49.468478553
117.98,1,09:48:00.365897704
117.97,1,09:48:01.153189685
117.97,1,09:48:01.153278301
117.97,2,09:48:01.153278301
117.97,1,09:48:01.153472335
117.97,1,09:48:03.212243644
117.97,1,09:48:04.707337035
117.97,8,09:48:04.707408465
117.97,13,09:48:04.707703552
117.97,2,09:48:04.707703552
117.97,1,09:48:04.707703552
117.97,1,09:48:04.707808359
117.97,1,09:48:04.708378343
117.97,1,09:48:04.712588087
117.97,1,09:48:04.712881092
117.97,1,09:48:04.713018656
117.97,1,09:48:08.431965936
117.97,1,09:48:08.432058090
117.97,2,09:48:08.432078369
117.97,1,09:48:08.432078369
117.97,1,09:48:08.432492111
117.96,1,09:48:10.037482774
117.97,1,09:48:10.438253676
117.97,1,09:48:11.492495401
117.97,1,09:48:12.087984019
117.97,1,09:48:12.606668764
117.97,1,09:48:17.938620302
117.97,1,09:48:18.598965724
117.97,2,09:48:18.598965724
117.97,3,09:48:18.599059581
117.97,4,09:48:18.599059581
117.97,1,09:48:18.600214495
117.98,1,09:48:25.896178449
117.99,1,09:48:31.210663469
117.99,2,09:48:31.210663469
117.99,4,09:48:31.210778510
117.99,1,09:48:31.210798514
117.99,2,09:48:31.210798514
118.0,2,09:48:32.316755440
117.99,1,09:48:32.552891898
117.99,2,09:48:32.553189971
117.99,1,09:48:32.556718701
117.99,9,09:48:36.947766659
117.99,6,09:48:36.958478966
117.99,4,09:48:36.958551190
117.99,1,09:48:36.958566198
117.99,1,09:48:36.959416031
117.99,2,09:48:42.664961566
117.98,2,09:48:42.724004376
117.98,1,09:48:42.724004376
117.98,1,09:48:42.724104843
117.98,1,09:48:42.724123621
117.98,2,09:48:42.724123621
117.98,1,09:48:42.724718097
117.98,2,09:48:42.724757163
117.98,1,09:48:45.240591634
117.98,1,09:48:49.609646727
117.98,4,09:48:49.609743914
117.98,1,09:48:49.609758721
117.98,1,09:48:49.609908266
117.98,1,09:48:49.762298670
117.97,1,09:48:51.733740838
117.98,1,09:48:52.128543485
117.99,3,09:48:52.128614237
117.98,1,09:48:52.179470618
117.97,1,09:49:04.041609094
117.98,6,09:49:08.336202193
117.98,2,09:49:18.605818212
117.98,1,09:49:18.605818212
117.98,4,09:49:18.605818212
117.98,4,09:49:18.605832013
117.98,1,09:49:18.606010889
117.98,8,09:49:18.606010889
117.98,4,09:49:18.606035216
117.98,1,09:49:18.606035216
117.99,1,09:49:22.177514250
117.99,1,09:49:22.177874451
117.99,1,09:49:22.177989367
117.99,1,09:49:22.178007513
117.99,2,09:49:22.178007513
117.99,5,09:49:22.195060209
117.99,1,09:49:22.195060209
117.99,1,09:49:22.195148419
117.99,3,09:49:22.195166564
117.99,1,09:49:22.236334415
117.99,3,09:49:23.093915337
117.99,1,09:49:23.093915337
117.99,1,09:49:23.093991226
117.99,2,09:49:23.380652389
117.99,3,09:49:23.380652389
117.99,2,09:49:23.381194050
117.99,3,09:49:26.747827608
117.99,1,09:49:26.747952927
117.99,2,09:49:26.748069009
117.99,7,09:49:26.748069009
117.99,1,09:49:26.748187045
117.99,1,09:49:26.748388676
117.99,2,09:49:26.748388676
117.99,1,09:49:26.748504805
117.99,2,09:49:27.687602679
117.99,1,09:49:27.687602679
117.99,3,09:49:27.687689828
117.99,1,09:49:27.687711905
117.99,2,09:49:27.687711905
117.99,2,09:49:27.687881028
117.99,1,09:49:28.000767352
117.99,2,09:49:28.001195592
117.99,1,09:49:29.596006749
117.99,1,09:49:30.021467026
117.99,1,09:49:30.043627919
117.99,1,09:49:31.533751727
117.99,9,09:49:40.232574969
117.99,4,09:49:40.232651621
117.99,1,09:49:40.232898127
117.99,1,09:49:40.233024248
117.99,1,09:49:40.233046457
117.99,3,09:49:40.233598367
117.99,2,09:49:40.243915812
117.99,1,09:49:40.243935678
117.99,15,09:49:40.281257609
117.99,1,09:49:40.281257609
117.99,4,09:49:40.281353674
117.99,4,09:49:42.114313817
117.99,4,09:49:42.114592063
117.99,1,09:49:50.749126321
117.99,1,09:49:50.749476070
117.99,1,09:49:54.481611763
117.99,1,09:49:54.503995454
117.99,1,09:49:54.525451011
117.99,1,09:49:54.837609646
117.99,1,09:49:54.953580336
117.99,7,09:49:54.953580336
117.98,1,09:50:11.756339175
117.98,2,09:50:11.756339175
117.98,1,09:50:11.756440673
117.98,3,09:50:11.756458816
117.98,1,09:50:11.756458816
117.98,5,09:50:11.778281147
117.98,1,09:50:11.799891630
117.98,1,09:50:11.799964681
117.98,1,09:50:11.821624134
117.98,2,09:50:11.830759893
117.98,1,09:50:11.830775445
117.98,1,09:50:12.002046529
117.98,1,09:50:12.040411328
117.98,4,09:50:12.040429808
117.97,1,09:50:12.328982325
117.98,2,09:50:15.048470602
117.98,1,09:50:21.730339369
117.98,1,09:50:21.730643533
117.98,1,09:50:21.731017237
117.98,1,09:50:21.966890500
117.98,1,09:50:23.409163117
117.99,1,09:50:29.812329049
117.99,2,09:50:29.812521603
117.99,4,09:50:29.812536065
117.99,1,09:50:29.812536065
117.99,8,09:50:29.812550529
117.99,1,09:50:29.812550529
117.99,9,09:50:29.812565405
117.99,7,09:50:29.812565405
117.99,6,09:50:29.812565405
117.99,1,09:50:29.812580046
117.99,2,09:50:29.812580046
117.99,1,09:50:29.812598295
117.99,1,09:50:29.812618394
117.99,2,09:50:29.812632446
117.99,1,09:50:29.834114380
117.99,1,09:50:33.028770347
118.0,1,09:50:33.537547560
118.0,1,09:50:33.537610228
117.99,29,09:50:54.745300558
117.99,12,09:50:54.745300558
117.99,1,09:50:54.745406442
