price,volume,timestamp
2301.0,1,10:00:00.081992791
2301.0,1,10:00:00.082208936
2301.1,3,10:00:00.082472251
2301.2,1,10:00:00.082919373
2301.3,3,10:00:00.082919373
2300.7,2,10:00:00.241402238
2300.8,2,10:00:00.241402238
2301.0,3,10:00:00.241402238
2300.9,2,10:00:00.241402238
2301.0,1,10:00:00.416579973
2301.1,2,10:00:00.416832872
2301.0,1,10:00:00.416923587
2301.0,1,10:00:00.417034322
2301.2,1,10:00:00.417132942
2301.3,3,10:00:00.485311205
2301.2,1,10:00:00.625802325
2301.2,1,10:00:00.638142574
2301.2,1,10:00:00.638251590
2301.1,1,10:00:00.638379430
2301.1,2,10:00:00.638692066
2301.0,4,10:00:00.638917364
2301.0,11,10:00:00.638959422
2300.8,1,10:00:00.889308236
2300.8,1,10:00:00.889378546
2300.7,1,10:00:00.959861088
2300.7,3,10:00:00.960092648
2300.6,1,10:00:01.000431228
2300.5,3,10:00:01.060958688
2300.4,5,10:00:01.060958688
2300.3,1,10:00:01.060958688
2300.3,1,10:00:01.161658616
2300.2,1,10:00:01.162375850
2300.2,1,10:00:01.169143890
2300.2,1,10:00:01.171569011
2300.1,1,10:00:01.263206529
2300.5,1,10:00:01.555846978
2300.1,1,10:00:01.838257828
2300.4,1,10:00:02.119664453
2300.4,1,10:00:02.119908356
2300.5,1,10:00:02.245162239
2300.4,1,10:00:02.245162239
2300.4,2,10:00:02.865436288
2300.4,1,10:00:02.865642621
2300.4,2,10:00:02.865765465
2300.5,1,10:00:02.866005467
2300.5,1,10:00:02.866187173
2300.5,1,10:00:02.866334674
2300.6,1,10:00:02.866334674
2300.6,1,10:00:02.866665106
2300.7,2,10:00:02.866918206
2300.5,2,10:00:03.620451281
2300.4,2,10:00:03.620451281
2300.5,2,10:00:03.981108165
2300.5,1,10:00:03.993877767
2300.4,1,10:00:04.688944587
2300.4,1,10:00:04.689170731
2300.4,1,10:00:04.689298356
2300.3,1,10:00:04.689954481
2300.2,2,10:00:04.690924105
2300.1,2,10:00:04.691567625
2300.0,1,10:00:04.695358297
2300.0,4,10:00:04.695639091
2300.2,2,10:00:04.999371080
2300.3,1,10:00:05.017371258
2300.3,2,10:00:05.017600462
2300.4,1,10:00:05.135829544
2300.4,1,10:00:05.209063260
2300.3,1,10:00:05.254584066
2300.2,1,10:00:05.734644076
2300.5,1,10:00:05.735031636
2300.5,1,10:00:05.735077674
2300.6,1,10:00:06.437947941
2300.6,1,10:00:06.438415359
2300.6,1,10:00:06.585885697
2300.6,1,10:00:07.952038275
2300.5,1,10:00:08.746730982
2300.5,1,10:00:10.076399712
2300.4,1,10:00:10.793343445
2300.4,1,10:00:10.959925400
2300.4,1,10:00:10.960151373
2300.3,1,10:00:11.766333937
2300.5,1,10:00:11.794509910
2300.3,1,10:00:11.795804400
2300.3,1,10:00:11.809685147
2300.5,2,10:00:12.162605144
2300.6,2,10:00:12.163671984
2300.7,8,10:00:12.164188779
2300.7,1,10:00:12.166186720
2300.8,3,10:00:12.166307840
2300.8,1,10:00:12.166393031
2300.8,1,10:00:12.184038561
2300.6,3,10:00:12.184165712
2300.7,2,10:00:12.185492636
2300.8,2,10:00:12.197898105
2300.7,1,10:00:12.215863571
2300.7,1,10:00:12.216085329
2300.5,1,10:00:12.590495801
2300.6,3,10:00:12.619457563
2300.5,3,10:00:12.619646648
2300.6,1,10:00:12.620189213
2300.6,1,10:00:12.620316764
2300.4,4,10:00:12.960630188
2300.3,1,10:00:12.961859129
2300.3,1,10:00:12.966151590
2300.4,1,10:00:12.981253622
2300.2,3,10:00:13.042854099
2300.2,1,10:00:13.043611063
2300.3,2,10:00:13.077503645
2300.4,3,10:00:13.078121245
2300.4,3,10:00:13.078335879
2300.4,5,10:00:13.078541807
2300.4,2,10:00:13.078734614
2300.4,4,10:00:13.078842122
2300.4,11,10:00:13.078878712
2300.5,1,10:00:13.081924899
2300.4,2,10:00:13.082169269
2300.4,2,10:00:13.082250703
2300.4,1,10:00:13.082796907
2300.5,1,10:00:13.083048784
2300.6,1,10:00:13.550588450
2300.4,4,10:00:14.025260697
2300.5,1,10:00:14.025260697
2300.4,1,10:00:14.026435211
2300.6,3,10:00:15.259504380
2300.7,2,10:00:15.715353733
2300.8,2,10:00:15.776079628
2300.7,3,10:00:15.779922562
2300.7,2,10:00:15.780093050
2300.7,2,10:00:15.780199209
2300.8,1,10:00:15.826541757
2300.9,1,10:00:15.949853360
2301.0,1,10:00:16.033010507
2300.9,1,10:00:16.034124331
2301.0,1,10:00:16.767646008
2301.1,1,10:00:16.961732065
2301.0,2,10:00:17.490296308
2301.0,2,10:00:17.490494707
2301.1,1,10:00:17.521860841
2300.9,1,10:00:18.543853285
2300.9,1,10:00:19.949184832
2300.9,1,10:00:20.082741790
2300.8,1,10:00:21.667103752
2301.0,1,10:00:21.667491475
2301.1,3,10:00:21.668044391
2301.2,5,10:00:21.668627629
2301.2,6,10:00:21.669530441
2301.3,1,10:00:21.760606739
2301.3,1,10:00:21.760709173
2301.2,1,10:00:23.738908752
2301.2,1,10:00:23.738977047
2301.2,1,10:00:23.751006624
2301.1,2,10:00:24.210533348
2301.2,1,10:00:24.735790106
2301.0,5,10:00:24.794300665
2301.1,1,10:00:24.853654520
2301.1,1,10:00:25.228015875
2301.2,2,10:00:25.780007222
2301.0,1,10:00:25.900478152
2301.2,1,10:00:26.367780085
2301.2,1,10:00:26.367835683
2301.3,1,10:00:26.368927728
2301.4,1,10:00:26.370634639
2301.5,3,10:00:26.375863825
2301.5,2,10:00:26.375876616
2301.5,3,10:00:26.375876616
2301.5,3,10:00:26.376107069
2301.4,1,10:00:26.376295563
2301.4,1,10:00:26.376503301
2301.3,1,10:00:26.377164206
2301.3,2,10:00:26.377199346
2301.2,1,10:00:26.477284727
2301.1,1,10:00:26.828314962
2301.0,1,10:00:26.828314962
2301.2,1,10:00:26.994364844
2301.2,1,10:00:27.140783268
2301.0,1,10:00:28.310645862
2301.1,1,10:00:28.537596377
2301.2,1,10:00:28.537703570
2301.2,1,10:00:28.538142401
2301.2,2,10:00:28.538388963
2301.1,1,10:00:28.538744391
2301.1,3,10:00:30.482266459
2301.0,4,10:00:30.482266459
2300.9,3,10:00:30.586919704
2300.5,6,10:00:30.586919704
2300.8,5,10:00:30.586919704
2300.6,4,10:00:30.586919704
2300.7,6,10:00:30.586919704
2300.4,11,10:00:30.586919704
2300.3,11,10:00:30.586919704
2300.2,3,10:00:30.586919704
2300.6,1,10:00:30.589429589
2300.7,1,10:00:30.590083871
2300.6,1,10:00:30.590802077
2300.6,1,10:00:30.592002242
2300.6,1,10:00:30.592975203
2300.7,1,10:00:30.596432328
2300.7,2,10:00:30.597738979
2300.7,1,10:00:30.598116539
2300.8,1,10:00:30.613801264
2300.8,3,10:00:30.706411587
2300.9,2,10:00:30.707376839
2300.8,1,10:00:30.807363856
2300.8,2,10:00:30.920850781
2300.9,1,10:00:30.962637346
2300.9,1,10:00:31.009889846
2300.8,3,10:00:32.429436312
2300.7,4,10:00:32.429436312
2300.6,4,10:00:32.429436312
2300.5,1,10:00:32.430308991
2300.6,2,10:00:32.430592729
2300.4,7,10:00:32.430851124
2300.5,2,10:00:32.430851124
2300.5,1,10:00:32.430921142
2300.5,1,10:00:32.431516440
2300.6,1,10:00:32.431946687
2300.5,2,10:00:32.431970074
2300.5,1,10:00:32.432199923
2300.5,1,10:00:32.432266944
2300.4,1,10:00:32.433561013
2300.3,1,10:00:32.433561013
2300.4,1,10:00:32.433856430
2300.5,1,10:00:32.434618897
2300.3,1,10:00:32.436984372
2300.3,1,10:00:32.437019374
2300.3,1,10:00:32.437144336
2300.4,2,10:00:32.437239644
2300.4,1,10:00:32.437425228
2300.4,1,10:00:32.437928966
2300.4,1,10:00:32.437979187
2300.4,1,10:00:32.438142708
2300.4,1,10:00:32.440646669
2300.5,4,10:00:32.489130999
2300.5,1,10:00:32.494427074
2300.5,1,10:00:32.606234804
2300.5,1,10:00:32.606268625
2300.4,1,10:00:32.606965606
2300.3,4,10:00:32.822400679
2300.4,1,10:00:32.823205387
2300.4,1,10:00:32.823292978
2300.2,2,10:00:33.760882442
2300.4,2,10:00:33.760882442
2300.3,1,10:00:33.760882442
2300.4,1,10:00:33.763261328
2300.1,1,10:00:34.146573913
2300.2,4,10:00:34.146573913
2300.3,2,10:00:34.737662849
2300.3,1,10:00:34.746047450
2300.3,1,10:00:34.746141711
2300.2,1,10:00:35.005782481
2300.2,1,10:00:35.006132383
2300.2,2,10:00:35.020764716
2300.3,1,10:00:35.274767723
2300.4,1,10:00:35.583924291
2300.3,1,10:00:35.583924291
2300.4,4,10:00:35.668969782
2300.4,1,10:00:35.669824196
2300.5,1,10:00:35.708495619
2300.5,1,10:00:35.712236610
2300.5,1,10:00:35.712969754
2300.6,2,10:00:36.027085647
2300.6,1,10:00:36.027183719
2300.6,2,10:00:36.027183719
2300.6,1,10:00:36.027253012
2300.6,2,10:00:36.027253012
2300.6,3,10:00:36.027466723
2300.6,1,10:00:36.027466723
2300.6,10,10:00:36.027519691
2300.6,2,10:00:36.027649745
2300.6,4,10:00:36.027710095
2300.6,31,10:00:36.027778019
2300.6,2,10:00:36.027825086
2300.6,3,10:00:36.027877557
2300.6,1,10:00:36.028160011
2300.6,10,10:00:36.028243843
2300.6,4,10:00:36.028325361
2300.6,1,10:00:36.028428355
2300.6,7,10:00:36.028476464
2300.7,2,10:00:36.030170320
2300.6,2,10:00:36.030868606
2300.5,1,10:00:36.092236461
2300.5,1,10:00:36.102594792
2300.3,5,10:00:36.629351442
2300.2,2,10:00:36.713232691
2300.1,1,10:00:36.714414430
2300.1,1,10:00:36.714724392
2300.1,1,10:00:37.248499391
2300.2,2,10:00:37.474789543
2300.2,1,10:00:37.475987535
2300.3,2,10:00:38.865442375
2300.3,1,10:00:39.469206856
2300.3,1,10:00:39.469351073
2300.4,1,10:00:39.470261168
2300.5,1,10:00:39.470917876
2300.5,1,10:00:39.471592814
2300.6,1,10:00:39.746776781
2300.5,2,10:00:39.761114168
2300.5,1,10:00:39.761352281
2300.6,1,10:00:39.761873380
2300.5,2,10:00:40.079175151
2300.5,2,10:00:40.079423758
2300.4,1,10:00:40.274376024
2300.5,2,10:00:40.294838216
2300.4,3,10:00:40.869933036
2300.3,5,10:00:40.987694826
2300.3,1,10:00:40.988162932
2300.2,2,10:00:40.988846207
2300.3,2,10:00:40.990204807
2300.3,1,10:00:40.990308976
2300.3,1,10:00:40.991160438
2300.3,1,10:00:40.998262326
2300.5,1,10:00:41.352536183
2300.4,2,10:00:41.695568205
2300.5,1,10:00:42.037031739
2300.4,1,10:00:42.183064049
2300.3,1,10:00:42.195764648
2300.1,3,10:00:42.475644441
2300.1,1,10:00:42.475875291
2300.0,1,10:00:42.495546568
2300.0,4,10:00:42.500830572
2300.0,8,10:00:42.501251448
2300.1,2,10:00:43.531425617
2300.1,1,10:00:43.531659650
2300.3,1,10:00:44.158396123
2300.2,1,10:00:44.189217337
2300.5,1,10:00:44.291547075
2300.4,3,10:00:44.307523371
2300.3,1,10:00:44.694079833
2300.0,1,10:00:45.000673956
2300.0,1,10:00:45.000966778
2300.0,2,10:00:45.638254648
2299.9,2,10:00:46.434879284
2299.8,19,10:00:46.434879284
2299.7,1,10:00:46.434894993
2299.8,2,10:00:46.436119683
2299.8,3,10:00:46.436220057
2299.8,1,10:00:46.439195618
2299.8,1,10:00:46.439238175
2299.7,1,10:00:46.762055202
2299.6,1,10:00:47.152562610
2299.5,1,10:00:47.152576005
2299.6,1,10:00:47.195497176
2299.6,1,10:00:47.195767152
2299.4,2,10:00:47.352821958
2299.4,1,10:00:47.649407786
2299.4,2,10:00:47.726968189
2299.4,1,10:00:47.730127846
2299.5,1,10:00:47.742830694
2299.5,3,10:00:47.743705892
2299.4,3,10:00:47.749593384
2299.4,1,10:00:47.750107439
2299.4,1,10:00:47.780532567
2299.4,1,10:00:47.780668757
2299.5,1,10:00:47.781267783
2299.4,2,10:00:47.798370010
2299.3,1,10:00:47.846169418
2299.4,1,10:00:48.331798985
2299.6,1,10:00:48.489954597
2299.5,1,10:00:48.700792266
2299.6,2,10:00:49.076574247
2299.5,5,10:00:49.148892480
2299.7,1,10:00:49.153315702
2299.7,2,10:00:49.153369930
2299.6,1,10:00:49.277306135
2299.7,2,10:00:49.277748154
2299.7,1,10:00:49.277853679
2299.4,1,10:00:49.745556940
2299.4,4,10:00:50.063647935
2299.4,16,10:00:50.064392634
2299.6,1,10:00:50.479029571
2299.6,2,10:00:51.117283834
2299.6,1,10:00:51.234033213
2299.6,1,10:00:51.234714536
2299.5,1,10:00:51.667171505
2299.6,1,10:00:53.009694953
2299.5,1,10:00:53.075508825
2299.5,1,10:00:53.076825879
2299.6,1,10:00:54.080004252
2299.7,4,10:00:54.080004252
2299.6,1,10:00:54.253535344
2299.6,1,10:00:54.253738152
2299.5,1,10:00:55.712069072
2299.5,2,10:00:55.712313932
2299.4,2,10:00:56.190333454
2299.4,2,10:00:56.482511058
2299.5,1,10:00:56.609517033
2299.5,3,10:00:56.609702448
2299.5,1,10:00:56.841768866
2299.5,1,10:00:57.031025290
2299.6,1,10:00:57.073291977
2299.5,1,10:00:57.302809918
2299.5,1,10:00:57.303111185
2299.4,1,10:00:58.039926361
2299.5,2,10:00:58.131939880
2299.6,3,10:00:58.992430973
2299.6,1,10:00:59.121175921
2299.6,1,10:00:59.234925765
2299.6,1,10:01:00.009799824
2299.7,1,10:01:00.013768666
2299.6,1,10:01:00.041907459
2299.8,3,10:01:00.271166634
2300.0,1,10:01:00.357879141
2300.0,1,10:01:00.358140871
2300.0,1,10:01:00.819880196
2300.0,1,10:01:00.820127685
2300.0,1,10:01:01.562646707
2300.1,1,10:01:02.689642729
2300.2,1,10:01:03.436115739
2300.2,1,10:01:03.442282577
2300.4,2,10:01:03.916812765
2300.5,1,10:01:03.998855911
2300.5,2,10:01:03.999200694
2300.4,1,10:01:04.018508004
2300.4,2,10:01:04.018956215
2300.4,1,10:01:04.068057502
2300.6,2,10:01:04.299339122
2300.6,1,10:01:04.299793775
2300.6,1,10:01:04.319540089
2300.6,1,10:01:04.319784929
2300.6,2,10:01:04.319894173
2300.6,1,10:01:04.320582513
2300.7,1,10:01:04.321655037
2300.8,1,10:01:04.464249254
2300.8,12,10:01:04.744165308
2300.8,1,10:01:04.772691047
2300.8,1,10:01:04.772945456
2300.8,1,10:01:04.773032492
2301.0,5,10:01:04.983095770
2300.9,1,10:01:04.983095770
2300.8,1,10:01:05.420633577
2300.8,2,10:01:05.423448954
2300.8,1,10:01:05.552208950
2300.8,1,10:01:05.567011396
2300.7,3,10:01:05.882240002
2300.8,1,10:01:05.884884027
2301.0,1,10:01:06.734282969
2300.9,1,10:01:06.734282969
2300.8,3,10:01:07.091309675
2300.9,2,10:01:07.091309675
2300.9,1,10:01:07.093136129
2301.0,1,10:01:07.204716164
2300.9,1,10:01:07.277771347
2300.9,1,10:01:07.300554652
2301.0,1,10:01:07.483181782
2301.0,2,10:01:07.561677423
2301.0,1,10:01:07.653926025
2301.3,1,10:01:08.015600364
2301.1,2,10:01:08.104473373
2301.4,3,10:01:08.109171227
2301.3,4,10:01:08.109171227
2301.4,1,10:01:08.109187131
2301.4,1,10:01:08.110075119
2301.3,1,10:01:08.130924818
2301.3,1,10:01:08.357541890
2301.3,1,10:01:08.516044202
2301.2,1,10:01:08.965013231
2301.1,1,10:01:09.163902049
2301.0,2,10:01:09.453378898
2301.0,1,10:01:09.455278956
2301.1,1,10:01:09.828373315
2301.1,1,10:01:09.939106395
2301.2,2,10:01:10.202437804
2301.3,2,10:01:10.559693108
2301.4,1,10:01:10.576006160
2301.4,1,10:01:10.827685711
2301.4,1,10:01:11.326748617
2301.4,1,10:01:11.327199474
2301.4,1,10:01:11.327362380
2301.5,1,10:01:11.889813585
2301.3,1,10:01:11.956250633
2301.4,1,10:01:11.956250633
2301.4,1,10:01:11.956957470
2301.4,1,10:01:11.982147667
2301.5,1,10:01:12.038294277
2301.5,1,10:01:12.522709375
2301.5,3,10:01:12.532919655
2301.5,2,10:01:12.533016114
2301.5,1,10:01:12.533634673
2301.6,3,10:01:12.534151641
2301.6,1,10:01:12.534160777
2301.6,1,10:01:12.535532011
2301.6,1,10:01:12.566711306
2301.6,1,10:01:12.859086749
2301.6,2,10:01:12.859397075
2301.7,1,10:01:12.911615600
2301.7,1,10:01:12.911656292
2301.7,1,10:01:12.911715218
2301.6,1,10:01:12.928246508
2301.7,1,10:01:13.169764740
2301.6,1,10:01:13.262480043
2301.5,5,10:01:13.270116725
2301.5,1,10:01:13.271700396
2301.6,2,10:01:13.278087667
2301.5,2,10:01:13.500104369
2301.4,3,10:01:13.500104369
2301.7,1,10:01:13.889894953
2301.6,1,10:01:14.407838348
2301.6,1,10:01:14.416187679
2301.5,1,10:01:14.579973661
2301.7,1,10:01:14.763069004
2301.9,1,10:01:15.036434289
2301.8,2,10:01:15.173500741
2301.8,1,10:01:15.173983611
2301.8,1,10:01:15.252978700
2301.8,1,10:01:15.457105190
2301.9,1,10:01:16.575295975
2301.9,1,10:01:16.762998914
2301.9,1,10:01:16.763219143
2302.0,2,10:01:16.887842004
2302.0,1,10:01:17.106988582
2301.8,1,10:01:17.122124214
2301.7,1,10:01:17.359686592
2301.6,1,10:01:17.453148636
2301.5,1,10:01:17.477711195
2301.6,1,10:01:17.575926945
2301.5,1,10:01:17.632635925
2301.6,1,10:01:17.652164891
2301.7,1,10:01:17.759911201
2301.7,1,10:01:17.805691455
2301.6,1,10:01:17.806068372
2301.5,1,10:01:18.195259910
2301.6,1,10:01:18.311527467
2301.5,1,10:01:18.312034863
2301.4,4,10:01:18.544141526
2301.5,1,10:01:18.544141526
2301.4,1,10:01:18.550318786
2301.5,1,10:01:18.968946513
2301.4,1,10:01:18.988371752
2301.5,1,10:01:19.119795889
2301.7,1,10:01:19.172076888
2301.7,1,10:01:19.603601691
2301.7,1,10:01:19.613782511
2301.6,1,10:01:19.638035339
2301.8,2,10:01:19.906775594
2301.7,2,10:01:19.906775594
2301.6,2,10:01:19.908258347
2301.7,3,10:01:20.137084724
2301.7,2,10:01:20.137474518
2301.6,1,10:01:20.599760700
2301.8,1,10:01:22.017868201
2301.8,1,10:01:22.018071872
2301.9,1,10:01:22.039073527
2301.9,2,10:01:22.040103145
2302.0,1,10:01:22.255551968
2301.9,1,10:01:22.622586090
2302.0,1,10:01:22.665419658
2302.0,1,10:01:22.860313007
2301.9,1,10:01:23.159198356
2302.0,1,10:01:23.486671093
2302.1,1,10:01:23.495484481
2302.0,1,10:01:23.718517297
2302.1,1,10:01:23.853000910
2302.1,1,10:01:23.856191902
2302.0,1,10:01:24.006491785
2302.0,1,10:01:24.500506108
2302.0,1,10:01:24.500765255
2302.1,1,10:01:24.501948095
2302.2,2,10:01:24.526098384
2302.1,1,10:01:24.772961233
2302.3,1,10:01:25.226896185
2302.2,1,10:01:25.227508943
2302.2,1,10:01:25.227766577
2302.3,1,10:01:25.414757056
2302.3,1,10:01:25.762394408
2302.2,2,10:01:25.956106338
2302.2,1,10:01:26.025279497
2302.4,1,10:01:26.453101563
2302.4,1,10:01:26.453113847
2302.3,2,10:01:26.455369954
2302.4,1,10:01:26.524347281
2302.5,3,10:01:26.636605326
2302.4,1,10:01:26.643733122
2302.5,2,10:01:27.144014742
2302.4,1,10:01:27.144014742
2302.4,1,10:01:27.144670205
2302.3,1,10:01:27.145270937
2302.2,2,10:01:27.146289585
2302.2,1,10:01:27.146402466
2302.1,1,10:01:27.297838107
2302.2,2,10:01:27.306074189
2302.2,1,10:01:27.483136191
2302.3,1,10:01:27.849112242
2302.3,1,10:01:28.037130980
2302.4,2,10:01:28.193772980
2302.5,1,10:01:28.349816532
2302.5,1,10:01:28.549312015
2302.5,1,10:01:28.555206834
2302.4,1,10:01:28.556057792
2302.3,2,10:01:28.747491405
2302.5,1,10:01:28.975130901
2302.5,1,10:01:28.976007011
2302.6,1,10:01:29.007087648
2302.6,1,10:01:29.007099952
2302.6,1,10:01:29.069971400
2302.7,1,10:01:29.318612446
2302.9,4,10:01:29.318631295
2303.3,10,10:01:29.318631295
2303.2,10,10:01:29.318631295
2303.1,8,10:01:29.318631295
2302.7,3,10:01:29.318631295
2302.8,9,10:01:29.318631295
2303.0,5,10:01:29.318631295
2303.4,2,10:01:29.318631295
2302.7,2,10:01:29.318631295
2303.4,1,10:01:29.319086606
2303.1,1,10:01:29.322212845
2303.0,1,10:01:29.322212845
2303.0,1,10:01:29.324496152
2303.0,1,10:01:29.324569942
2303.2,1,10:01:29.325872356
2303.2,1,10:01:29.326727336
2303.1,2,10:01:29.327844178
2302.9,2,10:01:29.328510688
2302.9,2,10:01:29.328762805
2303.0,1,10:01:29.331071651
2302.8,1,10:01:29.332232433
2302.8,1,10:01:29.332396212
2302.8,1,10:01:29.332814224
2302.7,1,10:01:29.334849316
2302.7,1,10:01:29.335210461
2302.7,1,10:01:29.336147312
2302.7,1,10:01:29.337320008
2302.8,1,10:01:29.356468304
2302.7,1,10:01:29.389551749
2302.7,1,10:01:29.398073912
2302.8,2,10:01:29.475603915
2302.8,1,10:01:29.480541861
2302.9,1,10:01:29.510756851
2302.7,1,10:01:29.565841841
2302.7,1,10:01:29.566123335
2302.8,1,10:01:29.697225023
2302.6,1,10:01:29.806282551
2302.7,1,10:01:29.922361530
2302.8,1,10:01:29.930785674
2302.7,1,10:01:30.191333218
2302.8,1,10:01:30.191632098
2302.7,2,10:01:30.197019647
2302.6,1,10:01:30.224339874
2302.8,1,10:01:30.287301653
2303.1,2,10:01:30.476872361
2303.0,1,10:01:30.477867706
2303.0,1,10:01:30.478034375
2303.1,1,10:01:30.925382055
2303.1,1,10:01:31.142978806
2303.2,1,10:01:31.257246724
2303.2,1,10:01:31.260422727
2303.3,2,10:01:31.345438980
2303.4,2,10:01:31.345872928
2303.3,7,10:01:31.346032547
2303.4,1,10:01:31.346373924
2303.3,5,10:01:31.369935337
2303.3,4,10:01:31.370228315
2303.3,1,10:01:31.370539582
2303.3,1,10:01:31.370576613
2303.2,1,10:01:31.556171042
2303.3,1,10:01:31.571209971
2303.1,1,10:01:31.589628523
2303.1,10,10:01:31.847838550
2303.0,3,10:01:31.848300018
2302.9,1,10:01:31.856226386
2302.7,2,10:01:31.858587963
2302.8,1,10:01:31.861532698
2302.8,2,10:01:31.861737944
2303.0,1,10:01:31.878016176
2302.9,1,10:01:31.878016176
2302.9,1,10:01:31.948633373
2302.8,1,10:01:32.078486129
2303.0,1,10:01:32.097088185
2302.8,1,10:01:32.177399737
2302.8,1,10:01:32.181158286
2302.9,1,10:01:32.269110649
2302.8,1,10:01:32.527155741
2303.0,1,10:01:32.715349393
2302.9,1,10:01:33.120727343
2302.9,1,10:01:33.316316847
2303.0,1,10:01:33.367308637
2302.8,2,10:01:34.228457256
2302.7,1,10:01:34.230809754
2302.6,1,10:01:34.268661728
2302.5,2,10:01:34.324068801
2302.4,1,10:01:34.333187331
2302.5,1,10:01:34.333280013
2302.5,1,10:01:34.475759952
2302.5,1,10:01:34.476119488
2302.4,1,10:01:34.477232282
2302.2,1,10:01:34.553065758
2302.4,1,10:01:34.600031044
2302.3,1,10:01:34.627399821
2302.3,1,10:01:34.627825368
2302.4,1,10:01:34.682413906
2302.2,1,10:01:34.813791740
2302.5,1,10:01:35.224708186
2302.3,1,10:01:35.465382210
2302.4,1,10:01:35.803813862
2302.2,1,10:01:36.130147042
2302.3,1,10:01:36.220124972
2302.3,1,10:01:36.220390830
2302.3,1,10:01:37.236844874
2302.1,1,10:01:37.600056990
2301.8,9,10:01:37.626000803
2302.0,5,10:01:37.626000803
2301.9,9,10:01:37.626000803
2301.7,1,10:01:37.626011210
2301.7,2,10:01:37.626024705
2301.8,2,10:01:37.627227958
2301.8,5,10:01:37.628111374
2301.8,1,10:01:37.629641120
2301.7,1,10:01:37.629641120
2301.8,1,10:01:37.632745906
2301.9,6,10:01:37.632797298
2301.8,1,10:01:37.632852743
2301.9,1,10:01:37.654643103
2301.8,2,10:01:37.771395573
2301.6,1,10:01:38.014838348
2301.6,2,10:01:38.548489003
2301.8,1,10:01:38.736648627
2301.9,2,10:01:39.124760648
2301.9,1,10:01:39.125086129
2301.8,1,10:01:39.373795579
2301.8,1,10:01:39.374132984
2301.7,1,10:01:41.366860650
2301.8,1,10:01:41.579474858
2301.8,6,10:01:41.686419788
2301.7,2,10:01:41.973590988
2301.6,1,10:01:41.976559764
2301.7,1,10:01:41.977817447
2301.7,1,10:01:41.978239560
2301.6,1,10:01:42.007768691
2301.6,3,10:01:42.007994526
2301.6,1,10:01:42.008100662
2301.6,1,10:01:42.008132791
2301.6,5,10:01:42.008170363
2301.6,1,10:01:42.008950068
2301.6,1,10:01:42.009163688
2301.7,1,10:01:42.810777822
2301.8,1,10:01:43.035933630
2301.7,2,10:01:43.288450441
2301.7,1,10:01:43.289079679
2301.7,1,10:01:43.289132515
2301.7,1,10:01:43.289294880
2301.7,1,10:01:43.289346472
2301.6,1,10:01:43.294068282
2301.6,1,10:01:43.807074955
2301.7,1,10:01:44.700382270
2301.7,2,10:01:44.752959703
2301.8,2,10:01:44.929343223
2301.7,1,10:01:45.299304925
2301.8,3,10:01:45.329024183
2301.6,1,10:01:45.869743873
2301.6,1,10:01:46.110432122
2301.5,1,10:01:46.852454224
2301.5,2,10:01:46.852845624
2301.4,1,10:01:46.865787814
2301.4,1,10:01:47.029772254
2301.4,2,10:01:47.030087534
2301.3,2,10:01:47.588309075
2301.2,2,10:01:47.588309075
2301.3,1,10:01:47.589547090
2301.3,1,10:01:47.824299249
2301.3,1,10:01:47.898853405
2301.3,1,10:01:47.899135427
2301.3,1,10:01:48.051464806
2301.2,3,10:01:48.495798181
2301.2,1,10:01:48.977842565
2301.2,1,10:01:49.673340423
2301.1,1,10:01:49.769265644
2301.1,1,10:01:49.769526669
2301.1,2,10:01:49.770470273
2301.0,1,10:01:49.778154601
2301.1,1,10:01:49.778919797
2301.1,1,10:01:49.780430335
2301.1,1,10:01:49.785227947
2301.2,1,10:01:49.902663300
2301.4,2,10:01:50.041646285
2301.3,1,10:01:50.041646285
2301.4,1,10:01:50.274704323
2301.4,1,10:01:50.681331210
2301.4,1,10:01:50.681834264
2301.4,1,10:01:50.682780660
2301.4,1,10:01:50.683582996
2301.4,1,10:01:51.130084045
2301.3,1,10:01:51.747532849
2301.5,2,10:01:52.881329254
2301.5,2,10:01:52.881561182
2301.6,2,10:01:53.035705712
2301.6,1,10:01:53.036240948
2301.5,2,10:01:53.042052282
2301.4,1,10:01:55.414836950
2301.5,2,10:01:55.894973545
2301.5,1,10:01:56.994985709
2301.5,1,10:01:56.995382789
2301.5,2,10:01:56.995649297
2301.6,1,10:01:57.056792937
2301.4,1,10:01:57.478407665
2301.4,3,10:01:57.478650889
2301.3,1,10:01:57.562754452
2301.3,1,10:01:58.041258977
2301.3,1,10:01:58.041494144
2301.4,1,10:01:58.097920609
2301.4,9,10:01:58.098430946
2301.3,2,10:01:58.144959567
2301.2,2,10:01:58.145389303
2301.2,2,10:01:58.145741329
2301.2,1,10:01:58.146482768
2301.1,1,10:01:58.165548272
2301.3,1,10:01:58.360508896
2301.3,1,10:01:58.360588494
2301.3,2,10:01:58.360622354
2301.3,12,10:01:58.360713866
2301.3,1,10:01:58.360744085
2301.3,4,10:01:58.360834922
2301.3,1,10:01:58.360853795
2301.3,4,10:01:58.360921573
2301.3,10,10:01:58.360949861
2301.3,1,10:01:58.361152176
2301.3,4,10:01:58.361177674
2301.3,6,10:01:58.361376933
2301.3,1,10:01:58.361799719
2301.2,3,10:01:58.362086789
2301.1,5,10:01:58.362137716
2301.2,1,10:01:58.362911197
2301.2,1,10:01:58.363077700
2301.3,2,10:01:58.363215011
2301.2,1,10:01:58.443618484
2301.1,2,10:01:58.520525235
2301.1,1,10:01:58.521387488
2301.0,1,10:01:58.727651652
2301.0,1,10:01:58.727721707
2301.1,2,10:01:59.178297460
2301.0,1,10:01:59.190528647
2301.2,2,10:02:00.225156642
2301.0,5,10:02:00.352139158
2300.9,3,10:02:00.352139158
2301.0,1,10:02:00.353610109
2301.3,1,10:02:00.773624380
2301.2,5,10:02:00.773624380
2301.1,4,10:02:00.773624380
2300.9,2,10:02:00.975338462
2300.9,2,10:02:00.975589629
2301.0,3,10:02:00.980729037
2301.0,1,10:02:00.982156987
2301.0,1,10:02:01.816044290
2301.0,1,10:02:02.197485761
2301.1,1,10:02:02.203510329
2301.2,1,10:02:02.307989872
2301.3,3,10:02:02.936232056
2301.4,2,10:02:04.130458944
2301.5,1,10:02:04.520392652
2301.5,4,10:02:04.520632068
2301.5,4,10:02:04.520696594
2301.5,5,10:02:04.520758441
2301.5,1,10:02:04.520796093
2301.5,3,10:02:04.520862565
2301.5,1,10:02:04.520897311
2301.5,4,10:02:04.520946320
2301.5,1,10:02:04.521050579
2301.4,1,10:02:04.521601194
2301.4,1,10:02:04.522402033
2301.5,1,10:02:04.522402033
2301.3,6,10:02:04.522668293
2301.2,1,10:02:04.537328478
2301.3,1,10:02:04.582949634
2301.1,1,10:02:05.090286439
2301.1,1,10:02:05.090704987
2301.0,2,10:02:05.209274249
2301.0,3,10:02:05.209356574
2301.0,8,10:02:05.209564181
2301.0,1,10:02:05.209653322
2300.8,1,10:02:06.336944100
2300.8,1,10:02:06.337217344
2300.8,1,10:02:06.337830272
2300.8,3,10:02:06.337971782
2300.8,1,10:02:06.338194285
2300.8,1,10:02:06.338783456
2300.9,1,10:02:06.339079186
2300.9,1,10:02:06.340409956
2300.8,1,10:02:07.039928119
2301.0,1,10:02:08.295325424
2300.9,3,10:02:08.475836637
2300.8,4,10:02:08.476427677
2300.8,1,10:02:08.476704325
2300.8,1,10:02:08.477494067
2300.8,1,10:02:08.485052805
2300.8,1,10:02:08.487601678
2300.7,4,10:02:09.507710679
2300.7,13,10:02:09.508038895
2300.8,1,10:02:10.097612113
2300.8,1,10:02:10.097909578
2300.7,1,10:02:10.118533040
2300.7,1,10:02:10.985438948
2300.6,1,10:02:11.080893136
2300.8,3,10:02:11.308513847
2300.9,1,10:02:11.410008957
2300.9,1,10:02:11.410267006
2300.9,1,10:02:11.440405803
2300.9,1,10:02:11.813785265
2300.8,1,10:02:12.055517471
2300.8,2,10:02:12.700162540
2300.7,1,10:02:13.074871604
2300.6,1,10:02:13.594489052
2300.6,1,10:02:14.680947150
2300.6,1,10:02:14.806233134
2300.5,1,10:02:15.450725801
2300.5,1,10:02:15.450917584
2300.5,1,10:02:15.451020281
2300.4,1,10:02:15.761010191
2300.4,2,10:02:16.539300273
2300.4,1,10:02:17.130718166
2300.4,1,10:02:17.130798795
2300.4,3,10:02:17.130845228
2300.5,3,10:02:17.131301355
2300.5,1,10:02:17.729053815
2300.6,1,10:02:17.846095037
2300.6,1,10:02:17.984984395
2300.6,1,10:02:17.985251210
2300.7,1,10:02:18.003743830
2300.7,3,10:02:18.554084038
2300.8,1,10:02:18.592715739
2300.7,1,10:02:18.599369620
2300.6,1,10:02:18.696381708
2300.5,1,10:02:19.145419466
2300.6,3,10:02:19.146278625
2300.5,1,10:02:19.577663255
2300.4,1,10:02:19.907316267
2300.3,1,10:02:20.389285944
2300.3,2,10:02:22.264621521
2300.5,1,10:02:22.458433312
2300.5,3,10:02:25.273418549
2300.5,6,10:02:25.274128417
2300.6,2,10:02:25.274552125
2300.6,1,10:02:25.360947972
2300.5,1,10:02:25.961188259
2300.6,1,10:02:26.953077836
2300.6,1,10:02:26.953189716
2300.7,2,10:02:26.988827001
2300.8,2,10:02:27.846188778
2300.9,1,10:02:28.026673379
2301.0,1,10:02:28.036556824
2300.8,1,10:02:28.387425511
2300.8,1,10:02:28.910128695
2300.8,1,10:02:28.910650101
2300.9,1,10:02:29.659168261
2300.8,1,10:02:30.620276817
2300.9,1,10:02:31.033382776
2300.9,1,10:02:31.384981558
2301.0,1,10:02:31.440396803
2301.2,1,10:02:34.341047882
2301.2,1,10:02:34.346200210
2301.2,2,10:02:34.483622981
2301.3,1,10:02:35.026364275
2301.3,1,10:02:35.032097456
2301.1,1,10:02:35.128253226
2301.1,1,10:02:36.074006246
2301.1,1,10:02:36.332796216
2301.0,2,10:02:39.138059690
2301.0,4,10:02:39.138229696
2301.0,2,10:02:39.138293359
2301.0,1,10:02:39.138902802
2301.1,5,10:02:39.397948737
2301.2,5,10:02:39.469374529
2301.2,2,10:02:39.474370079
2301.3,1,10:02:39.781983985
2301.4,1,10:02:39.966305860
2301.3,1,10:02:40.063168786
2301.3,1,10:02:40.292506695
2301.4,1,10:02:42.380553755
2301.4,1,10:02:42.380776089
2301.4,1,10:02:42.381180852
2301.4,1,10:02:42.381486638
2301.3,3,10:02:42.856673983
2301.2,1,10:02:42.867211277
2301.2,3,10:02:42.867671713
2301.2,1,10:02:42.871452861
2301.2,2,10:02:43.391852904
2301.2,1,10:02:44.040645227
2301.0,1,10:02:48.577954427
2301.0,1,10:02:48.606877459
2301.2,1,10:02:48.627465141
2301.2,1,10:02:48.628600002
2301.1,1,10:02:48.739185042
2301.3,1,10:02:49.016547644
2301.3,1,10:02:49.016606794
2301.2,1,10:02:49.059719847
2301.1,1,10:02:49.613822134
2301.1,1,10:02:49.614320970
2301.2,1,10:02:50.434710517
2301.0,1,10:02:51.237299367
2300.7,5,10:02:51.237299367
2300.0,9,10:02:51.237299367
2300.3,19,10:02:51.237299367
2300.1,13,10:02:51.237299367
2300.9,4,10:02:51.237299367
2300.5,9,10:02:51.237299367
2300.4,9,10:02:51.237299367
2299.9,5,10:02:51.237299367
2300.2,11,10:02:51.237299367
2300.6,13,10:02:51.237299367
2300.8,5,10:02:51.237299367
2299.9,1,10:02:51.237942039
2299.9,1,10:02:51.237950590
2299.9,1,10:02:51.237957723
2300.4,1,10:02:51.241162590
2300.6,1,10:02:51.241162590
2300.2,1,10:02:51.242194438
2300.4,1,10:02:51.245594133
2300.4,1,10:02:51.246137318
2300.4,1,10:02:51.246190906
2300.4,1,10:02:51.246243522
2300.3,1,10:02:51.247641075
2300.4,1,10:02:51.247698526
2300.4,1,10:02:51.247753808
2300.4,1,10:02:51.248971733
2300.4,1,10:02:51.249605001
2300.5,1,10:02:51.250167057
2300.4,1,10:02:51.250355288
2300.5,2,10:02:51.250446755
2300.5,1,10:02:51.250479767
2300.2,1,10:02:51.251077232
2300.4,1,10:02:51.251119994
2300.5,1,10:02:51.251753738
2300.4,1,10:02:51.252230974
2300.4,1,10:02:51.252264808
2300.4,1,10:02:51.252377334
2300.5,1,10:02:51.252675709
2300.5,2,10:02:51.252730734
2300.4,1,10:02:51.254001899
2300.4,1,10:02:51.254412278
2300.4,1,10:02:51.256229185
2300.6,2,10:02:51.271953937
2300.5,1,10:02:51.271953937
2300.5,1,10:02:51.294460423
2300.6,1,10:02:51.330686909
2300.6,1,10:02:51.330797978
2300.5,1,10:02:51.344973246
2300.5,1,10:02:51.345195580
2300.6,2,10:02:51.345787666
2300.5,4,10:02:51.378287907
2300.5,1,10:02:51.378622871
2300.5,1,10:02:51.404810394
2300.5,1,10:02:51.405122425
2300.4,3,10:02:51.427376433
2300.4,3,10:02:51.427456587
2300.5,1,10:02:51.428944064
2300.5,2,10:02:51.429248934
2300.6,2,10:02:51.660500442
2300.5,1,10:02:51.665189550
2300.5,1,10:02:51.665402896
2300.5,1,10:02:51.665597642
2300.4,2,10:02:51.784798756
2300.4,1,10:02:51.785479509
2300.5,1,10:02:52.014059414
2300.4,1,10:02:52.340502566
2300.4,1,10:02:52.341705969
2300.5,1,10:02:52.471494951
2300.5,5,10:02:52.756772855
2300.6,3,10:02:52.758246955
2300.7,1,10:02:53.732747043
2300.8,2,10:02:53.740394496
2300.7,5,10:02:55.194143541
2300.5,2,10:02:55.194143541
2300.6,3,10:02:55.194143541
2300.7,1,10:02:55.195699682
2300.7,1,10:02:55.195803606
2300.5,3,10:02:55.196067455
2300.6,2,10:02:55.196067455
2300.7,1,10:02:55.196250915
2300.7,1,10:02:55.196887138
2300.6,1,10:02:55.197120059
2300.6,1,10:02:55.198304963
2300.6,1,10:02:55.198490698
2300.7,1,10:02:55.200390752
2300.7,1,10:02:55.202302816
2300.8,3,10:02:56.688429919
2300.8,2,10:02:56.689075507
2300.7,1,10:02:56.690716657
2300.8,1,10:02:56.691008973
2300.8,1,10:02:56.893404151
2300.7,1,10:02:56.927013610
2300.7,2,10:02:56.927219508
2300.7,1,10:02:57.692428108
2300.8,1,10:02:57.693212505
2300.7,1,10:02:58.761169998
2300.7,1,10:02:58.980511737
2300.7,1,10:02:59.016424723
2300.8,1,10:02:59.054443336
2300.8,1,10:02:59.256425201
2300.9,6,10:02:59.490677519
2301.0,2,10:02:59.544348164
2301.0,1,10:02:59.544388804
2301.0,10,10:02:59.544536854
2301.0,2,10:02:59.544742059
2301.0,3,10:02:59.544778396
2301.0,1,10:02:59.544803382
2301.0,9,10:02:59.544901671
2301.0,1,10:02:59.545886729
2300.9,2,10:02:59.545886729
2300.9,1,10:02:59.546000679
2301.0,1,10:02:59.546289690
2300.9,1,10:02:59.745599268
2301.0,1,10:02:59.746041829
2301.0,1,10:02:59.746556685
2300.9,1,10:03:00.033505089
2300.9,1,10:03:00.066133363
2300.9,2,10:03:00.559619674
2300.8,1,10:03:00.683297035
2300.9,1,10:03:00.936712034
2300.8,1,10:03:01.546903017
2300.8,2,10:03:01.547117876
2300.9,2,10:03:01.547505432
2300.9,1,10:03:01.547922378
2301.1,2,10:03:02.234078760
2301.2,2,10:03:03.089513267
2301.2,1,10:03:03.089831702
2301.2,1,10:03:03.174269719
2301.2,1,10:03:05.030587492
2301.2,1,10:03:05.031093759
2301.4,2,10:03:05.846137867
2301.3,1,10:03:05.854519876
2301.2,1,10:03:05.855161896
2301.2,1,10:03:05.857830151
2301.2,1,10:03:05.858156590
2301.1,2,10:03:05.866080513
2301.2,1,10:03:05.920590287
2301.1,1,10:03:06.023891695
2301.2,1,10:03:06.879551305
2301.2,2,10:03:07.349394344
2301.2,1,10:03:09.658961760
2301.3,3,10:03:10.170606434
2301.4,1,10:03:10.220713000
2301.4,1,10:03:10.220982599
2301.5,2,10:03:10.320136019
2301.5,1,10:03:10.320353835
2301.5,2,10:03:10.320413733
2301.5,1,10:03:10.320487306
2301.5,3,10:03:10.320540557
2301.5,3,10:03:10.320563822
2301.5,3,10:03:10.320597336
2301.5,1,10:03:10.320644518
2301.4,1,10:03:10.320886677
2301.4,2,10:03:10.320984142
2301.5,1,10:03:10.322153669
2301.6,1,10:03:10.323239019
2301.8,1,10:03:11.609109291
2301.8,1,10:03:11.609527769
2301.9,1,10:03:12.244745839
2301.9,1,10:03:12.278654724
2301.9,1,10:03:12.808616548
2301.9,3,10:03:12.808931200
2301.8,2,10:03:13.105918122
2301.7,1,10:03:13.272060805
2301.9,1,10:03:13.812581537
2302.0,1,10:03:14.036039146
2302.0,1,10:03:14.036054781
2301.9,1,10:03:14.154562022
2301.7,1,10:03:14.783795347
2301.8,1,10:03:15.348815736
2301.8,1,10:03:16.060627024
2301.8,1,10:03:16.060960656
2302.0,3,10:03:16.719600844
2301.9,2,10:03:16.719600844
2301.9,2,10:03:16.720284330
2301.9,1,10:03:16.720501775
2302.0,1,10:03:17.282974016
2301.9,1,10:03:17.312784335
2302.1,8,10:03:18.058732168
2302.0,5,10:03:18.058732168
2301.9,1,10:03:18.284633108
2302.1,5,10:03:18.507230888
2302.2,8,10:03:19.061823320
2302.2,1,10:03:19.061946168
2302.2,1,10:03:19.063414217
2302.2,2,10:03:19.273526038
2302.2,1,10:03:19.273613009
2302.3,1,10:03:19.402979361
2302.2,1,10:03:19.427151906
2302.2,1,10:03:20.096593591
2302.2,1,10:03:20.097038067
2302.1,1,10:03:20.969009629
2302.1,4,10:03:20.969157469
2302.2,1,10:03:20.969235332
2302.1,8,10:03:20.969350705
2302.2,2,10:03:20.988163625
2302.2,2,10:03:21.073179515
2302.2,2,10:03:21.297671655
2302.1,1,10:03:21.945670143
2302.1,1,10:03:22.273123570
2302.1,3,10:03:22.273383009
2302.1,2,10:03:22.273435598
2302.1,5,10:03:22.273565418
2302.1,1,10:03:22.290063671
2302.2,1,10:03:22.374190782
2302.1,2,10:03:22.668803820
2302.1,1,10:03:22.700952696
2302.1,2,10:03:22.701148229
2302.1,1,10:03:22.701545737
2302.1,1,10:03:22.701872756
2302.1,1,10:03:22.702010717
2302.2,2,10:03:23.845673640
2302.1,1,10:03:24.509475427
2302.1,1,10:03:24.509536036
2302.0,1,10:03:25.055450054
2302.0,1,10:03:25.093361430
2302.0,2,10:03:25.521084665
2301.6,5,10:03:25.521084665
2301.9,7,10:03:25.521084665
2301.5,7,10:03:25.521084665
2301.7,2,10:03:25.521084665
2301.8,8,10:03:25.521084665
2301.7,1,10:03:25.524440829
2301.7,1,10:03:25.525575156
2301.7,1,10:03:25.526035287
2301.8,5,10:03:25.527827298
2301.8,2,10:03:25.528483030
2301.7,1,10:03:25.529169789
2301.7,4,10:03:25.529298610
2301.7,1,10:03:25.529470496
2301.7,1,10:03:25.529527665
2301.6,1,10:03:25.529606921
2301.6,4,10:03:25.529670137
2301.6,1,10:03:25.529777472
2301.7,1,10:03:25.529874843
2301.5,1,10:03:25.530266813
2301.6,1,10:03:25.531348310
2301.7,1,10:03:25.531348310
2301.5,1,10:03:25.532065739
2301.6,1,10:03:25.532180144
2301.6,1,10:03:25.532531265
2301.6,1,10:03:25.532729790
2301.5,1,10:03:25.533527317
2301.3,6,10:03:25.537964322
2301.4,2,10:03:25.537964322
2301.3,1,10:03:25.545840273
2301.3,1,10:03:25.546144845
2301.3,1,10:03:25.546543554
2301.3,1,10:03:25.547353833
2301.2,1,10:03:25.547777121
2301.2,1,10:03:25.548471004
2301.3,1,10:03:25.549103183
2301.3,1,10:03:25.549917683
2301.2,1,10:03:25.550869401
2301.3,1,10:03:25.552283257
2301.2,1,10:03:25.552490311
2301.3,1,10:03:25.553513241
2301.2,1,10:03:25.573701715
2301.2,1,10:03:25.574175818
2301.3,1,10:03:25.621516806
2301.3,1,10:03:25.621748641
2301.3,2,10:03:25.621806558
2301.3,1,10:03:25.622111486
2301.3,1,10:03:25.676881671
2301.2,1,10:03:25.686711136
2301.2,1,10:03:25.691965562
2301.3,1,10:03:25.736919904
2301.2,1,10:03:25.825671840
2301.3,1,10:03:25.826455977
2301.4,1,10:03:25.853370031
2301.4,1,10:03:25.853428355
2301.4,6,10:03:25.853694018
2301.5,1,10:03:25.862337140
2301.5,1,10:03:25.862765663
2301.4,1,10:03:25.880764133
2301.4,1,10:03:25.884633053
2301.4,1,10:03:25.931521324
2301.4,1,10:03:26.082489506
2301.3,1,10:03:26.226880277
2301.4,1,10:03:27.021993712
2301.4,1,10:03:27.022913472
2301.4,1,10:03:27.042075805
2301.3,1,10:03:27.348352489
2301.5,1,10:03:27.743507155
2301.6,1,10:03:27.917420853
2301.7,2,10:03:28.626732159
2301.6,8,10:03:28.875566503
2301.5,1,10:03:28.877493436
2301.6,2,10:03:28.878223103
2301.6,1,10:03:28.878559705
2301.5,3,10:03:28.942391065
2301.6,1,10:03:29.046334893
2301.5,3,10:03:29.359188374
2301.4,5,10:03:29.359188374
2301.2,6,10:03:29.359188374
2301.3,4,10:03:29.359188374
2301.1,2,10:03:29.359188374
2301.4,1,10:03:29.373576907
2301.4,1,10:03:29.373843248
2301.5,1,10:03:29.383170995
2301.4,1,10:03:29.554475193
2301.4,1,10:03:29.554662015
2301.4,2,10:03:29.641089617
2301.3,2,10:03:29.811462760
2301.4,1,10:03:29.987882018
2301.4,1,10:03:30.169874041
2301.4,1,10:03:30.170072019
2301.4,1,10:03:30.184283893
2301.3,2,10:03:30.248347041
2301.4,1,10:03:30.544977706
2301.3,3,10:03:30.696793373
2301.4,1,10:03:30.798811794
2301.5,1,10:03:31.258300330
2301.4,1,10:03:31.277229402
2301.4,1,10:03:31.594851463
2301.2,8,10:03:31.594851463
2301.0,8,10:03:31.594851463
2300.9,8,10:03:31.594851463
2301.1,6,10:03:31.594851463
2301.3,6,10:03:31.594851463
2300.9,1,10:03:31.596626075
2300.9,2,10:03:31.597382903
2300.9,1,10:03:31.598033917
2300.9,1,10:03:31.598192603
2300.9,4,10:03:31.598332084
2300.9,9,10:03:31.598332084
2300.9,3,10:03:31.598332084
2300.9,2,10:03:31.598440336
2300.9,6,10:03:31.598440336
2300.9,14,10:03:31.598509464
2300.9,9,10:03:31.598563347
2301.0,1,10:03:31.600309737
2300.9,6,10:03:31.600743308
2300.9,1,10:03:31.600841133
2300.9,2,10:03:31.601370257
2300.9,8,10:03:31.601869356
2301.0,1,10:03:31.602079971
2301.1,1,10:03:31.602205391
2301.1,1,10:03:31.603138924
2301.1,1,10:03:31.603216074
2301.0,1,10:03:31.604386709
2300.9,3,10:03:31.604430879
2301.0,3,10:03:31.604430879
2300.9,1,10:03:31.604632652
2300.9,1,10:03:31.604691630
2300.8,1,10:03:31.604767385
2300.8,1,10:03:31.604804087
2301.2,2,10:03:31.605779597
2301.0,1,10:03:31.606039248
2301.0,1,10:03:31.607141648
2301.0,1,10:03:31.608187029
2300.9,1,10:03:31.610617612
2300.9,1,10:03:31.761955403
2300.9,1,10:03:31.762384769
2300.9,1,10:03:31.762885390
2300.8,1,10:03:31.787065014
2300.9,2,10:03:31.872416017
2300.9,2,10:03:31.872643576
2300.7,2,10:03:32.042582885
2300.8,1,10:03:32.042941100
2300.8,1,10:03:32.043013489
2300.7,1,10:03:32.090218832
2300.7,3,10:03:32.090288046
2300.7,1,10:03:32.090880126
2300.7,1,10:03:32.090916408
2300.6,1,10:03:32.483806648
2300.7,1,10:03:32.484181424
2300.6,2,10:03:32.804145152
2300.6,2,10:03:33.863711557
2300.7,1,10:03:33.863747122
2300.7,1,10:03:33.864081388
2300.7,1,10:03:33.864664849
2300.7,1,10:03:33.925113876
2300.7,1,10:03:34.121168438
2300.6,1,10:03:34.309324136
2300.6,1,10:03:34.339867654
2300.8,1,10:03:34.847613138
2300.8,1,10:03:34.847662329
2300.9,2,10:03:35.067498894
2300.9,1,10:03:35.344378088
2300.7,2,10:03:36.429121551
2300.9,2,10:03:36.920331863
2300.9,1,10:03:37.266653522
2300.9,1,10:03:37.266710820
2300.8,1,10:03:37.266792992
2300.8,1,10:03:37.266894908
2300.9,1,10:03:37.267113037
2300.9,1,10:03:37.308228244
2300.8,1,10:03:37.720783610
2301.0,6,10:03:38.236069812
2301.1,4,10:03:38.236069812
2301.0,1,10:03:38.382240512
2300.9,1,10:03:38.382339154
2300.9,1,10:03:38.382595755
2300.8,1,10:03:38.395529744
2300.8,1,10:03:38.651817069
2300.9,1,10:03:38.683573926
2300.7,1,10:03:39.835573250
2300.8,1,10:03:40.441403910
2300.8,1,10:03:40.588532776
2300.8,4,10:03:40.599786666
2300.9,2,10:03:40.601134713
2300.9,1,10:03:40.602257056
2300.8,2,10:03:40.954440184
2300.8,2,10:03:40.954662150
2300.5,6,10:03:40.957152971
2300.7,1,10:03:40.957152971
2300.6,8,10:03:40.957152971
2300.5,11,10:03:40.958780770
2300.5,15,10:03:40.959124704
2300.6,1,10:03:40.962352757
2300.6,3,10:03:40.963336989
2300.6,1,10:03:41.191428184
2300.6,1,10:03:41.718178165
2300.5,3,10:03:41.718605786
2300.6,1,10:03:43.493387271
2300.6,2,10:03:43.493729580
2300.7,1,10:03:44.050903227
2300.7,2,10:03:44.975038217
2300.6,1,10:03:44.976171462
2300.5,1,10:03:45.044431326
2300.6,2,10:03:45.091443324
2300.8,1,10:03:45.313044507
2300.7,4,10:03:45.313044507
2300.7,1,10:03:45.314432503
2300.6,3,10:03:48.048865275
2300.6,1,10:03:48.063335165
2300.6,1,10:03:48.112224321
2300.6,1,10:03:48.112646893
2300.6,1,10:03:48.295255166
2300.6,2,10:03:49.484774455
2300.7,3,10:03:49.485648923
2300.7,1,10:03:49.515124146
2300.7,1,10:03:49.515855421
2300.7,4,10:03:49.660922540
2300.8,5,10:03:49.913148115
2300.8,1,10:03:49.913781148
2300.7,2,10:03:49.925013583
2300.7,1,10:03:50.357858306
2300.7,1,10:03:50.358153509
2300.7,2,10:03:50.364005659
2300.7,2,10:03:50.655857921
2300.5,9,10:03:50.829149832
2300.6,3,10:03:50.829149832
2300.5,3,10:03:50.830470544
2300.5,3,10:03:50.830516382
2300.5,2,10:03:50.830772912
2300.5,4,10:03:50.833036333
2300.5,1,10:03:50.989746903
2300.6,1,10:03:51.075937573
2300.6,2,10:03:51.515070906
2300.5,2,10:03:51.870831429
2300.7,1,10:03:52.705352118
2300.7,5,10:03:52.962403422
2300.6,1,10:03:52.988201936
2300.6,1,10:03:52.989091055
2300.7,1,10:03:54.053983291
2300.7,1,10:03:54.054376611
2300.6,1,10:03:54.161849184
2300.5,5,10:03:54.859631785
2300.4,4,10:03:54.860161956
2300.4,1,10:03:54.992733643
2300.4,1,10:03:54.992962415
2300.4,1,10:03:54.998111818
2300.5,1,10:03:55.056966958
2300.5,1,10:03:55.116521703
2300.6,1,10:03:56.039391615
2300.7,1,10:03:56.078858483
2300.8,2,10:03:56.337426963
2300.7,3,10:03:56.337426963
2300.7,3,10:03:56.374337772
2300.5,1,10:03:56.752365348
2300.6,1,10:03:59.243874576
2300.7,1,10:04:00.042272999
2300.7,1,10:04:00.042829842
2300.7,1,10:04:00.043039238
2300.7,3,10:04:00.061115631
2300.8,3,10:04:00.171193929
2300.8,1,10:04:00.171680473
2300.8,2,10:04:00.172057897
2300.7,4,10:04:00.177744944
2300.8,4,10:04:00.760210692
2300.7,6,10:04:00.790139552
2300.8,2,10:04:00.791053142
2300.6,1,10:04:00.903223497
2300.6,1,10:04:00.903466843
2300.6,1,10:04:00.904263416
2300.7,1,10:04:01.262052724
2300.7,1,10:04:01.447434575
2300.7,1,10:04:01.590088904
2300.8,1,10:04:01.590798022
2300.7,4,10:04:01.614161683
2300.7,1,10:04:01.713164877
2300.8,5,10:04:01.782140458
2300.7,6,10:04:01.790006400
2300.8,1,10:04:01.790006400
2300.6,1,10:04:01.805647721
2300.8,1,10:04:01.902638005
2300.7,4,10:04:01.907978337
2300.6,1,10:04:03.038449806
2300.6,1,10:04:03.038786344
2300.7,2,10:04:03.039468621
2300.7,1,10:04:03.039805786
2300.6,1,10:04:03.484306562
2300.6,1,10:04:03.484591550
2300.7,1,10:04:03.484698012
2300.7,1,10:04:03.649304489
2300.6,1,10:04:03.666997314
2300.8,2,10:04:03.977802647
2300.7,3,10:04:03.977802647
2300.7,1,10:04:03.978916350
2300.7,2,10:04:04.129735656
2300.8,1,10:04:04.204068870
2300.7,3,10:04:04.247765419
2300.7,2,10:04:04.272096125
2300.7,1,10:04:04.803014643
2300.8,1,10:04:04.807170979
2300.7,3,10:04:04.807775157
2300.7,2,10:04:04.811781998
2300.8,2,10:04:04.819538608
2300.8,2,10:04:04.819596136
2300.7,19,10:04:04.820149744
2300.8,1,10:04:04.820149744
2300.8,1,10:04:04.821597143
2300.8,1,10:04:04.822831593
2300.7,3,10:04:04.824399391
2300.7,3,10:04:04.862916632
2300.8,1,10:04:04.948970881
2300.7,5,10:04:04.979238103
2300.7,1,10:04:04.986947235
2300.7,1,10:04:05.469195610
2300.8,3,10:04:05.469963174
2300.7,2,10:04:05.477628161
2300.7,1,10:04:05.611995838
2300.7,2,10:04:05.625919931
2300.7,1,10:04:06.770893531
2300.6,3,10:04:07.082153996
2300.6,1,10:04:07.273308106
2300.6,1,10:04:08.115615809
2300.6,1,10:04:08.115949512
2300.6,1,10:04:08.458801225
2300.5,1,10:04:08.784459211
2300.5,1,10:04:08.934347860
2300.5,1,10:04:09.355521027
2300.5,1,10:04:09.355685602
2300.5,10,10:04:09.355882801
2300.5,1,10:04:09.356464154
2300.5,2,10:04:09.789646266
2300.4,1,10:04:10.211479810
2300.4,1,10:04:10.211552556
2300.4,1,10:04:10.211660857
2300.5,1,10:04:11.729741267
2300.4,1,10:04:12.045570644
2300.4,1,10:04:13.359189796
2300.4,3,10:04:13.477038241
2300.3,5,10:04:13.763562871
2300.2,1,10:04:13.763578244
2300.2,1,10:04:13.766996301
2300.4,1,10:04:13.974077993
2300.4,1,10:04:14.254172435
2300.4,1,10:04:14.254210720
2300.4,1,10:04:14.256270264
2300.5,1,10:04:15.039908450
2300.4,1,10:04:16.790962128
2300.5,1,10:04:17.096004301
2300.4,1,10:04:17.096747206
2300.4,1,10:04:17.942232547
2300.5,5,10:04:18.277744880
2300.5,4,10:04:18.278040851
2300.5,2,10:04:18.278201036
2300.5,2,10:04:18.278534541
2300.4,1,10:04:18.278787314
2300.4,1,10:04:18.278878365
2300.4,1,10:04:18.278945960
2300.4,1,10:04:18.279137532
2300.3,1,10:04:18.428836349
2300.2,1,10:04:20.359650294
2300.2,3,10:04:20.359883860
2300.2,1,10:04:20.360677445
2300.1,2,10:04:20.378121419
2300.2,1,10:04:20.378542947
2300.3,2,10:04:20.385658252
2300.2,2,10:04:20.651792167
2300.3,1,10:04:21.058030642
2300.2,3,10:04:21.220495499
2300.3,1,10:04:21.668274717
2300.2,1,10:04:21.745330155
2300.1,2,10:04:22.056842628
2300.1,1,10:04:22.057045666
2300.2,1,10:04:22.058049081
2300.0,1,10:04:22.274368247
2300.2,1,10:04:22.363972866
2300.2,1,10:04:22.788673697
2300.2,1,10:04:22.788936764
2300.3,1,10:04:22.828368054
2300.3,3,10:04:23.308037257
2300.3,1,10:04:23.523020136
2300.4,2,10:04:25.519294225
2300.4,1,10:04:25.519516857
2300.5,5,10:04:25.673390413
2300.4,1,10:04:25.673515206
2300.5,2,10:04:25.673758474
2300.5,1,10:04:25.673790049
2300.5,1,10:04:25.673833984
2300.5,2,10:04:25.673882884
2300.6,1,10:04:25.676487727
2300.6,1,10:04:25.676522128
2300.6,1,10:04:25.676559674
2300.7,1,10:04:25.760197580
2300.7,1,10:04:25.765389787
2300.7,1,10:04:25.765591308
2300.6,1,10:04:25.877301879
2300.8,1,10:04:26.631175529
2300.9,1,10:04:26.633403087
2301.0,1,10:04:26.637555142
2301.1,1,10:04:26.637566723
2301.1,2,10:04:26.650691273
2301.1,3,10:04:26.651300754
2301.0,1,10:04:26.659308941
2301.1,1,10:04:26.870502739
2301.1,1,10:04:27.052578273
2301.1,1,10:04:27.058673375
2301.1,1,10:04:27.058952318
2301.2,1,10:04:27.758238151
2301.3,1,10:04:28.078519474
2301.3,1,10:04:28.860122788
2301.2,4,10:04:28.886678223
2301.2,2,10:04:28.890884663
2301.2,1,10:04:28.891562085
2301.2,1,10:04:28.974375391
2301.0,3,10:04:29.612863135
2301.1,1,10:04:29.613934572
2301.0,1,10:04:29.721581808
2301.1,1,10:04:29.948932127
2301.2,3,10:04:29.950279674
2301.2,2,10:04:29.970140744
2301.1,1,10:04:30.050244042
2301.2,1,10:04:30.053123764
2301.2,1,10:04:30.054342749
2301.3,1,10:04:30.122559965
2301.1,1,10:04:30.205862044
2301.2,1,10:04:30.217793050
2301.1,1,10:04:30.264113437
2301.1,1,10:04:30.465322504
2301.1,1,10:04:30.809817228
2301.1,1,10:04:30.893023538
2301.1,1,10:04:31.199556090
2301.2,4,10:04:31.439561439
2301.3,1,10:04:31.446483108
2301.3,1,10:04:31.447285512
2301.2,3,10:04:31.469571335
2301.1,1,10:04:31.970631501
2301.3,1,10:04:32.452095650
2301.4,1,10:04:32.453899220
2301.2,5,10:04:32.466249623
2301.3,4,10:04:32.466249623
2301.3,1,10:04:32.469150817
2301.2,4,10:04:32.470748721
2301.2,3,10:04:32.478830919
2301.2,2,10:04:32.484760749
2301.3,1,10:04:32.485382483
2301.2,2,10:04:32.491334683
2301.2,1,10:04:32.523648010
2301.2,1,10:04:32.702359967
2301.1,1,10:04:33.039511731
2301.0,1,10:04:33.041663032
2301.0,1,10:04:33.042702016
2300.9,1,10:04:33.450971759
2301.0,1,10:04:33.690522776
2301.1,1,10:04:34.223355593
2301.1,2,10:04:34.223700972
2301.0,1,10:04:35.000680650
2300.8,4,10:04:35.000680650
2300.9,5,10:04:35.000680650
2300.9,1,10:04:35.136272263
2300.9,1,10:04:35.791856836
2300.8,1,10:04:36.041350171
2300.9,1,10:04:36.041881084
2300.9,1,10:04:36.284388291
2300.9,1,10:04:36.422647105
2301.0,2,10:04:37.709105749
2301.1,1,10:04:37.710606120
2301.1,1,10:04:37.711269293
2301.2,2,10:04:37.712055926
2301.3,2,10:04:37.780291608
2301.4,2,10:04:37.901636274
2301.5,1,10:04:37.972277706
2301.5,1,10:04:37.972746179
2301.5,1,10:04:37.973318284
2301.6,1,10:04:37.976334069
2301.6,1,10:04:37.977158652
2301.7,1,10:04:37.977851229
2301.7,1,10:04:37.983775272
2301.7,1,10:04:37.984408139
2301.8,4,10:04:38.265747788
2301.7,1,10:04:38.272071119
2301.6,1,10:04:38.278048491
2301.6,1,10:04:38.278710664
2301.5,1,10:04:38.283559441
2301.9,8,10:04:38.888091020
2302.0,3,10:04:38.888091020
2301.8,6,10:04:38.888091020
2301.7,3,10:04:38.888091020
2301.7,1,10:04:38.890411041
2301.7,1,10:04:38.891579007
2301.7,1,10:04:38.892203557
2301.6,1,10:04:38.954014158
2301.6,2,10:04:38.990224108
2301.5,3,10:04:38.990224108
2301.6,1,10:04:38.991858448
2301.6,1,10:04:40.279151336
2301.6,1,10:04:40.279425991
2301.7,1,10:04:41.136724420
2301.7,1,10:04:41.138095670
2301.7,1,10:04:41.947497035
2301.6,1,10:04:41.948070896
2301.7,1,10:04:42.247332001
2301.6,2,10:04:42.754552370
2301.6,1,10:04:42.787711980
2301.8,1,10:04:43.957252825
2301.8,1,10:04:45.031774575
2301.7,1,10:04:45.252172499
2301.6,1,10:04:45.834688558
2301.6,1,10:04:45.848095965
2301.6,1,10:04:45.848351522
2301.6,1,10:04:45.848852829
2301.5,2,10:04:46.030347833
2301.6,4,10:04:46.349679505
2301.7,1,10:04:46.349679505
2301.5,1,10:04:46.351139884
2301.5,1,10:04:46.480777421
2301.6,1,10:04:47.369839903
2301.6,1,10:04:48.239118602
2301.5,1,10:04:48.354436784
2301.5,1,10:04:48.354788116
2301.8,1,10:04:48.879162914
2302.0,1,10:04:49.167247555
2302.1,1,10:04:49.188275065
2302.0,2,10:04:49.197189716
2302.0,3,10:04:49.202426172
2302.0,2,10:04:49.207140310
2301.9,1,10:04:49.616769379
2302.0,1,10:04:50.447538521
2301.8,1,10:04:50.448547700
2301.8,1,10:04:50.449802269
2301.7,1,10:04:50.566030025
2301.6,1,10:04:51.112417198
2301.7,1,10:04:51.626007752
2301.8,2,10:04:51.627025255
2301.8,1,10:04:51.627931663
2301.8,1,10:04:52.033500401
2301.9,1,10:04:52.378333976
2302.0,2,10:04:52.741076879
2302.0,2,10:04:52.741318104
2302.0,2,10:04:52.741468328
2301.9,1,10:04:52.741791035
2301.9,1,10:04:52.742060522
2301.8,1,10:04:52.743498589
2301.9,1,10:04:53.093287632
2302.0,20,10:04:53.183692140
2302.0,1,10:04:53.184051472
2302.0,1,10:04:53.192683320
2301.9,1,10:04:53.243378615
2301.6,1,10:04:54.362014285
2301.7,2,10:04:54.576377877
2301.7,2,10:04:55.083565521
2301.7,1,10:04:55.083976122
2301.7,1,10:04:55.087657556
2301.6,1,10:04:55.090601078
2301.5,1,10:04:55.093057281
2301.5,1,10:04:55.332557987
2301.5,1,10:04:55.332826853
2301.5,1,10:04:55.332885814
2301.6,1,10:04:55.360077128
2301.6,1,10:04:55.764303114
2301.5,2,10:04:56.016067677
2301.6,1,10:04:58.252050442
2301.5,1,10:04:58.252129208
2301.6,1,10:04:58.449836732
2301.5,1,10:04:59.432604339
2301.5,1,10:04:59.437038022
2301.7,4,10:04:59.766968023
2301.6,3,10:04:59.766968023
2301.7,3,10:04:59.768136614
2301.6,1,10:04:59.768660720
2301.7,1,10:04:59.846998746
2301.7,1,10:05:00.008760283
2301.7,1,10:05:00.082582521
2301.8,1,10:05:02.461512510
2301.9,1,10:05:02.565560063
2302.0,1,10:05:02.567584626
2302.1,1,10:05:02.572588276
2302.1,1,10:05:02.572900823
2302.1,1,10:05:02.572957509
2302.2,1,10:05:02.672584298
2302.2,1,10:05:02.674004960
2302.2,1,10:05:02.674154048
2302.2,2,10:05:02.674575160
2302.2,1,10:05:02.674706981
2302.3,2,10:05:03.003492749
2302.3,2,10:05:03.004960682
2302.4,4,10:05:03.233896398
2302.5,1,10:05:03.239781983
2302.5,1,10:05:03.241047189
2302.5,1,10:05:03.241524873
2302.4,2,10:05:03.242551050
2302.4,8,10:05:03.243226372
2302.4,1,10:05:03.243654775
2302.4,3,10:05:03.243901717
2302.4,2,10:05:03.244490256
2302.4,1,10:05:03.245138549
2302.5,4,10:05:03.412549589
2302.5,1,10:05:03.413857981
2302.5,2,10:05:03.914183357
2302.6,1,10:05:03.923925973
2302.5,3,10:05:03.955039337
2302.5,2,10:05:03.959147298
2302.4,1,10:05:04.128208290
2302.5,1,10:05:04.459996041
2302.5,1,10:05:04.483761992
2302.7,2,10:05:04.711105392
2302.6,3,10:05:04.711105392
2302.7,2,10:05:04.711122065
2302.7,1,10:05:04.711122065
2302.6,1,10:05:04.711903674
2302.5,3,10:05:04.743267884
2302.6,1,10:05:05.001154019
2302.5,3,10:05:05.006473499
2302.5,1,10:05:05.017456739
2302.4,2,10:05:05.074682461
2302.4,1,10:05:05.075130732
2302.3,1,10:05:05.467110573
2302.3,1,10:05:05.553424271
2302.3,1,10:05:05.554106368
2302.2,1,10:05:05.870038085
2302.4,4,10:05:05.985865443
2302.3,4,10:05:05.985865443
2302.3,1,10:05:05.987792989
2302.3,1,10:05:06.410045773
2302.3,1,10:05:07.317352483
2302.4,2,10:05:07.550232785
2302.4,1,10:05:07.550571230
2302.2,1,10:05:07.699933967
2302.3,1,10:05:08.430222772
2302.3,2,10:05:08.568450367
2302.2,1,10:05:08.574586718
2302.2,1,10:05:08.657687799
2302.2,1,10:05:08.716001612
2302.4,1,10:05:09.284093519
2302.4,1,10:05:09.421316646
2302.4,1,10:05:09.421427001
2302.4,1,10:05:09.421689057
2302.4,1,10:05:09.421833367
2302.4,1,10:05:09.421905033
2302.3,2,10:05:09.422098665
2302.3,4,10:05:09.430467494
2302.2,1,10:05:11.527015779
2302.3,1,10:05:12.723352575
2302.4,1,10:05:12.724136329
2302.5,1,10:05:13.271577795
2302.5,1,10:05:13.744407648
2302.4,1,10:05:14.148951297
2302.4,3,10:05:14.594719492
2302.3,1,10:05:15.271958561
2302.2,2,10:05:16.121420571
2302.3,1,10:05:19.293239708
2302.4,1,10:05:20.666017227
2302.2,2,10:05:21.015734603
2302.1,1,10:05:21.123379126
2302.2,1,10:05:21.857190815
2302.3,1,10:05:24.325728511
2302.3,1,10:05:24.326385762
2302.2,1,10:05:26.590530864
2302.1,1,10:05:28.462465886
2302.3,5,10:05:28.998517086
2302.2,1,10:05:29.717182037
2302.2,1,10:05:29.717856964
2302.3,3,10:05:29.824654043
2302.1,4,10:05:30.109386151
2302.1,1,10:05:30.708080333
2302.0,1,10:05:30.808037453
2301.9,1,10:05:30.808048551
2302.1,1,10:05:31.651317801
2302.0,1,10:05:31.667015628
2301.9,1,10:05:32.543087823
2302.1,3,10:05:33.249341786
2302.2,1,10:05:33.459302122
2302.4,1,10:05:34.113317078
2302.5,1,10:05:34.218176806
2302.5,1,10:05:34.218211569
2302.5,1,10:05:34.489285897
2302.6,1,10:05:34.510620750
2302.5,1,10:05:34.749852941
2302.5,1,10:05:34.750220872
2302.4,1,10:05:35.580810854
2302.7,1,10:05:35.915080347
2302.6,2,10:05:35.929571027
2302.5,1,10:05:36.020208997
2302.5,1,10:05:36.297682097
2302.7,1,10:05:37.003535803
2302.6,1,10:05:37.193827802
2302.6,1,10:05:37.194142260
2302.5,1,10:05:38.048230202
2302.6,2,10:05:38.198300578
2302.5,1,10:05:38.251620444
2302.5,2,10:05:38.379494440
2302.5,1,10:05:38.779321841
2302.7,1,10:05:38.783791416
2302.7,1,10:05:39.113252931
2302.7,1,10:05:39.114221613
2302.8,3,10:05:39.429430859
2302.7,1,10:05:39.754168707
2302.7,2,10:05:39.754673795
2302.8,1,10:05:39.783761586
2302.8,1,10:05:39.783840288
2302.9,2,10:05:40.071250982
2303.0,2,10:05:40.125612216
2303.1,1,10:05:40.244148432
2303.1,1,10:05:40.251699778
2303.0,1,10:05:40.463659742
2303.3,1,10:05:40.486301588
2303.2,2,10:05:40.499067145
2303.1,1,10:05:40.939715991
2303.1,1,10:05:40.939814704
2303.1,2,10:05:40.940230729
2303.1,1,10:05:40.940290810
2303.1,1,10:05:40.940356373
2303.1,1,10:05:40.947968366
2303.1,1,10:05:41.271177023
2303.2,1,10:05:41.340332224
2303.1,3,10:05:43.706169281
2303.1,1,10:05:43.706956568
2303.1,1,10:05:43.725738429
2303.1,2,10:05:44.243147739
2303.1,1,10:05:45.675131708
2303.1,2,10:05:46.038464933
2303.1,1,10:05:46.548561390
2303.2,1,10:05:46.955423335
2303.3,2,10:05:46.970050222
2303.3,2,10:05:46.970516964
2303.3,1,10:05:47.052092774
2303.3,1,10:05:47.052400431
2303.4,1,10:05:47.175643452
2303.4,1,10:05:47.235440967
2303.3,1,10:05:47.336867903
2303.2,1,10:05:47.442320341
2303.2,1,10:05:47.462435115
2303.2,1,10:05:47.462633298
2303.1,1,10:05:47.511512038
2303.2,1,10:05:48.032875893
2303.1,2,10:05:48.203514979
2303.1,2,10:05:48.203866691
2303.1,1,10:05:48.618473981
2303.2,1,10:05:48.618821086
2303.0,2,10:05:49.320993869
2303.0,1,10:05:49.334138557
2303.1,1,10:05:49.825875870
2303.0,1,10:05:50.465427148
2303.2,1,10:05:50.923061232
2303.3,1,10:05:52.235490899
2303.3,2,10:05:52.235732162
2303.4,4,10:05:52.236850127
2303.4,2,10:05:53.561085852
2303.3,3,10:05:54.532781422
2303.3,7,10:05:54.533304925
2303.3,3,10:05:54.533400549
2303.3,7,10:05:54.533447347
2303.3,1,10:05:54.534413818
2303.2,2,10:05:54.534413818
2303.2,1,10:05:54.534565078
2303.3,1,10:05:54.535209098
2303.3,1,10:05:54.535698323
2303.3,1,10:05:54.548091748
2303.3,1,10:05:54.548826384
2303.2,2,10:05:55.362677945
2303.2,1,10:05:55.366197629
2303.2,1,10:05:56.265113372
2303.3,1,10:05:56.265113372
2303.2,1,10:05:56.757828800
2303.0,4,10:05:57.197565743
2303.1,6,10:05:57.197565743
2303.0,1,10:05:57.203069832
2302.9,1,10:05:57.204380067
2303.0,3,10:05:57.204825359
2303.0,3,10:05:57.989636263
2303.1,1,10:05:59.034971035
2303.3,1,10:05:59.845067396
2303.3,1,10:05:59.846040807
2303.1,1,10:06:00.326838376
2303.2,2,10:06:00.764916187
2303.1,1,10:06:00.765758729
2303.0,2,10:06:00.767180256
2302.9,1,10:06:00.769500465
2302.9,1,10:06:00.856590337
2303.0,4,10:06:00.876873757
2302.8,1,10:06:00.989035238
2303.0,1,10:06:01.423526980
2303.0,4,10:06:01.423934802
2303.2,6,10:06:01.423934802
2303.1,8,10:06:01.423934802
2303.2,2,10:06:01.432932715
2303.1,1,10:06:01.462279095
2303.1,1,10:06:01.463561307
2303.0,3,10:06:01.494550667
2303.0,1,10:06:01.495454568
2303.1,2,10:06:02.080912756
2303.2,1,10:06:02.367927601
2303.2,3,10:06:02.368121718
2303.1,3,10:06:03.099123265
2303.0,4,10:06:03.315632099
2302.9,2,10:06:03.315632099
2303.0,1,10:06:03.510644489
2303.1,3,10:06:03.875804245
2303.2,5,10:06:03.877016958
2303.2,1,10:06:03.877172200
2303.2,1,10:06:04.137468216
2303.1,4,10:06:04.137468216
2303.2,1,10:06:04.139232262
2303.3,1,10:06:04.139435069
2303.3,1,10:06:04.139635275
2303.2,1,10:06:04.327702338
2303.2,1,10:06:05.284374849
2303.2,1,10:06:05.975215920
2303.1,1,10:06:06.216337735
2303.1,1,10:06:06.508351418
2303.0,2,10:06:07.004898134
2303.0,2,10:06:07.005126414
2303.0,16,10:06:07.005197926
2303.0,1,10:06:07.005407483
2302.8,3,10:06:07.033812308
2302.7,3,10:06:07.670005066
2302.6,4,10:06:07.679010287
2302.5,2,10:06:07.679026464
2302.5,1,10:06:07.679026464
2302.5,1,10:06:07.680100184
2302.6,2,10:06:07.701659807
2302.7,1,10:06:07.744433757
2302.7,1,10:06:07.744864213
2302.7,1,10:06:07.745069939
2302.7,1,10:06:08.424615436
2302.6,1,10:06:08.424615436
2302.8,2,10:06:08.952542627
2302.8,1,10:06:08.952788215
2302.7,1,10:06:09.003859316
2302.7,2,10:06:09.299902522
2302.7,2,10:06:09.300242320
2303.0,2,10:06:10.475563520
2303.1,1,10:06:10.617466727
2303.1,2,10:06:10.617694328
2303.1,5,10:06:10.617749929
2303.1,1,10:06:10.734970853
2303.1,1,10:06:10.735061063
2303.2,1,10:06:11.262034249
2303.2,3,10:06:11.262176569
2303.1,1,10:06:12.538888937
2303.2,1,10:06:13.133602059
2303.1,1,10:06:13.134296556
2303.2,1,10:06:13.134426453
2303.1,1,10:06:13.421742617
2303.2,1,10:06:15.627637751
2303.4,1,10:06:15.705371335
2303.4,1,10:06:15.727769982
2303.4,1,10:06:15.728040554
2303.4,1,10:06:16.846616216
2303.5,3,10:06:17.382014483
2303.6,7,10:06:17.382014483
2303.7,1,10:06:17.382031594
2303.5,1,10:06:17.404304367
2303.4,1,10:06:17.467587064
2303.4,1,10:06:17.468721999
2303.5,1,10:06:17.487914552
2303.3,1,10:06:18.491086930
2303.3,1,10:06:19.230574308
2303.3,1,10:06:19.997724295
2303.6,1,10:06:20.030327490
2303.5,3,10:06:20.036726883
2303.3,1,10:06:21.339421671
2303.4,1,10:06:21.589486193
2303.4,1,10:06:22.512320604
2303.6,1,10:06:22.773593167
2303.6,1,10:06:22.774088092
2303.6,2,10:06:23.381389569
2303.5,5,10:06:24.746085938
2303.6,3,10:06:24.746085938
2303.5,1,10:06:24.747420422
2303.5,1,10:06:24.747651988
2303.5,1,10:06:24.747753725
2303.4,2,10:06:24.748996730
2303.4,1,10:06:24.772376289
2303.2,2,10:06:25.398661387
2303.1,1,10:06:25.398673217
2303.2,1,10:06:25.503086575
2303.2,1,10:06:25.503654248
2303.2,1,10:06:25.505487334
2303.1,2,10:06:25.787406324
2303.1,1,10:06:25.820459078
2303.0,1,10:06:25.951581635
2303.1,2,10:06:26.112665643
2303.1,1,10:06:26.114312536
2302.9,1,10:06:27.965616816
2303.1,2,10:06:29.338467830
2303.1,1,10:06:29.339665646
2303.2,1,10:06:29.339756131
2303.1,1,10:06:29.412494880
2303.0,1,10:06:31.284704988
2303.0,1,10:06:31.394152592
2303.1,1,10:06:31.545248251
2303.2,1,10:06:31.633541617
2303.2,1,10:06:31.634101264
2303.1,1,10:06:31.734209258
2303.1,1,10:06:34.125723433
2303.1,1,10:06:34.126163579
2303.1,1,10:06:34.126451089
2303.0,1,10:06:34.435577569
2303.0,4,10:06:34.435883002
2303.1,1,10:06:35.447838587
2303.2,1,10:06:37.296455047
2303.1,1,10:06:37.297309384
2303.1,1,10:06:40.179822675
2303.3,2,10:06:42.047978137
2303.4,1,10:06:42.066172757
2303.2,2,10:06:42.071548471
2303.3,4,10:06:42.071548471
2303.3,1,10:06:42.072847054
2303.2,1,10:06:43.755283264
2303.2,1,10:06:43.756902159
2303.2,1,10:06:44.112575341
2303.3,3,10:06:44.112575341
2303.1,2,10:06:46.192169662
2303.0,1,10:06:46.192960285
2303.0,1,10:06:46.193004388
2303.0,2,10:06:48.868136274
2302.9,1,10:06:48.868410766
2303.0,1,10:06:48.869137513
2303.1,2,10:06:49.761247916
2303.1,1,10:06:49.761330851
2303.1,1,10:06:49.832606757
2303.3,1,10:06:51.852149148
2303.3,1,10:06:52.237790363
2303.3,1,10:06:52.237986169
2303.2,2,10:06:52.551776806
2303.2,1,10:06:52.554340515
2303.1,1,10:06:52.761077929
2303.2,5,10:06:54.241954131
2303.2,1,10:06:54.243993149
2303.2,1,10:06:54.244654346
2303.1,3,10:06:54.868731106
2303.0,1,10:06:54.996029746
2303.0,1,10:06:54.996453498
2303.1,1,10:06:55.497011305
2303.2,1,10:06:56.878092367
2303.1,3,10:06:57.830322835
2303.2,5,10:06:58.321883271
2303.2,1,10:06:58.323288454
2303.0,2,10:06:58.735351344
2302.9,3,10:07:00.344616119
2302.9,1,10:07:00.345799482
2302.9,1,10:07:00.346417667
2303.0,2,10:07:00.371801694
2303.0,3,10:07:00.371978044
2303.0,1,10:07:00.372071293
2303.0,1,10:07:00.372109519
2303.0,1,10:07:00.372134092
2303.2,1,10:07:00.493814938
2303.3,1,10:07:00.886307916
2303.3,1,10:07:00.887352699
2303.3,3,10:07:01.148735668
2303.4,3,10:07:01.742552428
2303.3,1,10:07:02.822609300
2303.3,1,10:07:02.823103255
2303.3,1,10:07:02.823519715
2303.3,1,10:07:02.824527217
2303.3,2,10:07:02.824646230
2303.3,1,10:07:02.825217303
2303.4,1,10:07:04.055073070
2303.4,1,10:07:04.055259589
2303.5,1,10:07:04.571661895
2303.3,1,10:07:04.760446664
2303.3,1,10:07:04.760670477
2303.2,1,10:07:04.761748118
2303.4,3,10:07:05.118962191
2303.3,2,10:07:05.118962191
2303.4,1,10:07:05.873333308
2303.2,3,10:07:05.963766244
2303.3,2,10:07:06.335183199
2303.4,3,10:07:06.335945744
2303.4,1,10:07:06.337904380
2303.3,1,10:07:06.650839107
2303.2,1,10:07:07.126444364
2303.2,1,10:07:08.197019952
2303.2,2,10:07:08.568489234
2303.1,5,10:07:08.755204162
2303.2,12,10:07:09.307078299
2303.2,6,10:07:09.307380689
2303.2,7,10:07:09.307621218
2303.3,2,10:07:09.862967577
2303.4,1,10:07:10.101459002
2303.4,1,10:07:10.102086589
2303.5,2,10:07:10.917611926
2303.3,5,10:07:11.420972005
2303.4,1,10:07:11.534474008
2303.3,1,10:07:12.739480573
2303.2,1,10:07:12.739729347
2303.2,3,10:07:12.739745386
2303.1,1,10:07:12.739745386
2303.2,2,10:07:12.739745386
2303.3,2,10:07:12.796760921
2303.4,2,10:07:12.930570675
2303.4,3,10:07:12.931072480
2303.3,1,10:07:15.265616822
2303.5,4,10:07:15.397147649
2303.5,3,10:07:15.448573214
2303.5,1,10:07:15.448778126
2303.5,2,10:07:15.448868361
2303.5,1,10:07:15.448958053
2303.5,4,10:07:15.449009565
2303.5,2,10:07:15.449057921
2303.5,1,10:07:15.449221870
2303.5,1,10:07:15.449429362
2303.5,1,10:07:15.449788048
2303.6,1,10:07:15.449888581
2303.6,1,10:07:15.450460384
2303.6,1,10:07:16.182163016
2303.6,1,10:07:16.182525535
2303.4,2,10:07:17.004517489
2303.4,1,10:07:17.195604986
2303.5,1,10:07:17.284842396
2303.4,1,10:07:17.806105414
2303.4,2,10:07:17.806478407
2303.4,2,10:07:17.806557330
2303.4,2,10:07:19.298418705
2303.3,1,10:07:20.374175973
2303.2,1,10:07:20.517188817
2303.2,3,10:07:20.518997020
2303.1,1,10:07:20.523973530
2303.2,2,10:07:21.238264750
2303.2,2,10:07:21.238444991
2303.3,3,10:07:21.239334866
2303.2,1,10:07:21.239637783
2303.3,1,10:07:21.560898101
2303.2,3,10:07:23.226259769
2303.1,1,10:07:23.228175366
2303.1,1,10:07:23.908996948
2303.1,1,10:07:24.224465867
2303.0,2,10:07:24.225884475
2302.9,1,10:07:24.234786475
2302.8,1,10:07:25.299195228
2302.7,3,10:07:25.311133056
2302.6,1,10:07:25.313698378
2302.6,2,10:07:25.322028961
2302.4,1,10:07:25.328988679
2302.5,1,10:07:25.329360453
2302.5,1,10:07:25.329459636
2302.4,1,10:07:25.340547472
2302.4,1,10:07:25.341449302
2302.5,1,10:07:25.355775161
2302.5,1,10:07:25.355828471
2302.5,1,10:07:25.355850852
2302.5,1,10:07:25.526652940
2302.6,2,10:07:25.893066150
2302.7,1,10:07:26.126423448
2302.7,1,10:07:26.129501418
2302.6,3,10:07:27.000603629
2302.6,1,10:07:28.843650126
2302.7,1,10:07:28.844102948
2302.8,1,10:07:29.147183956
2302.9,1,10:07:29.160118343
2302.9,1,10:07:29.438128004
2302.8,1,10:07:29.636848129
2302.8,4,10:07:29.637495768
2302.7,1,10:07:30.346413548
2303.0,3,10:07:31.974152355
2303.0,1,10:07:32.086813021
2303.1,1,10:07:32.280380685
2302.9,1,10:07:32.304953484
2302.8,1,10:07:32.944342202
2302.7,3,10:07:33.377641956
2302.5,1,10:07:37.067301063
2302.5,2,10:07:37.067683345
2302.6,1,10:07:37.093457810
2302.7,1,10:07:37.252551406
2302.6,1,10:07:37.823021791
2302.7,1,10:07:37.846906044
2302.7,1,10:07:37.846970154
2302.6,1,10:07:38.353115042
2302.5,2,10:07:39.468834624
2302.4,1,10:07:40.094246486
2302.3,3,10:07:40.630061787
2302.1,3,10:07:42.876552741
2302.0,1,10:07:42.876565976
2302.1,2,10:07:43.785681172
2302.1,1,10:07:43.894397704
2302.2,3,10:07:43.894742881
2302.4,3,10:07:45.585497731
2302.3,2,10:07:45.585497731
2302.3,1,10:07:45.587179458
2302.3,1,10:07:46.492574651
2302.4,3,10:07:46.493931369
2302.5,2,10:07:46.496746994
2302.4,1,10:07:46.504733718
2302.5,1,10:07:46.511893235
2302.4,1,10:07:46.597234050
2302.3,1,10:07:47.599245427
2302.5,3,10:07:48.046231933
2302.6,2,10:07:48.233847046
2302.6,2,10:07:49.366437556
2302.7,1,10:07:49.378982928
2302.7,1,10:07:49.379212789
2302.8,1,10:07:49.389387473
2302.7,1,10:07:49.452048939
2302.3,2,10:07:51.123771997
2302.3,2,10:07:51.663802843
2302.2,6,10:07:51.663802843
2302.2,7,10:07:51.665456391
2302.2,1,10:07:51.665556153
2302.2,1,10:07:51.665712178
2302.2,8,10:07:51.667350842
2302.3,1,10:07:51.800899155
2302.2,1,10:07:52.621372469
2302.4,1,10:07:52.675635683
2302.5,1,10:07:53.065465259
2302.4,1,10:07:54.390598282
2302.6,1,10:07:57.273321048
2302.7,1,10:07:57.780334728
2302.7,1,10:07:57.780622298
2302.7,1,10:08:00.094710543
2302.6,2,10:08:00.250155503
2302.5,7,10:08:00.250909210
2302.4,4,10:08:00.252126194
2302.5,1,10:08:00.252167670
2302.4,1,10:08:00.252767468
2302.5,2,10:08:00.937754315
2302.5,2,10:08:00.938342580
2302.4,1,10:08:00.938452453
2302.4,1,10:08:00.938892015
2302.4,2,10:08:01.331555696
2302.4,1,10:08:01.602741117
2302.4,1,10:08:01.602999721
2302.5,1,10:08:02.120256100
2302.5,1,10:08:02.121025542
2302.6,3,10:08:02.362472634
2302.5,1,10:08:02.362587552
2302.6,3,10:08:02.362810548
2302.6,6,10:08:02.362833051
2302.6,8,10:08:02.362938714
2302.6,4,10:08:02.362999256
2302.6,1,10:08:02.366291962
2302.6,1,10:08:02.367335475
2302.7,2,10:08:03.159015137
2302.8,3,10:08:03.474339037
2302.9,2,10:08:03.474352986
2302.9,1,10:08:03.477314957
2302.9,1,10:08:03.487718520
2303.0,2,10:08:03.598888200
2302.9,1,10:08:03.600235718
2303.1,1,10:08:04.838009238
2303.2,2,10:08:05.199034240
2303.2,6,10:08:05.199113259
2303.2,1,10:08:05.199141484
2303.2,2,10:08:05.199184761
2303.2,1,10:08:05.199222810
2303.2,1,10:08:05.471773422
2303.4,6,10:08:05.527937178
2303.5,4,10:08:05.527937178
2303.3,2,10:08:05.705332936
2303.4,1,10:08:06.274325707
2303.4,1,10:08:06.462478942
2303.6,1,10:08:07.841023070
2303.5,2,10:08:08.028528871
2303.4,8,10:08:08.482399003
2303.3,1,10:08:08.484350371
2303.1,1,10:08:09.235085488
2303.0,1,10:08:09.236498451
2303.0,2,10:08:09.345309274
2303.0,1,10:08:09.346590545
2303.1,1,10:08:09.754802262
2303.2,1,10:08:09.916606998
2303.2,1,10:08:09.916844465
2303.1,1,10:08:10.150299302
2303.1,1,10:08:11.289829335
2303.0,1,10:08:12.101010530
2303.0,1,10:08:12.101323688
2303.0,1,10:08:12.101397024
2303.0,1,10:08:12.101568784
2303.0,1,10:08:12.101719597
2302.9,2,10:08:13.116994575
2302.8,2,10:08:13.188555519
2302.9,2,10:08:13.862494749
2302.7,1,10:08:14.377144435
2302.7,1,10:08:15.478395317
2302.6,1,10:08:15.985811117
2302.5,1,10:08:15.985822676
2302.5,2,10:08:16.274601509
2302.5,1,10:08:16.699309809
2302.5,1,10:08:16.699796555
2302.6,25,10:08:17.743303659
2302.7,3,10:08:18.279697878
2302.6,1,10:08:18.653050924
2302.6,2,10:08:18.653548387
2302.6,1,10:08:18.653887175
2302.6,2,10:08:18.653981052
2302.6,1,10:08:18.654492946
2302.6,2,10:08:19.805689382
2302.6,1,10:08:19.807330526
2302.7,1,10:08:20.752255895
2302.7,1,10:08:20.752437015
2302.7,1,10:08:24.597741040
2302.7,1,10:08:24.598180815
2302.5,2,10:08:25.871098565
2302.4,4,10:08:25.871696868
2302.4,1,10:08:25.884579659
2302.4,1,10:08:25.885055093
2302.5,2,10:08:26.264785938
2302.5,1,10:08:26.265021607
2302.3,1,10:08:26.282045143
2302.4,1,10:08:26.492696838
2302.3,1,10:08:26.647553137
2302.4,5,10:08:28.313933213
2302.5,1,10:08:29.438019284
2302.5,4,10:08:29.438107263
2302.5,2,10:08:29.438154394
2302.5,3,10:08:29.438174474
2302.5,1,10:08:29.438313593
2302.5,1,10:08:29.438393505
2302.5,6,10:08:29.438465043
2302.6,1,10:08:29.440571687
2302.7,1,10:08:29.448711883
2302.6,3,10:08:29.499265930
2302.5,1,10:08:29.678757180
2302.8,1,10:08:30.274019171
2302.6,2,10:08:30.909511183
2302.5,2,10:08:31.598975125
2302.4,1,10:08:32.576700932
2302.4,3,10:08:32.577019739
2302.4,1,10:08:32.577289033
2302.5,1,10:08:32.583872363
2302.4,1,10:08:32.813290456
2302.5,1,10:08:34.163515995
2302.3,2,10:08:35.101131460
2302.4,1,10:08:35.101741171
2302.2,1,10:08:35.102462081
2302.2,6,10:08:36.110597741
2302.2,1,10:08:36.139193174
2302.2,1,10:08:36.139455087
2302.3,3,10:08:37.268825660
2302.3,1,10:08:37.738194548
2302.2,2,10:08:37.884101591
2302.2,1,10:08:38.143122595
2302.1,3,10:08:38.522642231
2302.3,2,10:08:38.934435664
2302.1,4,10:08:39.400889009
2302.0,6,10:08:39.400889009
2302.0,3,10:08:40.515635872
2302.0,2,10:08:40.516177173
2302.0,1,10:08:41.237622536
2301.9,3,10:08:41.240935045
2301.9,2,10:08:41.241146685
2301.7,1,10:08:41.375053619
2301.7,1,10:08:41.379954323
2301.6,1,10:08:41.428345136
2301.6,1,10:08:41.428885874
2301.6,1,10:08:41.431350272
2301.5,1,10:08:41.441560951
2301.5,1,10:08:41.445131749
2301.7,1,10:08:41.735037289
2301.7,1,10:08:41.735126644
2301.8,1,10:08:42.013229335
2301.8,1,10:08:42.014063281
2301.7,1,10:08:42.015476417
2301.9,1,10:08:42.798995472
2301.9,1,10:08:43.692995924
2301.9,1,10:08:44.039357132
2302.0,2,10:08:44.783716127
2301.9,1,10:08:44.783780102
2302.1,1,10:08:44.786011511
2302.0,1,10:08:45.137863517
2301.8,1,10:08:45.155346768
2301.8,2,10:08:45.155393002
2301.9,3,10:08:45.170092235
2301.8,1,10:08:46.103594874
2301.8,1,10:08:46.104299992
2301.9,1,10:08:46.104651833
2301.7,1,10:08:47.853518661
2301.7,1,10:08:47.853855518
2301.6,3,10:08:47.999506704
2301.5,1,10:08:48.401855361
2301.5,1,10:08:48.402167928
2301.5,1,10:08:48.410924072
2301.4,1,10:08:48.955305972
2301.4,1,10:08:48.956300866
2301.5,2,10:08:50.619734554
2301.4,1,10:08:51.297179110
2301.2,1,10:08:52.456361228
2301.2,1,10:08:52.457427029
2301.1,2,10:08:52.481427916
2301.0,1,10:08:52.543998353
2301.1,1,10:08:52.643958884
2301.1,1,10:08:52.645236934
2301.1,1,10:08:52.649042797
2301.2,3,10:08:53.144783367
2301.1,1,10:08:53.324609309
2301.1,1,10:08:53.325078291
2301.1,1,10:08:53.330765426
2301.0,1,10:08:54.257569204
2301.0,1,10:08:54.257767068
2300.9,1,10:08:54.391530597
2300.8,1,10:08:54.694075206
2300.7,1,10:08:54.696930594
2300.7,2,10:08:55.446422711
2300.6,1,10:08:55.448236514
2300.7,1,10:08:55.448878290
2300.8,1,10:08:55.626284363
2300.8,1,10:08:55.671785891
2300.8,1,10:08:56.250332774
2300.7,2,10:08:56.310155000
2300.7,3,10:08:56.425010136
2300.8,1,10:08:56.425543263
2300.8,1,10:08:56.425630881
2301.0,1,10:08:56.520402764
2300.9,2,10:08:56.520402764
2300.7,1,10:08:57.355841229
2300.7,2,10:08:57.356068376
2300.6,1,10:08:57.359384795
2300.5,2,10:08:57.709051797
2300.5,1,10:08:58.148595888
2300.5,1,10:08:59.388227740
2300.4,1,10:08:59.943764147
2300.4,2,10:08:59.943979681
2300.3,1,10:08:59.955609035
2300.2,1,10:09:00.017882422
2300.2,1,10:09:00.018172458
2300.2,2,10:09:01.006559971
2300.1,1,10:09:01.407203032
2300.1,1,10:09:01.407471751
2300.0,8,10:09:01.834366065
2300.1,1,10:09:01.834568943
2300.0,6,10:09:01.834831498
2300.1,1,10:09:01.835489070
2300.1,1,10:09:01.835576831
2300.1,3,10:09:01.837456268
2300.1,1,10:09:01.837856913
2300.0,1,10:09:02.843379494
2300.1,5,10:09:02.844332344
2300.0,1,10:09:03.024488484
2299.9,1,10:09:03.737029174
2299.9,1,10:09:03.737045289
2299.9,1,10:09:04.139974805
2299.9,1,10:09:04.246387086
2299.9,1,10:09:04.355603036
2300.0,2,10:09:04.581938211
2300.0,1,10:09:04.933654322
2300.2,4,10:09:05.021246340
2300.0,2,10:09:05.196232031
2299.9,1,10:09:05.399029297
2300.1,1,10:09:06.352780917
2300.1,1,10:09:06.464743515
2300.0,2,10:09:06.482915756
2300.0,2,10:09:06.482986689
2300.0,1,10:09:06.483129872
2300.1,1,10:09:06.504841405
2300.1,1,10:09:06.505273660
2300.1,1,10:09:06.513774772
2299.8,1,10:09:07.126991762
2299.7,1,10:09:07.787084230
2299.8,1,10:09:07.787084230
2299.7,1,10:09:07.973858793
2299.7,4,10:09:07.975009850
2299.8,1,10:09:07.975442172
2299.7,2,10:09:08.439805948
2299.6,2,10:09:08.564570175
2299.5,1,10:09:08.564580934
2299.5,1,10:09:08.626282718
2299.5,2,10:09:08.765157930
2299.5,3,10:09:08.805792880
2299.5,1,10:09:09.120808910
2299.4,1,10:09:09.122959984
2299.5,1,10:09:09.164183467
2299.4,1,10:09:09.184633019
2299.5,2,10:09:09.781866583
2299.6,1,10:09:09.947046470
2299.4,1,10:09:09.988031380
2299.6,3,10:09:09.988257474
2299.6,2,10:09:09.988492176
2299.6,1,10:09:09.991022685
2299.6,1,10:09:10.155656459
2299.6,1,10:09:10.155884198
2299.6,1,10:09:10.156872378
2299.6,2,10:09:10.157062999
2299.7,1,10:09:11.241080179
2299.8,1,10:09:11.616235810
2299.7,1,10:09:11.738318222
2299.7,1,10:09:12.368197203
2299.7,1,10:09:12.900821130
2299.7,1,10:09:12.980656363
2299.7,1,10:09:13.278930813
2299.6,1,10:09:13.278930813
2299.9,1,10:09:13.850289813
2300.0,1,10:09:14.006566526
2300.0,1,10:09:14.006622677
2300.1,1,10:09:15.008481201
2300.0,1,10:09:15.535533845
2300.0,1,10:09:15.535838613
2300.0,1,10:09:16.027427115
2300.1,2,10:09:16.684488166
2300.0,1,10:09:16.760918854
2299.9,1,10:09:16.845246588
2299.9,1,10:09:16.845672219
2299.7,1,10:09:17.235444156
2299.9,1,10:09:17.269792054
2299.8,1,10:09:17.651740420
2300.0,1,10:09:17.760592132
2299.9,1,10:09:17.943498265
2299.8,1,10:09:17.943764079
2299.9,1,10:09:18.102177500
2299.9,1,10:09:18.560449547
2299.8,1,10:09:19.131387882
2299.7,1,10:09:19.314390963
2299.7,2,10:09:19.647788965
2299.6,2,10:09:20.392376257
2299.5,2,10:09:20.393876470
2299.4,2,10:09:20.555987925
2299.4,1,10:09:20.556270836
2299.4,2,10:09:21.080839482
2299.4,1,10:09:21.082623748
2299.3,1,10:09:21.181304682
2299.1,1,10:09:21.314187118
2299.0,1,10:09:21.314200021
2299.1,2,10:09:21.314200021
2299.1,1,10:09:21.314200021
2299.0,1,10:09:21.314221800
2299.0,1,10:09:21.465506251
2299.1,1,10:09:21.750485159
2299.1,1,10:09:21.750865781
2299.2,1,10:09:22.078605874
2299.0,1,10:09:22.189648620
2299.1,1,10:09:22.199217974
2299.0,1,10:09:23.437895059
2299.2,1,10:09:24.049254314
2299.1,1,10:09:25.135810734
2299.0,3,10:09:25.271396403
2299.0,1,10:09:25.845474832
2299.1,1,10:09:25.923589956
2299.1,1,10:09:25.924220233
2299.0,1,10:09:26.435141997
2299.0,2,10:09:26.435385900
2299.0,2,10:09:26.487205764
2299.2,1,10:09:27.273785194
2299.1,2,10:09:27.691331141
2299.1,1,10:09:27.852406949
2299.2,1,10:09:27.951709041
2299.2,2,10:09:28.589233616
2299.3,2,10:09:28.775661335
2299.2,1,10:09:29.910988090
2299.2,1,10:09:30.045288634
2299.2,2,10:09:30.106087907
2299.1,4,10:09:30.864287052
2299.0,5,10:09:30.864287052
2299.0,1,10:09:30.865193438
2299.1,1,10:09:30.998792458
2299.0,1,10:09:32.963083210
2299.3,1,10:09:33.039039244
2299.2,1,10:09:33.149627113
2299.3,1,10:09:33.467535919
2299.4,1,10:09:33.580276835
2299.3,1,10:09:33.875122749
2299.3,1,10:09:33.875363237
2299.2,1,10:09:34.129547043
2299.2,1,10:09:34.130065101
2299.2,1,10:09:34.131102047
2299.3,1,10:09:34.879488410
2299.2,4,10:09:35.868721425
2299.1,3,10:09:35.868721425
2299.3,1,10:09:35.902251586
2299.3,2,10:09:35.902765948
2299.1,2,10:09:35.924531856
2299.3,1,10:09:36.111978439
2299.3,1,10:09:36.859579975
2299.4,1,10:09:37.612271407
2299.4,1,10:09:37.612454589
2299.5,2,10:09:37.832633624
2299.5,1,10:09:37.843140021
2299.5,1,10:09:37.849789070
2299.4,1,10:09:38.505885624
2299.3,1,10:09:38.663523030
2299.2,1,10:09:39.776882922
2299.4,1,10:09:40.248628333
2299.5,4,10:09:40.630292850
2299.6,1,10:09:41.396529507
2299.5,1,10:09:41.861046936
2299.5,2,10:09:42.643778072
2299.4,1,10:09:42.643778072
2299.6,1,10:09:42.644481855
2299.6,1,10:09:42.644804365
2299.6,1,10:09:42.645315079
2299.5,1,10:09:42.759976377
2299.5,1,10:09:43.255045198
2299.4,4,10:09:44.306231535
2299.5,5,10:09:44.306231535
2299.6,1,10:09:44.306231535
2299.5,1,10:09:44.309166631
2299.4,1,10:09:45.048661567
2299.2,1,10:09:45.537331019
2299.4,1,10:09:45.623552801
2299.4,1,10:09:47.605122987
2299.3,3,10:09:48.145867227
2299.0,6,10:09:48.296537025
2299.2,5,10:09:48.296537025
2298.8,1,10:09:48.296537025
2299.1,8,10:09:48.296537025
2298.9,5,10:09:48.296537025
2298.8,1,10:09:48.296550834
2298.9,4,10:09:48.300790861
2298.4,2,10:09:48.300790861
2298.5,7,10:09:48.300790861
2298.8,6,10:09:48.300790861
2298.7,5,10:09:48.300790861
2298.6,7,10:09:48.300790861
2298.4,2,10:09:48.300840894
2299.0,1,10:09:48.302782911
2298.9,1,10:09:48.303024798
2298.8,1,10:09:48.304188280
2298.8,1,10:09:48.309471481
2298.8,2,10:09:48.309627120
2298.8,1,10:09:48.311248301
2298.8,1,10:09:48.311475438
2298.8,1,10:09:48.311717030
2298.8,1,10:09:48.311987276
2298.8,1,10:09:48.312875850
2298.9,2,10:09:48.359971094
2298.9,2,10:09:48.360298234
2298.9,2,10:09:48.364327851
2298.9,1,10:09:49.210808272
2298.9,4,10:09:49.600082785
2298.9,1,10:09:49.601110151
2298.9,6,10:09:49.601189240
2299.0,3,10:09:49.602178547
2299.0,1,10:09:49.602499622
2299.0,1,10:09:50.422780552
2299.0,1,10:09:50.423338512
2299.0,1,10:09:50.423600401
2299.1,3,10:09:50.871722426
2299.0,1,10:09:52.075390698
2298.9,3,10:09:52.806309704
2298.9,2,10:09:52.806740497
2299.1,3,10:09:52.959957436
2299.2,2,10:09:53.614241798
2299.3,6,10:09:53.614241798
2299.1,1,10:09:53.702156792
2299.1,1,10:09:53.702617874
2299.0,1,10:09:54.771987730
2299.0,1,10:09:55.364853353
2299.0,1,10:09:56.205768495
2298.8,1,10:09:57.868351059
2298.8,1,10:09:57.868724472
2298.9,1,10:09:58.166421570
2298.7,2,10:09:58.273127767
2298.8,1,10:09:58.274281131
2298.7,1,10:09:58.274391383
2298.7,1,10:09:58.595432985
2298.8,1,10:09:58.604274312
2298.7,2,10:09:59.154061074
2298.8,5,10:09:59.305188317
2298.6,5,10:09:59.307295457
2298.7,4,10:09:59.307295457
2298.8,1,10:09:59.307295457
2298.7,1,10:09:59.309648798
2298.7,1,10:09:59.309729766
2298.8,1,10:09:59.376379436
2298.6,1,10:10:00.269357864
2298.7,2,10:10:00.471991346
2298.7,1,10:10:00.748619701
2298.6,1,10:10:00.996892774
2298.6,1,10:10:01.125994493
2298.6,1,10:10:01.317858731
2298.7,1,10:10:01.318330827
2298.6,1,10:10:02.087824224
2298.5,2,10:10:02.088427206
2298.5,2,10:10:02.088531329
2298.5,1,10:10:02.090149259
2298.4,1,10:10:02.246363355
2298.4,1,10:10:02.430484637
2298.5,1,10:10:02.559880351
2298.5,1,10:10:02.564449687
2298.3,3,10:10:02.753079685
2298.3,1,10:10:03.204916484
2298.3,2,10:10:03.225780319
2298.3,17,10:10:03.226259282
2298.5,4,10:10:03.483595603
2298.5,1,10:10:03.483918593
2298.4,2,10:10:03.485671985
2298.4,1,10:10:03.650535664
2298.3,1,10:10:04.092793698
2298.3,1,10:10:04.093144883
2298.3,1,10:10:04.094024747
2298.3,1,10:10:04.100103161
2298.4,3,10:10:04.168421703
2298.5,1,10:10:04.168421703
2298.2,1,10:10:04.854337308
2298.2,2,10:10:04.854356211
2298.2,1,10:10:04.854356211
2298.3,1,10:10:04.855504903
2298.3,1,10:10:04.990309577
2298.4,1,10:10:05.900285901
2298.2,5,10:10:06.090950098
2298.1,5,10:10:06.094180397
2298.0,4,10:10:06.096143079
2298.0,1,10:10:06.096346864
2298.0,21,10:10:06.096555397
2298.0,1,10:10:06.097327386
2297.9,1,10:10:06.098208898
2298.0,1,10:10:06.098868165
2297.9,1,10:10:06.099379142
2298.0,1,10:10:06.099899040
2298.0,2,10:10:06.109156104
2298.2,3,10:10:06.109156104
2298.1,5,10:10:06.109156104
2297.9,1,10:10:06.278022428
2297.9,1,10:10:06.536076296
2297.9,1,10:10:06.562887707
2297.9,1,10:10:06.633630117
2297.9,3,10:10:07.006143413
2297.9,1,10:10:07.006457564
2297.9,1,10:10:07.622018248
2297.9,4,10:10:07.622534542
2297.9,2,10:10:07.924601511
2298.0,3,10:10:08.499230415
2297.9,1,10:10:08.987210760
2298.0,2,10:10:09.201984864
2298.0,1,10:10:10.943124203
2297.9,1,10:10:11.582298663
2297.8,2,10:10:12.117144897
2297.7,6,10:10:12.117144897
2297.9,2,10:10:12.117144897
2297.9,1,10:10:12.503980005
2297.8,1,10:10:12.775462810
2297.8,1,10:10:12.775889432
2298.0,3,10:10:12.985233931
2297.9,4,10:10:12.985233931
2297.8,4,10:10:14.276255816
2297.7,1,10:10:14.277451754
2297.7,2,10:10:14.278221191
2297.8,8,10:10:14.278745861
2297.8,1,10:10:14.278779807
2297.8,5,10:10:14.279297197
2297.8,1,10:10:14.279528196
2297.8,1,10:10:14.279837649
2297.9,2,10:10:14.374794531
2298.0,3,10:10:14.376579433
2298.1,2,10:10:14.455712387
2298.3,1,10:10:14.716483598
2298.4,1,10:10:14.716495288
2298.4,1,10:10:14.857965358
2298.2,2,10:10:14.983325953
2298.0,2,10:10:15.189874692
2298.0,2,10:10:15.720490237
2298.0,1,10:10:15.998114766
2297.8,1,10:10:16.363557514
2298.0,1,10:10:17.761063767
2298.0,2,10:10:17.761242427
2298.1,2,10:10:17.762401606
2298.0,2,10:10:18.448409126
2298.1,1,10:10:18.693501341
2297.9,1,10:10:18.952907648
2297.8,4,10:10:18.954097310
2297.8,1,10:10:18.955838222
2297.7,1,10:10:19.242833897
2297.7,3,10:10:19.243115948
2297.7,1,10:10:19.243257267
2297.7,2,10:10:19.243421578
2297.7,1,10:10:19.243804212
2297.8,2,10:10:19.253205218
2297.8,2,10:10:19.253338890
2297.7,2,10:10:19.254732170
2297.8,1,10:10:19.254732170
2297.8,1,10:10:20.585762908
2297.8,2,10:10:20.586116560
2297.8,1,10:10:20.586158350
2297.9,2,10:10:21.318180902
2297.9,5,10:10:21.318285803
2297.9,2,10:10:21.318483301
2297.9,1,10:10:21.318528505
2297.8,1,10:10:21.319275784
2297.8,1,10:10:21.319339056
2297.8,1,10:10:21.319429365
2297.8,1,10:10:21.319462183
2297.8,1,10:10:21.319544619
2297.8,1,10:10:21.321073725
2297.7,1,10:10:21.321112218
2297.7,2,10:10:21.431947208
2297.7,1,10:10:21.531330341
2297.9,1,10:10:22.769065623
2297.9,3,10:10:23.521349599
2297.9,1,10:10:23.521617867
2297.9,1,10:10:23.521725002
2297.9,1,10:10:23.521811454
2297.9,1,10:10:23.521847072
2297.9,1,10:10:23.521866326
2298.0,2,10:10:23.522407202
2298.1,2,10:10:23.523445760
2298.2,1,10:10:23.526787703
2298.4,2,10:10:23.543088694
2298.4,1,10:10:23.638151277
2298.3,1,10:10:23.703884836
2298.3,1,10:10:23.726693228
2298.4,1,10:10:23.768952174
2298.3,2,10:10:23.801182550
2298.3,1,10:10:23.854170354
2298.3,1,10:10:23.985195084
2298.3,1,10:10:24.398532564
2298.2,1,10:10:24.446336328
2298.0,2,10:10:25.261144592
2298.0,3,10:10:25.701135517
2298.2,2,10:10:26.277973624
2298.2,2,10:10:26.559794770
2298.2,3,10:10:26.560037406
2298.2,1,10:10:26.621747575
2298.3,1,10:10:26.935956354
2298.3,1,10:10:27.142497342
2298.2,1,10:10:27.342603170
2298.2,1,10:10:27.342999024
2298.2,1,10:10:28.242032050
2298.3,2,10:10:28.594614811
2298.2,1,10:10:28.676367768
2298.2,1,10:10:28.987119983
2298.4,1,10:10:29.639000363
2298.3,1,10:10:30.651653567
2298.2,1,10:10:31.352515954
2298.2,1,10:10:31.352852376
2298.2,1,10:10:32.276866218
2298.3,1,10:10:32.613517053
2298.4,1,10:10:33.298383544
2298.3,4,10:10:33.374984851
2298.2,2,10:10:33.497687199
2298.4,1,10:10:33.896100477
2298.5,1,10:10:33.973327600
2298.3,10,10:10:34.368000909
2298.3,1,10:10:34.368504052
2298.3,1,10:10:34.906640270
2298.4,2,10:10:35.682079972
2298.3,1,10:10:37.369647555
2298.1,3,10:10:38.068593212
2298.2,1,10:10:38.068593212
2298.1,1,10:10:38.069726287
2298.2,1,10:10:38.595786200
2298.3,3,10:10:39.520242056
2298.1,1,10:10:39.643641389
2298.1,1,10:10:40.411257020
2298.0,1,10:10:40.535202451
2298.0,1,10:10:40.564909662
2297.7,4,10:10:41.427268080
2297.8,6,10:10:41.427268080
2297.8,1,10:10:41.430965800
2297.7,3,10:10:41.831798186
2297.7,1,10:10:41.837432885
2298.1,2,10:10:43.336475391
2298.0,3,10:10:43.336475391
2298.0,1,10:10:45.010600098
2298.1,1,10:10:45.208541345
2298.1,1,10:10:45.498769001
2298.3,3,10:10:45.499191646
2298.4,1,10:10:45.976171451
2298.3,1,10:10:46.192088934
2298.3,1,10:10:46.192283564
2298.3,1,10:10:46.192319226
2298.3,1,10:10:46.192412466
2298.2,3,10:10:47.670008450
2298.1,5,10:10:47.670008450
2298.3,3,10:10:48.636560674
2298.0,2,10:10:50.906515384
2298.0,1,10:10:52.288051418
2298.0,3,10:10:52.288315388
2298.0,2,10:10:52.828281161
2298.0,1,10:10:52.828493338
2298.0,2,10:10:54.597772884
2298.1,1,10:10:54.833617329
2298.0,1,10:10:55.154180951
2297.8,2,10:10:55.906152379
2297.8,1,10:10:55.906235504
2297.8,1,10:10:56.703821700
2298.1,2,10:10:57.147748349
2298.1,1,10:10:57.207771924
2298.1,2,10:10:58.557062099
2298.2,1,10:10:59.324713311
2298.2,1,10:11:00.090200414
2298.1,1,10:11:00.355617363
2298.0,1,10:11:00.356497582
2298.0,1,10:11:00.356605321
2297.9,2,10:11:00.365086204
2297.8,1,10:11:00.365949952
2298.0,1,10:11:01.462699899
2298.1,2,10:11:01.561191242
2298.2,1,10:11:01.562051416
2298.2,1,10:11:02.551717213
2298.1,1,10:11:03.604027261
2297.9,1,10:11:03.847341800
2298.0,1,10:11:04.412875619
2297.8,2,10:11:04.494105804
2297.8,1,10:11:04.494551509
2297.6,1,10:11:04.591103034
2297.6,1,10:11:04.591174965
2297.5,3,10:11:05.514821482
2297.5,1,10:11:05.514831809
2297.5,1,10:11:05.641785145
2297.6,1,10:11:06.018929761
2297.7,10,10:11:06.018929761
2297.8,3,10:11:06.018929761
2297.9,1,10:11:07.089661529
2297.8,1,10:11:07.421432270
2297.9,1,10:11:07.834150333
2298.1,6,10:11:08.105554513
2298.0,2,10:11:08.105554513
2298.2,2,10:11:08.105554513
2298.0,1,10:11:08.107198479
2298.0,1,10:11:08.108683136
2298.0,1,10:11:08.395514505
2298.0,1,10:11:08.395866723
2298.0,1,10:11:09.086740845
2298.0,1,10:11:09.087350489
2298.0,1,10:11:09.087400333
2298.1,1,10:11:09.088476419
2298.1,1,10:11:09.368461615
2298.1,1,10:11:09.765746602
2298.1,1,10:11:09.897647048
2298.0,1,10:11:10.048313339
2298.0,1,10:11:10.048349995
2298.0,1,10:11:10.048491189
2298.0,1,10:11:10.048539465
2298.0,1,10:11:10.049046269
2298.2,1,10:11:10.807256487
2298.2,1,10:11:10.807506050
2298.1,1,10:11:11.216361957
2298.3,1,10:11:11.379839914
2298.4,1,10:11:11.474256048
2298.4,1,10:11:11.474481473
2298.3,4,10:11:13.439313248
2298.4,1,10:11:13.440424624
2298.4,1,10:11:14.259595534
2298.4,1,10:11:14.260062779
2298.5,1,10:11:14.263491721
2298.4,1,10:11:14.268601741
2298.5,1,10:11:14.511037433
2298.4,1,10:11:15.086278973
2298.6,1,10:11:15.155851005
2298.4,2,10:11:15.455843740
2298.4,1,10:11:15.456380146
2298.5,2,10:11:16.298552021
2298.4,3,10:11:16.458104008
2298.3,3,10:11:17.517231821
2298.3,3,10:11:17.689890747
2298.3,1,10:11:17.690047784
2298.3,1,10:11:17.692362464
2298.2,2,10:11:19.389208935
2298.2,1,10:11:19.389442758
2298.2,2,10:11:19.390204882
2298.3,1,10:11:20.235230705
2298.4,1,10:11:20.703332755
2298.6,2,10:11:21.097047072
2298.6,5,10:11:21.097134795
2298.6,1,10:11:21.793500628
2298.3,1,10:11:22.363767315
2298.2,1,10:11:22.639997416
2298.0,2,10:11:24.110031329
2298.0,4,10:11:24.110373535
2298.0,1,10:11:24.110426387
2298.0,5,10:11:24.110490327
2298.0,1,10:11:24.110880393
2298.0,1,10:11:24.111019970
2298.0,1,10:11:24.111121201
2298.0,1,10:11:24.111194751
2298.1,1,10:11:24.111567562
2298.2,1,10:11:24.112651030
2298.1,1,10:11:24.112947657
2298.2,3,10:11:24.113188059
2298.3,1,10:11:24.172305836
2298.2,1,10:11:24.172305836
2298.3,1,10:11:24.172369847
2298.3,2,10:11:24.172411093
2298.5,2,10:11:24.172687268
2298.4,6,10:11:24.172687268
2298.3,1,10:11:24.178224276
2298.1,2,10:11:24.180139102
2298.2,1,10:11:24.203201358
2298.2,2,10:11:24.203450676
2298.1,1,10:11:24.803936164
2298.1,1,10:11:24.828325997
2298.2,1,10:11:25.345149876
2298.1,2,10:11:25.514757800
2298.0,1,10:11:25.524305398
2298.0,1,10:11:25.524449564
2297.8,4,10:11:25.524824045
2297.9,3,10:11:25.524824045
2297.8,1,10:11:25.537234837
2297.6,1,10:11:25.767150945
2297.6,1,10:11:25.837758952
2297.8,2,10:11:25.879317712
2297.8,1,10:11:26.281780528
2297.9,2,10:11:26.757865676
2297.7,2,10:11:26.995520915
2297.7,1,10:11:26.995564707
2297.7,1,10:11:26.995720317
2297.7,2,10:11:26.995872723
2297.7,1,10:11:26.997740473
2297.6,1,10:11:27.041219075
2297.5,1,10:11:27.111045312
2297.5,2,10:11:28.786036545
2297.5,2,10:11:29.671657338
2297.6,2,10:11:30.913909495
2297.7,1,10:11:31.154063239
2297.5,1,10:11:32.815323615
2297.6,1,10:11:33.809845030
2297.5,2,10:11:35.194309774
2297.4,1,10:11:35.517500808
2297.4,1,10:11:35.517516161
2297.3,1,10:11:35.517516161
2297.6,1,10:11:36.115942745
2297.5,1,10:11:36.727713776
2297.3,8,10:11:36.850421306
2297.4,2,10:11:36.850421306
2297.4,1,10:11:36.922308657
2297.4,1,10:11:37.031473964
2297.4,1,10:11:38.105498967
2297.2,6,10:11:38.462435184
2297.0,4,10:11:38.462435184
2297.3,2,10:11:38.462435184
2297.1,8,10:11:38.462435184
2297.1,1,10:11:38.471449465
2297.2,1,10:11:38.666735903
2297.0,1,10:11:39.535357741
2297.0,1,10:11:39.535554677
2297.0,2,10:11:40.084823671
2297.0,1,10:11:40.085023906
2297.1,2,10:11:40.422057784
2297.1,1,10:11:40.436683666
2297.0,2,10:11:40.957346865
2297.0,1,10:11:41.857112125
2297.2,1,10:11:42.230757678
2297.2,1,10:11:42.230976492
2297.1,1,10:11:42.928230296
2297.2,1,10:11:43.979866451
2297.3,1,10:11:43.979866451
2297.3,3,10:11:44.785143241
2297.3,2,10:11:44.785798922
2297.3,1,10:11:44.785995431
2297.3,1,10:11:44.786613748
2297.3,1,10:11:44.897155514
2297.4,2,10:11:44.984661402
2297.3,1,10:11:45.073771466
2297.2,1,10:11:45.151864181
2297.2,1,10:11:45.364138752
2297.3,1,10:11:45.737873834
2297.2,1,10:11:46.149704189
2297.3,1,10:11:46.603925668
2297.2,1,10:11:46.818318093
2297.2,1,10:11:47.089724783
2297.3,1,10:11:47.620679142
2297.2,1,10:11:47.620679142
2297.3,1,10:11:48.028195858
2297.3,1,10:11:49.141455321
2297.5,1,10:11:49.329397627
2297.4,2,10:11:49.385991096
2297.5,1,10:11:49.388601439
2297.3,1,10:11:49.671620535
2297.5,1,10:11:51.102356000
2297.6,1,10:11:51.110979255
2297.7,1,10:11:51.110992458
2297.6,1,10:11:52.748692033
2297.7,1,10:11:53.801234384
2297.6,2,10:11:53.833165252
2297.6,1,10:11:53.870969105
2297.5,3,10:11:53.871490238
2297.5,1,10:11:53.874397504
2297.4,1,10:11:54.636163941
2297.4,3,10:11:54.636415606
2297.3,2,10:11:54.931546450
2297.3,3,10:11:54.931979962
2297.3,7,10:11:54.932143014
2297.3,7,10:11:54.932161889
2297.4,1,10:11:54.933288320
2297.3,1,10:11:54.941147965
2297.4,1,10:11:56.526039526
2297.6,1,10:11:57.778209103
2297.7,2,10:11:58.235279832
2297.5,1,10:11:59.583708354
2297.4,3,10:12:00.094450652
2297.3,2,10:12:00.094450652
2297.3,1,10:12:00.103488450
2297.4,2,10:12:01.164198259
2297.4,2,10:12:01.438713510
2297.4,1,10:12:01.908285718
2297.3,1,10:12:02.852283291
2297.2,2,10:12:03.370338664
2297.2,2,10:12:04.731468391
2297.1,1,10:12:06.070562814
2297.1,1,10:12:06.070962751
2297.1,1,10:12:06.071286086
2297.3,1,10:12:08.197650228
2297.3,1,10:12:08.197990465
2297.4,1,10:12:08.245863365
2297.4,1,10:12:08.246120330
2297.3,1,10:12:09.474327000
2297.4,2,10:12:09.855271575
2297.5,9,10:12:09.949715858
2297.6,1,10:12:10.183215688
2297.5,1,10:12:10.752989320
2297.5,1,10:12:11.189391017
2297.5,3,10:12:13.999789731
2297.4,1,10:12:14.015237378
2297.6,1,10:12:14.109084548
2297.5,1,10:12:16.200558690
2297.7,1,10:12:16.833349886
2297.6,1,10:12:17.072586272
2297.6,1,10:12:17.205182971
2297.6,1,10:12:19.022946933
2297.4,1,10:12:19.253601207
2297.4,1,10:12:19.263202914
2297.2,1,10:12:19.808934527
2297.6,1,10:12:20.417355069
2297.7,3,10:12:23.724997303
2297.8,3,10:12:26.885688379
2297.8,1,10:12:26.885970119
2297.8,1,10:12:26.973333706
2297.6,1,10:12:27.612423092
2297.5,1,10:12:27.646291375
2297.5,1,10:12:28.645147100
2297.4,1,10:12:28.785185472
2297.5,1,10:12:30.823647714
2297.6,2,10:12:31.644630932
2298.0,4,10:12:32.529934698
2297.9,2,10:12:32.529934698
2298.0,2,10:12:32.529949471
2297.9,1,10:12:32.618142388
2297.8,1,10:12:32.869866027
2297.8,1,10:12:32.870182155
2297.7,1,10:12:34.414837430
2297.6,1,10:12:37.985125538
2297.7,1,10:12:38.605674453
2297.6,1,10:12:40.048037351
2297.6,1,10:12:41.296592915
2297.4,7,10:12:41.372035313
2297.5,2,10:12:41.372035313
2297.3,1,10:12:41.372035313
2297.5,1,10:12:41.701397273
2297.8,2,10:12:42.601297882
2297.8,1,10:12:42.602731199
2297.9,2,10:12:42.848361664
2297.9,1,10:12:42.962456848
2298.0,2,10:12:43.043369517
2298.1,2,10:12:43.248995527
2298.1,2,10:12:43.249014305
2298.1,1,10:12:43.249222162
2298.0,1,10:12:43.316947163
2298.2,5,10:12:45.157517730
2298.2,1,10:12:45.178343797
2298.0,1,10:12:46.843651665
2298.0,1,10:12:46.843699593
2298.1,1,10:12:46.860787404
2298.0,1,10:12:47.156038838
2297.9,1,10:12:47.196178163
2297.9,2,10:12:47.196542929
2297.9,1,10:12:47.199764284
2297.8,1,10:12:47.335550274
2297.7,1,10:12:47.668575113
2297.7,3,10:12:47.668869568
2297.8,2,10:12:47.760002145
2297.6,1,10:12:47.765139144
2297.6,1,10:12:48.193648058
2297.5,1,10:12:49.226234244
2297.4,1,10:12:49.567017772
2297.6,1,10:12:49.825763196
2297.6,1,10:12:50.148027097
2297.6,1,10:12:50.569741367
2297.8,1,10:12:50.844692811
2297.8,1,10:12:50.844903158
2297.9,1,10:12:51.876643236
2297.9,1,10:12:51.878858487
2297.9,1,10:12:51.981781322
2297.9,3,10:12:52.233796202
2298.0,3,10:12:52.483372798
2298.0,1,10:12:52.484731329
2298.1,2,10:12:52.732214302
2298.0,1,10:12:56.431014351
2298.0,3,10:12:57.893595374
2298.1,2,10:12:58.895814101
2298.1,1,10:12:59.114185290
2298.2,1,10:12:59.192783013
2298.3,2,10:12:59.636405295
2298.2,1,10:12:59.637023211
2298.2,2,10:12:59.637368853
2298.2,1,10:12:59.638122971
2298.1,1,10:13:00.268888324
2298.1,1,10:13:01.324825562
2298.0,2,10:13:01.506395765
2297.9,2,10:13:01.662369892
2297.8,1,10:13:01.670592027
2297.8,1,10:13:01.670935080
2297.7,1,10:13:01.683943298
2297.8,1,10:13:02.192481866
2298.0,1,10:13:02.451568082
2298.0,1,10:13:02.557472848
2297.9,1,10:13:03.385451178
2297.8,1,10:13:03.394277061
2297.8,1,10:13:03.394515153
2298.0,1,10:13:03.618386415
2297.9,1,10:13:06.093404531
2298.0,1,10:13:06.134889650
2298.0,1,10:13:06.135282272
2298.0,2,10:13:06.135941508
2298.2,1,10:13:06.988390187
2298.4,2,10:13:07.190292075
2298.4,1,10:13:07.190494700
2298.2,1,10:13:07.491598345
2298.2,2,10:13:07.594738232
2298.1,2,10:13:07.597337936
2298.2,1,10:13:08.368957613
2298.0,2,10:13:09.036797029
2298.5,1,10:13:10.871962383
2298.3,1,10:13:11.630102757
2298.2,2,10:13:11.900579832
2298.4,1,10:13:13.015347036
2298.4,2,10:13:13.015702416
2298.3,1,10:13:13.621706448
2298.2,1,10:13:13.635972360
2298.2,1,10:13:13.758938697
2298.2,2,10:13:14.315421683
2298.3,1,10:13:14.565072239
2298.2,1,10:13:16.006888021
2298.2,3,10:13:16.465033235
2298.3,1,10:13:16.465033235
2298.2,1,10:13:16.465878944
2298.3,1,10:13:16.543035096
2298.0,1,10:13:17.365961905
2297.9,1,10:13:18.394978210
2298.0,2,10:13:19.274343207
2298.1,1,10:13:19.275813195
2298.0,2,10:13:20.697838889
2298.0,1,10:13:22.478430789
2297.9,1,10:13:23.375781902
2297.9,1,10:13:23.519886870
2297.8,1,10:13:28.137884334
2297.9,1,10:13:28.137884334
2298.0,1,10:13:28.143548634
2298.2,2,10:13:28.238434197
2298.2,1,10:13:28.246891714
2298.3,1,10:13:29.773100208
2298.3,1,10:13:29.773538498
2298.2,1,10:13:29.777631150
2298.1,1,10:13:30.823875204
2298.1,1,10:13:32.999140581
2298.2,1,10:13:33.748795951
2298.2,1,10:13:33.748927966
2298.4,1,10:13:33.825915212
2298.2,1,10:13:33.956016610
2298.3,1,10:13:36.302276642
2298.4,1,10:13:36.304617767
2298.3,1,10:13:37.030705686
2298.5,3,10:13:37.959671441
2298.5,1,10:13:37.960607649
2298.6,2,10:13:38.014056449
2298.5,1,10:13:39.964149970
2298.6,3,10:13:40.015000464
2298.6,1,10:13:40.043345493
2298.5,1,10:13:40.092463053
2298.5,1,10:13:41.865666180
2298.7,1,10:13:42.752324428
2298.8,16,10:13:42.753699245
2298.9,1,10:13:42.753714119
2298.8,1,10:13:42.753894833
2298.8,1,10:13:42.755194783
2298.7,4,10:13:42.759247188
2298.6,1,10:13:42.760981214
2298.5,2,10:13:42.763169370
2298.7,1,10:13:43.851995181
2298.7,1,10:13:43.861766063
2298.8,4,10:13:44.077737027
2298.8,14,10:13:44.411283916
2298.8,1,10:13:44.411358259
2298.7,5,10:13:44.414632121
2298.6,3,10:13:44.415988496
2298.7,2,10:13:44.584755334
2298.6,2,10:13:44.589244335
2298.6,1,10:13:44.589593293
2298.6,1,10:13:44.589745276
2298.6,1,10:13:44.710701461
2298.8,10,10:13:46.372686217
2298.8,3,10:13:46.373199021
2298.8,1,10:13:46.373250769
2298.8,1,10:13:46.373384763
2298.7,1,10:13:46.373511101
2298.8,1,10:13:46.374384165
2298.8,1,10:13:46.374421167
2298.7,1,10:13:46.376399143
2298.7,1,10:13:47.804684677
2298.7,1,10:13:47.824975179
2298.6,1,10:13:47.876927796
2298.6,4,10:13:47.877595889
2298.5,7,10:13:48.802590114
2298.4,1,10:13:50.640327729
2298.3,2,10:13:51.102442220
2298.3,3,10:13:51.973683676
2298.2,1,10:13:51.974642508
2298.2,1,10:13:52.066147646
2298.4,3,10:13:54.111121091
2298.5,1,10:13:54.972344562
2298.4,2,10:13:55.371915397
2298.5,1,10:13:56.246452416
2298.6,1,10:13:58.163573071
2298.6,2,10:13:58.163773206
2298.6,2,10:13:58.163810441
2298.8,2,10:13:58.250936726
2298.7,1,10:13:58.270091294
2298.7,1,10:13:58.270423759
2298.7,2,10:14:00.695200876
2298.6,2,10:14:00.706370334
2298.7,2,10:14:01.301844567
2298.6,2,10:14:01.301844567
2298.6,1,10:14:01.303387946
2298.4,1,10:14:01.446438944
2298.5,3,10:14:02.568824155
2298.5,2,10:14:02.917003709
2298.6,1,10:14:03.559191634
2298.6,1,10:14:03.560209869
2298.7,3,10:14:05.060549711
2298.7,2,10:14:05.198293749
2298.7,1,10:14:06.177459051
2298.9,1,10:14:06.360471381
2298.9,2,10:14:08.117533513
2299.0,2,10:14:08.839119512
2299.0,2,10:14:08.839810137
2299.1,1,10:14:09.079117529
2299.1,1,10:14:09.079129456
2299.2,3,10:14:09.518382100
2299.3,7,10:14:09.518394002
2299.1,1,10:14:10.290619100
2299.1,1,10:14:10.290773036
2299.1,2,10:14:10.291697096
2299.2,1,10:14:10.500653297
2299.2,1,10:14:10.707017244
2299.3,1,10:14:11.009296751
2299.3,1,10:14:11.054283338
2299.3,5,10:14:11.944157914
2299.4,1,10:14:11.944157914
2299.3,1,10:14:12.570170094
2299.4,2,10:14:12.620486420
2299.5,3,10:14:12.877715709
2299.5,1,10:14:12.877729940
2299.5,7,10:14:13.195366803
2299.4,1,10:14:13.474010706
2299.6,2,10:14:13.474413223
2299.5,1,10:14:13.474871575
2299.5,1,10:14:13.475629612
2299.6,1,10:14:13.475990221
2299.6,1,10:14:13.563149562
2299.6,1,10:14:15.182861842
2299.6,2,10:14:15.418233159
2299.5,2,10:14:15.493074955
2299.4,6,10:14:16.183588812
2299.6,1,10:14:16.750768654
2299.7,1,10:14:16.909433289
2299.7,2,10:14:17.053304480
2299.8,1,10:14:18.055006575
