price,volume,timestamp
109.0781,2,09:30:00.511367199
109.0781,2,09:30:00.511571728
109.0625,542,09:30:00.613528709
109.0625,1,09:30:00.621192873
109.0625,7,09:30:00.621996922
109.0625,154,09:30:00.626957389
109.0625,4,09:30:00.627593226
109.0625,7,09:30:00.627740352
109.0625,3,09:30:00.627794398
109.0625,6,09:30:00.627794398
109.0625,25,09:30:00.627859634
109.0625,25,09:30:00.627970418
109.0625,32,09:30:00.628306382
109.0625,23,09:30:00.628370573
109.0625,40,09:30:00.628370573
109.0625,88,09:30:00.628509517
109.0625,2,09:30:00.628925736
109.0625,4,09:30:00.628925736
109.0625,1,09:30:00.629029153
109.0625,1,09:30:00.629053991
109.0625,2,09:30:00.629743810
109.0625,2,09:30:00.629791942
109.0625,1,09:30:00.630689090
109.0625,10,09:30:00.635271752
109.0625,3,09:30:00.635629302
109.0625,2,09:30:00.640464903
109.0625,1,09:30:00.641063770
109.0625,1,09:30:00.641308760
109.0625,7,09:30:00.641990083
109.0625,1,09:30:00.642078299
109.0625,2,09:30:00.642389101
109.0625,2,09:30:00.642928860
109.0625,1,09:30:00.643415094
109.0625,1,09:30:00.649081752
109.0625,4,09:30:00.649146268
109.0625,1,09:30:00.649177859
109.0625,2,09:30:00.649213259
109.0625,1,09:30:00.738151517
109.0625,1,09:30:00.741930108
109.0625,6,09:30:00.745178413
109.0625,6,09:30:00.750434497
109.0625,6,09:30:00.755705835
109.0625,6,09:30:00.760916691
109.0625,6,09:30:00.791625815
109.0625,25,09:30:00.792110733
109.0625,1,09:30:00.792207538
109.0625,1,09:30:00.792232367
109.0625,1,09:30:00.792255463
109.0625,517,09:30:00.792684506
109.0625,1,09:30:00.795700025
109.0625,1,09:30:00.796923945
109.0625,2,09:30:00.815049663
109.0625,2,09:30:00.872515284
109.0625,2,09:30:00.904798532
109.0625,3,09:30:00.906579458
109.0625,3,09:30:00.907629095
109.0625,41,09:30:01.918565300
109.0625,2,09:30:02.187478575
109.0625,1,09:30:06.462678868
109.0625,2,09:30:06.462736785
109.0625,1,09:30:06.742582287
109.0625,2,09:30:11.851909539
109.0625,2,09:30:11.856986915
109.0625,2,09:30:11.905300831
109.0625,2,09:30:11.953954991
109.0625,1,09:30:11.995199753
109.0625,2,09:30:12.019903149
109.0625,2,09:30:12.052833908
109.0625,2,09:30:12.124476513
109.0625,2,09:30:12.124498505
109.0625,1,09:30:12.169801377
109.0625,2,09:30:12.219341215
109.0625,2,09:30:12.320813273
109.0625,1,09:30:19.981384253
109.0469,2,09:30:21.142599072
109.0625,1,09:30:21.801806152
109.0625,1,09:30:23.862534233
109.0625,70,09:30:24.711775160
109.0469,3,09:30:27.368353187
109.0469,2,09:30:27.368446425
109.0469,1,09:30:27.368583612
109.0469,1,09:30:27.369254627
109.0469,88,09:30:27.373055228
109.0469,74,09:30:27.373803118
109.0469,1,09:30:27.373943505
109.0469,3,09:30:27.373994559
109.0469,16,09:30:27.374027824
109.0469,1,09:30:27.374210765
109.0469,88,09:30:27.374227793
109.0469,5,09:30:27.374696026
109.0469,1,09:30:27.376376105
109.0469,1,09:30:27.376398816
109.0469,1,09:30:27.376518738
109.0469,4,09:30:27.376586618
109.0469,8,09:30:27.376618385
109.0469,1,09:30:27.376636139
109.0469,1,09:30:27.376879590
109.0469,434,09:30:27.376975259
109.0469,46,09:30:27.377069638
109.0469,5,09:30:27.377095550
109.0469,4,09:30:27.377131678
109.0469,19,09:30:27.377224679
109.0469,1,09:30:27.377445214
109.0469,1,09:30:27.378060401
109.0469,20,09:30:27.378220984
109.0469,4,09:30:27.378402120
109.0469,14,09:30:27.378783609
109.0469,5,09:30:27.378821009
109.0469,1,09:30:27.378847687
109.0469,1,09:30:27.378864480
109.0469,2,09:30:27.378941590
109.0469,3,09:30:27.379584806
109.0469,1,09:30:27.379609642
109.0469,1,09:30:27.379642267
109.0469,1,09:30:27.379748173
109.0469,1,09:30:27.379783569
109.0469,25,09:30:27.379894635
109.0469,1,09:30:27.379979944
109.0469,20,09:30:27.380014729
109.0469,1,09:30:27.380109745
109.0469,3,09:30:27.380244919
109.0469,1,09:30:27.380269236
109.0469,3,09:30:27.380406922
109.0469,1,09:30:27.380432270
109.0469,1,09:30:27.380530505
109.0469,27,09:30:27.380619281
109.0469,29,09:30:27.380640220
109.0469,14,09:30:27.380670517
109.0469,4,09:30:27.380714183
109.0469,1,09:30:27.380738653
109.0469,3,09:30:27.380757131
109.0469,4,09:30:27.380787729
109.0469,4,09:30:27.380804440
109.0469,2,09:30:27.380881994
109.0469,6,09:30:27.380906158
109.0469,6,09:30:27.380931416
109.0469,8,09:30:27.380982754
109.0469,22,09:30:27.381009385
109.0469,6,09:30:27.381101733
109.0469,1,09:30:27.381194784
109.0469,9,09:30:27.381263211
109.0469,59,09:30:27.381369383
109.0469,1,09:30:27.381644000
109.0469,1,09:30:27.381784994
109.0469,1,09:30:27.381825194
109.0469,136,09:30:27.382035585
109.0469,115,09:30:27.382071454
109.0469,1,09:30:27.382091266
109.0469,1,09:30:27.382114115
109.0469,1,09:30:27.382333070
109.0469,1,09:30:27.382401503
109.0469,1,09:30:27.382460467
109.0469,1,09:30:27.382507573
109.0469,1,09:30:27.382569660
109.0469,102,09:30:27.382611831
109.0469,1,09:30:27.383398102
109.0469,45,09:30:27.383537968
109.0469,176,09:30:27.384282725
109.0469,24,09:30:27.384609292
109.0469,46,09:30:27.384657459
109.0469,29,09:30:27.384688867
109.0469,16,09:30:27.384723079
109.0469,25,09:30:27.384747637
109.0469,1,09:30:27.384911512
109.0469,7,09:30:27.384988528
109.0469,5,09:30:27.385021216
109.0469,1,09:30:27.385088350
109.0469,21,09:30:27.385212123
109.0469,2,09:30:27.385496746
109.0469,1,09:30:27.385520097
109.0469,1,09:30:27.385684679
109.0469,1,09:30:27.385816909
109.0469,1,09:30:27.385843588
109.0469,15,09:30:27.385880223
109.0469,1,09:30:27.389417232
109.0469,83,09:30:27.389826865
109.0469,1,09:30:27.390054466
109.0469,1,09:30:27.391793766
109.0469,43,09:30:27.391862180
109.0469,46,09:30:27.391892868
109.0469,7,09:30:27.392049560
109.0469,3,09:30:27.392341588
109.0469,3,09:30:27.392461200
109.0469,7,09:30:27.392493601
109.0469,1,09:30:27.392536469
109.0469,51,09:30:27.392580348
109.0469,1,09:30:27.392650695
109.0469,25,09:30:27.392696603
109.0469,1,09:30:27.393124228
109.0469,16,09:30:27.393305256
109.0469,1,09:30:27.393537635
109.0469,1,09:30:27.393573251
109.0469,1,09:30:27.393605658
109.0469,8,09:30:27.393739529
109.0469,6,09:30:27.393924894
109.0469,32,09:30:27.393990290
109.0469,1,09:30:27.394768239
109.0469,1,09:30:27.395741723
109.0469,13,09:30:27.396507186
109.0469,1,09:30:27.396592551
109.0469,1,09:30:27.397469861
109.0469,1,09:30:27.397503532
109.0469,1,09:30:27.398251678
109.0469,1,09:30:27.400068803
109.0469,1,09:30:27.400131290
109.0469,1,09:30:27.401660509
109.0469,1,09:30:27.401699965
109.0469,1,09:30:27.402603289
109.0469,1,09:30:27.402703262
109.0469,1,09:30:27.402800067
109.0469,1,09:30:27.403353108
109.0469,1,09:30:27.406194658
109.0625,6,09:30:27.417513106
109.0469,1,09:30:29.743407478
109.0469,1,09:30:29.751272068
109.0469,2,09:30:30.002620575
109.0469,3,09:30:42.981222111
109.0469,169,09:30:53.825032631
109.0469,1,09:30:53.825737158
109.0469,1,09:30:53.825767917
109.0469,1,09:30:53.825836987
109.0469,11,09:30:53.825896393
109.0469,1,09:30:53.825934051
109.0469,1,09:30:53.826215583
109.0469,1,09:30:53.826240882
109.0469,90,09:30:53.826319728
109.0469,1,09:30:53.829084058
109.0469,1,09:30:53.829263114
109.0469,41,09:30:53.833061706
109.0469,1,09:30:53.833900353
109.0469,1,09:30:53.838755074
109.0469,4,09:30:53.876187858
109.0469,1,09:30:54.654397755
109.0313,3,09:31:03.741008244
109.0313,5,09:31:05.575017160
109.0469,5,09:31:06.685644415
109.0469,2,09:31:06.689668803
109.0313,7,09:31:09.701869172
109.0313,1,09:31:12.417664985
109.0313,1,09:31:12.418222433
109.0313,51,09:31:12.418765874
109.0313,3,09:31:12.419613420
109.0313,25,09:31:12.420396614
109.0313,5,09:31:12.420946110
109.0313,3,09:31:12.421029710
109.0313,1,09:31:12.421357155
109.0313,1,09:31:12.422536094
109.0313,5,09:31:12.422559762
109.0313,1,09:31:12.423055640
109.0313,7,09:31:12.423754202
109.0313,7,09:31:12.423965208
109.0313,14,09:31:12.423992641
109.0313,1,09:31:12.424026015
109.0313,28,09:31:12.424101402
109.0313,11,09:31:12.424125300
109.0313,1,09:31:12.424182473
109.0313,2,09:31:12.424265617
109.0313,2,09:31:12.424324357
109.0313,1,09:31:12.424350739
109.0313,1,09:31:12.424801426
109.0313,1,09:31:12.424837660
109.0313,10,09:31:12.425334656
109.0313,1,09:31:12.425404266
109.0313,1,09:31:12.425424040
109.0313,20,09:31:12.425453922
109.0313,1,09:31:12.425495920
109.0313,1,09:31:12.425870148
109.0313,31,09:31:12.425913138
109.0313,88,09:31:12.425992324
109.0313,5,09:31:12.426328599
109.0313,88,09:31:12.426834862
109.0313,7,09:31:12.427075504
109.0313,1,09:31:12.427118269
109.0313,5,09:31:12.427157461
109.0313,1,09:31:12.427203145
109.0313,14,09:31:12.427313851
109.0313,2,09:31:12.427769425
109.0313,4,09:31:12.428089726
109.0313,1,09:31:12.429289245
109.0313,10,09:31:12.429315450
109.0313,5,09:31:12.429348580
109.0313,580,09:31:12.429456953
109.0313,1,09:31:12.429602089
109.0313,1,09:31:12.429642017
109.0313,1,09:31:12.429661995
109.0313,1,09:31:12.429687950
109.0313,1,09:31:12.429714555
109.0313,1,09:31:12.429734536
109.0313,1,09:31:12.429754082
109.0313,1,09:31:12.429770770
109.0313,1,09:31:12.429790109
109.0313,1,09:31:12.429813198
109.0313,1,09:31:12.429836107
109.0313,1,09:31:12.429855982
109.0313,1,09:31:12.429874562
109.0313,1,09:31:12.429898121
109.0313,1,09:31:12.429920608
109.0313,1,09:31:12.429946877
109.0313,1,09:31:12.429964448
109.0313,1,09:31:12.429982967
109.0313,1,09:31:12.430002072
109.0313,1,09:31:12.430025544
109.0313,1,09:31:12.430049333
109.0313,19,09:31:12.430349726
109.0313,1,09:31:12.430384790
109.0313,5,09:31:12.430455995
109.0313,1,09:31:12.430550752
109.0313,141,09:31:12.430572419
109.0313,1,09:31:12.430692499
109.0313,1,09:31:12.431169628
109.0313,1,09:31:12.431753720
109.0313,445,09:31:12.431872161
109.0313,1,09:31:12.435678996
109.0313,1,09:31:12.435756108
109.0313,1,09:31:12.435797626
109.0313,7,09:31:12.437440353
109.0313,20,09:31:12.437455602
109.0313,5,09:31:12.437642085
109.0313,2,09:31:12.437929156
109.0313,1,09:31:12.438207853
109.0313,2,09:31:12.438307574
109.0313,16,09:31:12.438429109
109.0313,27,09:31:12.438444447
109.0313,27,09:31:12.438470256
109.0313,51,09:31:12.438491800
109.0313,1,09:31:12.438518874
109.0313,1,09:31:12.438542407
109.0313,1,09:31:12.438572773
109.0313,45,09:31:12.438617247
109.0313,22,09:31:12.438643324
109.0313,42,09:31:12.439058360
109.0313,1,09:31:12.439490491
109.0313,1,09:31:12.439567778
109.0313,28,09:31:12.440065183
109.0313,1,09:31:12.440602647
109.0313,60,09:31:12.441067082
109.0313,60,09:31:12.443427396
109.0313,38,09:31:12.443518681
109.0313,2,09:31:12.443737085
109.0313,43,09:31:12.444048832
109.0313,41,09:31:12.445938329
109.0313,1,09:31:12.446896909
109.0313,1,09:31:12.447007487
109.0313,1,09:31:12.449055275
109.0313,1,09:31:12.449862856
109.0313,1,09:31:12.451114363
109.0313,3,09:31:12.451150707
109.0313,1,09:31:12.451205277
109.0313,1,09:31:12.451394264
109.0313,2,09:31:12.451493696
109.0313,1,09:31:12.452282998
109.0313,1,09:31:12.452725862
109.0313,1,09:31:12.453234131
109.0313,1,09:31:12.453258515
109.0313,4,09:31:12.463965442
109.0313,7,09:31:12.485173438
109.0313,5,09:31:12.493082419
109.0156,123,09:31:21.372244176
109.0156,43,09:31:21.372261940
109.0156,88,09:31:21.403427366
109.0156,31,09:31:21.403650824
109.0156,25,09:31:21.404704419
109.0156,1,09:31:21.404754855
109.0156,43,09:31:21.404885578
109.0156,1,09:31:21.405029687
109.0156,108,09:31:21.405089000
109.0156,45,09:31:21.405221015
109.0156,1,09:31:21.405270876
109.0156,27,09:31:21.405299119
109.0156,1,09:31:21.405333110
109.0156,29,09:31:21.405367159
109.0156,14,09:31:21.405388126
109.0156,6,09:31:21.405451887
109.0156,1,09:31:21.405545364
109.0156,1,09:31:21.405575454
109.0156,1,09:31:21.405596373
109.0156,1,09:31:21.405613756
109.0156,51,09:31:21.405726693
109.0156,1,09:31:21.405766706
109.0156,1,09:31:21.405801183
109.0156,1,09:31:21.405854701
109.0156,1,09:31:21.405877329
109.0156,1,09:31:21.405902901
109.0156,1,09:31:21.405924346
109.0156,1,09:31:21.405962492
109.0156,1,09:31:21.405985399
109.0156,1,09:31:21.406020986
109.0156,7,09:31:21.406045761
109.0156,1,09:31:21.406108610
109.0156,1,09:31:21.406140365
109.0156,1,09:31:21.406170487
109.0156,1,09:31:21.406198920
109.0156,25,09:31:21.406310535
109.0156,26,09:31:21.406362257
109.0156,3,09:31:21.406385090
109.0156,12,09:31:21.406429532
109.0156,1,09:31:21.406441168
109.0156,1,09:31:21.406464922
109.0156,2,09:31:21.406601270
109.0156,11,09:31:21.406947092
109.0156,7,09:31:21.406977306
109.0156,13,09:31:21.406997218
109.0156,25,09:31:21.407723613
109.0156,2,09:31:21.407804494
109.0156,1,09:31:21.407884074
109.0156,1,09:31:21.410145531
109.0156,1,09:31:21.413279709
109.0156,51,09:31:21.413323192
109.0156,1,09:31:21.413406480
109.0156,29,09:31:21.413991381
109.0156,16,09:31:21.414017903
109.0156,25,09:31:21.414036323
109.0156,43,09:31:21.414476588
109.0156,60,09:31:21.415740721
109.0156,1,09:31:21.416712764
109.0156,23,09:31:21.416753033
109.0156,52,09:31:21.416817908
109.0156,1,09:31:21.417046210
109.0156,33,09:31:21.418538679
109.0156,23,09:31:21.418574299
109.0156,41,09:31:21.418593646
109.0156,2,09:31:21.418827066
109.0156,16,09:31:21.419032904
109.0156,27,09:31:21.419038213
109.0156,16,09:31:21.419066635
109.0156,1,09:31:21.419139635
109.0156,10,09:31:21.419800986
109.0156,4,09:31:21.420354521
109.0156,16,09:31:21.421399498
109.0156,1,09:31:21.421951769
109.0156,3,09:31:21.421979433
109.0156,1,09:31:21.422004096
109.0156,4,09:31:21.422137539
109.0156,1,09:31:21.423057577
109.0156,1,09:31:21.423648430
109.0156,1,09:31:21.426178856
109.0156,45,09:31:21.426411609
109.0156,1,09:31:21.426633518
109.0156,1,09:31:21.426749155
109.0156,1,09:31:21.426773802
109.0156,1,09:31:21.426878329
109.0156,1,09:31:21.428989425
109.0156,1,09:31:21.434310620
109.0156,1,09:31:23.234920383
109.0156,3,09:31:25.597257736
109.0156,250,09:31:26.097361626
109.0313,41,09:31:30.536028229
109.0313,2,09:31:30.553562726
109.0313,3,09:31:30.557667974
109.0313,88,09:31:32.925483844
109.0313,88,09:31:32.925612893
109.0313,17,09:31:32.927435483
109.0313,23,09:31:32.927621596
109.0313,2,09:31:32.927652691
109.0313,4,09:31:32.927671348
109.0313,1,09:31:32.928338539
109.0313,3,09:31:32.928497723
109.0313,1,09:31:32.928670801
109.0313,7,09:31:32.928745286
109.0313,71,09:31:32.928789169
109.0313,176,09:31:32.929549453
109.0313,10,09:31:32.930581128
109.0313,10,09:31:32.930613653
109.0313,4,09:31:32.930722077
109.0313,3,09:31:32.930760715
109.0313,4,09:31:32.931092674
109.0313,17,09:31:32.931194989
109.0313,11,09:31:32.931219044
109.0313,24,09:31:32.931290470
109.0313,8,09:31:32.931290470
109.0313,32,09:31:32.931350656
109.0313,1,09:31:32.931780297
109.0313,1,09:31:32.931842673
109.0313,1,09:31:32.932191189
109.0313,3,09:31:32.932218905
109.0313,1,09:31:32.932237996
109.0313,3,09:31:32.932279293
109.0313,1,09:31:32.932312654
109.0313,5,09:31:32.932476981
109.0313,1,09:31:32.932517279
109.0313,1,09:31:32.932636270
109.0313,1,09:31:32.932923428
109.0313,1,09:31:32.933244074
109.0313,1,09:31:32.933396013
109.0313,12,09:31:32.933411572
109.0313,3,09:31:32.933435563
109.0313,1,09:31:32.933464018
109.0313,12,09:31:32.933485622
109.0313,1,09:31:32.933502684
109.0313,1,09:31:32.933554640
109.0313,1,09:31:32.933574775
109.0313,4,09:31:32.933591080
109.0313,1,09:31:32.933615359
109.0313,1,09:31:32.933641465
109.0313,6,09:31:32.933933249
109.0313,1,09:31:32.933979535
109.0313,1,09:31:32.934000527
109.0313,1,09:31:32.934019273
109.0313,1,09:31:32.934036673
109.0313,1,09:31:32.934062567
109.0313,1,09:31:32.934078833
109.0313,1,09:31:32.934098728
109.0313,1,09:31:32.934123858
109.0313,1,09:31:32.934148252
109.0313,1,09:31:32.934170303
109.0313,1,09:31:32.934188663
109.0313,1,09:31:32.934214279
109.0313,1,09:31:32.934236885
109.0313,1,09:31:32.934261387
109.0313,1,09:31:32.934281554
109.0313,35,09:31:32.934299609
109.0313,2,09:31:32.935032616
109.0313,1,09:31:32.935158839
109.0313,25,09:31:32.935450055
109.0313,16,09:31:32.935488891
109.0313,29,09:31:32.935514788
109.0313,22,09:31:32.935803192
109.0313,43,09:31:32.935834164
109.0313,51,09:31:32.935857263
109.0313,5,09:31:32.936157797
109.0313,1,09:31:32.936320891
109.0313,14,09:31:32.936358185
109.0313,6,09:31:32.936449086
109.0313,2,09:31:32.936729815
109.0313,1,09:31:32.936870663
109.0313,1,09:31:32.936917994
109.0313,8,09:31:32.937113695
109.0313,67,09:31:32.937712721
109.0313,14,09:31:32.938257237
109.0313,1,09:31:32.938866402
109.0313,1,09:31:32.939159618
109.0313,1,09:31:32.939269329
109.0313,3,09:31:32.939295348
109.0313,146,09:31:32.939397017
109.0313,1,09:31:32.939811874
109.0313,6,09:31:32.942137818
109.0313,2,09:31:32.944800691
109.0313,1,09:31:32.945061566
109.0313,1,09:31:32.945192513
109.0313,1,09:31:32.945285728
109.0313,1,09:31:32.945351454
109.0313,31,09:31:32.945403519
109.0313,35,09:31:32.945441027
109.0313,16,09:31:32.946025087
109.0313,6,09:31:32.946062489
109.0313,1,09:31:32.946836659
109.0313,13,09:31:32.948297069
109.0313,1,09:31:32.948368606
109.0313,1,09:31:32.949022735
109.0313,1,09:31:32.949045317
109.0313,16,09:31:32.950407994
109.0313,1,09:31:32.951418873
109.0313,1,09:31:32.954563070
109.0313,2,09:31:32.955241062
109.0313,3,09:31:32.955270691
109.0313,1,09:31:32.956326552
109.0313,1,09:31:32.956375731
109.0313,1,09:31:32.961825588
109.0313,1,09:31:33.010038480
109.0313,171,09:31:33.557573481
109.0313,1,09:31:33.558292756
109.0313,1,09:31:33.558564060
109.0313,32,09:31:33.558598650
109.0313,1,09:31:33.558659605
109.0313,1,09:31:33.558690245
109.0313,1,09:31:33.558711907
109.0313,1,09:31:33.558743833
109.0313,1,09:31:33.558766583
109.0313,1,09:31:33.558827550
109.0313,1,09:31:33.558853657
109.0313,1,09:31:33.558883126
109.0313,1,09:31:33.558947014
109.0313,1,09:31:33.558968470
109.0313,1,09:31:33.558995944
109.0313,1,09:31:33.559022875
109.0313,1,09:31:33.559061481
109.0313,1,09:31:33.559085793
109.0313,1,09:31:33.559118644
109.0313,1,09:31:33.559186885
109.0313,1,09:31:33.559209222
109.0313,1,09:31:33.559233677
109.0313,1,09:31:33.559298104
109.0313,1,09:31:33.559393780
109.0313,1,09:31:33.559484166
109.0313,5,09:31:33.559547453
109.0313,1,09:31:33.559585924
109.0313,88,09:31:33.559965909
109.0313,85,09:31:33.560095601
109.0313,1,09:31:33.560392641
109.0313,1,09:31:33.560458476
109.0313,2,09:31:33.560849515
109.0313,1,09:31:33.561053403
109.0313,4,09:31:33.561787172
109.0313,1,09:31:33.561811294
109.0313,2,09:31:33.562907460
109.0313,9,09:31:33.562942174
109.0313,6,09:31:33.563003893
109.0313,2,09:31:33.563545396
109.0313,1,09:31:33.563564523
109.0313,1,09:31:33.563576078
109.0313,1,09:31:33.563893400
109.0313,41,09:31:33.563913253
109.0313,1,09:31:33.564033943
109.0313,1,09:31:33.564286070
109.0313,3,09:31:33.564327393
109.0313,1,09:31:33.564349847
109.0313,5,09:31:33.564494554
109.0313,125,09:31:33.564841226
109.0313,1,09:31:33.566936338
109.0313,1,09:31:33.567435542
109.0313,1,09:31:33.570044545
109.0313,1,09:31:33.570080814
109.0313,1,09:31:33.571985665
109.0313,3,09:31:33.572105120
109.0313,1,09:31:33.572134333
109.0313,42,09:31:33.572194331
109.0313,1,09:31:33.572237965
109.0313,5,09:31:33.572310689
109.0313,7,09:31:33.572411076
109.0313,5,09:31:33.572462277
109.0313,8,09:31:33.572522236
109.0313,2,09:31:33.572522236
109.0313,4,09:31:33.572571795
109.0313,5,09:31:33.572648142
109.0313,1,09:31:33.572797467
109.0313,22,09:31:33.573646454
109.0313,45,09:31:33.573732171
109.0313,51,09:31:33.573755403
109.0313,29,09:31:33.573780610
109.0313,1,09:31:33.574967914
109.0313,1,09:31:33.574993697
109.0313,1,09:31:33.575202936
109.0313,1,09:31:33.575662053
109.0313,1,09:31:33.575681106
109.0313,1,09:31:33.575950161
109.0313,3,09:31:33.575971064
109.0313,10,09:31:33.576121848
109.0313,11,09:31:33.576279745
109.0313,11,09:31:33.576368723
109.0313,1,09:31:33.576436868
109.0313,24,09:31:33.576549850
109.0313,14,09:31:33.576814101
109.0313,25,09:31:33.577037127
109.0313,1,09:31:33.577325728
109.0313,1,09:31:33.577459286
109.0313,1,09:31:33.577512980
109.0313,5,09:31:33.577740684
109.0313,1,09:31:33.578178462
109.0313,1,09:31:33.578878735
109.0313,1,09:31:33.578897529
109.0313,1,09:31:33.579797445
109.0469,41,09:31:41.873136543
109.0469,336,09:31:49.981994657
109.0313,25,09:31:53.100628656
109.0313,8,09:32:00.085857908
109.0313,1,09:32:00.087592768
109.0313,51,09:32:00.087816869
109.0313,1,09:32:00.087878304
109.0313,1,09:32:00.087942833
109.0313,2,09:32:00.089170266
109.0313,1,09:32:00.089268050
109.0313,1,09:32:00.089492889
109.0313,50,09:32:00.089575033
109.0313,1,09:32:00.089651113
109.0313,1,09:32:00.089662208
109.0313,1,09:32:00.089679469
109.0313,3,09:32:00.089697879
109.0313,1,09:32:00.089735497
109.0313,1,09:32:00.089756665
109.0313,1,09:32:00.089780099
109.0313,1,09:32:00.089808320
109.0313,1,09:32:00.089827239
109.0313,1,09:32:00.089847160
109.0313,1,09:32:00.089867451
109.0313,1,09:32:00.089890274
109.0313,1,09:32:00.089928182
109.0313,1,09:32:00.089947370
109.0313,1,09:32:00.089979649
109.0313,1,09:32:00.090010910
109.0313,1,09:32:00.090027627
109.0313,1,09:32:00.090047052
109.0313,1,09:32:00.090069068
109.0313,1,09:32:00.090092569
109.0313,1,09:32:00.090121312
109.0313,30,09:32:00.090392722
109.0313,1,09:32:00.090459578
109.0313,3,09:32:00.090639331
109.0313,1,09:32:00.090774775
109.0313,1,09:32:00.090833793
109.0313,1,09:32:00.091425614
109.0313,1,09:32:00.091778420
109.0313,1,09:32:00.092116850
109.0313,18,09:32:00.092339082
109.0313,1,09:32:00.092416971
109.0313,1,09:32:00.092840467
109.0313,1,09:32:00.092868922
109.0313,1,09:32:00.092886030
109.0313,1,09:32:00.092905041
109.0313,1,09:32:00.092925270
109.0313,1,09:32:00.093043828
109.0313,1,09:32:00.093186068
109.0313,1,09:32:00.093224962
109.0313,1,09:32:00.093292202
109.0313,1,09:32:00.093378395
109.0313,1,09:32:00.093455363
109.0313,1,09:32:00.093512670
109.0313,1,09:32:00.093539563
109.0313,1,09:32:00.093592739
109.0313,1,09:32:00.093606563
109.0313,1,09:32:00.093634010
109.0313,1,09:32:00.093657163
109.0313,1,09:32:00.093675028
109.0313,1,09:32:00.093728796
109.0313,1,09:32:00.093741760
109.0313,1,09:32:00.095268533
109.0313,50,09:32:01.583732065
109.0313,21,09:32:04.892168236
109.0313,1,09:32:04.893188106
109.0313,10,09:32:04.894056162
109.0313,1,09:32:04.894554549
109.0313,15,09:32:04.894588546
109.0313,1,09:32:04.894906067
109.0313,1,09:32:04.894937472
109.0313,11,09:32:04.895102691
109.0313,1,09:32:04.895232499
109.0313,1,09:32:04.895336245
109.0313,1,09:32:19.817680651
109.0469,1,09:32:23.509546436
109.0313,6,09:32:24.519812205
109.0313,176,09:32:29.398036140
109.0313,15,09:32:29.398738753
109.0313,31,09:32:29.398797218
109.0313,1,09:32:29.399696951
109.0313,16,09:32:29.399937078
109.0313,1,09:32:29.399970115
109.0313,28,09:32:29.400103900
109.0313,27,09:32:29.400247203
109.0313,1,09:32:29.400552600
109.0313,1,09:32:29.400725698
109.0313,18,09:32:29.400866853
109.0313,1,09:32:29.401806527
109.0313,5,09:32:29.403515863
109.0313,41,09:32:29.409955676
109.0313,1,09:32:29.413426319
109.0313,23,09:32:29.427466804
109.0313,1,09:32:29.434715733
109.0313,10,09:32:30.285306413
109.0313,1,09:32:30.285482735
109.0313,1,09:32:30.285569084
109.0313,1,09:32:30.336680725
109.0313,9,09:32:30.477722838
109.0313,1,09:32:30.477924420
109.0313,1,09:32:30.478196659
109.0313,9,09:32:30.526405168
109.0313,1,09:32:30.526630947
109.0313,1,09:32:30.526755628
109.0313,10,09:32:30.539382228
109.0313,9,09:32:30.553410373
109.0313,10,09:32:30.569614401
109.0313,1,09:32:30.569819993
109.0313,9,09:32:30.579574228
109.0313,9,09:32:30.599388589
109.0313,10,09:32:30.607293974
109.0313,9,09:32:30.631350542
109.0313,9,09:32:30.641391490
109.0313,10,09:32:30.657437614
109.0313,1,09:32:30.657627660
109.0313,1,09:32:30.657696589
109.0313,9,09:32:30.667327946
109.0313,10,09:32:30.684382405
109.0313,9,09:32:30.692372905
109.0313,9,09:32:30.729591806
109.0313,10,09:32:30.733404152
109.0313,9,09:32:30.755478332
109.0313,9,09:32:30.759392964
109.0313,10,09:32:30.782521210
109.0313,9,09:32:30.787408419
109.0313,352,09:32:30.787964882
109.0313,5,09:32:30.792280915
109.0313,5,09:32:30.792379252
109.0313,5,09:32:30.792826494
109.0313,176,09:32:31.496816749
109.0313,23,09:32:31.497005731
109.0313,1,09:32:31.497138032
109.0313,1,09:32:31.497169818
109.0313,1,09:32:31.497190986
109.0313,1,09:32:31.497215104
109.0313,1,09:32:31.497246795
109.0313,1,09:32:31.497267769
109.0313,1,09:32:31.497300963
109.0313,1,09:32:31.497361704
109.0313,1,09:32:31.497379911
109.0313,1,09:32:31.497404079
109.0313,1,09:32:31.497470519
109.0313,1,09:32:31.497496477
109.0313,1,09:32:31.497530359
109.0313,1,09:32:31.497600137
109.0313,1,09:32:31.497620874
109.0313,1,09:32:31.497648669
109.0313,1,09:32:31.497676135
109.0313,1,09:32:31.497709003
109.0313,11,09:32:31.497772255
109.0313,2,09:32:31.497935382
109.0313,150,09:32:31.497945094
109.0313,1,09:32:31.497962033
109.0313,1,09:32:31.497984116
109.0313,48,09:32:31.498362351
109.0313,9,09:32:31.498520322
109.0313,41,09:32:31.503805737
109.0313,9,09:32:31.842053792
109.0313,9,09:32:31.913069217
109.0313,10,09:32:31.974048967
109.0313,9,09:32:32.043109728
109.0313,9,09:32:32.111182815
109.0313,10,09:32:32.176188173
109.0313,9,09:32:32.249228963
109.0313,9,09:32:32.316199912
109.0313,10,09:32:32.407293434
109.0313,9,09:32:32.471357067
109.0313,44,09:32:34.109830415
109.0313,25,09:32:34.110015855
109.0313,54,09:32:34.110162946
109.0313,1,09:32:34.110402337
109.0313,1,09:32:34.110435969
109.0313,1,09:32:34.110496531
109.0313,1,09:32:34.111335822
109.0313,3,09:32:34.111404261
109.0313,1,09:32:34.111437119
109.0313,1,09:32:34.111572652
109.0313,1,09:32:34.111965956
109.0313,4,09:32:34.112276406
109.0313,19,09:32:34.112503480
109.0313,1,09:32:34.112586615
109.0313,1,09:32:34.112629709
109.0313,1,09:32:34.112661486
109.0313,23,09:32:34.112861113
109.0313,13,09:32:34.115454506
109.0313,1,09:32:34.115568803
109.0313,12,09:32:34.115634036
109.0313,1,09:32:34.115752192
109.0313,1,09:32:34.115902518
109.0313,1,09:32:34.115928685
109.0313,2,09:32:34.118219845
109.0313,1,09:32:34.121552386
109.0313,1,09:32:34.121681908
109.0313,100,09:32:46.613967101
109.0313,1,09:32:46.850607476
109.0313,8,09:32:46.850668542
109.0313,1,09:32:46.850704306
109.0313,500,09:32:47.814369485
109.0313,5,09:32:47.814874817
109.0313,1,09:32:47.815627056
109.0313,1,09:32:47.815661892
109.0313,5,09:32:47.815804515
109.0313,7,09:32:47.815953907
109.0313,176,09:32:47.816212314
109.0313,1,09:32:47.816807079
109.0313,5,09:32:47.817022344
109.0313,25,09:32:47.817538108
109.0313,5,09:32:47.817647954
109.0313,48,09:32:47.817699370
109.0313,4,09:32:47.817935329
109.0313,1,09:32:47.818001689
109.0313,1,09:32:47.818122505
109.0313,1,09:32:47.818451906
109.0313,8,09:32:47.818578744
109.0313,1,09:32:47.818658794
109.0313,41,09:32:47.830405792
109.0313,14,09:32:48.770517365
109.0313,1,09:32:48.770850162
109.0313,1,09:32:48.770903808
109.0313,8,09:32:49.170265675
109.0313,10,09:32:50.113014125
109.0313,1,09:32:50.113254222
109.0313,1,09:32:50.113334537
109.0313,9,09:32:50.118903261
109.0313,9,09:32:50.140902776
109.0313,1,09:32:50.141094454
109.0313,1,09:32:50.141168099
109.0313,10,09:32:50.148930144
109.0313,1,09:32:50.149122937
109.0313,1,09:32:50.149170158
109.0313,9,09:32:50.166934341
109.0313,1,09:32:50.167126722
109.0313,1,09:32:50.167215735
109.0313,9,09:32:50.293981793
109.0313,1,09:32:50.294178061
109.0313,1,09:32:50.294398816
109.0313,6,09:32:50.355226863
109.0313,1,09:32:50.355426563
109.0313,1,09:32:50.631336551
109.0313,1,09:32:50.631562741
109.0313,2,09:32:50.631820980
109.0313,49,09:32:50.632013377
109.0313,1,09:32:50.632335006
109.0313,1,09:32:50.632372008
109.0313,1,09:32:50.632745878
109.0313,2,09:32:50.632834885
109.0313,25,09:32:50.677563056
109.0313,1,09:32:50.677676573
109.0313,1,09:32:50.677810594
109.0313,13,09:32:50.677855715
109.0313,1,09:32:50.677965321
109.0313,1,09:32:50.678045249
109.0313,1,09:32:50.678072802
109.0313,1,09:32:50.678118911
109.0313,1,09:32:50.678207489
109.0313,1,09:32:50.678245045
109.0313,1,09:32:50.678282898
109.0313,1,09:32:50.678364931
109.0313,1,09:32:50.678404951
109.0313,1,09:32:50.678435963
109.0313,1,09:32:50.678520507
109.0313,1,09:32:50.678543076
109.0313,1,09:32:50.678570552
109.0313,1,09:32:50.678635740
109.0313,1,09:32:50.678695611
109.0313,1,09:32:50.678745679
109.0313,1,09:32:50.678768482
109.0313,1,09:32:50.678944474
109.0313,1,09:32:50.679701993
109.0313,3,09:32:50.680140565
109.0313,1,09:32:50.680443595
109.0313,3,09:32:50.681507732
109.0313,1,09:32:50.681534443
109.0313,1,09:32:50.681854483
109.0313,1,09:32:50.681926387
109.0313,1,09:32:50.682178084
109.0313,1,09:32:50.682327089
109.0313,3,09:32:50.682356770
109.0313,1,09:32:50.682772256
109.0313,2,09:32:50.682788055
109.0313,5,09:32:50.683025809
109.0313,1,09:32:50.684151528
109.0313,27,09:32:50.690319077
109.0313,1,09:32:50.690646137
109.0313,1,09:32:50.690753873
109.0313,1,09:32:50.691058138
109.0313,1,09:32:50.691170169
109.0313,1,09:32:50.691191584
109.0313,65,09:32:50.691241294
109.0313,23,09:32:50.691436991
109.0313,1,09:32:50.691696049
109.0313,1,09:32:50.692826613
109.0313,2,09:32:50.693060739
109.0313,1,09:32:50.693083572
109.0313,1,09:32:50.694319443
109.0313,14,09:32:50.696242909
109.0313,24,09:32:50.698169020
109.0313,10,09:32:50.710396231
109.0313,15,09:32:50.728076248
109.0313,9,09:32:50.836328889
109.0313,10,09:32:50.842306517
109.0313,1,09:32:50.842553914
109.0313,9,09:32:50.862328568
109.0313,9,09:32:50.871284880
109.0313,10,09:32:50.902411181
109.0313,9,09:32:50.910341728
109.0313,5,09:32:50.971656347
109.0313,9,09:32:50.991420490
109.0313,10,09:32:51.002391143
109.0313,9,09:32:51.019419195
109.0313,10,09:32:51.033388744
109.0313,9,09:32:51.063427855
109.0313,9,09:32:51.077475057
109.0313,10,09:32:51.090427763
109.0313,9,09:32:51.110449693
109.0313,9,09:32:51.198664368
109.0313,10,09:32:51.207600168
109.0313,1,09:32:51.207790373
109.0313,1,09:32:51.207911495
109.0313,4,09:32:51.672921130
109.0313,1,09:32:51.673110180
109.0313,1,09:32:51.673633455
109.0313,3,09:32:51.748074342
109.0313,1,09:32:51.748330786
109.0313,1,09:32:51.748419344
109.0313,9,09:32:51.900114139
109.0313,1,09:32:51.900312649
109.0313,1,09:32:51.900430290
109.0313,1,09:32:51.900461631
109.0313,9,09:32:51.907894974
109.0313,10,09:32:51.929908932
109.0313,1,09:32:51.930107394
109.0313,1,09:32:51.930150684
109.0313,9,09:32:52.053011581
109.0313,1,09:32:52.053218671
109.0313,10,09:32:52.067043347
109.0313,3,09:32:52.284025718
109.0313,1,09:32:52.284203139
109.0313,2,09:32:54.295621139
109.0313,1,09:32:54.295911608
109.0313,1,09:32:54.295995815
109.0313,1,09:32:54.296331559
109.0313,28,09:32:54.296387541
109.0313,1,09:32:54.297032715
109.0313,1,09:32:55.100848338
109.0313,180,09:32:57.182454454
109.0313,1,09:32:57.182616810
109.0313,88,09:32:57.182916191
109.0313,32,09:32:57.183281421
109.0313,20,09:32:57.341031331
109.0313,1,09:32:57.341351852
109.0313,1,09:32:57.341404458
109.0313,1,09:32:57.341542147
109.0313,31,09:32:57.342189978
109.0313,73,09:32:57.346547387
109.0313,1,09:32:57.346660916
109.0313,1,09:32:57.346717848
109.0313,1,09:32:57.346754835
109.0313,1,09:32:57.346987124
109.0313,1,09:32:57.347497176
109.0313,1,09:32:57.347559244
109.0313,1,09:32:57.347621364
109.0313,1,09:33:00.973406943
109.0313,1,09:33:00.973653933
109.0313,1,09:33:01.456232391
109.0313,15,09:33:02.122496470
109.0313,32,09:33:02.123070428
109.0313,2,09:33:02.123342544
109.0313,1,09:33:02.123747619
109.0313,1,09:33:02.123789192
109.0313,1,09:33:02.123883509
109.0313,1,09:33:02.123977047
109.0313,3,09:33:02.124060201
109.0313,1,09:33:02.124300510
109.0313,1,09:33:02.124336824
109.0313,1,09:33:02.124373298
109.0313,1,09:33:02.124441329
109.0313,1,09:33:02.124474935
109.0313,1,09:33:02.124500033
109.0313,1,09:33:02.124534828
109.0313,1,09:33:02.124567283
109.0313,1,09:33:02.124619092
109.0313,1,09:33:02.124647470
109.0313,1,09:33:02.124678153
109.0313,1,09:33:02.124694489
109.0313,1,09:33:02.124727718
109.0313,1,09:33:02.124774282
109.0313,1,09:33:02.124808626
109.0313,1,09:33:02.124842671
109.0313,1,09:33:02.124876271
109.0313,1,09:33:02.124919732
109.0313,1,09:33:02.124946552
109.0313,1,09:33:02.124993125
109.0313,1,09:33:02.125020379
109.0313,1,09:33:02.125096456
109.0313,1,09:33:02.125291560
109.0313,1,09:33:02.125967523
109.0313,16,09:33:02.125994601
109.0313,2,09:33:02.126381947
109.0313,2,09:33:02.127232902
109.0313,2,09:33:02.127306474
109.0313,1,09:33:02.127323505
109.0313,3,09:33:02.127360008
109.0313,1,09:33:02.127386409
109.0313,5,09:33:02.127413961
109.0313,5,09:33:02.127442570
109.0313,1,09:33:02.127507214
109.0313,22,09:33:02.127524510
109.0313,1,09:33:02.127712227
109.0313,1,09:33:02.127781748
109.0313,152,09:33:02.127855443
109.0313,1,09:33:02.130627879
109.0313,1,09:33:02.131062146
109.0313,1,09:33:02.131078723
109.0313,1,09:33:02.131628466
109.0313,152,09:33:02.256256408
109.0313,1,09:33:02.256396930
109.0313,1,09:33:02.256473623
109.0313,1,09:33:02.256627005
109.0313,1,09:33:02.256740104
109.0313,2,09:33:02.256807479
109.0313,1,09:33:02.256845976
109.0313,1,09:33:02.256924335
109.0313,4,09:33:02.256996135
109.0313,1,09:33:02.257114592
109.0313,1,09:33:02.262619404
109.0313,41,09:33:02.262678736
109.0313,1,09:33:02.263540033
109.0313,1,09:33:02.263569986
109.0313,1,09:33:02.264625520
109.0313,56,09:33:03.788810985
109.0313,25,09:33:03.788997139
109.0313,50,09:33:03.789164164
109.0313,1,09:33:03.789394984
109.0313,1,09:33:03.789451894
109.0313,1,09:33:03.789524024
109.0313,1,09:33:03.789573474
109.0313,1,09:33:03.789746809
109.0313,1,09:33:03.789811956
109.0313,1,09:33:03.789843573
109.0313,554,09:33:06.073615494
109.0313,824,09:33:06.322340856
109.0313,5,09:33:27.782715331
109.0469,41,09:33:36.658792419
109.0469,2,09:33:36.677251072
109.0469,5,09:33:36.679409762
109.0469,3,09:33:36.680104054
109.0469,3,09:33:36.681610017
109.0469,2,09:34:00.189118326
109.0469,2,09:34:00.189799297
109.0469,2,09:34:00.191114002
109.0469,3,09:34:00.203548543
109.0313,1,09:34:00.207310101
109.0469,2,09:34:04.456090148
109.0469,3,09:34:04.456119393
109.0469,2,09:34:04.456404676
109.0469,1,09:34:04.460040362
109.0469,1,09:34:04.460756207
109.0469,30,09:34:04.523379035
109.0469,20,09:34:04.523421190
109.0469,326,09:34:04.524899721
109.0469,159,09:34:04.526318154
109.0469,127,09:34:04.526574783
109.0469,4,09:34:04.526574783
109.0469,1,09:34:04.526574783
109.0469,1,09:34:04.526770556
109.0469,59,09:34:04.526935980
109.0469,88,09:34:04.527226610
109.0469,88,09:34:04.527594026
109.0469,1,09:34:04.527689231
109.0469,1,09:34:04.527832200
109.0469,13,09:34:04.527906499
109.0469,278,09:34:04.528826739
109.0469,4,09:34:04.528927563
109.0469,10,09:34:04.529144284
109.0469,3,09:34:04.529472526
109.0469,1,09:34:04.529510835
109.0469,8,09:34:04.529633155
109.0469,1,09:34:04.529705963
109.0469,1,09:34:04.530178088
109.0469,152,09:34:04.530622345
109.0469,1,09:34:04.530796964
109.0469,1,09:34:04.530857403
109.0469,7,09:34:04.530947299
109.0469,1,09:34:04.531002363
109.0469,1,09:34:04.531060255
109.0469,1,09:34:04.531096896
109.0469,1,09:34:04.531169992
109.0469,70,09:34:04.531509234
109.0469,1,09:34:04.531634254
109.0469,4,09:34:04.531764576
109.0469,1,09:34:04.531818597
109.0469,37,09:34:04.532151718
109.0469,22,09:34:04.532365405
109.0469,10,09:34:04.532510509
109.0469,151,09:34:04.533447840
109.0469,17,09:34:04.533554348
109.0469,25,09:34:04.533703590
109.0469,1,09:34:04.534121568
109.0469,1,09:34:04.535208844
109.0469,1,09:34:04.536766223
109.0469,24,09:34:04.539244615
109.0469,1,09:34:04.539345507
109.0469,1,09:34:04.539761444
109.0469,151,09:34:04.539978474
109.0469,1,09:34:04.545669484
109.0469,3,09:34:04.547614495
109.0469,11,09:34:06.035966736
109.0469,4,09:34:06.912499452
109.0469,2,09:34:10.042432273
109.0469,5,09:34:25.541915864
109.0469,7,09:34:25.545215351
109.0469,1,09:34:38.515535239
109.0469,4,09:34:40.102000933
109.0469,1,09:34:48.033425087
109.0313,6,09:34:49.927664076
109.0313,1,09:35:05.322375705
109.0313,6,09:35:06.855484476
109.0469,4,09:35:11.436160906
109.0469,1,09:35:13.247114659
109.0313,9,09:35:13.318957799
109.0313,30,09:35:14.707763570
109.0313,1,09:35:30.392084118
109.0313,1,09:35:36.141214299
109.0313,13,09:35:36.902743895
109.0469,4,09:35:39.988421102
109.0469,11,09:35:42.184020071
109.0469,6,09:35:50.297345289
109.0469,19,09:35:52.144587539
109.0469,100,09:35:55.059054976
109.0469,88,09:35:56.342759868
109.0469,506,09:35:56.343987058
109.0469,1,09:35:56.346067132
109.0469,33,09:35:56.352725272
109.0469,7,09:35:56.353945783
109.0469,52,09:35:56.356960871
109.0469,5,09:35:56.367830860
109.0469,2,09:35:56.735138255
109.0469,2,09:35:56.735191844
109.0469,1,09:36:07.717635641
109.0625,4,09:36:08.540688652
109.0469,1,09:36:11.774491101
109.0469,9,09:36:14.830969252
109.0469,15,09:36:14.830969252
109.0469,25,09:36:14.831120676
109.0469,10,09:36:14.831148910
109.0469,25,09:36:14.831757515
109.0469,44,09:36:14.831800649
109.0469,176,09:36:14.831995964
109.0469,4,09:36:14.832030298
109.0469,1,09:36:14.832525609
109.0469,2,09:36:14.832992128
109.0469,15,09:36:14.833118640
109.0469,1,09:36:14.833280170
109.0469,2,09:36:14.833475514
109.0469,15,09:36:14.833496823
109.0469,1,09:36:14.833897177
109.0469,15,09:36:14.833947169
109.0469,3,09:36:14.834014530
109.0469,20,09:36:14.834720058
109.0469,1,09:36:14.834773254
109.0469,1,09:36:14.835153304
109.0469,51,09:36:14.835179686
109.0469,32,09:36:14.835262238
109.0469,1,09:36:14.835282482
109.0469,1,09:36:14.835419352
109.0469,2,09:36:14.835457227
109.0469,1,09:36:14.835600943
109.0469,10,09:36:14.835667386
109.0469,19,09:36:14.835774102
109.0469,415,09:36:14.836297802
109.0469,1,09:36:14.839538513
109.0469,45,09:36:14.839734747
109.0469,1,09:36:14.840111181
109.0469,1,09:36:14.840273693
109.0469,1,09:36:14.842863220
109.0469,41,09:36:14.845542788
109.0469,1,09:36:14.845667011
109.0469,1,09:36:14.845862423
109.0469,31,09:36:14.846845611
109.0469,5,09:36:14.882063655
109.0469,4,09:36:14.882630965
109.0469,3,09:36:15.027530872
109.0469,3,09:36:15.058508032
109.0469,5,09:36:15.091377731
109.0469,1,09:36:15.122421306
109.0469,1,09:36:15.160889531
109.0469,4,09:36:15.206618199
109.0469,1,09:36:15.240258563
109.0313,535,09:36:21.087598125
109.0313,1,09:36:29.249505745
109.0313,2,09:36:36.934588628
109.0313,1,09:36:36.934745002
109.0313,118,09:36:36.935414225
109.0313,1,09:36:36.936189334
109.0313,37,09:36:36.936444297
109.0313,1,09:36:36.936716084
109.0313,27,09:36:36.936960512
109.0313,29,09:36:36.937073177
109.0313,14,09:36:36.937106144
109.0313,1,09:36:36.937240326
109.0313,222,09:36:36.938605022
109.0313,1,09:36:36.938725598
109.0313,1,09:36:36.938756747
109.0313,1,09:36:36.938986277
109.0313,1,09:36:36.939003347
109.0313,88,09:36:36.939463490
109.0313,2,09:36:36.939643850
109.0313,88,09:36:36.940055985
109.0313,1,09:36:36.940310532
109.0313,1,09:36:36.940418924
109.0313,5,09:36:36.940489422
109.0313,5,09:36:36.940614504
109.0313,1,09:36:36.940693919
109.0313,1,09:36:36.940880075
109.0313,18,09:36:36.941165244
109.0313,2,09:36:36.941266945
109.0313,2,09:36:36.941398144
109.0313,2,09:36:36.941502197
109.0313,1,09:36:36.941685275
109.0313,1,09:36:36.943145708
109.0313,9,09:36:36.943212427
109.0313,1,09:36:36.943234958
109.0313,6,09:36:36.943322685
109.0313,1,09:36:36.943360811
109.0313,7,09:36:36.943932521
109.0313,1,09:36:36.943968634
109.0313,25,09:36:36.944258666
109.0313,1,09:36:36.944462900
109.0313,6,09:36:36.944935091
109.0313,1,09:36:36.944956288
109.0313,1,09:36:36.945003964
109.0313,22,09:36:36.945121553
109.0313,4,09:36:36.945186099
109.0313,1,09:36:36.945424142
109.0313,220,09:36:36.945480540
109.0313,15,09:36:36.946030739
109.0313,8,09:36:36.946147312
109.0313,127,09:36:36.946183210
109.0313,2,09:36:36.946278795
109.0313,22,09:36:36.946633846
109.0313,10,09:36:36.947177358
109.0313,2,09:36:36.947276900
109.0313,1,09:36:36.947434429
109.0313,5,09:36:36.947630234
109.0313,144,09:36:36.947730825
109.0313,4,09:36:36.948094605
109.0313,12,09:36:36.948527942
109.0313,199,09:36:36.949227815
109.0313,1,09:36:36.950878329
109.0313,1,09:36:36.951166802
109.0313,1,09:36:36.951707417
109.0313,1,09:36:36.951986751
109.0313,1,09:36:36.952200570
109.0313,6,09:36:36.952323173
109.0313,1,09:36:36.952350822
109.0313,1,09:36:36.952375812
109.0313,357,09:36:36.952522277
109.0313,2,09:36:36.952725633
109.0313,1,09:36:36.953022026
109.0313,3,09:36:36.953104930
109.0313,16,09:36:36.954399942
109.0313,3,09:36:36.954696088
109.0313,1,09:36:36.954853954
109.0313,5,09:36:36.955091767
109.0313,4,09:36:36.955240058
109.0313,16,09:36:36.955771256
109.0313,34,09:36:36.955839486
109.0313,1,09:36:36.956270175
109.0313,6,09:36:36.958373385
109.0313,1,09:36:36.958956283
109.0313,1,09:36:36.959122097
109.0313,1,09:36:36.959230459
109.0313,1,09:36:36.959784038
109.0313,1,09:36:36.959915435
109.0313,1,09:36:36.959971641
109.0313,9,09:36:36.960100338
109.0313,10,09:36:36.960126636
109.0313,5,09:36:36.960200260
109.0313,15,09:36:36.961090953
109.0313,41,09:36:36.961980721
109.0313,117,09:36:36.981014471
109.0313,1,09:36:36.985141332
109.0313,1,09:36:36.985340280
109.0313,57,09:36:36.988983839
109.0313,1,09:36:36.993540407
109.0313,2,09:36:36.995374399
109.0313,12,09:36:37.002417798
109.0313,2,09:36:37.002507128
109.0313,6,09:36:37.003123464
109.0313,16,09:36:37.003597093
109.0313,84,09:36:37.003916161
109.0313,4,09:36:37.004543886
109.0313,2,09:36:37.004618406
109.0313,2,09:36:37.004642692
109.0313,3,09:36:37.028235010
109.0313,2,09:36:37.101965285
109.0313,161,09:36:43.939743673
109.0313,20,09:36:43.942956339
109.0156,3,09:36:45.812471719
109.0313,1,09:36:45.967455545
109.0313,32,09:36:49.426008480
109.0313,25,09:36:49.426110223
109.0313,1,09:36:49.426884306
109.0313,1,09:36:49.426961213
109.0313,1,09:36:49.426996929
109.0313,176,09:36:49.427234227
109.0313,75,09:36:49.427740070
109.0313,1,09:36:49.427915092
109.0313,31,09:36:49.427954881
109.0313,18,09:36:49.428196108
109.0313,2,09:36:49.428495433
109.0313,4,09:36:49.428584456
109.0313,10,09:36:49.428701684
109.0313,10,09:36:49.428791771
109.0313,6,09:36:49.428937106
109.0313,1,09:36:49.429011606
109.0313,14,09:36:49.429076056
109.0313,12,09:36:49.429223633
109.0313,16,09:36:49.429458841
109.0313,16,09:36:49.429586008
109.0313,15,09:36:49.429738690
109.0313,34,09:36:49.429889563
109.0313,522,09:36:49.439618630
109.0313,1,09:36:49.439693994
109.0313,1,09:36:49.439727304
109.0313,1,09:36:49.439750108
109.0313,1,09:36:49.439909742
109.0313,1,09:36:49.440073413
109.0313,1,09:36:49.440932295
109.0313,1,09:36:49.441119402
109.0313,101,09:36:49.442058963
109.0313,38,09:36:49.442161036
109.0313,76,09:36:49.442249057
109.0313,1,09:36:49.443562834
109.0313,2,09:36:49.444232560
109.0313,25,09:36:49.444321543
109.0313,1,09:36:49.445208733
109.0313,1,09:36:49.445840748
109.0313,1,09:36:49.446703963
109.0313,1,09:36:49.446803971
109.0313,1,09:36:49.447456890
109.0313,2,09:36:49.447570819
109.0313,1,09:36:49.447821784
109.0313,3,09:36:49.456287234
109.0313,2,09:36:49.456508157
109.0313,9,09:36:49.460449353
109.0313,1,09:36:49.471843599
109.0313,65,09:36:49.496434878
109.0313,1,09:36:49.496947314
109.0313,2,09:36:49.497020215
109.0313,1,09:36:49.497043885
109.0313,81,09:36:49.497133215
109.0313,1,09:36:49.497494659
109.0313,7,09:36:49.497538593
109.0313,1,09:36:49.497704907
109.0313,1,09:36:49.497728280
109.0313,2,09:36:49.497767487
109.0313,30,09:36:49.498612895
109.0313,20,09:36:49.498880102
109.0313,1,09:36:49.499124593
109.0313,1,09:36:49.499147633
109.0313,5,09:36:49.499184300
109.0313,1,09:36:49.499225923
109.0313,42,09:36:49.499379072
109.0313,45,09:36:49.499439473
109.0313,1,09:36:49.499838710
109.0313,1,09:36:49.499918998
109.0313,1,09:36:49.500310408
109.0313,1,09:36:49.500548395
109.0313,1,09:36:49.500696967
109.0313,1,09:36:49.501041000
109.0313,26,09:36:49.501714194
109.0313,2,09:36:49.501764387
109.0313,1,09:36:49.501921942
109.0313,1,09:36:49.502585882
109.0313,1,09:36:49.502853727
109.0313,1,09:36:49.503389140
109.0313,1,09:36:49.503467023
109.0313,4,09:36:49.503495289
109.0313,1,09:36:49.503648191
109.0313,5,09:36:49.519218766
109.0313,1,09:36:49.519472283
109.0313,10,09:36:49.523342962
109.0313,1,09:36:49.523532003
109.0313,9,09:36:49.580188882
109.0313,1,09:36:49.580438356
109.0313,9,09:36:49.702478592
109.0313,2,09:36:49.997834191
109.0313,3,09:36:49.999663507
109.0313,2,09:36:50.003778013
109.0313,3,09:36:50.005814895
109.0313,9,09:36:50.025722407
109.0313,10,09:36:50.036561323
109.0313,1,09:36:50.036759903
109.0313,9,09:36:50.051590867
109.0313,10,09:36:50.060569247
109.0313,1,09:36:50.060765955
109.0313,1,09:36:50.060827891
109.0313,9,09:36:50.076609842
109.0313,27,09:36:51.215361789
109.0313,33,09:36:51.215931676
109.0313,1,09:36:51.222471741
109.0313,20,09:36:51.227082151
109.0313,1,09:36:51.227591899
109.0313,64,09:36:51.227749262
109.0313,6,09:36:51.234971350
109.0313,65,09:36:51.235217751
109.0313,1,09:36:51.281580788
109.0313,1,09:36:53.527888749
109.0313,3,09:36:53.531809551
109.0313,1,09:36:53.535856599
109.0313,1,09:36:53.544376946
109.0313,2,09:36:53.598874749
109.0313,2,09:36:53.603461775
109.0313,176,09:36:56.944803673
109.0313,16,09:36:56.945367412
109.0313,1,09:36:56.945423887
109.0313,1,09:36:56.945479901
109.0313,27,09:36:56.945605086
109.0313,16,09:36:56.945779270
109.0313,9,09:36:58.880573664
109.0313,1,09:36:58.880980524
109.0313,10,09:36:58.888562814
109.0313,1,09:36:58.888810564
109.0313,53,09:36:58.889184312
109.0313,18,09:36:59.054828354
109.0313,19,09:36:59.054983742
109.0313,1,09:36:59.055433128
109.0313,12,09:36:59.055466584
109.0313,9,09:36:59.055497033
109.0313,6,09:36:59.055524576
109.0313,18,09:36:59.055628914
109.0313,88,09:37:02.536179297
109.0313,31,09:37:02.536264070
109.0313,88,09:37:02.536546783
109.0313,1,09:37:02.536737398
109.0313,19,09:37:02.537866163
109.0313,36,09:37:02.538132697
109.0313,15,09:37:02.621028403
109.0313,4,09:37:02.621065996
109.0313,83,09:37:02.621491660
109.0313,1,09:37:02.622191303
109.0313,10,09:37:04.018350686
109.0313,9,09:37:04.025252225
109.0313,9,09:37:04.060262930
109.0313,10,09:37:04.079290664
109.0313,9,09:37:04.086410302
109.0156,3,09:37:06.254756644
109.0156,19,09:37:19.345420915
109.0156,2,09:37:27.903648545
109.0313,1,09:37:34.090163125
109.0313,1,09:37:35.301942855
109.0313,4,09:37:41.401102560
109.0156,2,09:37:49.128418148
109.0156,1,09:37:54.779478091
109.0156,1,09:37:58.826087861
109.0313,4,09:37:59.071855967
109.0313,119,09:37:59.498172664
109.0313,119,09:38:07.809695627
109.0313,25,09:38:07.809744079
109.0313,2,09:38:07.810046632
109.0313,1,09:38:07.810200258
109.0313,1,09:38:07.810261113
109.0313,1,09:38:07.810369349
109.0313,1,09:38:07.810394975
109.0313,1,09:38:07.811261668
109.0313,2,09:38:07.812596652
109.0313,1,09:38:07.813274640
109.0313,38,09:38:07.813317030
109.0313,5,09:38:07.813346558
109.0313,1,09:38:07.813439640
109.0313,529,09:38:07.813677019
109.0313,1,09:38:07.821043638
109.0313,1,09:38:07.837397686
109.0469,2,09:38:09.365514438
109.0313,2,09:38:10.154930824
109.0469,5,09:38:29.400111094
109.0313,2,09:38:30.296499797
109.0469,50,09:38:39.520785949
109.0313,1,09:38:51.912545473
109.0469,5,09:39:08.040191237
109.0313,1,09:39:12.774548144
109.0469,10,09:39:19.627166796
109.0313,9,09:39:24.550225021
109.0469,2,09:39:30.302954059
109.0313,1,09:39:33.539761783
109.0313,1,09:39:36.137847555
109.0469,4,09:39:49.731430082
109.0313,1,09:39:53.544518923
109.0469,1,09:39:53.991439956
109.0469,76,09:39:57.217760009
109.0469,1,09:40:01.120338350
109.0469,3,09:40:01.123469185
109.0469,3,09:40:01.139496793
109.0469,4,09:40:01.141935018
109.0313,1,09:40:02.421489626
109.0469,1,09:40:08.027890466
109.0469,1,09:40:12.986591070
109.0313,1,09:40:13.849229192
109.0313,2013,09:40:16.581018254
109.0313,4,09:40:16.597743649
109.0313,3,09:40:16.709427339
109.0156,507,09:40:16.714226657
109.0156,10,09:40:16.717395985
109.0313,3,09:40:16.739741100
109.0313,5,09:40:16.752318512
109.0313,1,09:40:16.793236617
109.0313,1,09:40:16.834043480
109.0313,4,09:40:16.893984932
109.0156,5,09:40:17.170433270
109.0156,1,09:40:18.004658372
109.0156,40,09:40:22.943339927
109.0156,9,09:40:33.067286550
109.0156,1,09:40:34.683925761
109.0313,4,09:40:36.047406079
109.0313,1524,09:40:36.047570006
109.0313,40,09:40:36.048368230
109.0313,8,09:40:36.048540019
109.0313,1,09:40:36.048586637
109.0313,1,09:40:36.048628763
109.0313,6,09:40:36.048844940
109.0313,10,09:40:36.049923602
109.0313,88,09:40:36.050093317
109.0313,25,09:40:36.050791802
109.0313,32,09:40:36.051202623
109.0313,1,09:40:36.051298424
109.0313,5,09:40:36.051401997
109.0313,9,09:40:36.051495896
109.0313,3,09:40:36.057910777
109.0313,5,09:40:36.060043086
109.0313,232,09:40:36.062179765
109.0313,5,09:40:36.062214886
109.0313,35,09:40:36.063907080
109.0313,25,09:40:36.063924175
109.0313,2,09:40:36.064006602
109.0313,1,09:40:36.064191371
109.0313,24,09:40:36.064266477
109.0313,88,09:40:36.066930450
109.0313,29,09:40:36.069078557
109.0313,3,09:40:36.069161672
109.0313,3,09:40:36.069245837
109.0313,15,09:40:36.070223972
109.0313,88,09:40:36.070260015
109.0313,32,09:40:36.070307027
109.0313,48,09:40:36.071496215
109.0313,1,09:40:36.073176461
109.0313,1,09:40:36.073276181
109.0313,1,09:40:36.073309302
109.0313,1,09:40:36.073334339
109.0313,21,09:40:36.073514342
109.0313,1,09:40:36.073534263
109.0313,2,09:40:36.074356225
109.0313,19,09:40:36.075657861
109.0313,22,09:40:36.075688264
109.0313,2,09:40:36.075804632
109.0313,1,09:40:36.075978562
109.0313,3,09:40:36.076176572
109.0313,20,09:40:36.076383699
109.0313,1,09:40:36.076406836
109.0313,22,09:40:36.076472929
109.0313,1,09:40:36.076561805
109.0313,1,09:40:36.077603401
109.0313,2,09:40:36.077645447
109.0313,1,09:40:36.077697374
109.0313,1,09:40:36.077962534
109.0313,4,09:40:36.078018190
109.0313,2,09:40:36.078495146
109.0313,1,09:40:36.078519931
109.0313,17,09:40:36.078712716
109.0313,1,09:40:36.079068659
109.0313,88,09:40:36.079435121
109.0313,88,09:40:36.080051882
109.0313,1,09:40:36.080579253
109.0313,1,09:40:36.080740062
109.0313,1,09:40:36.082172325
109.0313,20,09:40:36.082546591
109.0313,1,09:40:36.082641009
109.0313,6,09:40:36.082977246
109.0313,13,09:40:36.083474149
109.0313,41,09:40:36.083525347
109.0313,1,09:40:36.084224311
109.0313,1,09:40:36.084763635
109.0313,102,09:40:36.085831521
109.0313,2,09:40:36.085866904
109.0313,1,09:40:36.085971979
109.0313,1,09:40:36.085993093
109.0313,1,09:40:36.086527158
109.0313,1,09:40:36.086947179
109.0313,1,09:40:36.086981382
109.0313,112,09:40:36.087048864
109.0313,1,09:40:36.087459548
109.0313,1,09:40:36.087560475
109.0313,1,09:40:36.088007031
109.0313,1,09:40:36.088042273
109.0313,1,09:40:36.088069122
109.0313,1,09:40:36.088221727
109.0313,5,09:40:36.088255846
109.0313,1,09:40:36.088276876
109.0313,1,09:40:36.088431922
109.0313,12,09:40:36.088618150
109.0313,1,09:40:36.088656942
109.0313,1,09:40:36.088681236
109.0313,2,09:40:36.088700703
109.0313,1,09:40:36.088821191
109.0313,1,09:40:36.088843937
109.0313,2,09:40:36.089133472
109.0313,1,09:40:36.089914570
109.0313,1,09:40:36.090037657
109.0313,1,09:40:36.090058170
109.0313,1,09:40:36.090120004
109.0313,29,09:40:36.090751297
109.0313,16,09:40:36.090777339
109.0313,25,09:40:36.090794498
109.0313,59,09:40:36.090821910
109.0313,12,09:40:36.090858678
109.0313,1,09:40:36.091048500
109.0313,28,09:40:36.091707732
109.0313,7,09:40:36.092001601
109.0313,1,09:40:36.092049461
109.0313,1,09:40:36.092096892
109.0313,1,09:40:36.092145937
109.0313,1,09:40:36.092172248
109.0313,1,09:40:36.092205829
109.0313,2,09:40:36.092335608
109.0313,1,09:40:36.092542620
109.0313,1,09:40:36.092751949
109.0313,1,09:40:36.092805457
109.0313,3,09:40:36.093465950
109.0313,1,09:40:36.094968912
109.0313,5,09:40:36.096603239
109.0313,1,09:40:36.096844137
109.0313,40,09:40:36.097404199
109.0313,1,09:40:36.098162122
109.0313,1,09:40:36.098274104
109.0313,1,09:40:36.098680999
109.0313,7,09:40:36.098956297
109.0313,1,09:40:36.099105039
109.0313,1,09:40:36.099295377
109.0313,7,09:40:36.107701929
109.0313,32,09:40:36.118805977
109.0313,1,09:40:36.119033054
109.0313,2,09:40:36.119068859
109.0313,1,09:40:36.119177191
109.0313,1,09:40:36.119804644
109.0313,1,09:40:36.119949821
109.0313,1,09:40:36.120050805
109.0313,97,09:40:36.120090966
109.0313,2,09:40:36.121965407
109.0313,42,09:40:36.124698147
109.0313,3,09:40:36.128712445
109.0313,1,09:40:36.145257482
109.0313,1,09:40:36.145307720
109.0313,19,09:40:36.413492679
109.0313,68,09:40:36.510557724
109.0313,1,09:40:36.510792852
109.0313,1,09:40:36.511056810
109.0313,100,09:40:39.352436259
109.0313,2,09:40:39.353134139
109.0313,1,09:40:39.353203091
109.0313,225,09:40:39.638982718
109.0313,2,09:40:39.639688707
109.0313,50,09:40:39.639970907
109.0313,1,09:40:39.640033075
109.0313,1,09:40:39.640081739
109.0313,1,09:40:39.640588386
109.0313,1,09:40:39.641426934
109.0313,1,09:40:39.641515006
109.0313,2,09:40:39.641647194
109.0313,22,09:40:39.642817688
109.0313,74,09:40:39.643176010
109.0313,10,09:40:39.643271140
109.0313,1,09:40:39.643616620
109.0313,1,09:40:39.643909006
109.0313,9,09:40:39.644028330
109.0313,5,09:40:39.644508161
109.0313,134,09:40:39.644656051
109.0313,1,09:40:39.644903183
109.0313,12,09:40:39.645307028
109.0313,30,09:40:39.645331224
109.0313,1,09:40:39.645671349
109.0313,21,09:40:39.645760612
109.0313,1,09:40:39.646004642
109.0313,8,09:40:39.646074211
109.0313,2,09:40:39.646128018
109.0313,16,09:40:39.646232819
109.0313,1,09:40:39.647048097
109.0313,1,09:40:39.649102753
109.0313,1,09:40:39.649590503
109.0313,1,09:40:39.649616423
109.0313,1,09:40:39.649645893
109.0313,5,09:40:39.649866861
109.0313,20,09:40:39.650393409
109.0313,2,09:40:39.651295974
109.0313,2,09:40:39.651928413
109.0313,2,09:40:39.652150337
109.0313,1,09:40:39.654273170
109.0313,1,09:40:39.654882431
109.0313,1,09:40:39.654982599
109.0313,1,09:40:39.655410573
109.0313,1,09:40:39.656324953
109.0313,9,09:40:39.662055679
109.0313,1,09:40:39.662229331
109.0313,19,09:40:39.669245542
109.0313,10,09:40:39.698592674
109.0313,131,09:40:40.263462381
109.0313,2,09:40:40.264083492
109.0313,9,09:40:40.275640742
109.0313,9,09:40:40.275758760
109.0313,10,09:40:40.275782284
109.0313,1,09:40:40.276151181
109.0313,6,09:40:40.276264338
109.0313,14,09:40:40.276707464
109.0313,58,09:40:40.276802066
109.0313,13,09:40:40.277414649
109.0313,1,09:40:40.277451025
109.0313,1,09:40:40.277656165
109.0313,1,09:40:40.277751946
109.0313,1,09:40:40.277895430
109.0313,1,09:40:40.278690483
109.0313,19,09:40:40.279086071
109.0313,1,09:40:40.280079769
109.0313,1,09:40:40.282749003
109.0313,2,09:40:44.248447814
109.0313,5,09:40:45.038815521
109.0469,4,09:40:46.331063902
109.0313,1,09:40:47.050074523
109.0313,78,09:40:48.263955332
109.0313,1,09:40:48.264604197
109.0313,1,09:40:48.264880695
109.0313,17,09:40:48.265243909
109.0313,241,09:40:48.268669757
109.0313,23,09:40:48.269480433
109.0313,1,09:40:48.270238928
109.0313,45,09:40:48.270290865
109.0313,21,09:40:48.270431681
109.0313,1,09:40:48.270479048
109.0313,22,09:40:48.270557293
109.0313,14,09:40:48.270649877
109.0313,27,09:40:48.270689564
109.0313,27,09:40:48.270720294
109.0313,16,09:40:48.270738164
109.0313,5,09:40:48.270864601
109.0313,1,09:40:48.271275762
109.0313,2,09:40:48.271310293
109.0313,1,09:40:48.271338422
109.0313,1,09:40:48.271569402
109.0313,1,09:40:48.271589707
109.0313,1,09:40:48.272357926
109.0313,5,09:40:48.273926266
109.0313,1,09:40:48.274527584
109.0313,1,09:40:48.276247849
109.0313,1,09:40:48.276325662
109.0313,1,09:40:48.276483265
109.0313,1,09:40:48.276647169
109.0313,1,09:40:48.276963789
109.0313,5,09:40:48.283483540
109.0313,9,09:40:48.332075693
109.0313,1,09:40:48.350508967
109.0313,88,09:40:56.398539105
109.0313,1,09:40:56.399277072
109.0313,1,09:40:56.399318347
109.0313,1,09:40:56.399485902
109.0313,1,09:40:56.399568486
109.0313,1,09:40:56.399601146
109.0313,5,09:40:56.400021475
109.0313,1,09:40:56.400097415
109.0313,88,09:40:56.400593508
109.0313,2,09:40:56.400787045
109.0313,1,09:40:56.401253823
109.0313,2,09:40:56.401341760
109.0313,25,09:40:56.401486797
109.0313,15,09:40:56.401538036
109.0313,1,09:40:56.401681783
109.0313,6,09:40:56.401744613
109.0313,1,09:40:56.401821687
109.0313,1,09:40:56.401858228
109.0313,1,09:40:56.402274979
109.0313,1,09:40:56.402322807
109.0313,123,09:40:56.402385666
109.0313,1,09:40:56.404624236
109.0313,50,09:40:56.405509681
109.0313,42,09:40:56.405994371
109.0313,25,09:40:56.406802951
109.0313,45,09:40:56.406853647
109.0313,7,09:40:56.406931783
109.0313,22,09:40:56.407084740
109.0313,29,09:40:56.407229206
109.0313,16,09:40:56.407261639
109.0313,25,09:40:56.407294661
109.0313,5,09:40:56.407365648
109.0313,88,09:40:56.407511315
109.0313,25,09:40:56.407810863
109.0313,1,09:40:56.407857537
109.0313,1,09:40:56.408055544
109.0313,86,09:40:56.408335264
109.0313,1,09:40:56.409562627
109.0313,1,09:40:56.410139345
109.0313,15,09:40:56.410372911
109.0313,1,09:40:56.410430327
109.0313,1,09:40:56.410942213
109.0313,1,09:40:56.411109144
109.0313,1,09:40:56.411175347
109.0313,1,09:40:56.411216554
109.0313,55,09:40:56.411261956
109.0313,43,09:40:56.412334135
109.0313,6,09:40:56.412477693
109.0313,1,09:40:56.413513125
109.0313,1,09:40:56.413720966
109.0313,1,09:40:56.413945594
109.0313,1,09:40:56.413994008
109.0313,7,09:40:56.414557297
109.0313,1,09:40:56.414893201
109.0313,1,09:40:56.416182411
109.0313,1,09:40:56.416605322
109.0313,1,09:40:56.417215664
109.0313,1,09:40:56.417573844
109.0313,1,09:40:56.417685398
109.0313,1,09:40:56.417717322
109.0313,3,09:40:56.417973967
109.0313,25,09:40:56.419083647
109.0313,1,09:40:56.421354768
109.0313,1,09:40:56.423849730
109.0313,40,09:40:56.439016803
109.0313,6,09:40:56.462326264
109.0313,100,09:40:59.896466877
109.0313,5,09:41:02.610151787
109.0156,200,09:41:03.033634262
109.0156,1,09:41:05.922467320
109.0313,90,09:41:09.968411921
109.0313,1,09:41:09.968796105
109.0313,3,09:41:10.044810443
109.0313,10,09:41:10.147336179
109.0313,9,09:41:10.153256561
109.0313,15,09:41:10.167228401
109.0313,88,09:41:10.167261009
109.0313,10,09:41:10.167675290
109.0313,88,09:41:10.168088594
109.0313,5,09:41:10.168248665
109.0313,1,09:41:10.168516874
109.0313,1,09:41:10.168949037
109.0313,1,09:41:10.169356332
109.0313,1,09:41:10.169463313
109.0313,2,09:41:10.169511528
109.0313,1,09:41:10.169529999
109.0313,1,09:41:10.169690607
109.0313,7,09:41:10.169712317
109.0313,3,09:41:10.169843490
109.0313,1,09:41:10.170060080
109.0313,1,09:41:10.170083386
109.0313,1,09:41:10.170111428
109.0313,1,09:41:10.170127186
109.0313,1,09:41:10.170156316
109.0313,1,09:41:10.170189712
109.0313,1,09:41:10.170214480
109.0313,1,09:41:10.170237866
109.0313,1,09:41:10.170258331
109.0313,1,09:41:10.170277752
109.0313,1,09:41:10.170299320
109.0313,1,09:41:10.170320473
109.0313,1,09:41:10.170346349
109.0313,1,09:41:10.170364896
109.0313,1,09:41:10.170393332
109.0313,1,09:41:10.170412100
109.0313,1,09:41:10.170433362
109.0313,1,09:41:10.170453675
109.0313,1,09:41:10.170471141
109.0313,1,09:41:10.170494633
109.0313,1,09:41:10.170515658
109.0313,1,09:41:10.170553188
109.0313,1,09:41:10.170848314
109.0313,1,09:41:10.171062840
109.0313,116,09:41:10.171397112
109.0313,1,09:41:10.172645288
109.0313,11,09:41:10.172668796
109.0313,1,09:41:10.173612661
109.0313,1,09:41:10.173896849
109.0313,1,09:41:10.174047380
109.0313,1,09:41:10.174097963
109.0313,1,09:41:10.174455839
109.0313,1,09:41:10.174515110
109.0313,5,09:41:10.174532843
109.0313,1,09:41:10.174558888
109.0313,2,09:41:10.174753215
109.0313,1,09:41:10.175349850
109.0313,48,09:41:10.175429616
109.0313,1,09:41:10.176922683
109.0313,1,09:41:10.177053703
109.0313,1,09:41:10.177075006
109.0313,1,09:41:10.177467343
109.0313,12,09:41:10.177750795
109.0313,1,09:41:10.178113334
109.0313,35,09:41:10.178311943
109.0313,2,09:41:10.178348769
109.0313,1,09:41:10.178722930
109.0313,3,09:41:10.178750348
109.0313,5,09:41:10.178945197
109.0313,19,09:41:10.178967959
109.0313,12,09:41:10.179094186
109.0313,29,09:41:10.179850511
109.0313,2,09:41:10.180656422
109.0313,1,09:41:10.181146477
109.0313,1,09:41:10.181655958
109.0313,1,09:41:10.181844129
109.0313,1,09:41:10.181923333
109.0313,1,09:41:10.181956570
109.0313,10,09:41:10.182169588
109.0313,1,09:41:10.182243113
109.0313,5,09:41:10.182517310
109.0313,5,09:41:10.183414081
109.0313,1,09:41:10.183782555
109.0313,1,09:41:10.184137708
109.0313,5,09:41:10.184335622
109.0313,1,09:41:10.184557745
109.0313,1,09:41:10.184854148
109.0313,1,09:41:10.185040088
109.0313,25,09:41:10.186115126
109.0313,9,09:41:10.186727110
109.0313,2,09:41:10.187422878
109.0313,1,09:41:10.187777932
109.0313,3,09:41:10.188192349
109.0313,6,09:41:10.189192760
109.0313,179,09:41:10.189611031
109.0313,201,09:41:10.190486818
109.0313,1,09:41:10.193207282
109.0313,1,09:41:10.229722457
109.0313,20,09:41:10.339973369
109.0313,1,09:41:10.340018282
109.0313,1,09:41:10.341458673
109.0313,1,09:41:10.341558534
109.0313,39,09:41:11.164645910
109.0313,25,09:41:11.164706683
109.0313,1,09:41:11.164906888
109.0313,16,09:41:11.164926131
109.0313,27,09:41:11.164953686
109.0313,27,09:41:11.164985898
109.0313,1,09:41:11.165004785
109.0313,1,09:41:11.165031569
109.0313,1,09:41:11.165081327
109.0313,1,09:41:11.165189064
109.0313,3,09:41:11.165245766
109.0313,1,09:41:11.165264480
109.0313,1,09:41:11.165298307
109.0313,1,09:41:11.165321162
109.0313,1,09:41:11.165431200
109.0313,14,09:41:11.165655351
109.0313,6,09:41:11.188164022
109.0313,15,09:41:11.188518151
109.0313,1,09:41:11.188686238
109.0313,15,09:41:11.188856932
109.0313,1,09:41:11.188897170
109.0313,1,09:41:11.189065650
109.0313,2,09:41:11.206971918
109.0313,8,09:41:11.224719959
109.0313,30,09:41:11.225137560
109.0313,1,09:41:11.227209474
109.0313,10,09:41:17.554588098
109.0313,1,09:41:17.554838843
109.0313,88,09:41:18.107419599
109.0313,88,09:41:18.107618829
109.0313,17,09:41:18.107945231
109.0313,1,09:41:18.107998139
109.0313,1,09:41:18.108029256
109.0313,1,09:41:18.108090637
109.0313,14,09:41:18.108240585
109.0313,5,09:41:18.112107748
109.0313,19,09:41:18.112168821
109.0313,1,09:41:18.112929921
109.0313,1,09:41:18.113063633
109.0313,1,09:41:18.113098386
109.0313,18,09:41:18.113279090
109.0313,1,09:41:18.113319405
109.0313,12,09:41:18.113338288
109.0313,19,09:41:18.113369869
109.0313,55,09:41:18.113385934
109.0313,4,09:41:18.113552407
109.0313,4,09:41:18.113587745
109.0313,1,09:41:18.114421558
109.0313,98,09:41:18.114588261
109.0313,27,09:41:18.114658158
109.0313,53,09:41:18.114690204
109.0313,1,09:41:18.117011924
109.0313,1,09:41:18.117403733
109.0313,1,09:41:18.117771468
109.0313,88,09:41:18.123369444
109.0313,5,09:41:18.123396302
109.0313,199,09:41:18.123725230
109.0313,5,09:41:18.124723500
109.0313,2,09:41:18.135767272
109.0313,1,09:41:18.166600799
109.0313,88,09:41:18.262542808
109.0313,1,09:41:18.263050108
109.0313,20,09:41:18.263572778
109.0313,1,09:41:18.263604039
109.0313,5,09:41:18.263866551
109.0313,9,09:41:18.264009766
109.0313,1,09:41:18.264053344
109.0313,43,09:41:18.264169292
109.0313,22,09:41:18.264405453
109.0313,45,09:41:18.264428705
109.0313,1,09:41:18.264666051
109.0313,5,09:41:18.264799676
109.0313,8,09:41:18.268342973
109.0313,5,09:41:18.268587122
109.0313,5,09:41:18.268609961
109.0313,1,09:41:18.268666618
109.0313,6,09:41:18.268985824
109.0313,1,09:41:18.269319130
109.0313,2,09:41:18.269449223
109.0313,1,09:41:18.269605261
109.0313,4,09:41:18.305262310
109.0313,1,09:41:18.305457798
109.0313,1,09:41:18.305485743
109.0313,1,09:41:18.305535413
109.0313,1,09:41:18.305573136
109.0313,1,09:41:18.305615699
109.0313,1,09:41:18.305684642
109.0313,1,09:41:18.305728387
109.0313,1,09:41:18.305764675
109.0313,1,09:41:18.305932385
109.0313,9,09:41:18.385794655
109.0313,1,09:41:18.386064311
109.0313,6,09:41:18.386584155
109.0313,1,09:41:18.406624537
109.0313,1,09:41:18.532120921
109.0313,2,09:41:18.535268703
109.0313,288,09:41:19.610744198
109.0313,212,09:41:19.616089388
109.0313,20,09:41:19.619234980
109.0313,1,09:41:19.620698908
109.0313,1,09:41:19.681922601
109.0313,418,09:41:21.279025146
109.0313,1,09:41:26.386795939
109.0313,1,09:41:31.424834392
109.0313,4,09:41:31.426508467
109.0313,2,09:41:31.426614226
109.0313,10,09:41:31.426758571
109.0313,10,09:41:31.427054187
109.0313,46,09:41:31.427212430
109.0313,1,09:41:31.427416683
109.0313,3,09:41:31.427471994
109.0313,1,09:41:31.427576687
109.0313,51,09:41:31.427934256
109.0313,1,09:41:31.428008775
109.0313,28,09:41:31.428179229
109.0313,20,09:41:31.428338411
109.0313,5,09:41:31.431888280
109.0313,157,09:41:33.399201054
109.0313,23,09:41:33.416503358
109.0313,55,09:41:33.439942902
109.0313,1,09:41:38.380432571
109.0313,1,09:41:38.380692490
109.0313,2,09:41:43.272790161
109.0313,30,09:41:43.273582345
109.0313,1,09:41:43.273835660
109.0313,1,09:41:43.273906499
109.0313,1,09:41:43.273953732
109.0313,1,09:41:43.274215651
109.0313,1,09:41:43.274463394
109.0313,1,09:41:43.274794549
109.0313,21,09:41:43.275017940
109.0313,13,09:41:43.275469199
109.0313,3,09:41:43.275589938
109.0313,1,09:41:43.275778787
109.0313,1,09:41:43.275980961
109.0313,1,09:41:43.276017653
109.0313,1,09:41:43.276061477
109.0313,6,09:41:43.276258038
109.0313,4,09:41:43.306482356
109.0313,3,09:41:48.261104024
109.0313,1,09:41:48.278990947
109.0313,2,09:41:48.352514924
109.0313,7,09:41:48.734759912
109.0313,12,09:41:48.752695467
109.0313,1,09:41:48.752893378
109.0313,6,09:41:48.770381548
109.0313,4,09:41:48.788091995
109.0313,21,09:41:48.805789283
109.0156,6,09:41:50.833263792
109.0313,1,09:41:52.125394853
109.0313,19,09:41:52.140760615
109.0313,1,09:41:52.141039747
109.0313,1,09:41:52.141141016
109.0313,6,09:41:52.465327770
109.0313,88,09:41:52.465897091
109.0313,1,09:41:52.466266342
109.0313,6,09:41:52.466588157
109.0313,1,09:41:52.466851074
109.0313,1,09:41:52.466871622
109.0313,1,09:41:52.466896534
109.0313,1,09:41:52.466930468
109.0313,1,09:41:52.466963527
109.0313,1,09:41:52.466988478
109.0313,1,09:41:52.467006390
109.0313,1,09:41:52.467027376
109.0313,1,09:41:52.467065568
109.0313,1,09:41:52.467097889
109.0313,1,09:41:52.467128072
109.0313,1,09:41:52.467164242
109.0313,1,09:41:52.467186387
109.0313,1,09:41:52.467221392
109.0313,1,09:41:52.467248462
109.0313,1,09:41:52.467272597
109.0313,1,09:41:52.467301375
109.0313,1,09:41:52.467329810
109.0313,1,09:41:52.467351885
109.0313,1,09:41:52.467383863
109.0313,2,09:41:52.467456651
109.0313,1,09:41:52.467580567
109.0313,1,09:41:52.467612112
109.0313,15,09:41:52.467816482
109.0313,3,09:41:52.467863745
109.0313,28,09:41:52.468504209
109.0313,9,09:41:52.468614508
109.0313,1,09:41:52.468870686
109.0313,45,09:41:52.468981204
109.0313,1,09:41:52.469021022
109.0313,1,09:41:52.469079337
109.0313,1,09:41:52.469148746
109.0313,1,09:41:52.469184167
109.0313,1,09:41:52.469269136
109.0313,1,09:41:52.469302784
109.0313,1,09:41:52.469416185
109.0313,1,09:41:52.469962406
109.0313,1,09:41:52.470427259
109.0313,1,09:41:52.470460897
109.0313,1,09:41:52.471768982
109.0313,1,09:41:52.471979322
109.0313,1,09:41:52.472001741
109.0313,1,09:41:52.472465212
109.0313,38,09:41:52.472671358
109.0313,1,09:41:52.474093336
109.0313,1,09:41:52.474126405
109.0313,88,09:41:52.480146433
109.0313,1,09:41:52.480338383
109.0313,1,09:41:52.480371366
109.0313,2,09:41:52.480426097
109.0313,1,09:41:52.480700205
109.0313,1,09:41:52.480726839
109.0313,1,09:41:52.480775378
109.0313,2,09:41:52.480797087
109.0313,1,09:41:52.480850902
109.0313,1,09:41:52.480870458
109.0313,1,09:41:52.480991078
109.0313,1,09:41:52.481048644
109.0313,1,09:41:52.482032974
109.0156,3,09:42:06.608331479
109.0313,1,09:42:18.772960360
109.0313,2,09:42:18.774968076
109.0313,4,09:42:18.775718529
109.0313,2,09:42:18.775900414
109.0313,9,09:42:18.776244577
109.0313,88,09:42:18.776615347
109.0313,32,09:42:18.776856049
109.0313,5,09:42:18.776957236
109.0313,45,09:42:18.777004615
109.0313,1,09:42:18.777220127
109.0313,1,09:42:18.777420138
109.0313,15,09:42:18.782245083
109.0469,3,09:42:33.196704517
109.0313,9,09:42:33.364202436
109.0313,2,09:42:33.365074927
109.0469,25,09:42:35.833774884
109.0469,4,09:42:42.276335534
109.0313,1,09:42:54.029301568
109.0313,176,09:43:00.420415687
109.0313,11,09:43:00.420774015
109.0313,5,09:43:00.420845984
109.0313,5,09:43:00.420976476
109.0313,5,09:43:00.421045213
109.0313,32,09:43:00.421129705
109.0313,1,09:43:00.421455291
109.0313,1,09:43:00.421619292
109.0313,53,09:43:00.421860718
109.0313,29,09:43:00.422346299
109.0313,48,09:43:00.422375957
109.0313,2,09:43:00.422443636
109.0313,5,09:43:00.422538373
109.0313,6,09:43:00.422554937
109.0313,9,09:43:00.422574002
109.0313,5,09:43:00.422606585
109.0313,2,09:43:00.422725215
109.0313,84,09:43:00.423015035
109.0313,2,09:43:00.424900053
109.0313,35,09:43:00.424999660
109.0313,1,09:43:00.425777290
109.0313,10,09:43:00.428429276
109.0313,1,09:43:00.428488714
109.0313,1,09:43:00.428509828
109.0313,1,09:43:00.428543076
109.0313,1,09:43:00.428969828
109.0313,1,09:43:00.428990939
109.0313,1,09:43:00.429113255
109.0313,92,09:43:00.432999477
109.0313,1,09:43:00.434497365
109.0313,1,09:43:00.434918716
109.0313,32,09:43:00.445907772
109.0313,145,09:43:00.446535993
109.0313,1,09:43:00.448580662
109.0313,43,09:43:00.461100101
109.0313,1,09:43:00.542175260
109.0313,291,09:43:05.680524400
109.0313,17,09:43:05.683227168
109.0313,4,09:43:05.683425377
109.0313,88,09:43:05.686770785
109.0313,1,09:43:05.686798120
109.0313,8,09:43:05.686834985
109.0313,49,09:43:05.686883872
109.0313,1,09:43:05.688969156
109.0313,5,09:43:05.689821698
109.0469,1,09:43:23.153794532
109.0313,100,09:43:31.829216844
109.0313,1,09:43:31.829413540
109.0313,9,09:43:31.829985505
109.0313,1,09:43:31.830216862
109.0313,1,09:43:31.830757253
109.0313,1,09:43:31.897620188
109.0313,7,09:43:35.779537211
109.0469,7,09:43:41.548865429
109.0313,52,09:43:50.669890824
109.0313,1,09:43:50.671390102
109.0469,24,09:43:56.208607835
109.0469,2,09:43:59.009706713
108.8438,1,09:45:19.713187742
108.8438,8,09:45:19.713786611
108.8438,1,09:45:19.714247709
108.8438,9,09:45:19.723375600
108.8438,1,09:45:19.724176116
108.8438,25,09:45:19.775622278
108.8438,1,09:45:19.775804487
108.8438,1,09:45:20.031060194
108.8594,47,09:45:20.067394084
108.8594,35,09:45:20.638190499
108.8438,1,09:45:20.931432701
108.8438,1,09:45:20.931503627
108.8438,1,09:45:20.932360146
108.8438,2,09:45:20.932413126
108.8438,100,09:45:21.200349852
108.8438,234,09:45:21.201932420
108.8438,1,09:45:21.202581705
108.8438,1,09:45:21.202790995
108.8438,5,09:45:21.203974855
108.8281,1,09:45:21.752135816
108.8438,1,09:45:22.212682657
108.8281,100,09:45:22.263516886
108.8281,6,09:45:22.269119514
108.8281,304,09:45:22.271304935
108.8281,25,09:45:22.272451037
108.8281,20,09:45:22.272690087
108.8281,1,09:45:22.272733369
108.8281,35,09:45:22.272775232
108.8281,53,09:45:22.272839468
108.8281,3,09:45:22.272839468
108.8281,1,09:45:22.272926407
108.8281,19,09:45:22.273204374
108.8281,141,09:45:22.273514444
108.8281,1,09:45:22.277798435
108.8281,65,09:45:22.281347472
108.8281,12,09:45:22.282623610
108.8281,10,09:45:22.284085934
108.8281,400,09:45:22.317339441
108.8281,1,09:45:22.317835999
108.8281,1,09:45:22.318261812
108.8281,1,09:45:22.318497788
108.8281,3,09:45:22.318736362
108.8281,13,09:45:22.324807490
108.8281,137,09:45:22.410874070
108.8281,1,09:45:22.412495130
108.8281,5,09:45:22.835345125
108.8438,100,09:45:22.974270958
108.8281,11,09:45:23.008923657
108.8281,1,09:45:23.027505843
108.8281,1,09:45:23.184453284
108.8281,1,09:45:23.184679819
108.8281,1,09:45:23.185812815
108.8438,3,09:45:24.023384048
108.8438,5,09:45:24.024734126
108.8438,200,09:45:24.477803726
108.8438,1,09:45:24.478238460
108.8438,4,09:45:24.478664329
108.8438,4,09:45:24.478711126
108.8438,380,09:45:24.479127778
108.8438,66,09:45:24.479684001
108.8438,4,09:45:24.482478678
108.8438,4,09:45:24.536969746
108.8281,64,09:45:24.551858398
108.8438,136,09:45:24.551858398
108.8281,8,09:45:26.366719630
108.8281,1,09:45:26.366990708
108.8438,6,09:45:27.926209245
108.8438,5,09:45:28.452917382
108.8438,13,09:45:28.453332111
108.8438,1,09:45:28.453464772
108.8438,2,09:45:28.453758996
108.8438,1,09:45:28.454019033
108.8438,12,09:45:28.506025500
108.8438,6,09:45:28.529711466
108.8438,1,09:45:28.590155396
108.8438,2,09:45:28.590536418
108.8438,13,09:45:28.591723847
108.8438,9,09:45:28.591823714
108.8438,39,09:45:28.594619297
108.8438,55,09:45:28.597960676
108.8438,4,09:45:28.600640263
108.8438,16,09:45:28.603191591
108.8438,16,09:45:28.605949986
108.8438,5,09:45:28.675600447
108.8438,4,09:45:28.678148098
108.8438,5,09:45:28.705243232
108.8438,2,09:45:28.705343897
108.8438,9,09:45:28.707737427
108.8438,9,09:45:28.710093541
108.8438,23,09:45:28.712532704
108.8438,14,09:45:28.712802223
108.8438,5,09:45:28.714921450
108.8438,2,09:45:28.745714623
108.8438,2,09:45:28.746673928
108.8438,5,09:45:28.748918755
108.8281,525,09:45:28.867786005
108.8281,1,09:45:28.870419782
108.8281,1,09:45:28.870977633
108.8281,1,09:45:28.871124219
108.8281,45,09:45:28.873516075
108.8281,70,09:45:28.873668769
108.8281,5,09:45:28.873724512
108.8281,4,09:45:28.873791150
108.8281,1,09:45:28.873831416
108.8281,26,09:45:28.875177580
108.8281,1,09:45:28.875463919
108.8281,4,09:45:28.875514237
108.8281,1,09:45:28.876488785
108.8281,17,09:45:28.876904582
108.8281,26,09:45:28.878522659
108.8281,1,09:45:28.878545860
108.8281,1,09:45:28.878567297
108.8281,1,09:45:28.878597576
108.8281,1,09:45:28.878886424
108.8281,1,09:45:28.878920834
108.8281,1,09:45:28.878972499
108.8281,1,09:45:28.879308454
108.8281,5,09:45:28.880268666
108.8281,1,09:45:28.881336962
108.8438,6,09:45:29.032707871
108.8438,1,09:45:29.378111054
108.8438,6,09:45:29.636243104
108.8438,6,09:45:30.139291756
108.8281,100,09:45:30.334306717
108.8438,6,09:45:30.742514513
108.8281,155,09:45:31.002285230
108.8438,1,09:45:31.162372906
108.8438,9,09:45:31.166987276
108.8438,22,09:45:31.167247496
108.8438,5,09:45:31.167412181
108.8438,1,09:45:31.167570181
108.8438,14,09:45:31.167955530
108.8438,2,09:45:31.168041890
108.8438,2,09:45:31.168280061
108.8438,18,09:45:31.168649409
108.8438,1,09:45:31.169542288
108.8438,1,09:45:31.169823270
108.8438,1,09:45:31.170527438
108.8438,57,09:45:31.170637517
108.8438,30,09:45:31.170637517
108.8438,100,09:45:31.170652988
108.8438,46,09:45:31.170665674
108.8438,20,09:45:31.170695227
108.8438,42,09:45:31.170715819
108.8438,2,09:45:31.170736139
108.8438,5,09:45:31.170753893
108.8438,69,09:45:31.170773730
108.8438,2,09:45:31.170801594
108.8438,1,09:45:31.170816346
108.8438,1,09:45:31.171281734
108.8438,1,09:45:31.171972945
108.8438,1,09:45:31.172187685
108.8438,1,09:45:31.172607867
108.8438,1,09:45:31.172642658
108.8438,1,09:45:31.172965263
108.8438,4,09:45:31.173143269
108.8438,1,09:45:31.173242760
108.8438,1,09:45:31.173725470
108.8438,1,09:45:31.174023780
108.8438,1,09:45:31.174209269
108.8438,130,09:45:31.174307408
108.8438,1,09:45:31.174632228
108.8438,1,09:45:31.174776192
108.8438,2,09:45:31.174802480
108.8438,1,09:45:31.174917763
108.8438,1,09:45:31.174994891
108.8438,1,09:45:31.175265344
108.8438,25,09:45:31.175289792
108.8438,1,09:45:31.175394745
108.8438,2,09:45:31.175530953
108.8438,1,09:45:31.175573558
108.8438,1,09:45:31.175766663
108.8438,1,09:45:31.175860790
108.8438,1,09:45:31.176039552
108.8438,2,09:45:31.176220410
108.8438,132,09:45:31.176389245
108.8438,1,09:45:31.176935442
108.8438,30,09:45:31.177003894
108.8438,1,09:45:31.177086145
108.8438,1,09:45:31.177536910
108.8438,1,09:45:31.177757318
108.8438,1,09:45:31.177938668
108.8438,63,09:45:31.178111312
108.8438,2,09:45:31.178384569
108.8438,57,09:45:31.180225047
108.8438,1,09:45:31.180757150
108.8438,70,09:45:31.180987431
108.8438,2,09:45:31.181021037
108.8438,72,09:45:31.181370229
108.8438,1,09:45:31.181582940
108.8438,99,09:45:31.181848350
108.8438,6,09:45:31.182054335
108.8438,1,09:45:31.182563171
108.8438,1,09:45:31.182888726
108.8438,1,09:45:31.182930052
108.8438,12,09:45:31.182985845
108.8438,1,09:45:31.183017526
108.8438,1,09:45:31.183032797
108.8438,1,09:45:31.183064202
108.8438,1,09:45:31.184129948
108.8438,5,09:45:31.184224193
108.8438,2,09:45:31.184261721
108.8438,10,09:45:31.184331167
108.8438,1,09:45:31.184697412
108.8438,2,09:45:31.184842000
108.8438,1,09:45:31.185092089
108.8438,50,09:45:31.186233220
108.8438,39,09:45:31.186546979
108.8438,1,09:45:31.186700688
108.8438,1,09:45:31.186971660
108.8438,80,09:45:31.187387927
108.8438,1,09:45:31.188795473
108.8438,1,09:45:31.188910973
108.8438,155,09:45:31.189055170
108.8438,7,09:45:31.190009405
108.8438,54,09:45:31.190466936
108.8438,78,09:45:31.191598524
108.8438,57,09:45:31.192001780
108.8438,9,09:45:31.192498680
108.8438,1,09:45:31.192836207
108.8438,1,09:45:31.192932212
108.8438,1,09:45:31.193064297
108.8438,1,09:45:31.193944311
108.8438,1,09:45:31.195589724
108.8438,40,09:45:31.196238166
108.8438,1,09:45:31.196808370
108.8438,1,09:45:31.197188989
108.8438,1,09:45:31.198277104
108.8438,1,09:45:31.198320627
108.8438,5,09:45:31.198412348
108.8438,3,09:45:31.198898131
108.8438,2,09:45:31.198986968
108.8438,1,09:45:31.199622155
108.8438,1,09:45:31.200664528
108.8438,1,09:45:31.200947679
108.8438,1,09:45:31.201238178
108.8438,1,09:45:31.201805716
108.8438,1,09:45:31.201879199
108.8438,12,09:45:31.202005224
108.8438,29,09:45:31.202585302
108.8438,1,09:45:31.203124289
108.8438,1,09:45:31.203323813
108.8438,1,09:45:31.203544402
108.8438,1,09:45:31.203585072
108.8438,2,09:45:31.203801001
108.8438,1,09:45:31.204213393
108.8438,1,09:45:31.204234005
108.8438,2,09:45:31.205102217
108.8438,27,09:45:31.211186429
108.8438,1,09:45:31.211903858
108.8438,10,09:45:31.233329656
108.8438,6,09:45:31.346070147
108.8438,4,09:45:31.349924334
108.8438,1,09:45:31.473041594
108.8281,1,09:45:31.554623884
108.8281,250,09:45:31.722772323
108.8438,6,09:45:31.849464632
108.8438,4,09:45:31.865387414
108.8281,100,09:45:31.894598463
108.8281,50,09:45:32.008295425
108.8438,6,09:45:32.452817156
108.8438,50,09:45:32.509381252
108.8281,1700,09:45:32.689999207
108.8281,2,09:45:32.696056459
108.8281,1,09:45:32.699729672
108.8281,4,09:45:32.699787631
108.8281,1,09:45:32.700825499
108.8281,47,09:45:32.703952611
108.8281,1,09:45:32.705422241
108.8281,6,09:45:33.055596548
108.8281,1,09:45:33.140083431
108.8281,33,09:45:33.140444200
108.8281,43,09:45:33.140550944
108.8281,7,09:45:33.141171457
108.8281,8,09:45:33.142780302
108.8281,7,09:45:33.142843113
108.8281,1,09:45:33.143059488
108.8281,9,09:45:33.143604962
108.8281,17,09:45:33.143779010
108.8281,11,09:45:33.143799679
108.8281,6,09:45:33.144272661
108.8281,24,09:45:33.144470346
108.8281,46,09:45:33.144529745
108.8281,1,09:45:33.144979617
108.8281,77,09:45:33.145042164
108.8281,4,09:45:33.145042164
108.8281,48,09:45:33.145121879
108.8281,3,09:45:33.145236943
108.8281,4,09:45:33.145830209
108.8281,1,09:45:33.145830209
108.8281,9,09:45:33.145873174
108.8281,1,09:45:33.145907968
108.8281,1,09:45:33.145934039
108.8281,1,09:45:33.146599636
108.8281,2,09:45:33.146837097
108.8281,1,09:45:33.146904708
108.8281,1,09:45:33.147427391
108.8281,1,09:45:33.147601301
108.8281,1,09:45:33.147643234
108.8281,25,09:45:33.147706983
108.8281,10,09:45:33.147941692
108.8281,39,09:45:33.148205480
108.8281,3,09:45:33.151141571
108.8281,4,09:45:33.151248997
108.8281,364,09:45:33.168232027
108.8281,1,09:45:33.171481952
108.8281,70,09:45:33.174468383
108.8281,1,09:45:33.174777196
108.8281,1,09:45:33.220093982
108.8281,1,09:45:33.220126611
108.8281,37,09:45:33.220889427
108.8281,2,09:45:33.221183167
108.8281,1,09:45:33.221362621
108.8281,8,09:45:33.221553744
108.8281,23,09:45:33.221595441
108.8281,9,09:45:33.222382491
108.8281,1,09:45:33.223919811
108.8281,1,09:45:33.224258954
108.8281,1,09:45:33.224295534
108.8281,1,09:45:33.224403082
108.8281,1,09:45:33.225466690
108.8281,7,09:45:33.258059766
108.8281,5,09:45:33.267175473
108.8281,1,09:45:33.336568461
108.8281,8,09:45:33.470042415
108.8281,6,09:45:33.558297545
108.8281,7,09:45:33.559609744
108.8281,8,09:45:33.683976786
108.8281,2,09:45:33.892814593
108.8281,4,09:45:33.894210359
108.8281,9,09:45:33.955972026
108.8281,6,09:45:33.956074301
108.8281,10,09:45:33.956145400
108.8281,9,09:45:33.956202739
108.8281,1,09:45:33.956254022
108.8281,6,09:45:33.956691954
108.8281,1,09:45:33.956844089
108.8281,20,09:45:33.957283199
108.8281,6,09:45:33.957400110
108.8281,1,09:45:33.957513063
108.8281,1,09:45:33.957746879
108.8281,1,09:45:33.957808835
108.8281,6,09:45:33.957851914
108.8281,1,09:45:33.957943772
108.8281,6,09:45:33.958137213
108.8281,1,09:45:33.958204403
108.8281,1,09:45:33.958353729
108.8281,9,09:45:33.958974679
108.8281,1,09:45:33.960406257
108.8281,1,09:45:33.960453282
108.8125,1,09:45:34.525334826
108.8281,7,09:45:34.818037746
108.8281,75,09:45:34.845605754
108.8281,1,09:45:34.909779751
108.8281,7,09:45:35.027613336
108.8125,20,09:45:35.475409288
108.8281,132,09:45:36.000821070
108.8281,20,09:45:36.002410596
108.8281,15,09:45:36.002479161
108.8281,2,09:45:36.003336103
108.8281,7,09:45:36.003813246
108.8281,2,09:45:36.006035614
108.8281,6,09:45:36.007010570
108.8281,1,09:45:36.007395128
108.8281,39,09:45:36.007488840
108.8281,5,09:45:36.007502433
108.8281,2,09:45:36.007527659
108.8281,1,09:45:36.007696485
108.8281,1,09:45:36.009405210
108.8281,1,09:45:36.009494848
108.8281,8,09:45:36.009494848
108.8281,1,09:45:36.009520644
108.8281,180,09:45:36.009674871
108.8281,7,09:45:36.013119474
108.8281,2,09:45:36.013715448
108.8281,1,09:45:36.013830823
108.8281,50,09:45:36.013939257
108.8281,45,09:45:36.015016696
108.8281,2,09:45:36.015398602
108.8281,1,09:45:36.015421572
108.8281,1,09:45:36.015630641
108.8281,1,09:45:36.015892868
108.8281,1,09:45:36.016143657
108.8281,3,09:45:36.016330621
108.8281,1,09:45:36.016575163
108.8281,9,09:45:36.016948834
108.8281,30,09:45:36.016986679
108.8281,1,09:45:36.017004538
108.8281,7,09:45:36.017184852
108.8281,1,09:45:36.017467511
108.8281,1,09:45:36.017517608
108.8281,2,09:45:36.017562751
108.8281,14,09:45:36.017890006
108.8281,1,09:45:36.017952100
108.8281,1,09:45:36.017982923
108.8281,4,09:45:36.018113642
108.8281,1,09:45:36.018199558
108.8281,1,09:45:36.018490549
108.8281,1,09:45:36.018646357
108.8281,1,09:45:36.018722915
108.8281,10,09:45:36.018743223
108.8281,8,09:45:36.018773210
108.8281,2,09:45:36.018790405
108.8281,1,09:45:36.019112011
108.8281,1,09:45:36.019175503
108.8281,1,09:45:36.019317407
108.8281,1,09:45:36.020114969
108.8281,1,09:45:36.020172305
108.8281,16,09:45:36.020208586
108.8281,1,09:45:36.020720908
108.8281,5,09:45:36.020949984
108.8281,1,09:45:36.021286279
108.8281,5,09:45:36.022602891
108.8281,1,09:45:36.022991545
108.8281,119,09:45:36.372549269
108.8281,1,09:45:36.372739795
108.8281,1,09:45:36.372825073
108.8281,7,09:45:36.372939738
108.8281,5,09:45:36.374461583
108.8281,1,09:45:36.374478326
108.8281,3,09:45:36.374505939
108.8281,29,09:45:36.375084770
108.8281,2,09:45:36.375236290
108.8281,25,09:45:36.376709183
108.8281,16,09:45:36.376988050
108.8281,5,09:45:36.378174762
108.8281,1,09:45:36.378251233
108.8281,1,09:45:36.378304054
108.8281,1,09:45:37.276889838
108.8281,1,09:45:37.277174624
108.8281,1,09:45:37.277596374
108.8281,7,09:45:37.277784125
108.8281,7,09:45:37.277862283
108.8281,69,09:45:37.278295332
108.8281,1,09:45:37.278316840
108.8281,4,09:45:37.278339183
108.8281,53,09:45:37.278489617
108.8281,32,09:45:37.281394610
108.8281,1,09:45:37.283043169
108.8281,1,09:45:37.283064446
108.8281,5,09:45:37.283437058
108.8281,15,09:45:37.286358874
108.8125,1000,09:45:37.339421516
108.8281,400,09:45:38.365801309
108.8281,1,09:45:38.366361249
108.8281,1,09:45:38.366564870
108.8281,1,09:45:38.368090366
108.8281,200,09:45:39.185340174
108.8281,1,09:45:39.185905244
108.8281,1,09:45:39.185966267
108.8281,1,09:45:39.186073465
108.8281,9,09:45:39.221974160
108.8281,1,09:45:39.222165109
108.8281,100,09:45:39.503991704
108.8281,1,09:45:39.504281745
108.8281,1,09:45:39.504337039
108.8281,1,09:45:39.504445124
108.8281,3,09:45:39.504525119
108.8281,1,09:45:39.504567926
108.8281,1,09:45:39.504586110
108.8281,1,09:45:39.504639484
108.8281,1,09:45:39.504688889
108.8281,1,09:45:39.504751054
108.8281,1,09:45:39.504810565
108.8281,1,09:45:39.504860090
108.8281,1,09:45:39.504881729
108.8281,1,09:45:39.504918183
108.8281,1,09:45:39.504982904
108.8281,1,09:45:39.505046471
108.8281,1,09:45:39.505079563
108.8281,1,09:45:39.505108840
108.8281,1,09:45:39.505202801
108.8281,1,09:45:39.505228260
108.8281,6,09:45:39.505307952
108.8281,1,09:45:39.506449264
108.8281,16,09:45:39.506642817
108.8281,1,09:45:39.507444577
108.8281,1,09:45:39.507715830
108.8281,90,09:45:39.509544375
108.8281,1,09:45:39.510498241
108.8281,1,09:45:39.510719964
108.8281,1,09:45:39.511885572
108.8281,88,09:45:39.514877606
108.8281,2,09:45:39.515061882
108.8281,1,09:45:39.515278799
108.8281,1,09:45:39.515324163
108.8281,15,09:45:39.515470559
108.8281,1,09:45:39.515516339
108.8281,10,09:45:39.516612291
108.8281,1,09:45:39.520605514
108.8281,3,09:45:39.521930216
108.8281,60,09:45:39.817603539
108.8281,15,09:45:39.817641044
108.8281,9,09:45:39.817680856
108.8281,1,09:45:39.817754623
108.8281,17,09:45:39.817861989
108.8281,34,09:45:39.821368639
108.8281,66,09:45:39.825136580
108.8281,20,09:45:40.203812032
108.8281,17,09:45:40.203931747
108.8281,23,09:45:40.204012938
108.8281,8,09:45:40.204221963
108.8281,9,09:45:40.204300791
108.8281,28,09:45:40.204504936
108.8281,9,09:45:40.204562275
108.8281,7,09:45:40.204605645
108.8281,7,09:45:40.204660971
108.8281,9,09:45:40.204890537
108.8281,35,09:45:40.204935785
108.8281,14,09:45:40.205258979
108.8281,25,09:45:40.205470590
108.8281,6,09:45:40.205629902
108.8281,1,09:45:40.205691836
108.8281,25,09:45:40.205824107
108.8281,363,09:45:40.210376132
108.8281,5,09:45:40.214769344
108.8281,5,09:45:40.215011878
108.8281,6,09:45:40.215136257
108.8281,1,09:45:40.215203481
108.8281,7,09:45:40.215344517
108.8281,4,09:45:40.215362776
108.8281,1,09:45:40.215404339
108.8281,12,09:45:40.215428106
108.8281,29,09:45:40.215453530
108.8281,1,09:45:40.215493617
108.8281,1,09:45:40.215510888
108.8281,1,09:45:40.215531816
108.8281,1,09:45:40.215551270
108.8281,1,09:45:40.215576682
108.8281,1,09:45:40.215600573
108.8281,1,09:45:40.215618401
108.8281,1,09:45:40.215640001
108.8281,1,09:45:40.215660104
108.8281,1,09:45:40.215681749
108.8281,1,09:45:40.215701555
108.8281,1,09:45:40.215726941
108.8281,1,09:45:40.216268104
108.8281,1,09:45:40.216699940
108.8281,5,09:45:40.217753042
108.8281,19,09:45:40.218116371
108.8281,1,09:45:40.218190430
108.8281,13,09:45:40.218638224
108.8281,3,09:45:40.218675954
108.8281,10,09:45:40.219149023
108.8281,25,09:45:40.219505305
108.8281,5,09:45:40.219707501
108.8281,1,09:45:40.220362224
108.8281,42,09:45:40.221549960
108.8281,5,09:45:40.221754922
108.8281,1,09:45:40.222052643
108.8281,1,09:45:40.222124425
108.8281,1,09:45:40.222387334
108.8281,1,09:45:40.222782580
108.8281,20,09:45:40.222896663
108.8281,43,09:45:40.222921245
108.8281,4,09:45:40.222939848
108.8281,1,09:45:40.223050189
108.8281,1,09:45:40.223143294
108.8281,1,09:45:40.224209515
108.8281,24,09:45:40.224599542
108.8281,1,09:45:40.224839086
108.8281,6,09:45:40.225187144
108.8281,1,09:45:40.225254348
108.8281,1,09:45:40.225285853
108.8281,1,09:45:40.225316798
108.8281,1,09:45:40.225384201
108.8281,1,09:45:40.225531922
108.8281,6,09:45:40.225633953
108.8281,1,09:45:40.225726786
108.8281,9,09:45:40.225931568
108.8281,2,09:45:40.226571652
108.8281,5,09:45:40.226915748
108.8281,2,09:45:40.226994646
108.8281,5,09:45:40.227033648
108.8281,1,09:45:40.227065917
108.8281,1,09:45:40.227277893
108.8281,1,09:45:40.227401720
108.8281,3,09:45:40.227471698
108.8281,1,09:45:40.227559924
108.8281,1,09:45:40.227632348
108.8281,1,09:45:40.227677713
108.8281,1,09:45:40.227752014
108.8281,1,09:45:40.227932489
108.8281,19,09:45:40.228043158
108.8281,1,09:45:40.236406656
108.8281,1,09:45:40.243403714
108.8281,20,09:45:40.259088661
108.8281,19,09:45:40.259186027
108.8281,1,09:45:40.259317821
108.8281,1,09:45:40.279282233
108.8281,50,09:45:40.338937463
108.8281,1,09:45:40.339185969
108.8281,26,09:45:40.939736892
108.8125,287,09:45:41.016296522
108.8125,380,09:45:41.019342423
108.8125,1,09:45:41.020079610
108.8125,25,09:45:41.020209580
108.8125,1,09:45:41.020622402
108.8125,437,09:45:41.021108440
108.8125,63,09:45:41.021278860
108.8125,1,09:45:41.021330842
108.8125,1,09:45:41.021359175
108.8125,1,09:45:41.021547384
108.8125,58,09:45:41.021583909
108.8125,15,09:45:41.021612959
108.8125,12,09:45:41.021722760
108.8125,2,09:45:41.022143521
108.8125,1,09:45:41.022566764
108.8125,8,09:45:41.022609706
108.8125,19,09:45:41.022635479
108.8125,13,09:45:41.022683583
108.8125,2,09:45:41.024328835
108.8125,1,09:45:41.024792092
108.8125,1,09:45:41.024936981
108.8125,4,09:45:41.025026596
108.8125,2,09:45:41.025142483
108.8125,29,09:45:41.025251954
108.8125,3,09:45:41.025828046
108.8125,1,09:45:41.025867067
108.8125,13,09:45:41.026507724
108.8125,1,09:45:41.026724138
108.8125,16,09:45:41.026758919
108.8125,15,09:45:41.026779742
108.8125,1,09:45:41.026959525
108.8125,1,09:45:41.027376330
108.8125,1,09:45:41.027549866
108.8125,5,09:45:41.027991696
108.8125,2,09:45:41.029849240
108.8125,2,09:45:41.029907207
108.8125,2,09:45:41.029989816
108.8125,1,09:45:41.030052938
108.8125,30,09:45:41.030187790
108.8125,2,09:45:41.031016160
108.8125,16,09:45:41.031166339
108.8125,1,09:45:41.031226257
108.8125,41,09:45:41.031357604
108.8125,15,09:45:41.031952770
108.8125,4,09:45:41.032375054
108.8125,14,09:45:41.032510158
108.8125,1,09:45:41.032528146
108.8125,1,09:45:41.032875109
108.8125,1,09:45:41.032979329
108.8125,1,09:45:41.033081379
108.8125,1,09:45:41.033116945
108.8125,1,09:45:41.034766936
108.8125,16,09:45:41.034809497
108.8125,1,09:45:41.034836134
108.8125,1,09:45:41.035083922
108.8125,1,09:45:41.035128345
108.8125,3,09:45:41.035167136
108.8125,1,09:45:41.035380852
108.8125,1,09:45:41.035396341
108.8125,1,09:45:41.036710819
108.8125,1,09:45:41.036737292
108.8125,1,09:45:41.036754413
108.8125,1,09:45:41.037683801
108.8125,45,09:45:41.037831078
108.8125,63,09:45:41.037850762
108.8125,1,09:45:41.037871187
108.8125,1,09:45:41.037890705
108.8125,1,09:45:41.037977820
108.8125,48,09:45:41.040559110
108.8125,2,09:45:41.053174753
108.8125,4,09:45:41.056804151
108.8125,10,09:45:41.332414010
108.8125,2,09:45:41.582285302
108.8125,1,09:45:41.582971984
108.8125,1,09:45:41.583239266
108.8125,5,09:45:41.866511338
108.7969,15,09:45:42.291799099
108.8125,1,09:45:42.827387047
108.8125,1,09:45:42.829010267
108.8125,25,09:45:42.889663812
108.8125,16,09:45:42.890127088
108.8125,1,09:45:42.890174673
108.8125,1,09:45:42.890499819
108.8125,1,09:45:42.890632228
108.8125,1,09:45:42.890686267
108.8125,5,09:45:42.892524842
108.8125,1,09:45:42.892688129
108.8125,9,09:45:42.892948188
108.8125,1,09:45:42.893134166
108.8125,1,09:45:42.893291948
108.8125,1,09:45:42.893323853
108.8125,1,09:45:42.893374104
108.8125,1,09:45:42.893435046
108.8125,1,09:45:42.893500942
108.8125,1,09:45:42.893589494
108.8125,1,09:45:42.893638003
108.8125,1,09:45:42.893694651
108.8125,1,09:45:42.893825006
108.8125,2,09:45:42.910965953
108.8125,1,09:45:42.911268103
108.8125,400,09:45:43.130508667
108.8125,1,09:45:43.131220890
108.8125,1,09:45:43.131474290
108.8125,6,09:45:43.131745624
108.8125,2,09:45:43.131833424
108.8125,3,09:45:43.131906095
108.8125,13,09:45:43.135634556
108.8125,1,09:45:43.138698571
108.8125,25,09:45:43.248779648
108.8281,1,09:45:44.673266350
108.8125,5,09:45:45.212309583
108.8281,816,09:45:45.981780023
108.8281,1,09:45:45.983150248
108.8281,1,09:45:45.983378051
108.8281,1,09:45:45.983591121
108.8281,10,09:45:45.983644414
108.8281,1,09:45:45.983670118
108.8281,1,09:45:45.983711773
108.8281,1,09:45:45.983785640
108.8281,1,09:45:45.983850631
108.8281,1,09:45:45.983916538
108.8281,1,09:45:45.983942072
108.8281,1,09:45:45.983987062
108.8281,1,09:45:45.984010355
108.8281,1,09:45:45.984051441
108.8281,1,09:45:45.984109752
108.8281,1,09:45:45.984128665
108.8281,1,09:45:45.984179165
108.8281,1,09:45:45.984245582
108.8281,1,09:45:45.984254200
108.8281,1,09:45:45.984388244
108.8281,1,09:45:45.984451826
108.8281,16,09:45:45.984544602
108.8281,7,09:45:45.984544602
108.8281,2,09:45:45.984708965
108.8281,7,09:45:45.990536915
108.8281,69,09:45:45.990925259
108.8281,393,09:45:45.996678236
108.8281,5,09:45:45.998445577
108.8281,1,09:45:45.999049567
108.8281,1,09:45:45.999254640
108.8281,3,09:45:46.072316146
108.8281,4,09:45:46.072375718
108.8281,10,09:45:46.597685982
108.8281,64,09:45:46.598106602
108.8281,112,09:45:46.598285735
108.8281,2,09:45:46.600689777
108.8281,57,09:45:46.603118453
108.8281,1,09:45:46.603317830
108.8281,1,09:45:46.603336739
108.8281,4,09:45:46.603364436
108.8281,1,09:45:46.603388632
108.8281,7,09:45:46.603407352
108.8281,1,09:45:46.603428319
108.8281,1,09:45:46.603448466
108.8281,5,09:45:46.603481376
108.8281,1,09:45:46.603505124
108.8281,4,09:45:46.603750421
108.8281,7,09:45:46.603773733
108.8281,5,09:45:46.603817037
108.8281,9,09:45:46.603835530
108.8281,24,09:45:46.603875739
108.8281,6,09:45:46.603940604
108.8281,10,09:45:46.603997565
108.8281,1,09:45:46.604090249
108.8281,1,09:45:46.604111465
108.8281,8,09:45:46.604187416
108.8281,1,09:45:46.604381259
108.8281,1,09:45:46.604402274
108.8281,1,09:45:46.604420633
108.8281,1,09:45:46.604776544
108.8281,1,09:45:46.605324923
108.8281,1,09:45:46.605345804
108.8281,1,09:45:46.605499628
108.8281,1,09:45:46.605526620
108.8281,1,09:45:46.605779204
108.8281,3,09:45:46.605806639
108.8281,3,09:45:46.605967940
108.8281,2,09:45:46.606445068
108.8281,1,09:45:46.606864567
108.8281,14,09:45:46.607705682
108.8281,1,09:45:46.608235612
108.8281,80,09:45:46.608361464
108.8281,14,09:45:46.608660971
108.8281,1,09:45:46.608896256
108.8281,14,09:45:46.610235093
108.8281,3,09:45:46.610741054
108.8281,1,09:45:46.610803273
108.8281,1,09:45:46.610998880
108.8281,6,09:45:46.611205653
108.8281,1,09:45:46.611403260
108.8281,1,09:45:46.611768135
108.8281,16,09:45:46.612620884
108.8281,1,09:45:46.613138892
108.8281,4,09:45:46.613246507
108.8281,79,09:45:46.614019348
108.8281,1,09:45:46.614302032
108.8281,1,09:45:46.614728828
108.8281,16,09:45:46.615205948
108.8281,1,09:45:46.615392397
108.8281,1,09:45:46.615539647
108.8281,1,09:45:46.615617617
108.8281,1,09:45:46.969283766
108.8281,23,09:45:47.043902024
108.8281,6,09:45:47.045065331
108.8281,1,09:45:47.046120459
108.8281,3,09:45:47.046218486
108.8281,6,09:45:47.046241767
108.8281,6,09:45:47.046269156
108.8281,38,09:45:47.046467605
108.8281,14,09:45:47.046957314
108.8281,1,09:45:47.048415920
108.8281,10,09:45:47.055087427
108.8281,1,09:45:47.055344545
108.8281,5,09:45:47.076531925
108.8281,15,09:45:47.116193707
108.8281,1,09:45:47.116412400
108.8281,11,09:45:47.116579309
108.8438,19,09:45:48.029813992
108.8281,500,09:45:48.441070943
108.8438,3,09:45:48.443450585
108.8281,250,09:45:48.942159042
108.8438,20,09:45:49.093195923
108.8281,1,09:45:49.621711847
108.8281,1,09:45:49.745833121
108.8438,50,09:45:49.864516813
108.8438,32,09:45:49.864938898
108.8438,350,09:45:49.865311286
108.8438,1,09:45:49.865834732
108.8438,25,09:45:49.866736368
108.8438,1,09:45:49.871809024
108.8438,1,09:45:49.871936469
108.8438,24,09:45:49.872033114
108.8438,14,09:45:49.872213656
108.8438,78,09:45:49.872248226
108.8438,18,09:45:49.872317754
108.8438,1,09:45:49.872548891
108.8438,3,09:45:49.873597757
108.8438,2,09:45:49.873709539
108.8438,3,09:45:49.873734806
108.8438,3,09:45:49.873769453
108.8438,1,09:45:49.874729422
108.8438,2,09:45:49.875021740
108.8438,1,09:45:49.875626342
108.8438,25,09:45:49.876091644
108.8438,18,09:45:49.876320007
108.8438,1,09:45:49.877715331
108.8438,1,09:45:49.879714878
108.8438,1,09:45:49.955431511
108.8438,2,09:45:49.955987163
108.8281,10,09:45:49.960092270
108.8438,60,09:45:50.355594965
108.8438,1,09:45:51.027968156
108.8281,1,09:45:51.041994989
108.8281,1,09:45:51.653778899
108.8281,1,09:45:51.653895883
108.8281,107,09:45:51.653986579
108.8281,8,09:45:51.654089231
108.8281,6,09:45:51.654140832
108.8281,31,09:45:51.654140832
108.8281,1,09:45:51.654219884
108.8281,20,09:45:51.654652836
108.8281,9,09:45:51.654724559
108.8281,8,09:45:51.654825908
108.8281,37,09:45:51.654887199
108.8281,7,09:45:51.654963713
108.8281,3,09:45:51.654965649
108.8281,3,09:45:51.655020033
108.8281,1,09:45:51.655091821
108.8281,440,09:45:51.655774759
108.8281,1,09:45:51.657033502
108.8281,20,09:45:51.759603741
108.8281,500,09:45:51.914685969
108.8281,106,09:45:51.923579380
108.8281,1,09:45:51.923831526
108.8281,1,09:45:51.923886820
108.8281,1,09:45:51.923925374
108.8281,1,09:45:51.923940389
108.8281,1,09:45:51.923962565
108.8281,1,09:45:51.923981494
108.8281,1,09:45:51.923999664
108.8281,1,09:45:51.924019846
108.8281,1,09:45:51.924041290
108.8281,1,09:45:51.924062010
108.8281,1,09:45:51.924078404
108.8281,1,09:45:51.924097749
108.8281,1,09:45:51.924115672
108.8281,1,09:45:51.924135442
108.8281,1,09:45:51.924165113
108.8281,1,09:45:51.924183964
108.8281,1,09:45:51.924200836
108.8281,1,09:45:51.924217396
108.8281,1,09:45:51.924235233
108.8281,1,09:45:51.924258456
108.8281,1,09:45:51.924275275
108.8281,1,09:45:51.924293807
108.8281,1,09:45:51.924400496
108.8281,2,09:45:51.924425466
108.8281,20,09:45:51.924873767
108.8281,9,09:45:51.924896766
108.8281,1,09:45:51.925033134
108.8281,1,09:45:51.925741081
108.8281,12,09:45:51.925892194
108.8281,1,09:45:51.926141383
108.8281,1,09:45:51.926205193
108.8281,1,09:45:51.926230412
108.8281,1,09:45:51.926247194
108.8281,1,09:45:51.926270394
108.8281,1,09:45:51.926286077
108.8281,1,09:45:51.926305550
108.8281,1,09:45:51.926329163
108.8281,1,09:45:51.926348236
108.8281,1,09:45:51.926370911
108.8281,1,09:45:51.926391078
108.8281,1,09:45:51.926414397
108.8281,1,09:45:51.926435165
108.8281,1,09:45:51.926457668
108.8281,1,09:45:51.926474581
108.8281,1,09:45:51.926501109
108.8281,1,09:45:51.926777680
108.8281,1,09:45:51.926858617
108.8281,1,09:45:51.926962373
108.8281,1,09:45:51.926984165
108.8281,1,09:45:51.927706548
108.8281,1,09:45:51.927751361
108.8281,8,09:45:51.931992061
108.8281,1,09:45:52.024186233
108.8281,6,09:45:52.133613005
108.8281,85,09:45:52.134341675
108.8281,266,09:45:53.205921195
108.8438,2,09:45:54.519164166
108.8281,50,09:45:54.565023118
108.8281,17,09:45:54.629215404
108.8281,16,09:45:54.629287392
108.8281,1,09:45:54.629639463
108.8281,2,09:45:54.629672622
108.8281,1,09:45:54.629808462
108.8281,1,09:45:54.629891881
108.8281,4,09:45:54.629913568
108.8281,4,09:45:54.629934762
108.8281,1,09:45:54.629956004
108.8281,11,09:45:54.630061324
108.8281,3,09:45:54.630427613
108.8281,2,09:45:54.631694676
108.8281,1,09:45:54.631751825
108.8281,1,09:45:54.632600969
108.8281,2,09:45:54.632673844
108.8281,1,09:45:54.632696808
108.8281,9,09:45:54.632833559
108.8281,1,09:45:54.633136110
108.8281,1,09:45:54.633326145
108.8281,1,09:45:54.633961454
108.8281,5,09:45:54.634082042
108.8281,1,09:45:54.634452606
108.8281,5,09:45:54.634864423
108.8281,1,09:45:54.634883329
108.8281,1,09:45:54.634941867
108.8281,5,09:45:54.800615434
108.8438,8,09:45:54.821328585
108.8281,1,09:45:55.343418296
108.8281,2,09:45:55.343904584
108.8281,3,09:45:55.413384102
108.8281,1,09:45:55.417621201
108.8281,3,09:45:55.420328393
108.8281,1,09:45:55.424424461
108.8281,1,09:45:56.286230857
108.8281,16,09:45:56.286618044
108.8281,33,09:45:56.287708800
108.8281,4,09:45:56.287760276
108.8281,1,09:45:56.287806411
108.8281,1,09:45:56.287830203
108.8281,1,09:45:56.287859517
108.8281,14,09:45:56.287935455
108.8281,1,09:45:56.288022298
108.8281,37,09:45:56.288382075
108.8281,1,09:45:56.288558914
108.8281,1,09:45:56.288695537
108.8281,1,09:45:56.288736357
108.8281,6,09:45:56.288765292
108.8281,1,09:45:56.288936994
108.8281,1,09:45:56.290293333
108.8281,1,09:45:56.331696038
108.8281,216,09:45:56.378724790
108.8281,10,09:45:56.439575318
108.8281,2,09:45:56.769767909
108.8281,2,09:45:58.012251224
108.8281,1,09:45:58.033218359
108.8281,1,09:45:58.468468403
108.7656,27,09:47:17.204706565
108.7656,99,09:47:17.205218869
108.7656,1,09:47:17.205675221
108.7656,1,09:47:17.205865890
108.7656,1,09:47:17.205919618
108.7656,2,09:47:17.205975855
108.7656,1,09:47:17.205975855
108.7656,9,09:47:17.206018281
108.7656,1,09:47:17.206038640
108.7656,1,09:47:17.206283195
108.7656,5,09:47:17.206436798
108.7656,2,09:47:17.206788693
108.7656,138,09:47:17.206900042
108.7656,1,09:47:17.207065971
108.7656,1,09:47:17.207246066
108.7656,7,09:47:17.207313117
108.7656,7,09:47:17.207430725
108.7656,2,09:47:17.207646314
108.7656,1,09:47:17.207774787
108.7656,2,09:47:17.207906658
108.7656,1,09:47:17.208676693
108.7656,5,09:47:17.208740080
108.7656,226,09:47:17.209055910
108.7656,2,09:47:17.210033466
108.7656,1,09:47:17.210208451
108.7656,2,09:47:17.211149440
108.7656,8,09:47:17.211717692
108.7656,328,09:47:17.433992400
108.7656,1,09:47:17.434676670
108.7656,9,09:47:17.434744357
108.7656,1,09:47:17.434817661
108.7656,1,09:47:17.434850305
108.7656,1,09:47:17.434919552
108.7656,1,09:47:17.434942976
108.7656,1,09:47:17.434964599
108.7656,1,09:47:17.434988497
108.7656,1,09:47:17.435067670
108.7656,1,09:47:17.435084275
108.7656,1,09:47:17.435119747
108.7656,1,09:47:17.435188181
108.7656,1,09:47:17.435203698
108.7656,1,09:47:17.435230991
108.7656,1,09:47:17.435251088
