bidVolume,bidPrice,askVolume,askPrice,timestamp
5,2333.6,6,2333.8,14:00:00.005652720
6,2333.6,6,2333.8,14:00:00.006743568
6,2333.6,5,2333.8,14:00:00.006867442
6,2333.6,5,2333.8,14:00:00.006908978
6,2333.6,4,2333.8,14:00:00.007150751
6,2333.6,3,2333.8,14:00:00.007270980
6,2333.6,3,2333.8,14:00:00.007300081
6,2333.6,3,2333.8,14:00:00.007416452
6,2333.6,3,2333.8,14:00:00.009527544
6,2333.6,4,2333.8,14:00:00.273943048
6,2333.6,5,2333.8,14:00:00.274076104
6,2333.6,5,2333.8,14:00:00.277096772
6,2333.6,1,2333.7,14:00:00.365506355
6,2333.6,1,2333.7,14:00:00.365637286
5,2333.6,1,2333.7,14:00:00.365663348
5,2333.6,1,2333.7,14:00:00.365675719
5,2333.6,1,2333.7,14:00:00.365691216
5,2333.6,7,2333.8,14:00:00.365816445
5,2333.6,7,2333.8,14:00:00.365816445
4,2333.6,7,2333.8,14:00:00.365836365
4,2333.6,7,2333.8,14:00:00.365849739
4,2333.6,7,2333.8,14:00:00.365966531
4,2333.6,7,2333.8,14:00:00.365982243
4,2333.6,8,2333.8,14:00:00.375378321
4,2333.6,8,2333.8,14:00:00.375378321
4,2333.6,1,2333.7,14:00:00.432399132
4,2333.6,2,2333.7,14:00:00.432524691
4,2333.6,3,2333.7,14:00:00.432540553
4,2333.6,8,2333.8,14:00:00.432675289
4,2333.6,8,2333.8,14:00:00.432675289
4,2333.6,8,2333.8,14:00:00.432693945
3,2333.6,8,2333.8,14:00:00.432701721
2,2333.6,8,2333.8,14:00:00.432771799
2,2333.6,7,2333.8,14:00:00.432880826
3,2333.6,7,2333.8,14:00:00.433041178
3,2333.6,7,2333.8,14:00:00.484947867
3,2333.6,8,2333.8,14:00:00.485058589
3,2333.6,8,2333.8,14:00:00.503221058
3,2333.6,1,2333.7,14:00:00.528439179
3,2333.6,8,2333.8,14:00:00.528673799
3,2333.6,8,2333.8,14:00:00.528673799
3,2333.6,1,2333.7,14:00:00.528688855
2,2333.6,1,2333.7,14:00:00.587069613
3,2333.6,1,2333.7,14:00:00.610809130
3,2333.6,8,2333.8,14:00:00.943350581
8,2333.7,8,2333.8,14:00:00.943350581
8,2333.7,8,2333.8,14:00:00.943350581
8,2333.7,7,2333.8,14:00:00.943593610
8,2333.7,6,2333.8,14:00:00.943613085
8,2333.7,6,2333.8,14:00:00.943727657
8,2333.7,6,2333.8,14:00:00.943793133
8,2333.7,5,2333.8,14:00:00.943813173
8,2333.7,5,2333.8,14:00:00.943825198
9,2333.7,5,2333.8,14:00:00.943869621
9,2333.7,5,2333.8,14:00:00.943869621
9,2333.7,4,2333.8,14:00:00.943912586
9,2333.7,3,2333.8,14:00:00.943969806
9,2333.7,3,2333.8,14:00:00.944012498
9,2333.7,2,2333.8,14:00:00.944034063
9,2333.7,1,2333.8,14:00:00.944092858
9,2333.7,1,2333.8,14:00:00.944092858
9,2333.7,1,2333.8,14:00:00.944096189
9,2333.7,8,2333.9,14:00:00.944322575
9,2333.7,8,2333.9,14:00:00.944322575
9,2333.7,8,2333.9,14:00:00.944642286
10,2333.7,8,2333.9,14:00:00.944665657
10,2333.7,8,2333.9,14:00:00.944690749
10,2333.7,8,2333.9,14:00:00.945042579
10,2333.7,8,2333.9,14:00:00.945097595
10,2333.7,8,2333.9,14:00:00.945114309
10,2333.7,7,2333.9,14:00:00.945130834
10,2333.7,6,2333.9,14:00:00.945150313
10,2333.7,6,2333.9,14:00:00.945357111
10,2333.7,5,2333.9,14:00:00.945430245
10,2333.7,5,2333.9,14:00:00.945563842
10,2333.7,5,2333.9,14:00:00.955017680
10,2333.7,5,2333.9,14:00:01.021317205
11,2333.7,5,2333.9,14:00:01.025025491
11,2333.7,5,2333.9,14:00:01.025025491
11,2333.7,4,2333.9,14:00:01.025268632
11,2333.7,3,2333.9,14:00:01.025441925
11,2333.7,3,2333.9,14:00:01.025595559
1,2333.8,3,2333.9,14:00:01.025741643
1,2333.8,3,2333.9,14:00:01.025768422
2,2333.8,3,2333.9,14:00:01.025799385
2,2333.8,2,2333.9,14:00:01.026017825
3,2333.8,2,2333.9,14:00:01.026141328
3,2333.8,1,2333.9,14:00:01.026181662
3,2333.8,1,2333.9,14:00:01.026213086
3,2333.8,1,2333.9,14:00:01.026227647
4,2333.8,1,2333.9,14:00:01.026264748
4,2333.8,1,2333.9,14:00:01.026264748
4,2333.8,1,2333.9,14:00:01.026401941
4,2333.8,1,2333.9,14:00:01.026830680
4,2333.8,8,2334.0,14:00:01.026937370
4,2333.8,8,2334.0,14:00:01.026937370
4,2333.8,8,2334.0,14:00:01.027052454
5,2333.8,8,2334.0,14:00:01.027263607
5,2333.8,7,2334.0,14:00:01.027282346
5,2333.8,5,2334.0,14:00:01.027360252
5,2333.8,5,2334.0,14:00:01.027373670
5,2333.8,5,2334.0,14:00:01.027387833
6,2333.8,5,2334.0,14:00:01.027453284
6,2333.8,4,2334.0,14:00:01.027492466
6,2333.8,4,2334.0,14:00:01.027560400
6,2333.8,3,2334.0,14:00:01.027600030
6,2333.8,3,2334.0,14:00:01.027722675
6,2333.8,3,2334.0,14:00:01.027737807
6,2333.8,3,2334.0,14:00:01.028070084
6,2333.8,3,2334.0,14:00:01.028070084
6,2333.8,3,2334.0,14:00:01.033112804
7,2333.8,3,2334.0,14:00:01.033767165
1,2333.9,3,2334.0,14:00:01.033920355
1,2333.9,3,2334.0,14:00:01.034175180
1,2333.9,3,2334.0,14:00:01.034175180
1,2333.9,2,2334.0,14:00:01.034178735
2,2333.9,2,2334.0,14:00:01.034215997
2,2333.9,2,2334.0,14:00:01.034215997
2,2333.9,2,2334.0,14:00:01.034233591
3,2333.9,2,2334.0,14:00:01.034284366
3,2333.9,2,2334.0,14:00:01.034295490
3,2333.9,1,2334.0,14:00:01.034362236
3,2333.9,17,2334.1,14:00:01.034381978
3,2333.9,17,2334.1,14:00:01.034381978
3,2333.9,17,2334.1,14:00:01.034597262
3,2333.9,17,2334.1,14:00:01.034619432
3,2333.9,17,2334.1,14:00:01.034753781
3,2333.9,17,2334.1,14:00:01.036102665
3,2333.9,17,2334.1,14:00:01.054087579
3,2333.9,17,2334.1,14:00:01.084060433
4,2333.9,17,2334.1,14:00:01.092389616
4,2333.9,17,2334.1,14:00:01.121165059
4,2333.9,17,2334.1,14:00:01.131167369
1,2334.0,17,2334.1,14:00:01.155382921
1,2334.0,16,2334.1,14:00:01.155505832
1,2334.0,16,2334.1,14:00:01.155543628
1,2334.0,16,2334.1,14:00:01.155576973
1,2334.0,16,2334.1,14:00:01.155764487
2,2334.0,16,2334.1,14:00:01.155766980
2,2334.0,16,2334.1,14:00:01.155766980
1,2334.0,16,2334.1,14:00:01.155813211
1,2334.0,16,2334.1,14:00:01.155850838
1,2334.0,16,2334.1,14:00:01.155963406
2,2334.0,16,2334.1,14:00:01.156016274
3,2334.0,16,2334.1,14:00:01.156089773
3,2334.0,15,2334.1,14:00:01.156261121
3,2334.0,15,2334.1,14:00:01.156279255
3,2334.0,14,2334.1,14:00:01.156296266
3,2334.0,14,2334.1,14:00:01.156522374
3,2334.0,14,2334.1,14:00:01.156540893
3,2334.0,14,2334.1,14:00:01.156553255
2,2334.0,14,2334.1,14:00:01.156776268
2,2334.0,13,2334.1,14:00:01.156854231
1,2334.0,13,2334.1,14:00:01.156951589
2,2334.0,13,2334.1,14:00:01.157182298
3,2334.0,13,2334.1,14:00:01.164426707
3,2334.0,13,2334.1,14:00:01.165853400
3,2334.0,13,2334.1,14:00:01.170225669
3,2334.0,13,2334.1,14:00:01.176070859
4,2334.0,13,2334.1,14:00:01.213334079
4,2334.0,13,2334.1,14:00:01.213572641
4,2334.0,13,2334.1,14:00:01.243598664
4,2334.0,13,2334.1,14:00:01.270320750
4,2334.0,13,2334.1,14:00:01.271793346
4,2334.0,13,2334.1,14:00:01.336116421
4,2334.0,13,2334.1,14:00:01.407300867
4,2334.0,13,2334.1,14:00:01.407427359
4,2334.0,13,2334.1,14:00:01.407509239
4,2334.0,13,2334.1,14:00:01.407509239
3,2334.0,13,2334.1,14:00:01.542492044
3,2334.0,13,2334.1,14:00:01.542651026
2,2334.0,13,2334.1,14:00:01.573670683
3,2334.0,13,2334.1,14:00:01.612740863
4,2334.0,13,2334.1,14:00:01.612903129
3,2334.0,13,2334.1,14:00:01.709457489
2,2334.0,13,2334.1,14:00:01.709664463
2,2334.0,11,2334.1,14:00:01.710100656
3,2334.0,11,2334.1,14:00:01.710210422
4,2334.0,11,2334.1,14:00:01.710230016
5,2334.0,11,2334.1,14:00:01.710249021
6,2334.0,11,2334.1,14:00:01.710294187
5,2334.0,11,2334.1,14:00:01.710485913
4,2334.0,11,2334.1,14:00:01.710635115
3,2334.0,11,2334.1,14:00:01.716354352
2,2334.0,11,2334.1,14:00:01.716493714
2,2334.0,10,2334.1,14:00:01.829532716
3,2334.0,10,2334.1,14:00:01.829650827
4,2334.0,10,2334.1,14:00:01.829689622
4,2334.0,10,2334.1,14:00:01.955072090
5,2334.0,10,2334.1,14:00:02.047524910
5,2334.0,10,2334.1,14:00:02.047644115
5,2334.0,12,2334.1,14:00:02.401134363
8,2333.9,12,2334.1,14:00:02.401502057
8,2333.9,12,2334.1,14:00:02.401502057
8,2333.9,1,2334.0,14:00:02.401817714
8,2333.9,1,2334.0,14:00:02.401841635
7,2333.9,1,2334.0,14:00:02.401891124
7,2333.9,3,2334.0,14:00:02.401948633
7,2333.9,3,2334.0,14:00:02.401948633
6,2333.9,3,2334.0,14:00:02.402079685
5,2333.9,3,2334.0,14:00:02.402098780
4,2333.9,3,2334.0,14:00:02.402120562
4,2333.9,3,2334.0,14:00:02.402131081
4,2333.9,3,2334.0,14:00:02.402217329
3,2333.9,3,2334.0,14:00:02.402273547
3,2333.9,3,2334.0,14:00:02.402324012
2,2333.9,3,2334.0,14:00:02.402346548
2,2333.9,3,2334.0,14:00:02.402358845
2,2333.9,1,2334.0,14:00:02.402406763
2,2333.9,1,2334.0,14:00:02.402482480
1,2333.9,1,2334.0,14:00:02.402509274
2,2333.9,1,2334.0,14:00:02.402632671
3,2333.9,1,2334.0,14:00:02.402670151
4,2333.9,1,2334.0,14:00:02.402880139
4,2333.9,1,2334.0,14:00:02.403302625
4,2333.9,1,2334.0,14:00:02.412087276
4,2333.9,1,2334.0,14:00:02.436115601
4,2333.9,1,2334.0,14:00:02.436128878
4,2333.9,1,2334.0,14:00:02.471940324
4,2333.9,1,2334.0,14:00:02.471951384
3,2333.9,1,2334.0,14:00:02.517940172
3,2333.9,2,2334.0,14:00:02.517965311
2,2333.9,2,2334.0,14:00:02.518075682
1,2333.9,2,2334.0,14:00:02.518097387
8,2333.8,2,2334.0,14:00:02.518215800
8,2333.8,2,2334.0,14:00:02.518215800
7,2333.8,2,2334.0,14:00:02.518237637
7,2333.8,2,2334.0,14:00:02.518343764
7,2333.8,3,2334.0,14:00:02.518368987
7,2333.8,4,2334.0,14:00:02.518412846
6,2333.8,4,2334.0,14:00:02.518724725
5,2333.8,4,2334.0,14:00:02.518845271
5,2333.8,4,2334.0,14:00:02.519061026
5,2333.8,4,2334.0,14:00:02.521956438
5,2333.8,4,2334.0,14:00:02.525796470
5,2333.8,4,2334.0,14:00:02.641068130
5,2333.8,4,2334.0,14:00:02.836114300
5,2333.8,4,2334.0,14:00:02.902799442
5,2333.8,5,2334.0,14:00:02.942072379
5,2333.8,5,2334.0,14:00:02.942234763
5,2333.8,5,2334.0,14:00:02.942258798
5,2333.8,5,2334.0,14:00:02.971952255
5,2333.8,5,2334.0,14:00:03.012837014
4,2333.8,5,2334.0,14:00:03.342148212
4,2333.8,1,2333.9,14:00:03.342290631
4,2333.8,1,2333.9,14:00:03.342305697
3,2333.8,1,2333.9,14:00:03.342439805
3,2333.8,1,2333.9,14:00:03.342479518
3,2333.8,4,2334.0,14:00:03.342539193
3,2333.8,4,2334.0,14:00:03.342539193
3,2333.8,5,2334.0,14:00:03.342561666
3,2333.8,1,2333.9,14:00:03.342584717
3,2333.8,5,2334.0,14:00:03.342646917
3,2333.8,5,2334.0,14:00:03.342646917
2,2333.8,5,2334.0,14:00:03.342668379
3,2333.8,5,2334.0,14:00:03.342760791
3,2333.8,5,2334.0,14:00:03.983523199
2,2333.8,5,2334.0,14:00:04.000185317
2,2333.8,5,2334.0,14:00:04.000322530
2,2333.8,1,2333.9,14:00:04.000911917
1,2333.8,1,2333.9,14:00:04.001020539
1,2333.8,2,2333.9,14:00:04.001101326
13,2333.7,2,2333.9,14:00:04.001359559
13,2333.7,2,2333.9,14:00:04.001359559
13,2333.7,1,2333.9,14:00:04.001389307
1,2333.8,1,2333.9,14:00:04.001435928
1,2333.8,1,2333.9,14:00:04.001478896
2,2333.8,1,2333.9,14:00:04.001604364
2,2333.8,6,2334.0,14:00:04.001715204
2,2333.8,6,2334.0,14:00:04.001715204
2,2333.8,6,2334.0,14:00:04.001758937
2,2333.8,6,2334.0,14:00:04.001796230
1,2333.8,6,2334.0,14:00:04.001819577
2,2333.8,6,2334.0,14:00:04.001873969
2,2333.8,6,2334.0,14:00:04.012242652
2,2333.8,6,2334.0,14:00:04.037044852
3,2333.8,6,2334.0,14:00:04.077816168
3,2333.8,6,2334.0,14:00:04.120579513
3,2333.8,6,2334.0,14:00:04.124420109
3,2333.8,6,2334.0,14:00:04.236119057
3,2333.8,5,2334.0,14:00:04.697873445
1,2333.9,5,2334.0,14:00:05.187475476
1,2333.9,4,2334.0,14:00:05.187605780
1,2333.9,3,2334.0,14:00:05.187625422
1,2333.9,3,2334.0,14:00:05.187642194
1,2333.9,3,2334.0,14:00:05.187701894
1,2333.9,3,2334.0,14:00:05.187735581
1,2333.9,2,2334.0,14:00:05.187760139
1,2333.9,1,2334.0,14:00:05.187906551
1,2333.9,1,2334.0,14:00:05.188049360
2,2333.9,1,2334.0,14:00:05.196391731
2,2333.9,13,2334.1,14:00:05.213292065
2,2333.9,13,2334.1,14:00:05.213292065
2,2333.9,13,2334.1,14:00:05.213416454
2,2333.9,13,2334.1,14:00:05.213456231
2,2333.9,13,2334.1,14:00:05.236122113
2,2333.9,13,2334.1,14:00:05.589241824
2,2333.9,13,2334.1,14:00:05.589256445
2,2333.9,13,2334.1,14:00:05.589271248
2,2333.9,13,2334.1,14:00:05.589285866
3,2333.9,13,2334.1,14:00:05.662921936
4,2333.9,13,2334.1,14:00:05.663071258
4,2333.9,12,2334.1,14:00:05.663324620
1,2334.0,12,2334.1,14:00:05.663522201
1,2334.0,12,2334.1,14:00:05.663699065
1,2334.0,11,2334.1,14:00:05.663790319
1,2334.0,11,2334.1,14:00:05.663843561
1,2334.0,10,2334.1,14:00:05.663858599
1,2334.0,10,2334.1,14:00:05.673686793
1,2334.0,10,2334.1,14:00:05.736120019
1,2334.0,10,2334.1,14:00:05.783796325
6,2333.9,10,2334.1,14:00:05.799894258
6,2333.9,10,2334.1,14:00:05.799894258
6,2333.9,10,2334.1,14:00:05.800059755
5,2333.9,10,2334.1,14:00:05.800094649
4,2333.9,10,2334.1,14:00:05.800552339
4,2333.9,11,2334.1,14:00:05.800668566
4,2333.9,11,2334.1,14:00:05.955024345
1,2334.0,11,2334.1,14:00:07.166397190
2,2334.0,11,2334.1,14:00:07.166430836
2,2334.0,10,2334.1,14:00:07.166448302
2,2334.0,10,2334.1,14:00:07.166565354
2,2334.0,10,2334.1,14:00:07.166667144
2,2334.0,10,2334.1,14:00:07.166683442
2,2334.0,10,2334.1,14:00:07.170297122
2,2334.0,10,2334.1,14:00:07.436116543
1,2334.0,10,2334.1,14:00:07.439866583
6,2333.9,10,2334.1,14:00:07.439987997
6,2333.9,10,2334.1,14:00:07.439987997
6,2333.9,10,2334.1,14:00:07.440183038
5,2333.9,10,2334.1,14:00:07.440297603
5,2333.9,11,2334.1,14:00:07.440422630
5,2333.9,11,2334.1,14:00:07.460625095
4,2333.9,11,2334.1,14:00:07.599718665
3,2333.9,11,2334.1,14:00:07.600009472
2,2333.9,11,2334.1,14:00:08.094514754
2,2333.9,1,2334.0,14:00:08.094651544
2,2333.9,1,2334.0,14:00:08.094842814
2,2333.9,1,2334.0,14:00:08.094875772
2,2333.9,1,2334.0,14:00:08.094887133
1,2333.9,1,2334.0,14:00:08.094969118
6,2333.8,1,2334.0,14:00:08.094998108
6,2333.8,1,2334.0,14:00:08.094998108
5,2333.8,1,2334.0,14:00:08.095113185
5,2333.8,1,2334.0,14:00:08.095178976
5,2333.8,2,2334.0,14:00:08.095221230
5,2333.8,3,2334.0,14:00:08.101701476
4,2333.8,3,2334.0,14:00:08.101722740
4,2333.8,3,2334.0,14:00:08.136180142
4,2333.8,3,2334.0,14:00:08.171822010
4,2333.8,3,2334.0,14:00:08.186701837
4,2333.8,3,2334.0,14:00:08.438399065
4,2333.8,2,2334.0,14:00:08.458813266
1,2333.9,2,2334.0,14:00:08.458956135
1,2333.9,1,2334.0,14:00:08.459004472
1,2333.9,1,2334.0,14:00:08.459133313
1,2333.9,13,2334.1,14:00:08.459158895
1,2333.9,13,2334.1,14:00:08.459158895
1,2333.9,13,2334.1,14:00:08.459295006
1,2333.9,13,2334.1,14:00:08.469823136
2,2333.9,13,2334.1,14:00:08.495763428
3,2333.9,13,2334.1,14:00:08.495882525
4,2333.9,13,2334.1,14:00:08.495933429
5,2333.9,13,2334.1,14:00:08.496023114
5,2333.9,13,2334.1,14:00:08.536113436
4,2333.9,13,2334.1,14:00:08.660805904
5,2333.9,13,2334.1,14:00:08.677829422
6,2333.9,13,2334.1,14:00:09.309755231
1,2334.0,13,2334.1,14:00:09.309892897
1,2334.0,12,2334.1,14:00:09.309971936
1,2334.0,12,2334.1,14:00:09.309992252
1,2334.0,11,2334.1,14:00:09.310028561
1,2334.0,11,2334.1,14:00:09.310042750
1,2334.0,11,2334.1,14:00:09.310060507
1,2334.0,11,2334.1,14:00:09.310074098
1,2334.0,11,2334.1,14:00:09.310102735
1,2334.0,10,2334.1,14:00:09.310151629
1,2334.0,10,2334.1,14:00:09.310167712
2,2334.0,10,2334.1,14:00:09.310422213
2,2334.0,8,2334.1,14:00:09.310934310
3,2334.0,8,2334.1,14:00:09.311108384
4,2334.0,8,2334.1,14:00:09.311148100
4,2334.0,1,2334.1,14:00:09.311333806
4,2334.0,7,2334.2,14:00:09.311336753
4,2334.0,7,2334.2,14:00:09.311336753
4,2334.0,7,2334.2,14:00:09.311360473
5,2334.0,7,2334.2,14:00:09.311372400
5,2334.0,6,2334.2,14:00:09.311492455
5,2334.0,6,2334.2,14:00:09.311731012
5,2334.0,5,2334.2,14:00:09.311752397
5,2334.0,4,2334.2,14:00:09.311773742
5,2334.0,4,2334.2,14:00:09.311788462
5,2334.0,4,2334.2,14:00:09.311804382
5,2334.0,3,2334.2,14:00:09.311857628
5,2334.0,3,2334.2,14:00:09.312118686
5,2334.0,3,2334.2,14:00:09.312197990
5,2334.0,2,2334.2,14:00:09.312510061
5,2334.0,1,2334.2,14:00:09.312611317
1,2334.1,1,2334.2,14:00:09.313009577
1,2334.1,1,2334.2,14:00:09.313073157
1,2334.1,1,2334.2,14:00:09.313228932
1,2334.1,8,2334.3,14:00:09.313433353
1,2334.1,8,2334.3,14:00:09.313433353
1,2334.1,8,2334.3,14:00:09.313454057
1,2334.1,8,2334.3,14:00:09.313487824
1,2334.1,7,2334.3,14:00:09.313507870
1,2334.1,7,2334.3,14:00:09.313522756
2,2334.1,7,2334.3,14:00:09.313634362
3,2334.1,7,2334.3,14:00:09.313669680
3,2334.1,7,2334.3,14:00:09.313746380
4,2334.1,7,2334.3,14:00:09.313791066
5,2334.1,7,2334.3,14:00:09.313809837
6,2334.1,7,2334.3,14:00:09.313870465
6,2334.1,7,2334.3,14:00:09.313920616
6,2334.1,6,2334.3,14:00:09.314066831
6,2334.1,6,2334.3,14:00:09.314085269
6,2334.1,6,2334.3,14:00:09.314201224
6,2334.1,6,2334.3,14:00:09.314786667
6,2334.1,6,2334.3,14:00:09.314786667
6,2334.1,6,2334.3,14:00:09.320225336
6,2334.1,6,2334.3,14:00:09.320239317
6,2334.1,6,2334.3,14:00:09.320807578
6,2334.1,6,2334.3,14:00:09.323767926
6,2334.1,6,2334.3,14:00:09.324222879
6,2334.1,5,2334.3,14:00:09.326126806
1,2334.2,5,2334.3,14:00:09.326170441
1,2334.2,4,2334.3,14:00:09.326539271
1,2334.2,4,2334.3,14:00:09.326551061
1,2334.2,4,2334.3,14:00:09.326600175
1,2334.2,4,2334.3,14:00:09.326632201
1,2334.2,4,2334.3,14:00:09.326655264
7,2334.1,4,2334.3,14:00:09.344709472
7,2334.1,4,2334.3,14:00:09.344709472
6,2334.1,4,2334.3,14:00:09.344847446
6,2334.1,4,2334.3,14:00:09.345002530
6,2334.1,4,2334.3,14:00:09.345018678
5,2334.1,4,2334.3,14:00:09.345152582
5,2334.1,4,2334.3,14:00:09.417916306
5,2334.1,5,2334.3,14:00:09.441463284
5,2334.1,5,2334.3,14:00:09.536138532
4,2334.1,5,2334.3,14:00:09.833299338
4,2334.1,1,2334.2,14:00:09.833456321
4,2334.1,1,2334.2,14:00:09.833479298
4,2334.1,1,2334.2,14:00:09.833509439
3,2334.1,1,2334.2,14:00:09.833641528
3,2334.1,1,2334.2,14:00:09.833718796
2,2334.1,1,2334.2,14:00:09.833742542
1,2334.1,1,2334.2,14:00:09.833846188
1,2334.1,1,2334.2,14:00:09.833863139
1,2334.1,2,2334.2,14:00:09.834034192
1,2334.1,2,2334.2,14:00:09.954677795
1,2334.1,2,2334.2,14:00:09.955037773
2,2334.1,2,2334.2,14:00:09.955172691
2,2334.1,1,2334.2,14:00:09.955291167
2,2334.1,7,2334.3,14:00:09.955334039
2,2334.1,7,2334.3,14:00:09.955334039
2,2334.1,7,2334.3,14:00:09.955454069
3,2334.1,7,2334.3,14:00:09.955571576
3,2334.1,6,2334.3,14:00:09.955685121
3,2334.1,7,2334.3,14:00:10.283259476
3,2334.1,1,2334.2,14:00:10.283402463
2,2334.1,1,2334.2,14:00:10.283450247
1,2334.1,1,2334.2,14:00:10.283605646
1,2334.1,2,2334.2,14:00:10.283634217
1,2334.1,2,2334.2,14:00:10.283648025
9,2334.0,2,2334.2,14:00:10.283797366
9,2334.0,2,2334.2,14:00:10.283797366
8,2334.0,2,2334.2,14:00:10.283922837
7,2334.0,2,2334.2,14:00:10.284038621
7,2334.0,3,2334.2,14:00:10.306974323
7,2334.0,4,2334.2,14:00:10.308609022
6,2334.0,4,2334.2,14:00:10.308865951
6,2334.0,4,2334.2,14:00:10.308997074
6,2334.0,4,2334.2,14:00:10.336150313
7,2334.0,4,2334.2,14:00:10.345361802
7,2334.0,4,2334.2,14:00:10.358104555
7,2334.0,5,2334.2,14:00:10.813062379
6,2334.0,5,2334.2,14:00:10.813327741
5,2334.0,5,2334.2,14:00:10.813447469
5,2334.0,5,2334.2,14:00:10.813571906
5,2334.0,5,2334.2,14:00:10.971988263
5,2334.0,5,2334.2,14:00:11.084744282
4,2334.0,5,2334.2,14:00:11.582679422
4,2334.0,1,2334.1,14:00:11.582849582
1,2334.0,1,2334.1,14:00:11.583004363
1,2334.0,2,2334.1,14:00:11.583022274
1,2334.0,2,2334.1,14:00:11.583031372
1,2334.0,3,2334.1,14:00:11.583046665
1,2334.0,3,2334.1,14:00:11.583100899
1,2334.0,2,2334.1,14:00:11.583198083
1,2334.0,2,2334.1,14:00:11.583227267
1,2334.0,3,2334.1,14:00:11.583348716
8,2333.9,3,2334.1,14:00:11.583391497
8,2333.9,3,2334.1,14:00:11.583391497
8,2333.9,3,2334.1,14:00:11.583413584
8,2333.9,3,2334.1,14:00:11.583420192
8,2333.9,4,2334.1,14:00:11.583485375
8,2333.9,5,2334.1,14:00:11.583543577
7,2333.9,5,2334.1,14:00:11.583569155
7,2333.9,6,2334.1,14:00:11.583586087
6,2333.9,6,2334.1,14:00:11.583686395
6,2333.9,7,2334.1,14:00:11.583706863
6,2333.9,7,2334.1,14:00:11.583738631
6,2333.9,1,2334.0,14:00:11.583775677
6,2333.9,7,2334.1,14:00:11.583886419
6,2333.9,7,2334.1,14:00:11.583886419
6,2333.9,7,2334.1,14:00:11.583913223
6,2333.9,6,2334.1,14:00:11.583934647
6,2333.9,6,2334.1,14:00:11.584017379
6,2333.9,7,2334.1,14:00:11.584043792
6,2333.9,7,2334.1,14:00:11.584146450
5,2333.9,7,2334.1,14:00:11.584185466
5,2333.9,8,2334.1,14:00:11.584202820
5,2333.9,8,2334.1,14:00:11.584214816
5,2333.9,8,2334.1,14:00:11.584230301
5,2333.9,7,2334.1,14:00:11.584246769
4,2333.9,7,2334.1,14:00:11.584267179
4,2333.9,7,2334.1,14:00:11.584281832
4,2333.9,7,2334.1,14:00:11.584297330
4,2333.9,7,2334.1,14:00:11.584308687
3,2333.9,7,2334.1,14:00:11.584332464
4,2333.9,7,2334.1,14:00:11.584540567
5,2333.9,7,2334.1,14:00:11.584915419
5,2333.9,6,2334.1,14:00:11.584933276
6,2333.9,6,2334.1,14:00:11.592245945
6,2333.9,5,2334.1,14:00:11.592359947
6,2333.9,4,2334.1,14:00:11.592375515
1,2334.0,4,2334.1,14:00:11.592403717
1,2334.0,3,2334.1,14:00:11.592484654
1,2334.0,2,2334.1,14:00:11.592504846
1,2334.0,2,2334.1,14:00:11.592620950
1,2334.0,1,2334.1,14:00:11.592649140
2,2334.0,1,2334.1,14:00:11.592677909
2,2334.0,1,2334.1,14:00:11.592690939
2,2334.0,1,2334.1,14:00:11.592721782
2,2334.0,8,2334.2,14:00:11.592794404
2,2334.0,8,2334.2,14:00:11.592794404
2,2334.0,6,2334.2,14:00:11.592926016
3,2334.0,6,2334.2,14:00:11.593943368
3,2334.0,6,2334.2,14:00:11.632398154
3,2334.0,6,2334.2,14:00:11.703809328
3,2334.0,6,2334.2,14:00:11.761234019
3,2334.0,6,2334.2,14:00:11.836129053
3,2334.0,8,2334.2,14:00:11.888266137
3,2334.0,1,2334.1,14:00:11.888396831
3,2334.0,2,2334.1,14:00:11.888460723
2,2334.0,2,2334.1,14:00:11.888501295
2,2334.0,2,2334.1,14:00:11.888513365
1,2334.0,2,2334.1,14:00:11.888677880
1,2334.0,2,2334.1,14:00:11.888715874
6,2333.9,2,2334.1,14:00:11.888743578
6,2333.9,2,2334.1,14:00:11.888743578
6,2333.9,2,2334.1,14:00:11.888773306
6,2333.9,3,2334.1,14:00:11.888963709
6,2333.9,4,2334.1,14:00:11.889079063
6,2333.9,4,2334.1,14:00:11.889210543
6,2333.9,4,2334.1,14:00:11.892691033
5,2333.9,4,2334.1,14:00:11.896741112
4,2333.9,4,2334.1,14:00:11.896852861
4,2333.9,5,2334.1,14:00:11.896969507
4,2333.9,5,2334.1,14:00:11.907202062
4,2333.9,5,2334.1,14:00:11.971991048
4,2333.9,4,2334.1,14:00:11.990564613
1,2334.0,4,2334.1,14:00:11.990675361
1,2334.0,3,2334.1,14:00:11.990715736
1,2334.0,3,2334.1,14:00:11.990828446
1,2334.0,3,2334.1,14:00:11.990844385
1,2334.0,2,2334.1,14:00:11.990884527
1,2334.0,1,2334.1,14:00:11.990908550
1,2334.0,1,2334.1,14:00:11.991026040
6,2333.9,1,2334.1,14:00:12.009362763
6,2333.9,1,2334.1,14:00:12.009362763
6,2333.9,2,2334.1,14:00:12.009518567
6,2333.9,3,2334.1,14:00:12.009610592
6,2333.9,4,2334.1,14:00:12.009626944
6,2333.9,5,2334.1,14:00:12.009704286
6,2333.9,6,2334.1,14:00:12.009771699
5,2333.9,6,2334.1,14:00:12.009812954
5,2333.9,6,2334.1,14:00:12.009840993
4,2333.9,6,2334.1,14:00:12.023521813
4,2333.9,7,2334.1,14:00:12.023639605
4,2333.9,1,2334.0,14:00:12.023783332
4,2333.9,1,2334.0,14:00:12.023800283
4,2333.9,1,2334.0,14:00:12.023985567
3,2333.9,1,2334.0,14:00:12.024010246
2,2333.9,1,2334.0,14:00:12.024034192
2,2333.9,7,2334.1,14:00:12.024113188
2,2333.9,7,2334.1,14:00:12.024113188
3,2333.9,7,2334.1,14:00:12.024221255
4,2333.9,7,2334.1,14:00:12.024296658
5,2333.9,7,2334.1,14:00:12.024315298
4,2333.9,7,2334.1,14:00:12.024533722
4,2333.9,6,2334.1,14:00:12.024600510
1,2334.0,6,2334.1,14:00:12.100742611
1,2334.0,6,2334.1,14:00:12.100762417
1,2334.0,6,2334.1,14:00:12.100775418
1,2334.0,5,2334.1,14:00:12.100877248
1,2334.0,4,2334.1,14:00:12.100896182
1,2334.0,4,2334.1,14:00:12.101008815
1,2334.0,3,2334.1,14:00:12.101067683
1,2334.0,2,2334.1,14:00:12.101136402
2,2334.0,2,2334.1,14:00:12.101164610
2,2334.0,2,2334.1,14:00:12.101260766
2,2334.0,1,2334.1,14:00:12.101306587
2,2334.0,9,2334.2,14:00:12.228115620
2,2334.0,9,2334.2,14:00:12.228115620
3,2334.0,9,2334.2,14:00:12.228268675
3,2334.0,9,2334.2,14:00:12.228300096
4,2334.0,9,2334.2,14:00:12.228321175
4,2334.0,9,2334.2,14:00:12.228451543
4,2334.0,8,2334.2,14:00:12.228497598
4,2334.0,4,2334.2,14:00:12.228690648
4,2334.0,4,2334.2,14:00:12.228698783
1,2334.1,4,2334.2,14:00:12.228713186
1,2334.1,1,2334.2,14:00:12.228783780
1,2334.1,9,2334.3,14:00:12.228802084
1,2334.1,9,2334.3,14:00:12.228802084
1,2334.1,8,2334.3,14:00:12.228824661
2,2334.1,8,2334.3,14:00:12.228900384
2,2334.1,8,2334.3,14:00:12.229000444
2,2334.1,8,2334.3,14:00:12.229081366
2,2334.1,8,2334.3,14:00:12.229138286
2,2334.1,6,2334.3,14:00:12.229178399
3,2334.1,6,2334.3,14:00:12.229203548
4,2334.1,6,2334.3,14:00:12.229221629
5,2334.1,6,2334.3,14:00:12.229270730
6,2334.1,6,2334.3,14:00:12.229475669
6,2334.1,6,2334.3,14:00:12.229526880
6,2334.1,6,2334.3,14:00:12.229543696
6,2334.1,5,2334.3,14:00:12.229563693
6,2334.1,5,2334.3,14:00:12.229577825
6,2334.1,4,2334.3,14:00:12.229647919
6,2334.1,4,2334.3,14:00:12.229659887
1,2334.2,4,2334.3,14:00:12.229734534
1,2334.2,4,2334.3,14:00:12.229959455
1,2334.2,3,2334.3,14:00:12.230028189
1,2334.2,3,2334.3,14:00:12.230043249
1,2334.2,3,2334.3,14:00:12.230078817
2,2334.2,3,2334.3,14:00:12.230137516
2,2334.2,3,2334.3,14:00:12.230275417
2,2334.2,3,2334.3,14:00:12.230418402
2,2334.2,2,2334.3,14:00:12.230481776
2,2334.2,2,2334.3,14:00:12.230621379
2,2334.2,2,2334.3,14:00:12.230635600
2,2334.2,1,2334.3,14:00:12.230666285
2,2334.2,7,2334.4,14:00:12.230831530
2,2334.2,7,2334.4,14:00:12.230831530
2,2334.2,7,2334.4,14:00:12.230963756
2,2334.2,7,2334.4,14:00:12.230982729
2,2334.2,6,2334.4,14:00:12.231126177
2,2334.2,6,2334.4,14:00:12.231419059
2,2334.2,6,2334.4,14:00:12.239231549
2,2334.2,6,2334.4,14:00:12.239242913
2,2334.2,6,2334.4,14:00:12.239680218
2,2334.2,6,2334.4,14:00:12.239691271
3,2334.2,6,2334.4,14:00:12.239838522
3,2334.2,6,2334.4,14:00:12.239972435
3,2334.2,6,2334.4,14:00:12.239985069
4,2334.2,6,2334.4,14:00:12.240050897
4,2334.2,5,2334.4,14:00:12.240102511
4,2334.2,4,2334.4,14:00:12.291503063
1,2334.3,4,2334.4,14:00:12.291618089
1,2334.3,3,2334.4,14:00:12.291663565
1,2334.3,2,2334.4,14:00:12.291737004
2,2334.3,2,2334.4,14:00:12.291843195
2,2334.3,2,2334.4,14:00:12.291857083
2,2334.3,2,2334.4,14:00:12.291871732
2,2334.3,1,2334.4,14:00:12.291961472
2,2334.3,1,2334.4,14:00:12.292001383
2,2334.3,12,2334.5,14:00:12.292055285
2,2334.3,12,2334.5,14:00:12.292055285
2,2334.3,1,2334.4,14:00:12.292116866
2,2334.3,1,2334.4,14:00:12.292139126
2,2334.3,1,2334.4,14:00:12.292164771
3,2334.3,1,2334.4,14:00:12.292205972
3,2334.3,1,2334.4,14:00:12.292254835
3,2334.3,2,2334.4,14:00:12.292335438
3,2334.3,2,2334.4,14:00:12.292345960
2,2334.3,2,2334.4,14:00:12.292426979
2,2334.3,2,2334.4,14:00:12.301735509
1,2334.3,2,2334.4,14:00:12.301865851
5,2334.2,2,2334.4,14:00:12.301905801
5,2334.2,2,2334.4,14:00:12.301905801
5,2334.2,2,2334.4,14:00:12.302050136
5,2334.2,2,2334.4,14:00:12.302067394
5,2334.2,2,2334.4,14:00:12.312212559
5,2334.2,1,2334.4,14:00:12.338635458
1,2334.3,1,2334.4,14:00:12.338784075
2,2334.3,1,2334.4,14:00:12.338906391
2,2334.3,1,2334.4,14:00:12.338916318
3,2334.3,1,2334.4,14:00:12.338939103
3,2334.3,10,2334.5,14:00:12.339050263
3,2334.3,10,2334.5,14:00:12.339050263
3,2334.3,9,2334.5,14:00:12.339068935
4,2334.3,9,2334.5,14:00:12.339183818
4,2334.3,9,2334.5,14:00:12.339213405
4,2334.3,8,2334.5,14:00:12.339232030
1,2334.4,8,2334.5,14:00:12.366135363
1,2334.4,8,2334.5,14:00:12.366156756
1,2334.4,8,2334.5,14:00:12.366166423
1,2334.4,8,2334.5,14:00:12.366180033
1,2334.4,8,2334.5,14:00:12.366193173
1,2334.4,8,2334.5,14:00:12.366207474
1,2334.4,7,2334.5,14:00:12.366250745
1,2334.4,7,2334.5,14:00:12.366310436
5,2334.3,7,2334.5,14:00:12.366453844
5,2334.3,7,2334.5,14:00:12.366453844
5,2334.3,6,2334.5,14:00:12.366507253
5,2334.3,6,2334.5,14:00:12.366540463
5,2334.3,6,2334.5,14:00:12.366551852
4,2334.3,6,2334.5,14:00:12.382471552
4,2334.3,6,2334.5,14:00:12.387310419
4,2334.3,6,2334.5,14:00:12.387310419
4,2334.3,7,2334.5,14:00:12.429002384
3,2334.3,7,2334.5,14:00:12.470308882
3,2334.3,1,2334.4,14:00:12.470308882
4,2334.3,1,2334.4,14:00:12.470319782
4,2334.3,2,2334.4,14:00:12.470452811
3,2334.3,2,2334.4,14:00:12.470520857
3,2334.3,3,2334.4,14:00:12.470551456
4,2334.3,3,2334.4,14:00:12.470584715
4,2334.3,3,2334.4,14:00:12.470600356
4,2334.3,2,2334.4,14:00:12.470646892
4,2334.3,2,2334.4,14:00:12.470655151
4,2334.3,1,2334.4,14:00:12.470688262
4,2334.3,8,2334.5,14:00:12.470722222
4,2334.3,8,2334.5,14:00:12.470722222
5,2334.3,8,2334.5,14:00:12.470819548
4,2334.3,8,2334.5,14:00:12.470853488
3,2334.3,8,2334.5,14:00:12.470941074
3,2334.3,7,2334.5,14:00:12.471459680
3,2334.3,7,2334.5,14:00:12.475337601
3,2334.3,7,2334.5,14:00:12.600922951
3,2334.3,7,2334.5,14:00:12.601038317
4,2334.3,7,2334.5,14:00:12.601156611
5,2334.3,7,2334.5,14:00:12.601196912
5,2334.3,6,2334.5,14:00:12.601465043
1,2334.4,6,2334.5,14:00:12.601644767
1,2334.4,5,2334.5,14:00:12.601760969
1,2334.4,4,2334.5,14:00:12.601842583
1,2334.4,3,2334.5,14:00:12.601861879
1,2334.4,3,2334.5,14:00:12.601941391
1,2334.4,3,2334.5,14:00:12.602045239
2,2334.4,3,2334.5,14:00:12.602092728
2,2334.4,2,2334.5,14:00:12.602271686
2,2334.4,2,2334.5,14:00:12.602440528
2,2334.4,2,2334.5,14:00:12.602457657
3,2334.4,2,2334.5,14:00:12.602774339
4,2334.4,2,2334.5,14:00:12.602897017
4,2334.4,2,2334.5,14:00:12.603026476
3,2334.4,2,2334.5,14:00:12.603204191
2,2334.4,2,2334.5,14:00:12.603351986
1,2334.4,2,2334.5,14:00:12.613276622
1,2334.4,2,2334.5,14:00:12.724342547
2,2334.4,2,2334.5,14:00:12.724475269
3,2334.4,2,2334.5,14:00:12.724606767
3,2334.4,2,2334.5,14:00:12.724641727
3,2334.4,2,2334.5,14:00:12.955018450
2,2334.4,2,2334.5,14:00:13.021350067
2,2334.4,2,2334.5,14:00:13.428740107
2,2334.4,8,2334.6,14:00:13.625843163
2,2334.4,8,2334.6,14:00:13.625843163
2,2334.4,8,2334.6,14:00:13.626063123
3,2334.4,8,2334.6,14:00:13.626193171
3,2334.4,8,2334.6,14:00:13.626280660
3,2334.4,7,2334.6,14:00:13.626370406
3,2334.4,6,2334.6,14:00:13.626386775
3,2334.4,6,2334.6,14:00:13.626434919
1,2334.5,6,2334.6,14:00:13.626525673
2,2334.5,6,2334.6,14:00:13.626568970
2,2334.5,6,2334.6,14:00:13.626667219
2,2334.5,6,2334.6,14:00:13.626679004
1,2334.5,6,2334.6,14:00:13.626736349
1,2334.5,6,2334.6,14:00:13.626829718
1,2334.5,6,2334.6,14:00:13.626829718
1,2334.5,6,2334.6,14:00:13.626847657
1,2334.5,5,2334.6,14:00:13.626890560
1,2334.5,5,2334.6,14:00:13.626924443
5,2334.4,5,2334.6,14:00:13.626995737
5,2334.4,5,2334.6,14:00:13.626995737
5,2334.4,6,2334.6,14:00:13.627077479
4,2334.4,6,2334.6,14:00:13.627093342
4,2334.4,6,2334.6,14:00:13.627106312
4,2334.4,6,2334.6,14:00:13.627414978
4,2334.4,7,2334.6,14:00:13.627472400
3,2334.4,7,2334.6,14:00:13.627522036
3,2334.4,1,2334.5,14:00:13.627565598
3,2334.4,1,2334.5,14:00:13.627609657
7,2334.3,1,2334.5,14:00:13.627668336
7,2334.3,1,2334.5,14:00:13.627668336
7,2334.3,2,2334.5,14:00:13.627700494
7,2334.3,3,2334.5,14:00:13.627788569
7,2334.3,4,2334.5,14:00:13.627831575
7,2334.3,4,2334.5,14:00:13.627878037
7,2334.3,4,2334.5,14:00:13.628000641
7,2334.3,5,2334.5,14:00:13.628022333
6,2334.3,5,2334.5,14:00:13.628116476
6,2334.3,5,2334.5,14:00:13.628144820
5,2334.3,5,2334.5,14:00:13.628165822
5,2334.3,5,2334.5,14:00:13.628202555
5,2334.3,6,2334.5,14:00:13.628222891
5,2334.3,6,2334.5,14:00:13.628234482
4,2334.3,6,2334.5,14:00:13.628280915
4,2334.3,6,2334.5,14:00:13.633416181
4,2334.3,6,2334.5,14:00:13.634590159
4,2334.3,6,2334.5,14:00:13.637874421
4,2334.3,7,2334.5,14:00:13.671955627
3,2334.3,7,2334.5,14:00:13.846286195
3,2334.3,1,2334.4,14:00:13.846506417
3,2334.3,1,2334.4,14:00:13.846550351
2,2334.3,1,2334.4,14:00:13.846602617
2,2334.3,1,2334.4,14:00:13.846655767
1,2334.3,1,2334.4,14:00:13.846682468
1,2334.3,1,2334.4,14:00:13.846699374
6,2334.2,1,2334.4,14:00:13.846889858
6,2334.2,1,2334.4,14:00:13.846889858
5,2334.2,1,2334.4,14:00:13.846911677
1,2334.3,1,2334.4,14:00:13.846953606
1,2334.3,1,2334.4,14:00:13.847083529
2,2334.3,1,2334.4,14:00:13.847134218
2,2334.3,1,2334.4,14:00:13.847233856
2,2334.3,8,2334.5,14:00:13.847305156
2,2334.3,8,2334.5,14:00:13.847305156
2,2334.3,8,2334.5,14:00:13.894691927
3,2334.3,8,2334.5,14:00:13.894815683
4,2334.3,8,2334.5,14:00:13.894941974
4,2334.3,7,2334.5,14:00:13.894999360
3,2334.3,7,2334.5,14:00:14.076868713
2,2334.3,7,2334.5,14:00:14.183949377
2,2334.3,1,2334.4,14:00:14.184123492
1,2334.3,1,2334.4,14:00:14.184250071
1,2334.3,1,2334.4,14:00:14.184367276
2,2334.3,1,2334.4,14:00:14.192831099
2,2334.3,7,2334.5,14:00:14.192968557
2,2334.3,7,2334.5,14:00:14.192968557
3,2334.3,7,2334.5,14:00:14.193220671
3,2334.3,7,2334.5,14:00:14.248067886
4,2334.3,7,2334.5,14:00:14.248198007
5,2334.3,7,2334.5,14:00:14.248312787
6,2334.3,7,2334.5,14:00:14.309617289
6,2334.3,6,2334.5,14:00:14.309636540
6,2334.3,6,2334.5,14:00:14.309773445
6,2334.3,5,2334.5,14:00:14.310075087
6,2334.3,4,2334.5,14:00:14.310184602
6,2334.3,3,2334.5,14:00:14.310203953
1,2334.4,3,2334.5,14:00:14.310339532
2,2334.4,3,2334.5,14:00:14.310744707
3,2334.4,3,2334.5,14:00:14.310838094
2,2334.4,3,2334.5,14:00:14.310856216
2,2334.4,2,2334.5,14:00:14.310897072
2,2334.4,1,2334.5,14:00:14.310922812
2,2334.4,1,2334.5,14:00:14.310956682
2,2334.4,1,2334.5,14:00:14.310996628
2,2334.4,1,2334.5,14:00:14.311333867
2,2334.4,12,2334.6,14:00:14.311387269
2,2334.4,12,2334.6,14:00:14.311387269
2,2334.4,12,2334.6,14:00:14.311527059
2,2334.4,12,2334.6,14:00:14.311574327
2,2334.4,12,2334.6,14:00:14.311754529
3,2334.4,12,2334.6,14:00:14.318233687
4,2334.4,12,2334.6,14:00:14.318348015
4,2334.4,12,2334.6,14:00:14.322232186
4,2334.4,11,2334.6,14:00:14.362211800
3,2334.4,11,2334.6,14:00:14.614689542
2,2334.4,11,2334.6,14:00:14.614824086
1,2334.4,11,2334.6,14:00:14.614936865
1,2334.4,1,2334.5,14:00:14.615168907
1,2334.4,1,2334.5,14:00:14.615325653
2,2334.4,1,2334.5,14:00:14.652022164
2,2334.4,11,2334.6,14:00:14.671920611
2,2334.4,11,2334.6,14:00:14.671920611
2,2334.4,11,2334.6,14:00:14.672032607
2,2334.4,10,2334.6,14:00:14.678045506
2,2334.4,9,2334.6,14:00:14.881831641
3,2334.4,9,2334.6,14:00:14.883425951
3,2334.4,8,2334.6,14:00:14.884155624
3,2334.4,7,2334.6,14:00:14.884191327
4,2334.4,7,2334.6,14:00:14.884218659
4,2334.4,6,2334.6,14:00:14.884492645
1,2334.5,6,2334.6,14:00:14.884628507
1,2334.5,5,2334.6,14:00:14.884758814
1,2334.5,5,2334.6,14:00:14.884814428
1,2334.5,5,2334.6,14:00:14.884834722
1,2334.5,5,2334.6,14:00:14.895318112
1,2334.5,5,2334.6,14:00:14.955044463
5,2334.4,5,2334.6,14:00:15.026439219
5,2334.4,22,2334.5,14:00:15.026439219
5,2334.4,22,2334.5,14:00:15.026439219
5,2334.4,22,2334.5,14:00:15.026517809
5,2334.4,22,2334.5,14:00:15.026647925
1,2334.4,22,2334.5,14:00:15.026816103
1,2334.4,22,2334.5,14:00:15.026843103
8,2334.3,22,2334.5,14:00:15.026935361
8,2334.3,22,2334.5,14:00:15.026935361
8,2334.3,22,2334.5,14:00:15.027146383
7,2334.3,22,2334.5,14:00:15.027177400
7,2334.3,22,2334.5,14:00:15.027191788
6,2334.3,22,2334.5,14:00:15.027353177
6,2334.3,1,2334.4,14:00:15.027403565
6,2334.3,1,2334.4,14:00:15.027666309
6,2334.3,2,2334.4,14:00:15.027721546
5,2334.3,2,2334.4,14:00:15.027776456
5,2334.3,3,2334.4,14:00:15.027841225
4,2334.3,3,2334.4,14:00:15.027920798
4,2334.3,3,2334.4,14:00:15.027934036
4,2334.3,3,2334.4,14:00:15.027949141
3,2334.3,3,2334.4,14:00:15.027973474
3,2334.3,3,2334.4,14:00:15.028012624
3,2334.3,3,2334.4,14:00:15.028026182
2,2334.3,3,2334.4,14:00:15.028049690
2,2334.3,3,2334.4,14:00:15.028063802
2,2334.3,3,2334.4,14:00:15.028076830
2,2334.3,3,2334.4,14:00:15.028106030
1,2334.3,3,2334.4,14:00:15.028199497
1,2334.3,3,2334.4,14:00:15.028350826
1,2334.3,3,2334.4,14:00:15.028383047
6,2334.2,3,2334.4,14:00:15.028465663
6,2334.2,3,2334.4,14:00:15.028465663
5,2334.2,3,2334.4,14:00:15.028697998
5,2334.2,3,2334.4,14:00:15.028702955
5,2334.2,3,2334.4,14:00:15.028708180
5,2334.2,3,2334.4,14:00:15.028841939
5,2334.2,3,2334.4,14:00:15.028905064
4,2334.2,3,2334.4,14:00:15.028944642
4,2334.2,4,2334.4,14:00:15.093221380
3,2334.2,4,2334.4,14:00:15.093245512
3,2334.2,4,2334.4,14:00:15.093373108
3,2334.2,4,2334.4,14:00:15.093485848
3,2334.2,4,2334.4,14:00:15.100220030
3,2334.2,4,2334.4,14:00:15.114388822
3,2334.2,4,2334.4,14:00:15.114517372
3,2334.2,3,2334.4,14:00:15.153448142
3,2334.2,3,2334.4,14:00:15.153584818
3,2334.2,3,2334.4,14:00:15.153599004
3,2334.2,4,2334.4,14:00:15.271962425
3,2334.2,5,2334.4,14:00:15.272075947
3,2334.2,5,2334.4,14:00:15.272205361
3,2334.2,5,2334.4,14:00:15.281250839
3,2334.2,5,2334.4,14:00:17.410927334
3,2334.2,6,2334.4,14:00:17.411200690
3,2334.2,1,2334.3,14:00:17.411347025
2,2334.2,1,2334.3,14:00:17.411387413
2,2334.2,1,2334.3,14:00:17.411513172
1,2334.2,1,2334.3,14:00:17.411597007
1,2334.2,6,2334.4,14:00:17.411719180
1,2334.2,6,2334.4,14:00:17.411719180
1,2334.2,6,2334.4,14:00:17.411737948
2,2334.2,6,2334.4,14:00:17.411813300
3,2334.2,6,2334.4,14:00:17.411874690
4,2334.2,6,2334.4,14:00:17.411916950
4,2334.2,5,2334.4,14:00:17.411971476
4,2334.2,4,2334.4,14:00:17.412042831
4,2334.2,4,2334.4,14:00:17.412178626
4,2334.2,3,2334.4,14:00:17.412200831
1,2334.3,3,2334.4,14:00:17.412334069
1,2334.3,2,2334.4,14:00:17.412462174
1,2334.3,2,2334.4,14:00:17.412494808
1,2334.3,2,2334.4,14:00:17.412607547
1,2334.3,2,2334.4,14:00:17.412660300
1,2334.3,2,2334.4,14:00:17.424333991
2,2334.3,2,2334.4,14:00:17.424464388
2,2334.3,1,2334.4,14:00:17.424882450
2,2334.3,26,2334.5,14:00:17.425042239
2,2334.3,26,2334.5,14:00:17.425042239
2,2334.3,26,2334.5,14:00:17.425180092
3,2334.3,26,2334.5,14:00:17.425204342
3,2334.3,26,2334.5,14:00:17.425445950
3,2334.3,26,2334.5,14:00:17.591262164
3,2334.3,26,2334.5,14:00:17.601841229
4,2334.3,26,2334.5,14:00:17.608337049
5,2334.3,26,2334.5,14:00:17.608487226
5,2334.3,25,2334.5,14:00:17.609570374
6,2334.3,25,2334.5,14:00:17.619767089
6,2334.3,25,2334.5,14:00:17.619833064
6,2334.3,24,2334.5,14:00:17.664218746
6,2334.3,23,2334.5,14:00:17.664390543
1,2334.4,23,2334.5,14:00:17.664530497
1,2334.4,23,2334.5,14:00:17.664716191
1,2334.4,23,2334.5,14:00:17.664757318
1,2334.4,23,2334.5,14:00:17.664885337
7,2334.3,23,2334.5,14:00:17.677344916
7,2334.3,23,2334.5,14:00:17.677344916
7,2334.3,23,2334.5,14:00:17.692936949
8,2334.3,23,2334.5,14:00:17.815160847
8,2334.3,23,2334.5,14:00:17.815287458
7,2334.3,23,2334.5,14:00:18.200594032
7,2334.3,24,2334.5,14:00:18.200699693
6,2334.3,24,2334.5,14:00:18.200749594
6,2334.3,23,2334.5,14:00:19.697591055
1,2334.4,23,2334.5,14:00:19.697734513
1,2334.4,23,2334.5,14:00:19.697885505
2,2334.4,23,2334.5,14:00:19.697926687
3,2334.4,23,2334.5,14:00:19.697957158
4,2334.4,23,2334.5,14:00:19.697994316
4,2334.4,23,2334.5,14:00:19.697994316
4,2334.4,23,2334.5,14:00:19.698216434
5,2334.4,23,2334.5,14:00:19.698410355
5,2334.4,23,2334.5,14:00:19.698441565
4,2334.4,23,2334.5,14:00:19.709352601
3,2334.4,23,2334.5,14:00:19.709497419
3,2334.4,23,2334.5,14:00:19.709609275
3,2334.4,23,2334.5,14:00:19.955053353
2,2334.4,23,2334.5,14:00:20.481631509
3,2334.4,23,2334.5,14:00:20.485324706
4,2334.4,23,2334.5,14:00:20.485407095
5,2334.4,23,2334.5,14:00:20.485442062
5,2334.4,23,2334.5,14:00:20.485647254
5,2334.4,23,2334.5,14:00:20.489988471
5,2334.4,23,2334.5,14:00:20.525790130
4,2334.4,23,2334.5,14:00:20.525916526
3,2334.4,23,2334.5,14:00:20.526079832
3,2334.4,23,2334.5,14:00:20.526203381
3,2334.4,22,2334.5,14:00:20.669109309
3,2334.4,22,2334.5,14:00:20.669109309
3,2334.4,22,2334.5,14:00:20.669109309
3,2334.4,22,2334.5,14:00:20.669113553
3,2334.4,22,2334.5,14:00:20.669127976
4,2334.4,22,2334.5,14:00:20.669189145
4,2334.4,22,2334.5,14:00:20.669338025
4,2334.4,22,2334.5,14:00:20.676888126
4,2334.4,21,2334.5,14:00:20.765441233
3,2334.4,21,2334.5,14:00:20.765555378
3,2334.4,8,2334.6,14:00:20.765800181
3,2334.4,8,2334.6,14:00:20.765800181
3,2334.5,8,2334.6,14:00:20.765818309
3,2334.5,8,2334.6,14:00:20.766017571
4,2334.5,8,2334.6,14:00:20.766021101
4,2334.5,7,2334.6,14:00:20.766059661
4,2334.5,7,2334.6,14:00:20.766155644
4,2334.5,7,2334.6,14:00:20.766255732
4,2334.5,7,2334.6,14:00:20.766255732
4,2334.5,6,2334.6,14:00:20.766255732
5,2334.5,6,2334.6,14:00:20.766313574
6,2334.5,6,2334.6,14:00:20.766478931
6,2334.5,6,2334.6,14:00:20.766614159
6,2334.5,6,2334.6,14:00:20.766627769
6,2334.5,6,2334.6,14:00:20.766654470
6,2334.5,5,2334.6,14:00:20.766751444
6,2334.5,4,2334.6,14:00:20.766790142
6,2334.5,4,2334.6,14:00:20.766867668
7,2334.5,4,2334.6,14:00:20.766888117
8,2334.5,4,2334.6,14:00:20.766905733
8,2334.5,4,2334.6,14:00:20.766905733
9,2334.5,4,2334.6,14:00:20.766937419
9,2334.5,3,2334.6,14:00:20.767009360
9,2334.5,2,2334.6,14:00:20.767076063
9,2334.5,2,2334.6,14:00:20.767505380
9,2334.5,2,2334.6,14:00:20.767524597
9,2334.5,2,2334.6,14:00:20.767695128
9,2334.5,1,2334.6,14:00:20.767740066
9,2334.5,8,2334.7,14:00:20.767797632
9,2334.5,8,2334.7,14:00:20.767797632
9,2334.5,7,2334.7,14:00:20.767859528
1,2334.6,7,2334.7,14:00:20.768172331
1,2334.6,7,2334.7,14:00:20.768172331
1,2334.6,6,2334.7,14:00:20.768454673
1,2334.6,6,2334.7,14:00:20.768467921
1,2334.6,6,2334.7,14:00:20.768485031
1,2334.6,6,2334.7,14:00:20.768497963
2,2334.6,6,2334.7,14:00:20.768541420
2,2334.6,6,2334.7,14:00:20.768546832
2,2334.6,6,2334.7,14:00:20.768604842
2,2334.6,6,2334.7,14:00:20.768636011
2,2334.6,6,2334.7,14:00:20.768983944
2,2334.6,5,2334.7,14:00:20.768992120
2,2334.6,4,2334.7,14:00:20.769010716
2,2334.6,4,2334.7,14:00:20.769026269
2,2334.6,4,2334.7,14:00:20.769048061
1,2334.6,4,2334.7,14:00:20.769238451
1,2334.6,4,2334.7,14:00:20.769428184
10,2334.5,4,2334.7,14:00:20.769558359
10,2334.5,4,2334.7,14:00:20.769558359
9,2334.5,4,2334.7,14:00:20.769639624
8,2334.5,4,2334.7,14:00:20.769681088
8,2334.5,5,2334.7,14:00:20.769755799
8,2334.5,6,2334.7,14:00:20.769775045
8,2334.5,6,2334.7,14:00:20.769919429
7,2334.5,6,2334.7,14:00:20.769938069
6,2334.5,6,2334.7,14:00:20.769957621
6,2334.5,1,2334.6,14:00:20.770064206
6,2334.5,1,2334.6,14:00:20.770387909
6,2334.5,6,2334.7,14:00:20.770571527
6,2334.5,6,2334.7,14:00:20.770571527
6,2334.5,6,2334.7,14:00:20.771187573
7,2334.5,6,2334.7,14:00:20.771329861
7,2334.5,5,2334.7,14:00:20.771368715
7,2334.5,4,2334.7,14:00:20.771743635
8,2334.5,4,2334.7,14:00:20.774173104
8,2334.5,3,2334.7,14:00:20.834723299
1,2334.6,3,2334.7,14:00:20.834883599
1,2334.6,2,2334.7,14:00:20.834907987
1,2334.6,2,2334.7,14:00:20.835301262
1,2334.6,2,2334.7,14:00:20.835319867
1,2334.6,2,2334.7,14:00:20.845525696
1,2334.6,4,2334.7,14:00:20.867095967
10,2334.5,4,2334.7,14:00:20.867220763
10,2334.5,4,2334.7,14:00:20.867220763
10,2334.5,5,2334.7,14:00:20.946797462
9,2334.5,5,2334.7,14:00:20.946912028
9,2334.5,5,2334.7,14:00:20.955031676
8,2334.5,5,2334.7,14:00:21.065873191
8,2334.5,6,2334.7,14:00:21.066007162
7,2334.5,6,2334.7,14:00:21.066051188
6,2334.5,6,2334.7,14:00:21.066155445
6,2334.5,6,2334.7,14:00:21.066210305
5,2334.5,6,2334.7,14:00:21.201058637
5,2334.5,1,2334.6,14:00:21.202610760
5,2334.5,1,2334.6,14:00:21.202762661
5,2334.5,3,2334.6,14:00:21.202808973
5,2334.5,3,2334.6,14:00:21.202808973
5,2334.5,3,2334.6,14:00:21.202823597
5,2334.5,2,2334.6,14:00:21.202989025
5,2334.5,2,2334.6,14:00:21.203028523
15,2334.5,2,2334.6,14:00:21.351397693
15,2334.5,6,2334.7,14:00:21.351674538
15,2334.5,6,2334.7,14:00:21.351674538
15,2334.5,12,2334.8,14:00:21.351950450
15,2334.5,12,2334.8,14:00:21.351950450
1,2334.6,12,2334.8,14:00:21.351967053
4,2334.6,12,2334.8,14:00:21.352068334
4,2334.6,12,2334.8,14:00:21.352099782
5,2334.6,12,2334.8,14:00:21.352144516
5,2334.6,12,2334.8,14:00:21.352239608
6,2334.6,12,2334.8,14:00:21.352352618
6,2334.6,12,2334.8,14:00:21.352483361
7,2334.6,12,2334.8,14:00:21.352504858
8,2334.6,12,2334.8,14:00:21.352540312
8,2334.6,12,2334.8,14:00:21.352553196
8,2334.6,10,2334.8,14:00:21.352597692
8,2334.6,10,2334.8,14:00:21.352639501
8,2334.6,10,2334.8,14:00:21.352650516
8,2334.6,9,2334.8,14:00:21.352739497
8,2334.6,9,2334.8,14:00:21.352774221
8,2334.6,8,2334.8,14:00:21.352827239
5,2334.6,8,2334.8,14:00:21.352849937
6,2334.6,8,2334.8,14:00:21.352905631
6,2334.6,8,2334.8,14:00:21.352916470
1,2334.7,8,2334.8,14:00:21.352947724
1,2334.7,7,2334.8,14:00:21.353031451
1,2334.7,7,2334.8,14:00:21.353066255
1,2334.7,7,2334.8,14:00:21.353135146
1,2334.7,6,2334.8,14:00:21.353297556
1,2334.7,6,2334.8,14:00:21.353327192
1,2334.7,6,2334.8,14:00:21.353340786
1,2334.7,6,2334.8,14:00:21.353357112
1,2334.7,6,2334.8,14:00:21.353387529
1,2334.7,5,2334.8,14:00:21.353423350
1,2334.7,5,2334.8,14:00:21.353435604
1,2334.7,5,2334.8,14:00:21.353451482
1,2334.7,5,2334.8,14:00:21.353466481
1,2334.7,4,2334.8,14:00:21.353492772
1,2334.7,4,2334.8,14:00:21.353507004
1,2334.7,4,2334.8,14:00:21.353522882
1,2334.7,4,2334.8,14:00:21.353555814
1,2334.7,4,2334.8,14:00:21.353666271
1,2334.7,3,2334.8,14:00:21.353883660
1,2334.7,3,2334.8,14:00:21.353936721
1,2334.7,2,2334.8,14:00:21.354157071
1,2334.7,2,2334.8,14:00:21.354314386
1,2334.7,3,2334.8,14:00:21.356447207
6,2334.6,3,2334.8,14:00:21.367121828
6,2334.6,3,2334.8,14:00:21.367121828
6,2334.6,4,2334.8,14:00:21.367229843
5,2334.6,4,2334.8,14:00:21.367265600
5,2334.6,5,2334.8,14:00:21.367347010
5,2334.6,5,2334.8,14:00:21.368878187
5,2334.6,5,2334.8,14:00:21.439339115
5,2334.6,5,2334.8,14:00:21.439352347
6,2334.6,5,2334.8,14:00:21.578333696
6,2334.6,4,2334.8,14:00:21.578442905
1,2334.7,4,2334.8,14:00:21.578593589
1,2334.7,3,2334.8,14:00:21.578766290
1,2334.7,3,2334.8,14:00:21.578814259
1,2334.7,3,2334.8,14:00:21.578930972
1,2334.7,3,2334.8,14:00:21.688302601
2,2334.7,3,2334.8,14:00:22.063341856
3,2334.7,3,2334.8,14:00:22.063466626
3,2334.7,2,2334.8,14:00:22.063509863
3,2334.7,2,2334.8,14:00:22.063524327
3,2334.7,2,2334.8,14:00:22.063651991
3,2334.7,2,2334.8,14:00:22.100707699
3,2334.7,1,2334.8,14:00:22.108469888
3,2334.7,10,2334.9,14:00:22.108895410
3,2334.7,10,2334.9,14:00:22.108895410
3,2334.7,10,2334.9,14:00:22.109107808
3,2334.7,10,2334.9,14:00:22.109134215
3,2334.7,10,2334.9,14:00:22.111284345
4,2334.7,10,2334.9,14:00:22.125399882
5,2334.7,10,2334.9,14:00:22.125532905
5,2334.7,10,2334.9,14:00:22.125559945
5,2334.7,10,2334.9,14:00:22.129638965
5,2334.7,10,2334.9,14:00:22.129638965
4,2334.7,10,2334.9,14:00:22.600279171
4,2334.7,1,2334.8,14:00:22.600415897
4,2334.7,1,2334.8,14:00:22.600450660
3,2334.7,1,2334.8,14:00:22.600647928
3,2334.7,1,2334.8,14:00:22.600756554
3,2334.7,1,2334.8,14:00:22.602013569
3,2334.7,11,2334.9,14:00:22.883013732
3,2334.7,11,2334.9,14:00:22.883013732
4,2334.7,11,2334.9,14:00:22.883147201
4,2334.7,11,2334.9,14:00:22.883219423
4,2334.7,10,2334.9,14:00:22.883263821
5,2334.7,10,2334.9,14:00:22.883319204
5,2334.7,9,2334.9,14:00:22.910105607
5,2334.7,8,2334.9,14:00:22.910200250
5,2334.7,7,2334.9,14:00:22.910215097
5,2334.7,6,2334.9,14:00:22.910270868
6,2334.7,6,2334.9,14:00:22.910292655
5,2334.7,6,2334.9,14:00:22.910346620
5,2334.7,6,2334.9,14:00:22.910420641
5,2334.7,7,2334.9,14:00:22.910454299
4,2334.7,7,2334.9,14:00:22.910567664
5,2334.7,7,2334.9,14:00:22.910735249
5,2334.7,7,2334.9,14:00:22.920933589
5,2334.7,7,2334.9,14:00:22.947608095
5,2334.7,5,2334.9,14:00:23.343439892
1,2334.8,5,2334.9,14:00:23.343544249
2,2334.8,5,2334.9,14:00:23.343561063
2,2334.8,5,2334.9,14:00:23.343633505
2,2334.8,5,2334.9,14:00:23.343790031
2,2334.8,5,2334.9,14:00:23.343803637
2,2334.8,5,2334.9,14:00:23.343825887
2,2334.8,4,2334.9,14:00:23.343862317
1,2334.8,4,2334.9,14:00:23.343883910
1,2334.8,4,2334.9,14:00:23.343899796
1,2334.8,4,2334.9,14:00:23.343915879
1,2334.8,4,2334.9,14:00:23.344006627
1,2334.8,4,2334.9,14:00:23.459906890
6,2334.7,4,2334.9,14:00:23.460031538
6,2334.7,4,2334.9,14:00:23.460031538
1,2334.8,4,2334.9,14:00:23.460190484
1,2334.8,4,2334.9,14:00:23.771852879
6,2334.7,4,2334.9,14:00:23.944028322
6,2334.7,4,2334.9,14:00:23.944028322
6,2334.7,5,2334.9,14:00:23.944052623
5,2334.7,5,2334.9,14:00:23.944139041
5,2334.7,6,2334.9,14:00:23.944212226
4,2334.7,6,2334.9,14:00:23.944279306
4,2334.7,6,2334.9,14:00:23.957258435
5,2334.7,6,2334.9,14:00:24.008824519
7,2334.7,6,2334.9,14:00:24.025417693
7,2334.7,5,2334.9,14:00:24.025541221
7,2334.7,4,2334.9,14:00:24.025575440
8,2334.7,4,2334.9,14:00:24.025592550
8,2334.7,3,2334.9,14:00:24.025713506
1,2334.8,3,2334.9,14:00:24.025755357
2,2334.8,3,2334.9,14:00:24.025846825
2,2334.8,3,2334.9,14:00:24.025909356
2,2334.8,2,2334.9,14:00:24.025931603
2,2334.8,2,2334.9,14:00:24.075688519
2,2334.8,3,2334.9,14:00:24.162999753
1,2334.8,3,2334.9,14:00:24.163030064
3,2334.8,3,2334.9,14:00:24.455264864
3,2334.8,2,2334.9,14:00:24.455433419
3,2334.8,2,2334.9,14:00:24.579809807
4,2334.8,2,2334.9,14:00:24.887312266
4,2334.8,2,2334.9,14:00:24.887442916
5,2334.8,2,2334.9,14:00:24.887462859
5,2334.8,2,2334.9,14:00:24.950493782
4,2334.8,2,2334.9,14:00:25.193922580
4,2334.8,2,2334.9,14:00:25.671874760
4,2334.8,2,2334.9,14:00:26.156197871
3,2334.8,2,2334.9,14:00:26.156332767
3,2334.8,3,2334.9,14:00:26.156349896
7,2334.7,3,2334.9,14:00:26.156642120
7,2334.7,3,2334.9,14:00:26.156642120
7,2334.7,4,2334.9,14:00:26.156897485
7,2334.7,5,2334.9,14:00:26.156946673
7,2334.7,6,2334.9,14:00:26.156970408
6,2334.7,6,2334.9,14:00:26.157109364
5,2334.7,6,2334.9,14:00:26.157135765
5,2334.7,6,2334.9,14:00:26.157181308
1,2334.8,6,2334.9,14:00:26.157239844
5,2334.7,6,2334.9,14:00:26.157279845
5,2334.7,6,2334.9,14:00:26.157279845
4,2334.7,6,2334.9,14:00:26.157304789
3,2334.7,6,2334.9,14:00:26.157332080
3,2334.7,5,2334.9,14:00:26.157365693
4,2334.7,5,2334.9,14:00:26.157387056
5,2334.7,5,2334.9,14:00:26.157442341
6,2334.7,5,2334.9,14:00:26.157457980
7,2334.7,5,2334.9,14:00:26.157476623
7,2334.7,4,2334.9,14:00:26.157662233
7,2334.7,3,2334.9,14:00:26.157738163
1,2334.8,3,2334.9,14:00:26.157879207
2,2334.8,3,2334.9,14:00:26.158038826
2,2334.8,3,2334.9,14:00:26.160888289
3,2334.8,3,2334.9,14:00:26.160911886
4,2334.8,3,2334.9,14:00:26.160950930
4,2334.8,3,2334.9,14:00:26.161055723
4,2334.8,2,2334.9,14:00:26.161281829
5,2334.8,2,2334.9,14:00:26.161416632
4,2334.8,2,2334.9,14:00:26.161533780
3,2334.8,2,2334.9,14:00:26.164777026
2,2334.8,2,2334.9,14:00:26.168609197
3,2334.8,2,2334.9,14:00:26.280650943
3,2334.8,1,2334.9,14:00:26.280931874
4,2334.8,1,2334.9,14:00:26.281059384
5,2334.8,1,2334.9,14:00:26.281078725
5,2334.8,1,2334.9,14:00:26.285781380
4,2334.8,1,2334.9,14:00:26.312316024
3,2334.8,1,2334.9,14:00:26.312434721
3,2334.8,1,2334.9,14:00:26.323377640
2,2334.8,1,2334.9,14:00:26.940012747
2,2334.8,2,2334.9,14:00:26.940164536
2,2334.8,3,2334.9,14:00:26.940231174
2,2334.8,3,2334.9,14:00:26.940262495
1,2334.8,3,2334.9,14:00:26.940317482
1,2334.8,4,2334.9,14:00:26.940354888
1,2334.8,5,2334.9,14:00:26.940484199
7,2334.7,5,2334.9,14:00:26.940883334
7,2334.7,5,2334.9,14:00:26.940883334
7,2334.7,6,2334.9,14:00:26.940905459
7,2334.7,5,2334.9,14:00:26.940922010
7,2334.7,5,2334.9,14:00:26.940968990
2,2334.8,5,2334.9,14:00:26.941076672
2,2334.8,5,2334.9,14:00:26.941134599
2,2334.8,6,2334.9,14:00:26.941174764
2,2334.8,6,2334.9,14:00:26.941227952
2,2334.8,5,2334.9,14:00:26.941325391
5,2334.7,5,2334.9,14:00:26.941362249
5,2334.7,5,2334.9,14:00:26.941362249
6,2334.7,5,2334.9,14:00:26.941523763
1,2334.8,5,2334.9,14:00:26.941674511
1,2334.8,4,2334.9,14:00:26.942111288
2,2334.8,4,2334.9,14:00:26.948408013
2,2334.8,3,2334.9,14:00:26.948520131
2,2334.8,2,2334.9,14:00:26.948575249
2,2334.8,1,2334.9,14:00:26.948657590
2,2334.8,1,2334.9,14:00:26.948668442
2,2334.8,1,2334.9,14:00:26.991847611
3,2334.8,1,2334.9,14:00:27.298215678
4,2334.8,1,2334.9,14:00:27.490013841
4,2334.8,11,2335.0,14:00:27.490130624
4,2334.8,11,2335.0,14:00:27.490130624
5,2334.8,11,2335.0,14:00:27.490148189
5,2334.8,11,2335.0,14:00:27.490251944
5,2334.8,11,2335.0,14:00:27.490351584
5,2334.8,9,2335.0,14:00:27.490386392
5,2334.8,9,2335.0,14:00:27.490400287
5,2334.8,9,2335.0,14:00:27.490412530
5,2334.8,9,2335.0,14:00:27.490461414
5,2334.8,8,2335.0,14:00:27.490495729
5,2334.8,8,2335.0,14:00:27.490528446
5,2334.8,8,2335.0,14:00:27.490872988
6,2334.8,8,2335.0,14:00:27.491012008
6,2334.8,7,2335.0,14:00:27.493307628
6,2334.8,6,2335.0,14:00:27.493511396
1,2334.9,6,2335.0,14:00:27.493642994
1,2334.9,6,2335.0,14:00:27.493778294
1,2334.9,6,2335.0,14:00:27.493814666
1,2334.9,5,2335.0,14:00:27.493870401
1,2334.9,5,2335.0,14:00:27.494212204
1,2334.9,5,2335.0,14:00:27.494228780
2,2334.9,5,2335.0,14:00:27.499875953
2,2334.9,5,2335.0,14:00:27.503887574
2,2334.9,5,2335.0,14:00:27.503887574
2,2334.9,5,2335.0,14:00:27.505317715
3,2334.9,5,2335.0,14:00:27.505460511
3,2334.9,5,2335.0,14:00:27.505742226
3,2334.9,4,2335.0,14:00:27.507435799
3,2334.9,4,2335.0,14:00:27.508215444
3,2334.9,3,2335.0,14:00:27.509461389
3,2334.9,3,2335.0,14:00:27.509495655
3,2334.9,2,2335.0,14:00:27.509570876
3,2334.9,1,2335.0,14:00:27.509718805
4,2334.9,1,2335.0,14:00:27.510170408
4,2334.9,1,2335.0,14:00:27.510182293
5,2334.9,1,2335.0,14:00:27.510211266
5,2334.9,1,2335.0,14:00:27.510349214
5,2334.9,15,2335.1,14:00:27.510402294
5,2334.9,15,2335.1,14:00:27.510402294
5,2334.9,14,2335.1,14:00:27.510722915
6,2334.9,14,2335.1,14:00:27.510854204
6,2334.9,14,2335.1,14:00:27.510864928
5,2334.9,14,2335.1,14:00:27.511066381
5,2334.9,14,2335.1,14:00:27.511127355
5,2334.9,14,2335.1,14:00:27.511148149
1,2335.0,14,2335.1,14:00:27.511389914
1,2335.0,14,2335.1,14:00:27.511411825
1,2335.0,13,2335.1,14:00:27.511502940
1,2335.0,13,2335.1,14:00:27.511515239
1,2335.0,13,2335.1,14:00:27.511530740
1,2335.0,13,2335.1,14:00:27.511546068
1,2335.0,13,2335.1,14:00:27.511617733
1,2335.0,12,2335.1,14:00:27.511645868
1,2335.0,11,2335.1,14:00:27.511662403
1,2335.0,11,2335.1,14:00:27.512093538
1,2335.0,11,2335.1,14:00:27.512230792
7,2334.9,11,2335.1,14:00:27.512413938
7,2334.9,11,2335.1,14:00:27.512413938
7,2334.9,12,2335.1,14:00:27.512502372
7,2334.9,1,2335.0,14:00:27.512526030
6,2334.9,1,2335.0,14:00:27.512550117
5,2334.9,1,2335.0,14:00:27.512649796
5,2334.9,1,2335.0,14:00:27.512662244
5,2334.9,1,2335.0,14:00:27.512677095
5,2334.9,1,2335.0,14:00:27.512780531
5,2334.9,1,2335.0,14:00:27.517962882
5,2334.9,1,2335.0,14:00:27.528048580
4,2334.9,1,2335.0,14:00:27.539044489
4,2334.9,1,2335.0,14:00:27.539167208
3,2334.9,1,2335.0,14:00:27.539634053
3,2334.9,1,2335.0,14:00:27.541304320
3,2334.9,1,2335.0,14:00:27.618282401
2,2334.9,1,2335.0,14:00:27.704272820
2,2334.9,2,2335.0,14:00:27.704391937
2,2334.9,3,2335.0,14:00:27.704487187
2,2334.9,3,2335.0,14:00:27.704502508
1,2334.9,3,2335.0,14:00:27.704637254
1,2334.9,2,2335.0,14:00:27.704704766
1,2334.9,2,2335.0,14:00:27.704777883
1,2334.9,1,2335.0,14:00:27.704858106
1,2334.9,1,2335.0,14:00:27.704984435
1,2334.9,2,2335.0,14:00:27.716151896
1,2334.9,2,2335.0,14:00:27.736171242
6,2334.8,2,2335.0,14:00:27.780917157
6,2334.8,2,2335.0,14:00:27.780917157
6,2334.8,3,2335.0,14:00:27.781045317
6,2334.8,4,2335.0,14:00:27.781072901
6,2334.8,5,2335.0,14:00:27.781091368
6,2334.8,5,2335.0,14:00:27.781264818
6,2334.8,5,2335.0,14:00:27.781270998
5,2334.8,5,2335.0,14:00:27.781375327
5,2334.8,5,2335.0,14:00:27.802225511
6,2334.8,5,2335.0,14:00:27.935919151
6,2334.8,5,2335.0,14:00:27.936069039
6,2334.8,1,2334.9,14:00:28.000617473
6,2334.8,1,2334.9,14:00:28.000744666
6,2334.8,5,2335.0,14:00:28.000882883
6,2334.8,5,2335.0,14:00:28.000882883
6,2334.8,5,2335.0,14:00:28.000912048
6,2334.8,4,2335.0,14:00:28.001013519
6,2334.8,4,2335.0,14:00:28.001319574
6,2334.8,3,2335.0,14:00:28.008735128
6,2334.8,2,2335.0,14:00:28.009090096
6,2334.8,3,2335.0,14:00:28.021576185
6,2334.8,4,2335.0,14:00:28.063316967
6,2334.8,4,2335.0,14:00:28.138473465
6,2334.8,3,2335.0,14:00:28.159329164
6,2334.8,3,2335.0,14:00:28.159329164
6,2334.8,3,2335.0,14:00:28.159329164
6,2334.8,3,2335.0,14:00:28.159329164
6,2334.8,2,2335.0,14:00:28.159391038
1,2334.9,2,2335.0,14:00:28.159435173
2,2334.9,2,2335.0,14:00:28.159508214
2,2334.9,1,2335.0,14:00:28.159643174
2,2334.9,12,2335.1,14:00:28.159703511
2,2334.9,12,2335.1,14:00:28.159703511
2,2334.9,11,2335.1,14:00:28.159733080
3,2334.9,11,2335.1,14:00:28.159898865
2,2334.9,11,2335.1,14:00:28.159956585
2,2334.9,11,2335.1,14:00:28.160045115
2,2334.9,11,2335.1,14:00:28.160163142
3,2334.9,11,2335.1,14:00:28.160424591
4,2334.9,11,2335.1,14:00:28.160476339
1,2335.0,11,2335.1,14:00:28.160702750
1,2335.0,10,2335.1,14:00:28.161848485
1,2335.0,10,2335.1,14:00:28.162333948
1,2335.0,10,2335.1,14:00:28.162450399
1,2335.0,10,2335.1,14:00:28.170603850
1,2335.0,10,2335.1,14:00:28.172972883
1,2335.0,9,2335.1,14:00:28.173589767
2,2335.0,9,2335.1,14:00:28.173761395
2,2335.0,8,2335.1,14:00:28.173774173
3,2335.0,8,2335.1,14:00:28.173797681
3,2335.0,7,2335.1,14:00:28.173812503
3,2335.0,6,2335.1,14:00:28.173830885
2,2335.0,6,2335.1,14:00:28.173853733
2,2335.0,4,2335.1,14:00:28.173873823
2,2335.0,3,2335.1,14:00:28.173889929
2,2335.0,2,2335.1,14:00:28.174171618
2,2335.0,2,2335.1,14:00:28.179614720
3,2335.0,2,2335.1,14:00:28.194293593
3,2335.0,2,2335.1,14:00:28.194305525
3,2335.0,2,2335.1,14:00:28.194319301
3,2335.0,2,2335.1,14:00:28.194332725
2,2335.0,2,2335.1,14:00:28.194414917
2,2335.0,2,2335.1,14:00:28.194549758
2,2335.0,2,2335.1,14:00:28.236175063
2,2335.0,1,2335.1,14:00:28.236434928
3,2335.0,1,2335.1,14:00:28.236547276
4,2335.0,1,2335.1,14:00:28.236603952
4,2335.0,16,2335.2,14:00:28.236682965
4,2335.0,16,2335.2,14:00:28.236682965
4,2335.0,15,2335.2,14:00:28.236722089
4,2335.0,15,2335.2,14:00:28.236837281
4,2335.0,15,2335.2,14:00:28.236875062
4,2335.0,13,2335.2,14:00:28.236894777
4,2335.0,13,2335.2,14:00:28.236909001
4,2335.0,13,2335.2,14:00:28.236920666
5,2335.0,13,2335.2,14:00:28.236941844
5,2335.0,13,2335.2,14:00:28.237050747
5,2335.0,13,2335.2,14:00:28.237090237
5,2335.0,13,2335.2,14:00:28.237090237
5,2335.0,12,2335.2,14:00:28.237127738
5,2335.0,12,2335.2,14:00:28.237137515
5,2335.0,12,2335.2,14:00:28.237150113
5,2335.0,11,2335.2,14:00:28.237167214
5,2335.0,10,2335.2,14:00:28.255500897
1,2335.1,10,2335.2,14:00:28.255600877
2,2335.1,10,2335.2,14:00:28.255633980
3,2335.1,10,2335.2,14:00:28.255652617
3,2335.1,10,2335.2,14:00:28.255665958
3,2335.1,9,2335.2,14:00:28.255777731
3,2335.1,9,2335.2,14:00:28.255799226
3,2335.1,8,2335.2,14:00:28.255816996
3,2335.1,7,2335.2,14:00:28.255847848
2,2335.1,7,2335.2,14:00:28.263712433
1,2335.1,7,2335.2,14:00:28.279265288
6,2335.0,7,2335.2,14:00:28.279287266
6,2335.0,7,2335.2,14:00:28.279287266
6,2335.0,8,2335.2,14:00:28.279415595
5,2335.0,8,2335.2,14:00:28.279435452
5,2335.0,8,2335.2,14:00:28.279449426
4,2335.0,8,2335.2,14:00:28.279567617
4,2335.0,9,2335.2,14:00:28.299803194
4,2335.0,9,2335.2,14:00:28.371319046
6,2335.0,9,2335.2,14:00:28.421476591
7,2335.0,9,2335.2,14:00:28.427477753
8,2335.0,9,2335.2,14:00:28.525457956
8,2335.0,8,2335.2,14:00:28.525570243
8,2335.0,7,2335.2,14:00:28.525685295
8,2335.0,7,2335.2,14:00:28.666398676
9,2335.0,7,2335.2,14:00:28.666431915
9,2335.0,6,2335.2,14:00:28.676559137
1,2335.1,6,2335.2,14:00:28.676695687
1,2335.1,6,2335.2,14:00:28.677163028
2,2335.1,6,2335.2,14:00:28.677382975
2,2335.1,6,2335.2,14:00:28.677391167
4,2335.1,6,2335.2,14:00:28.727498369
4,2335.1,5,2335.2,14:00:28.735628228
3,2335.1,5,2335.2,14:00:28.740115532
3,2335.1,16,2335.3,14:00:28.740413816
3,2335.1,16,2335.3,14:00:28.740413816
1,2335.2,16,2335.3,14:00:28.740439471
1,2335.2,16,2335.3,14:00:28.740624234
1,2335.2,16,2335.3,14:00:28.740658369
1,2335.2,16,2335.3,14:00:28.740673703
1,2335.2,16,2335.3,14:00:28.740857697
1,2335.2,16,2335.3,14:00:28.740894882
1,2335.2,15,2335.3,14:00:28.741076060
1,2335.2,14,2335.3,14:00:28.741107869
1,2335.2,12,2335.3,14:00:28.741143860
1,2335.2,12,2335.3,14:00:28.741156606
1,2335.2,12,2335.3,14:00:28.741213112
1,2335.2,11,2335.3,14:00:28.741373393
1,2335.2,11,2335.3,14:00:28.741387253
1,2335.2,10,2335.3,14:00:28.741404194
1,2335.2,10,2335.3,14:00:28.741420997
1,2335.2,10,2335.3,14:00:28.741503652
1,2335.2,9,2335.3,14:00:28.741526882
1,2335.2,9,2335.3,14:00:28.741570931
1,2335.2,9,2335.3,14:00:28.741585363
1,2335.2,8,2335.3,14:00:28.741787422
6,2335.1,8,2335.3,14:00:28.751247884
6,2335.1,8,2335.3,14:00:28.751247884
6,2335.1,8,2335.3,14:00:28.751269257
6,2335.1,9,2335.3,14:00:28.751373069
6,2335.1,9,2335.3,14:00:28.751388860
5,2335.1,9,2335.3,14:00:28.751430830
4,2335.1,9,2335.3,14:00:28.751560905
4,2335.1,10,2335.3,14:00:28.789083724
4,2335.1,1,2335.2,14:00:28.789222447
4,2335.1,1,2335.2,14:00:28.789361368
4,2335.1,1,2335.2,14:00:28.789428278
3,2335.1,1,2335.2,14:00:28.789532892
3,2335.1,12,2335.3,14:00:28.795588649
3,2335.1,12,2335.3,14:00:28.795588649
3,2335.1,1,2335.2,14:00:28.795630202
4,2335.1,1,2335.2,14:00:28.795764663
5,2335.1,1,2335.2,14:00:28.795839493
5,2335.1,12,2335.3,14:00:28.795996530
5,2335.1,12,2335.3,14:00:28.795996530
1,2335.2,12,2335.3,14:00:28.796140382
1,2335.2,11,2335.3,14:00:28.796159279
2,2335.2,11,2335.3,14:00:28.796266727
2,2335.2,10,2335.3,14:00:28.796314799
2,2335.2,10,2335.3,14:00:28.796331297
2,2335.2,9,2335.3,14:00:28.796380181
2,2335.2,9,2335.3,14:00:28.796392505
2,2335.2,9,2335.3,14:00:28.796409184
2,2335.2,8,2335.3,14:00:28.796425517
2,2335.2,8,2335.3,14:00:28.796545171
2,2335.2,8,2335.3,14:00:28.796604545
3,2335.2,8,2335.3,14:00:28.806159714
3,2335.2,8,2335.3,14:00:28.806530794
3,2335.2,7,2335.3,14:00:28.806581607
3,2335.2,7,2335.3,14:00:28.806689626
3,2335.2,7,2335.3,14:00:28.806934910
3,2335.2,7,2335.3,14:00:28.955010357
4,2335.2,7,2335.3,14:00:29.114921057
4,2335.2,6,2335.3,14:00:29.119756818
4,2335.2,6,2335.3,14:00:29.119862030
5,2335.2,6,2335.3,14:00:29.119901058
5,2335.2,6,2335.3,14:00:29.119914393
5,2335.2,6,2335.3,14:00:29.120024737
4,2335.2,6,2335.3,14:00:29.120148669
4,2335.2,6,2335.3,14:00:29.220508716
5,2335.2,6,2335.3,14:00:29.224874206
5,2335.2,6,2335.3,14:00:29.545011725
5,2335.2,6,2335.3,14:00:29.955059517
6,2335.2,6,2335.3,14:00:30.027901606
7,2335.2,6,2335.3,14:00:31.025040844
7,2335.2,4,2335.3,14:00:31.025341720
7,2335.2,4,2335.3,14:00:31.025348351
7,2335.2,4,2335.3,14:00:31.025571514
7,2335.2,4,2335.3,14:00:31.025587357
6,2335.2,4,2335.3,14:00:31.086645233
6,2335.2,4,2335.3,14:00:31.125516661
6,2335.2,4,2335.3,14:00:31.125533369
1,2335.2,4,2335.3,14:00:31.284278019
1,2335.2,5,2335.3,14:00:31.284343801
5,2335.1,5,2335.3,14:00:31.284541932
5,2335.1,5,2335.3,14:00:31.284541932
5,2335.1,6,2335.3,14:00:31.284560709
5,2335.1,7,2335.3,14:00:31.284640126
5,2335.1,1,2335.2,14:00:31.284701691
4,2335.1,1,2335.2,14:00:31.284730969
4,2335.1,1,2335.2,14:00:31.284999938
4,2335.1,1,2335.2,14:00:31.285036310
4,2335.1,1,2335.2,14:00:31.285073382
4,2335.1,8,2335.3,14:00:31.285113550
4,2335.1,8,2335.3,14:00:31.285113550
4,2335.1,9,2335.3,14:00:31.285233479
4,2335.1,8,2335.3,14:00:31.285250414
4,2335.1,8,2335.3,14:00:31.285266717
4,2335.1,9,2335.3,14:00:31.285283678
4,2335.1,9,2335.3,14:00:31.285338834
3,2335.1,9,2335.3,14:00:31.285378137
4,2335.1,9,2335.3,14:00:31.285474875
4,2335.1,8,2335.3,14:00:31.285490245
5,2335.1,8,2335.3,14:00:31.285746167
5,2335.1,8,2335.3,14:00:31.285793733
5,2335.1,7,2335.3,14:00:31.285872486
4,2335.1,7,2335.3,14:00:31.298308689
3,2335.1,7,2335.3,14:00:31.298588468
4,2335.1,7,2335.3,14:00:31.410302592
5,2335.1,7,2335.3,14:00:31.410571938
5,2335.1,6,2335.3,14:00:31.458161040
5,2335.1,5,2335.3,14:00:31.458273080
5,2335.1,4,2335.3,14:00:31.458325321
1,2335.2,4,2335.3,14:00:31.458465119
1,2335.2,4,2335.3,14:00:31.458480905
1,2335.2,4,2335.3,14:00:31.458584283
1,2335.2,4,2335.3,14:00:31.460583379
2,2335.2,4,2335.3,14:00:31.735141865
2,2335.2,3,2335.3,14:00:31.735291359
3,2335.2,3,2335.3,14:00:31.753981584
3,2335.2,3,2335.3,14:00:31.754115061
3,2335.2,3,2335.3,14:00:32.263875781
4,2335.2,3,2335.3,14:00:32.263955414
5,2335.2,3,2335.3,14:00:32.264071263
5,2335.2,3,2335.3,14:00:32.264110839
5,2335.2,4,2335.3,14:00:32.450652460
4,2335.2,4,2335.3,14:00:32.450809964
4,2335.2,4,2335.3,14:00:32.450877783
3,2335.2,4,2335.3,14:00:32.450981033
2,2335.2,4,2335.3,14:00:32.451003632
2,2335.2,4,2335.3,14:00:32.451131868
2,2335.2,4,2335.3,14:00:32.451147709
3,2335.2,4,2335.3,14:00:32.598406762
3,2335.2,4,2335.3,14:00:32.599340378
4,2335.2,4,2335.3,14:00:32.599539585
4,2335.2,4,2335.3,14:00:32.599836182
4,2335.2,4,2335.3,14:00:32.599920556
5,2335.2,4,2335.3,14:00:32.599960707
5,2335.2,3,2335.3,14:00:32.752370312
5,2335.2,2,2335.3,14:00:32.754107189
5,2335.2,3,2335.3,14:00:32.814963144
4,2335.2,3,2335.3,14:00:32.815014239
3,2335.2,3,2335.3,14:00:32.815155765
3,2335.2,3,2335.3,14:00:32.815359728
2,2335.2,3,2335.3,14:00:32.815459780
2,2335.2,3,2335.3,14:00:32.815558541
2,2335.2,4,2335.3,14:00:32.827146475
2,2335.2,4,2335.3,14:00:32.827314001
5,2335.1,4,2335.3,14:00:33.086748531
5,2335.1,4,2335.3,14:00:33.086748531
4,2335.1,4,2335.3,14:00:33.086770634
4,2335.1,5,2335.3,14:00:33.086795652
3,2335.1,5,2335.3,14:00:33.086977451
3,2335.1,6,2335.3,14:00:33.087136162
2,2335.1,6,2335.3,14:00:33.087322652
2,2335.1,7,2335.3,14:00:33.087360490
2,2335.1,7,2335.3,14:00:33.087705354
2,2335.1,7,2335.3,14:00:33.087756213
3,2335.1,7,2335.3,14:00:33.087823657
2,2335.1,7,2335.3,14:00:33.087894670
3,2335.1,7,2335.3,14:00:33.088055159
4,2335.1,7,2335.3,14:00:33.090692887
5,2335.1,7,2335.3,14:00:33.188061575
6,2335.1,7,2335.3,14:00:33.465793251
6,2335.1,6,2335.3,14:00:33.465916124
6,2335.1,5,2335.3,14:00:33.465970131
6,2335.1,4,2335.3,14:00:33.465988509
6,2335.1,3,2335.3,14:00:33.466095929
6,2335.1,3,2335.3,14:00:33.466131120
6,2335.1,2,2335.3,14:00:33.466150321
1,2335.2,2,2335.3,14:00:33.466232655
1,2335.2,2,2335.3,14:00:33.466385109
1,2335.2,2,2335.3,14:00:33.466468897
2,2335.2,2,2335.3,14:00:33.466975339
2,2335.2,1,2335.3,14:00:33.467225290
2,2335.2,1,2335.3,14:00:33.467225290
3,2335.2,1,2335.3,14:00:33.467352089
4,2335.2,1,2335.3,14:00:33.467408548
4,2335.2,1,2335.3,14:00:33.467421002
5,2335.2,1,2335.3,14:00:33.467558749
6,2335.2,1,2335.3,14:00:33.467624719
6,2335.2,1,2335.3,14:00:33.467639993
5,2335.2,1,2335.3,14:00:33.467692326
5,2335.2,8,2335.4,14:00:33.468983044
5,2335.2,8,2335.4,14:00:33.468983044
6,2335.2,8,2335.4,14:00:33.469139876
6,2335.2,8,2335.4,14:00:33.469156891
6,2335.2,8,2335.4,14:00:33.469170699
6,2335.2,7,2335.4,14:00:33.469266777
6,2335.2,7,2335.4,14:00:33.469382594
6,2335.2,7,2335.4,14:00:33.479220313
6,2335.2,7,2335.4,14:00:33.479355215
6,2335.2,7,2335.4,14:00:33.499603365
6,2335.2,7,2335.4,14:00:33.499603365
6,2335.2,7,2335.4,14:00:33.515865674
6,2335.2,7,2335.4,14:00:33.671097608
6,2335.2,6,2335.4,14:00:33.814856462
6,2335.2,5,2335.4,14:00:33.814876255
7,2335.2,5,2335.4,14:00:33.815028636
7,2335.2,5,2335.4,14:00:33.815041477
7,2335.2,4,2335.4,14:00:33.815078643
8,2335.2,4,2335.4,14:00:33.893449516
1,2335.3,4,2335.4,14:00:33.893585807
1,2335.3,4,2335.4,14:00:33.893707659
1,2335.3,4,2335.4,14:00:33.893739538
1,2335.3,4,2335.4,14:00:33.893758240
1,2335.3,3,2335.4,14:00:33.893792285
1,2335.3,3,2335.4,14:00:33.893955168
2,2335.3,3,2335.4,14:00:33.894235616
2,2335.3,3,2335.4,14:00:33.894245967
2,2335.3,3,2335.4,14:00:33.905338307
2,2335.3,3,2335.4,14:00:33.905466102
2,2335.3,3,2335.4,14:00:33.943537457
3,2335.3,3,2335.4,14:00:34.040939914
3,2335.3,3,2335.4,14:00:34.041122471
3,2335.3,2,2335.4,14:00:34.041273707
3,2335.3,3,2335.4,14:00:34.055919862
2,2335.3,3,2335.4,14:00:34.056043730
2,2335.3,4,2335.4,14:00:34.056172248
2,2335.3,4,2335.4,14:00:34.056309787
1,2335.3,4,2335.4,14:00:34.056438509
7,2335.2,4,2335.4,14:00:34.056677234
7,2335.2,4,2335.4,14:00:34.056677234
7,2335.2,5,2335.4,14:00:34.056764093
6,2335.2,5,2335.4,14:00:34.056784123
6,2335.2,6,2335.4,14:00:34.056816219
6,2335.2,7,2335.4,14:00:34.056875584
1,2335.3,7,2335.4,14:00:34.056902384
1,2335.3,7,2335.4,14:00:34.056960315
1,2335.3,6,2335.4,14:00:34.056978178
1,2335.3,5,2335.4,14:00:34.057017158
1,2335.3,4,2335.4,14:00:34.057126408
1,2335.3,4,2335.4,14:00:34.057147464
6,2335.2,4,2335.4,14:00:34.097338994
6,2335.2,4,2335.4,14:00:34.097338994
5,2335.2,4,2335.4,14:00:34.097665553
4,2335.2,4,2335.4,14:00:34.097665553
4,2335.2,1,2335.3,14:00:34.097782810
4,2335.2,1,2335.3,14:00:34.097817454
4,2335.2,1,2335.3,14:00:34.097852892
4,2335.2,1,2335.3,14:00:34.097887971
4,2335.2,1,2335.3,14:00:34.097901412
3,2335.2,1,2335.3,14:00:34.097968283
2,2335.2,1,2335.3,14:00:34.098030169
2,2335.2,1,2335.3,14:00:34.098042176
2,2335.2,1,2335.3,14:00:34.098057527
2,2335.2,1,2335.3,14:00:34.098090135
1,2335.2,1,2335.3,14:00:34.098208070
1,2335.2,1,2335.3,14:00:34.098225553
1,2335.2,2,2335.3,14:00:34.098251847
1,2335.2,2,2335.3,14:00:34.098373821
6,2335.1,2,2335.3,14:00:34.098424017
6,2335.1,2,2335.3,14:00:34.098424017
6,2335.1,2,2335.3,14:00:34.098554122
6,2335.1,2,2335.3,14:00:34.098599918
6,2335.1,1,2335.3,14:00:34.105594504
1,2335.2,1,2335.3,14:00:34.105615803
2,2335.2,1,2335.3,14:00:34.105720759
2,2335.2,10,2335.4,14:00:34.105758332
2,2335.2,10,2335.4,14:00:34.105758332
2,2335.2,9,2335.4,14:00:34.105813824
3,2335.2,9,2335.4,14:00:34.105997390
4,2335.2,9,2335.4,14:00:34.138322388
4,2335.2,9,2335.4,14:00:34.138435235
5,2335.2,9,2335.4,14:00:34.138476251
5,2335.2,8,2335.4,14:00:34.138544476
6,2335.2,8,2335.4,14:00:34.244158882
7,2335.2,8,2335.4,14:00:34.887484801
7,2335.2,7,2335.4,14:00:34.887561622
7,2335.2,6,2335.4,14:00:34.887616622
1,2335.3,6,2335.4,14:00:34.887697391
1,2335.3,5,2335.4,14:00:34.887720867
1,2335.3,5,2335.4,14:00:34.887730957
1,2335.3,4,2335.4,14:00:34.887816370
1,2335.3,4,2335.4,14:00:34.887865250
7,2335.2,4,2335.4,14:00:34.888224471
7,2335.2,4,2335.4,14:00:34.888224471
8,2335.2,4,2335.4,14:00:34.888245230
8,2335.2,5,2335.4,14:00:34.888363933
1,2335.3,5,2335.4,14:00:34.888425332
1,2335.3,5,2335.4,14:00:34.888497710
1,2335.3,6,2335.4,14:00:34.888516096
7,2335.2,6,2335.4,14:00:34.888643692
7,2335.2,6,2335.4,14:00:34.888643692
7,2335.2,1,2335.3,14:00:34.888687840
7,2335.2,1,2335.3,14:00:34.888715501
6,2335.2,1,2335.3,14:00:34.888926901
6,2335.2,1,2335.3,14:00:34.888939279
5,2335.2,1,2335.3,14:00:34.888959810
5,2335.2,1,2335.3,14:00:34.888989440
5,2335.2,6,2335.4,14:00:34.889062552
5,2335.2,6,2335.4,14:00:34.889062552
5,2335.2,7,2335.4,14:00:34.889077032
4,2335.2,7,2335.4,14:00:34.889106038
3,2335.2,7,2335.4,14:00:34.889141074
3,2335.2,7,2335.4,14:00:34.889266581
3,2335.2,7,2335.4,14:00:34.901227837
3,2335.2,8,2335.4,14:00:34.999679076
4,2335.2,8,2335.4,14:00:34.999818076
4,2335.2,13,2335.5,14:00:35.078881105
4,2335.2,11,2335.5,14:00:35.078881105
4,2335.2,11,2335.5,14:00:35.078881105
5,2335.2,11,2335.5,14:00:35.078932079
1,2335.3,11,2335.5,14:00:35.079035415
2,2335.3,11,2335.5,14:00:35.079107938
2,2335.3,11,2335.5,14:00:35.079118789
3,2335.3,11,2335.5,14:00:35.079143203
4,2335.3,11,2335.5,14:00:35.079463445
4,2335.3,11,2335.5,14:00:35.079524219
5,2335.3,11,2335.5,14:00:35.079600217
6,2335.3,11,2335.5,14:00:35.079616739
6,2335.3,11,2335.5,14:00:35.079647306
6,2335.3,10,2335.5,14:00:35.079664442
7,2335.3,10,2335.5,14:00:35.079740678
7,2335.3,8,2335.5,14:00:35.079761206
7,2335.3,7,2335.5,14:00:35.079776752
7,2335.3,8,2335.5,14:00:35.079792007
8,2335.3,8,2335.5,14:00:35.079812438
8,2335.3,8,2335.5,14:00:35.079856817
8,2335.3,8,2335.5,14:00:35.079889467
8,2335.3,8,2335.5,14:00:35.079958103
8,2335.3,8,2335.5,14:00:35.080053602
8,2335.3,8,2335.5,14:00:35.080068220
9,2335.3,8,2335.5,14:00:35.080085645
8,2335.3,8,2335.5,14:00:35.080146567
8,2335.3,8,2335.5,14:00:35.080245235
7,2335.3,8,2335.5,14:00:35.080263955
7,2335.3,8,2335.5,14:00:35.080322635
6,2335.3,8,2335.5,14:00:35.080342526
6,2335.3,1,2335.4,14:00:35.080367877
6,2335.3,1,2335.4,14:00:35.080389189
5,2335.3,1,2335.4,14:00:35.080437757
5,2335.3,1,2335.4,14:00:35.080517493
5,2335.3,1,2335.4,14:00:35.080533627
5,2335.3,2,2335.4,14:00:35.080559753
5,2335.3,3,2335.4,14:00:35.080610448
5,2335.3,2,2335.4,14:00:35.080703116
5,2335.3,2,2335.4,14:00:35.080708195
5,2335.3,2,2335.4,14:00:35.080793431
4,2335.3,2,2335.4,14:00:35.080835893
4,2335.3,1,2335.4,14:00:35.080896425
4,2335.3,1,2335.4,14:00:35.080910237
4,2335.3,2,2335.4,14:00:35.080950782
4,2335.3,3,2335.4,14:00:35.085590118
4,2335.3,3,2335.4,14:00:35.090222259
4,2335.3,3,2335.4,14:00:35.134340053
4,2335.3,3,2335.4,14:00:35.135748849
3,2335.3,3,2335.4,14:00:35.135989622
3,2335.3,4,2335.4,14:00:35.136082632
2,2335.3,4,2335.4,14:00:35.136103334
10,2335.2,4,2335.4,14:00:35.136213803
10,2335.2,4,2335.4,14:00:35.136213803
10,2335.2,4,2335.4,14:00:35.136239922
10,2335.2,5,2335.4,14:00:35.136255365
9,2335.2,5,2335.4,14:00:35.136264095
8,2335.2,5,2335.4,14:00:35.136347249
8,2335.2,5,2335.4,14:00:35.136436191
7,2335.2,5,2335.4,14:00:35.136528637
7,2335.2,6,2335.4,14:00:35.136547800
6,2335.2,6,2335.4,14:00:35.136663767
6,2335.2,6,2335.4,14:00:35.136678311
6,2335.2,5,2335.4,14:00:35.136696999
5,2335.2,5,2335.4,14:00:35.136843188
4,2335.2,5,2335.4,14:00:35.136909177
5,2335.2,5,2335.4,14:00:35.141104593
6,2335.2,5,2335.4,14:00:35.141198726
6,2335.2,4,2335.4,14:00:35.141436974
7,2335.2,4,2335.4,14:00:35.141453960
7,2335.2,3,2335.4,14:00:35.141570541
7,2335.2,4,2335.4,14:00:35.336316388
8,2335.2,4,2335.4,14:00:35.336922857
8,2335.2,3,2335.4,14:00:35.341747892
1,2335.3,3,2335.4,14:00:35.341908654
1,2335.3,2,2335.4,14:00:35.341933317
1,2335.3,2,2335.4,14:00:35.342237051
1,2335.3,2,2335.4,14:00:35.387019124
1,2335.3,3,2335.4,14:00:35.387491239
8,2335.2,3,2335.4,14:00:35.387721314
8,2335.2,3,2335.4,14:00:35.387721314
8,2335.2,4,2335.4,14:00:35.387796391
8,2335.2,5,2335.4,14:00:35.387958282
8,2335.2,5,2335.4,14:00:35.388015311
1,2335.3,5,2335.4,14:00:35.388053615
1,2335.3,5,2335.4,14:00:35.388103126
1,2335.3,4,2335.4,14:00:35.388188763
1,2335.3,4,2335.4,14:00:35.388259369
1,2335.3,3,2335.4,14:00:35.388451057
2,2335.3,3,2335.4,14:00:35.513124739
2,2335.3,2,2335.4,14:00:35.513277021
2,2335.3,2,2335.4,14:00:35.513291514
3,2335.3,2,2335.4,14:00:35.583721940
3,2335.3,1,2335.4,14:00:35.583853324
3,2335.3,1,2335.4,14:00:35.583861395
4,2335.3,1,2335.4,14:00:35.583884154
4,2335.3,1,2335.4,14:00:35.584004925
4,2335.3,10,2335.5,14:00:35.672614301
4,2335.3,10,2335.5,14:00:35.672614301
4,2335.3,10,2335.5,14:00:35.673010865
4,2335.3,10,2335.5,14:00:35.673024945
4,2335.3,9,2335.5,14:00:35.673044053
4,2335.3,9,2335.5,14:00:35.673146965
5,2335.3,9,2335.5,14:00:35.673313516
5,2335.3,9,2335.5,14:00:35.673390150
5,2335.3,9,2335.5,14:00:35.673559693
5,2335.3,9,2335.5,14:00:35.693121855
5,2335.3,9,2335.5,14:00:35.693121855
5,2335.3,9,2335.5,14:00:35.804356240
6,2335.3,9,2335.5,14:00:35.804477964
6,2335.3,8,2335.5,14:00:35.804591529
7,2335.3,8,2335.5,14:00:35.824492433
7,2335.3,8,2335.5,14:00:35.925349378
8,2335.3,8,2335.5,14:00:35.925459427
8,2335.3,7,2335.5,14:00:36.007385780
1,2335.4,7,2335.5,14:00:36.007550179
1,2335.4,7,2335.5,14:00:36.007574318
1,2335.4,6,2335.5,14:00:36.007674214
1,2335.4,6,2335.5,14:00:36.007696192
1,2335.4,5,2335.5,14:00:36.007807849
2,2335.4,5,2335.5,14:00:36.008257198
2,2335.4,5,2335.5,14:00:36.008428457
2,2335.4,4,2335.5,14:00:36.841369775
2,2335.4,3,2335.5,14:00:36.841642562
3,2335.4,3,2335.5,14:00:36.841762618
4,2335.4,3,2335.5,14:00:36.841780618
4,2335.4,3,2335.5,14:00:36.841793860
4,2335.4,3,2335.5,14:00:36.841936250
4,2335.4,3,2335.5,14:00:36.842019551
5,2335.4,3,2335.5,14:00:36.842067488
5,2335.4,4,2335.5,14:00:36.958918959
5,2335.4,5,2335.5,14:00:36.959088054
4,2335.4,5,2335.5,14:00:36.959108323
3,2335.4,5,2335.5,14:00:36.959150984
2,2335.4,5,2335.5,14:00:36.959170558
1,2335.4,5,2335.5,14:00:36.959194709
1,2335.4,5,2335.5,14:00:36.959298420
1,2335.4,6,2335.5,14:00:36.959320929
2,2335.4,6,2335.5,14:00:37.076285469
3,2335.4,6,2335.5,14:00:37.076483708
3,2335.4,5,2335.5,14:00:37.076520375
4,2335.4,5,2335.5,14:00:37.076599050
4,2335.4,4,2335.5,14:00:37.076687464
4,2335.4,4,2335.5,14:00:37.076829562
4,2335.4,4,2335.5,14:00:37.906927303
4,2335.4,4,2335.5,14:00:37.906941576
4,2335.4,4,2335.5,14:00:37.906955333
4,2335.4,4,2335.5,14:00:38.156489696
5,2335.4,4,2335.5,14:00:38.421899676
5,2335.4,2,2335.5,14:00:38.422282877
5,2335.4,2,2335.5,14:00:38.422282877
5,2335.4,2,2335.5,14:00:38.422874194
5,2335.4,1,2335.5,14:00:38.422930586
5,2335.4,12,2335.6,14:00:38.423097005
5,2335.4,12,2335.6,14:00:38.423097005
6,2335.4,12,2335.6,14:00:38.423137986
6,2335.4,11,2335.6,14:00:38.423204732
7,2335.4,11,2335.6,14:00:38.423242084
7,2335.4,11,2335.6,14:00:38.423254813
7,2335.4,11,2335.6,14:00:38.423271198
7,2335.4,11,2335.6,14:00:38.423285179
7,2335.4,11,2335.6,14:00:38.423299096
7,2335.4,11,2335.6,14:00:38.423317099
7,2335.4,11,2335.6,14:00:38.423403469
7,2335.4,11,2335.6,14:00:38.423432449
7,2335.4,12,2335.6,14:00:38.427020227
7,2335.4,12,2335.6,14:00:38.427383348
7,2335.4,12,2335.6,14:00:38.427398231
6,2335.4,12,2335.6,14:00:38.427423560
5,2335.4,12,2335.6,14:00:38.427476294
5,2335.4,12,2335.6,14:00:38.427677703
5,2335.4,13,2335.6,14:00:38.538277869
5,2335.4,1,2335.5,14:00:38.538436881
5,2335.4,1,2335.5,14:00:38.538723383
5,2335.4,1,2335.5,14:00:38.538841801
4,2335.4,1,2335.5,14:00:38.550413039
3,2335.4,1,2335.5,14:00:38.550792276
9,2335.3,1,2335.5,14:00:38.782783260
9,2335.3,2,2335.4,14:00:38.782783260
9,2335.3,2,2335.4,14:00:38.782783260
9,2335.3,2,2335.4,14:00:38.782974421
9,2335.3,2,2335.4,14:00:38.783054811
9,2335.3,2,2335.4,14:00:38.783129891
8,2335.3,2,2335.4,14:00:38.783147430
8,2335.3,2,2335.4,14:00:38.783182973
8,2335.3,2,2335.4,14:00:38.783236203
8,2335.3,2,2335.4,14:00:38.783354062
8,2335.3,2,2335.4,14:00:38.783418037
8,2335.3,2,2335.4,14:00:38.783435846
8,2335.3,2,2335.4,14:00:38.783479155
8,2335.3,7,2335.5,14:00:38.783603795
8,2335.3,7,2335.5,14:00:38.783603795
8,2335.3,8,2335.5,14:00:38.783627223
7,2335.3,8,2335.5,14:00:38.783678538
7,2335.3,9,2335.5,14:00:38.783741810
7,2335.3,8,2335.5,14:00:38.783761993
7,2335.3,8,2335.5,14:00:38.783778800
7,2335.3,8,2335.5,14:00:38.783932102
8,2335.3,8,2335.5,14:00:38.784385899
8,2335.3,7,2335.5,14:00:38.784543993
8,2335.3,6,2335.5,14:00:38.784561395
9,2335.3,6,2335.5,14:00:38.784579562
9,2335.3,5,2335.5,14:00:38.784598237
9,2335.3,5,2335.5,14:00:38.784642894
9,2335.3,4,2335.5,14:00:38.784676392
1,2335.4,4,2335.5,14:00:38.784723743
1,2335.4,4,2335.5,14:00:38.784747722
2,2335.4,4,2335.5,14:00:38.784811470
2,2335.4,3,2335.5,14:00:38.784866070
2,2335.4,3,2335.5,14:00:38.784910282
2,2335.4,2,2335.5,14:00:38.784949889
2,2335.4,2,2335.5,14:00:38.785118445
2,2335.4,1,2335.5,14:00:38.785215961
3,2335.4,1,2335.5,14:00:38.785259987
4,2335.4,1,2335.5,14:00:38.785365689
4,2335.4,1,2335.5,14:00:38.785398205
5,2335.4,1,2335.5,14:00:38.785417194
5,2335.4,14,2335.6,14:00:38.785500521
5,2335.4,14,2335.6,14:00:38.785500521
6,2335.4,14,2335.6,14:00:38.785559194
6,2335.4,13,2335.6,14:00:38.785589764
5,2335.4,13,2335.6,14:00:38.785736091
5,2335.4,13,2335.6,14:00:38.785768904
5,2335.4,12,2335.6,14:00:38.785817954
6,2335.4,12,2335.6,14:00:38.785838105
6,2335.4,12,2335.6,14:00:38.785881345
6,2335.4,13,2335.6,14:00:38.785914724
5,2335.4,13,2335.6,14:00:38.785934472
5,2335.4,13,2335.6,14:00:38.823383224
4,2335.4,13,2335.6,14:00:38.823508244
4,2335.4,12,2335.6,14:00:38.823522004
5,2335.4,12,2335.6,14:00:38.823655431
5,2335.4,12,2335.6,14:00:38.834680937
5,2335.4,12,2335.6,14:00:38.869313680
5,2335.4,12,2335.6,14:00:38.961381688
4,2335.4,12,2335.6,14:00:39.094814052
4,2335.4,13,2335.6,14:00:39.094978097
4,2335.4,1,2335.5,14:00:39.095005090
4,2335.4,1,2335.5,14:00:39.095051232
4,2335.4,2,2335.5,14:00:39.095139071
3,2335.4,2,2335.5,14:00:39.095160440
2,2335.4,2,2335.5,14:00:39.095204307
2,2335.4,2,2335.5,14:00:39.095236257
2,2335.4,2,2335.5,14:00:39.095253386
2,2335.4,2,2335.5,14:00:39.095323551
1,2335.4,2,2335.5,14:00:39.095397127
1,2335.4,2,2335.5,14:00:39.096506877
1,2335.4,1,2335.5,14:00:39.096650723
2,2335.4,1,2335.5,14:00:39.096700699
2,2335.4,14,2335.6,14:00:39.096765708
2,2335.4,14,2335.6,14:00:39.096765708
3,2335.4,14,2335.6,14:00:39.096798518
3,2335.4,13,2335.6,14:00:39.096877201
4,2335.4,13,2335.6,14:00:39.096932259
5,2335.4,13,2335.6,14:00:39.097128790
6,2335.4,13,2335.6,14:00:39.097148516
6,2335.4,12,2335.6,14:00:39.097231342
6,2335.4,11,2335.6,14:00:39.097329290
7,2335.4,11,2335.6,14:00:39.098129954
8,2335.4,11,2335.6,14:00:39.098359394
8,2335.4,11,2335.6,14:00:39.098574417
2,2335.4,11,2335.6,14:00:39.099246017
2,2335.4,1,2335.5,14:00:39.099403963
2,2335.4,2,2335.5,14:00:39.099494026
2,2335.4,3,2335.5,14:00:39.099513636
2,2335.4,4,2335.5,14:00:39.099547390
2,2335.4,5,2335.5,14:00:39.099565322
2,2335.4,5,2335.5,14:00:39.099695981
2,2335.4,6,2335.5,14:00:39.099760511
1,2335.4,6,2335.5,14:00:39.100120220
1,2335.4,5,2335.5,14:00:39.100170685
1,2335.4,6,2335.5,14:00:39.100345262
10,2335.3,6,2335.5,14:00:39.100539816
10,2335.3,6,2335.5,14:00:39.100539816
10,2335.3,6,2335.5,14:00:39.100634074
10,2335.3,6,2335.5,14:00:39.100662493
9,2335.3,6,2335.5,14:00:39.100828862
9,2335.3,6,2335.5,14:00:39.101060989
1,2335.4,6,2335.5,14:00:39.101194594
1,2335.4,5,2335.5,14:00:39.101317685
1,2335.4,5,2335.5,14:00:39.101432321
1,2335.4,6,2335.5,14:00:39.101451281
1,2335.4,6,2335.5,14:00:39.101507801
1,2335.4,5,2335.5,14:00:39.101610017
2,2335.4,5,2335.5,14:00:39.101743114
2,2335.4,4,2335.5,14:00:39.101866505
2,2335.4,4,2335.5,14:00:39.112161071
2,2335.4,5,2335.5,14:00:39.112280584
8,2335.3,5,2335.5,14:00:39.112532650
8,2335.3,5,2335.5,14:00:39.112532650
9,2335.3,5,2335.5,14:00:39.201009433
9,2335.3,4,2335.5,14:00:39.201142197
9,2335.3,5,2335.5,14:00:39.201161144
10,2335.3,5,2335.5,14:00:39.205414965
1,2335.4,5,2335.5,14:00:39.205550030
2,2335.4,5,2335.5,14:00:39.205696820
2,2335.4,4,2335.5,14:00:39.205730274
2,2335.4,4,2335.5,14:00:39.205745173
2,2335.4,4,2335.5,14:00:39.251107784
2,2335.4,4,2335.5,14:00:39.255508782
3,2335.4,4,2335.5,14:00:39.377569144
3,2335.4,3,2335.5,14:00:39.377703975
3,2335.4,3,2335.5,14:00:39.377741653
3,2335.4,3,2335.5,14:00:39.377844260
2,2335.4,3,2335.5,14:00:39.422623560
1,2335.4,3,2335.5,14:00:39.422749306
1,2335.4,4,2335.5,14:00:39.422889028
1,2335.4,4,2335.5,14:00:39.422903479
2,2335.4,4,2335.5,14:00:39.602560719
3,2335.4,4,2335.5,14:00:39.602627242
3,2335.4,3,2335.5,14:00:39.602645816
3,2335.4,2,2335.5,14:00:39.602764458
3,2335.4,2,2335.5,14:00:39.602776711
3,2335.4,2,2335.5,14:00:39.602878889
4,2335.4,2,2335.5,14:00:39.670965251
4,2335.4,1,2335.5,14:00:39.671145328
4,2335.4,13,2335.6,14:00:39.671245615
4,2335.4,13,2335.6,14:00:39.671245615
4,2335.4,13,2335.6,14:00:39.671358709
4,2335.4,13,2335.6,14:00:39.733224091
4,2335.4,1,2335.5,14:00:39.733365300
3,2335.4,1,2335.5,14:00:39.733562649
3,2335.4,1,2335.5,14:00:39.733594601
4,2335.4,1,2335.5,14:00:39.896205795
4,2335.4,13,2335.6,14:00:39.896230183
4,2335.4,13,2335.6,14:00:39.896230183
1,2335.5,13,2335.6,14:00:39.896370716
1,2335.5,13,2335.6,14:00:39.896453326
1,2335.5,13,2335.6,14:00:39.896469250
1,2335.5,13,2335.6,14:00:39.896508495
1,2335.5,12,2335.6,14:00:39.896616363
1,2335.5,12,2335.6,14:00:39.896640460
1,2335.5,11,2335.6,14:00:39.896660341
1,2335.5,10,2335.6,14:00:39.896695341
1,2335.5,10,2335.6,14:00:39.896738196
1,2335.5,10,2335.6,14:00:39.896776491
1,2335.5,9,2335.6,14:00:39.896818546
1,2335.5,9,2335.6,14:00:39.897102744
1,2335.5,9,2335.6,14:00:39.897585464
2,2335.5,9,2335.6,14:00:39.898825409
2,2335.5,9,2335.6,14:00:39.898835858
2,2335.5,7,2335.6,14:00:39.898974996
2,2335.5,7,2335.6,14:00:39.905383049
2,2335.5,7,2335.6,14:00:39.905538831
2,2335.5,7,2335.6,14:00:39.911382885
3,2335.5,7,2335.6,14:00:39.912208166
4,2335.5,7,2335.6,14:00:39.912250707
4,2335.5,7,2335.6,14:00:39.912460491
3,2335.5,7,2335.6,14:00:39.912669551
2,2335.5,7,2335.6,14:00:39.912823494
2,2335.5,7,2335.6,14:00:39.912977308
3,2335.5,7,2335.6,14:00:39.914274147
5,2335.5,7,2335.6,14:00:39.914336452
5,2335.5,7,2335.6,14:00:39.914467744
5,2335.5,7,2335.6,14:00:39.914487501
5,2335.5,7,2335.6,14:00:39.914592857
5,2335.5,6,2335.6,14:00:39.914610182
5,2335.5,6,2335.6,14:00:39.955064944
6,2335.5,6,2335.6,14:00:40.062940285
6,2335.5,6,2335.6,14:00:40.063071160
7,2335.5,6,2335.6,14:00:40.236009306
7,2335.5,6,2335.6,14:00:40.307336078
7,2335.5,6,2335.6,14:00:40.920471059
7,2335.5,6,2335.6,14:00:40.980242428
8,2335.5,6,2335.6,14:00:41.004037038
8,2335.5,6,2335.6,14:00:41.004077116
8,2335.5,6,2335.6,14:00:41.004177576
8,2335.5,6,2335.6,14:00:41.004909703
8,2335.5,6,2335.6,14:00:41.004909703
8,2335.5,6,2335.6,14:00:41.306646789
8,2335.5,6,2335.6,14:00:41.306660485
8,2335.5,6,2335.6,14:00:41.415780961
8,2335.5,6,2335.6,14:00:41.415792914
8,2335.5,6,2335.6,14:00:41.591403249
8,2335.5,6,2335.6,14:00:41.591416103
7,2335.5,6,2335.6,14:00:41.814295608
7,2335.5,6,2335.6,14:00:41.814447442
7,2335.5,6,2335.6,14:00:41.925301802
8,2335.5,6,2335.6,14:00:41.925378332
8,2335.5,6,2335.6,14:00:41.925828328
8,2335.5,6,2335.6,14:00:42.266582836
8,2335.5,6,2335.6,14:00:42.427352689
8,2335.5,6,2335.6,14:00:42.533894297
7,2335.5,6,2335.6,14:00:42.564165173
6,2335.5,6,2335.6,14:00:42.564318277
2,2335.5,6,2335.6,14:00:42.573001848
1,2335.5,6,2335.6,14:00:42.573157764
1,2335.5,6,2335.6,14:00:42.573172165
1,2335.5,7,2335.6,14:00:42.573174619
6,2335.4,7,2335.6,14:00:42.573255697
6,2335.4,7,2335.6,14:00:42.573255697
6,2335.4,7,2335.6,14:00:42.573285339
6,2335.4,8,2335.6,14:00:42.573311266
6,2335.4,9,2335.6,14:00:42.573336809
5,2335.4,9,2335.6,14:00:42.573359315
4,2335.4,9,2335.6,14:00:42.573486066
4,2335.4,9,2335.6,14:00:42.573541218
4,2335.4,8,2335.6,14:00:42.573561089
4,2335.4,8,2335.6,14:00:42.573679561
4,2335.4,7,2335.6,14:00:42.573697868
4,2335.4,7,2335.6,14:00:42.573755603
3,2335.4,7,2335.6,14:00:42.604953401
3,2335.4,8,2335.6,14:00:42.605045637
3,2335.4,1,2335.5,14:00:42.605180158
3,2335.4,2,2335.5,14:00:42.605209352
3,2335.4,2,2335.5,14:00:42.605372597
3,2335.4,2,2335.5,14:00:42.605457635
3,2335.4,2,2335.5,14:00:42.605614815
3,2335.4,2,2335.5,14:00:42.605672171
2,2335.4,2,2335.5,14:00:42.605696652
2,2335.4,3,2335.5,14:00:42.605864236
2,2335.4,3,2335.5,14:00:42.605943694
2,2335.4,4,2335.5,14:00:42.606076339
1,2335.4,4,2335.5,14:00:42.606154529
8,2335.3,4,2335.5,14:00:42.606654920
8,2335.3,4,2335.5,14:00:42.606654920
8,2335.3,4,2335.5,14:00:42.606722214
8,2335.3,5,2335.5,14:00:42.606804497
8,2335.3,6,2335.5,14:00:42.607091816
7,2335.3,6,2335.5,14:00:42.610511887
7,2335.3,6,2335.5,14:00:42.639516335
7,2335.3,6,2335.5,14:00:42.654265842
7,2335.3,7,2335.5,14:00:42.726499463
8,2335.3,7,2335.5,14:00:42.858997946
9,2335.3,7,2335.5,14:00:42.952184722
1,2335.4,7,2335.5,14:00:42.952334213
1,2335.4,6,2335.5,14:00:42.952357116
1,2335.4,5,2335.5,14:00:42.952397926
1,2335.4,4,2335.5,14:00:42.952466404
1,2335.4,4,2335.5,14:00:42.952499487
1,2335.4,3,2335.5,14:00:42.952703452
1,2335.4,2,2335.5,14:00:42.952741619
2,2335.4,2,2335.5,14:00:42.952800693
2,2335.4,1,2335.5,14:00:42.952875174
2,2335.4,1,2335.5,14:00:42.952901636
3,2335.4,1,2335.5,14:00:42.952993772
3,2335.4,12,2335.6,14:00:42.953186291
3,2335.4,12,2335.6,14:00:42.953186291
3,2335.4,11,2335.6,14:00:42.953221921
3,2335.4,10,2335.6,14:00:42.953278270
3,2335.4,10,2335.6,14:00:42.953396878
3,2335.4,1,2335.5,14:00:42.953485788
3,2335.4,1,2335.5,14:00:42.953610773
3,2335.4,2,2335.5,14:00:42.961808803
2,2335.4,2,2335.5,14:00:42.961978923
1,2335.4,2,2335.5,14:00:42.962101862
1,2335.4,2,2335.5,14:00:42.962119271
1,2335.4,3,2335.5,14:00:42.962168690
1,2335.4,3,2335.5,14:00:42.962244448
9,2335.3,3,2335.5,14:00:42.962361375
9,2335.3,3,2335.5,14:00:42.962361375
9,2335.3,2,2335.5,14:00:43.049405406
9,2335.3,3,2335.5,14:00:43.049548636
9,2335.3,2,2335.5,14:00:43.049704122
1,2335.4,2,2335.5,14:00:43.049842237
9,2335.3,2,2335.5,14:00:43.049951724
9,2335.3,2,2335.5,14:00:43.049951724
9,2335.3,1,2335.5,14:00:43.049999162
9,2335.3,1,2335.5,14:00:43.050124745
1,2335.4,1,2335.5,14:00:43.050170420
1,2335.4,1,2335.5,14:00:43.050365963
1,2335.4,3,2335.5,14:00:43.051385056
8,2335.3,3,2335.5,14:00:43.051504424
8,2335.3,3,2335.5,14:00:43.051504424
8,2335.3,3,2335.5,14:00:43.051526159
8,2335.3,1,2335.5,14:00:43.052172351
8,2335.3,1,2335.5,14:00:43.056565317
8,2335.3,12,2335.6,14:00:43.787925856
8,2335.3,10,2335.6,14:00:43.787925856
8,2335.3,10,2335.6,14:00:43.787925856
1,2335.4,10,2335.6,14:00:43.788109686
2,2335.4,10,2335.6,14:00:43.788149009
2,2335.4,10,2335.6,14:00:43.788203612
3,2335.4,10,2335.6,14:00:43.788247462
4,2335.4,10,2335.6,14:00:43.788389826
4,2335.4,9,2335.6,14:00:43.788433441
5,2335.4,9,2335.6,14:00:43.788457063
5,2335.4,9,2335.6,14:00:43.788467034
5,2335.4,8,2335.6,14:00:43.788487006
5,2335.4,7,2335.6,14:00:43.788515330
6,2335.4,7,2335.6,14:00:43.788536460
6,2335.4,1,2335.5,14:00:43.788561356
6,2335.4,1,2335.5,14:00:43.788582252
5,2335.4,1,2335.5,14:00:43.788663551
5,2335.4,1,2335.5,14:00:43.788779092
5,2335.4,1,2335.5,14:00:43.788794058
5,2335.4,1,2335.5,14:00:43.788809342
5,2335.4,1,2335.5,14:00:43.800174787
4,2335.4,1,2335.5,14:00:43.800552686
3,2335.4,1,2335.5,14:00:43.800661738
2,2335.4,1,2335.5,14:00:43.800704555
2,2335.4,1,2335.5,14:00:43.800736309
1,2335.4,1,2335.5,14:00:43.800783225
1,2335.4,9,2335.6,14:00:43.800954240
1,2335.4,9,2335.6,14:00:43.800954240
1,2335.4,9,2335.6,14:00:43.800972173
10,2335.3,9,2335.6,14:00:43.800978077
10,2335.3,9,2335.6,14:00:43.800978077
10,2335.3,1,2335.5,14:00:43.801010692
1,2335.4,1,2335.5,14:00:43.801083099
2,2335.4,1,2335.5,14:00:43.801138582
3,2335.4,1,2335.5,14:00:43.801158752
3,2335.4,1,2335.5,14:00:43.801249804
4,2335.4,1,2335.5,14:00:43.801269855
5,2335.4,1,2335.5,14:00:43.801289430
5,2335.4,2,2335.5,14:00:43.801352654
6,2335.4,2,2335.5,14:00:43.801392193
5,2335.4,2,2335.5,14:00:43.801431413
5,2335.4,2,2335.5,14:00:43.801447669
5,2335.4,1,2335.5,14:00:43.801473302
5,2335.4,1,2335.5,14:00:43.838922489
5,2335.4,1,2335.5,14:00:43.838938679
5,2335.4,1,2335.5,14:00:43.901228536
5,2335.4,8,2335.6,14:00:44.628081346
5,2335.4,7,2335.6,14:00:44.628081346
5,2335.4,7,2335.6,14:00:44.628081346
5,2335.4,6,2335.6,14:00:44.628223284
6,2335.4,6,2335.6,14:00:44.628722261
7,2335.4,6,2335.6,14:00:44.628737890
7,2335.4,6,2335.6,14:00:44.628878216
7,2335.4,5,2335.6,14:00:44.908193331
1,2335.5,5,2335.6,14:00:44.908336585
2,2335.5,5,2335.6,14:00:44.908358547
2,2335.5,5,2335.6,14:00:44.908473282
2,2335.5,5,2335.6,14:00:44.908489523
2,2335.5,4,2335.6,14:00:44.908529264
2,2335.5,4,2335.6,14:00:44.908576606
2,2335.5,3,2335.6,14:00:44.908597726
2,2335.5,3,2335.6,14:00:44.908677821
3,2335.5,3,2335.6,14:00:44.908759243
3,2335.5,3,2335.6,14:00:44.908869428
2,2335.5,3,2335.6,14:00:44.919596230
2,2335.5,4,2335.6,14:00:44.919714309
2,2335.5,5,2335.6,14:00:44.919783507
2,2335.5,6,2335.6,14:00:44.919817700
1,2335.5,6,2335.6,14:00:44.919849687
6,2335.4,6,2335.6,14:00:44.919895055
6,2335.4,6,2335.6,14:00:44.919895055
6,2335.4,5,2335.6,14:00:44.920083458
6,2335.4,6,2335.6,14:00:44.920147729
6,2335.4,6,2335.6,14:00:44.943658503
6,2335.4,6,2335.6,14:00:44.970533739
7,2335.4,6,2335.6,14:00:44.971208815
7,2335.4,5,2335.6,14:00:44.971364447
7,2335.4,4,2335.6,14:00:44.971472577
7,2335.4,3,2335.6,14:00:44.971590240
1,2335.5,3,2335.6,14:00:44.971726540
2,2335.5,3,2335.6,14:00:44.971859429
3,2335.5,3,2335.6,14:00:44.972006930
3,2335.5,3,2335.6,14:00:45.021308870
3,2335.5,3,2335.6,14:00:45.021445193
4,2335.5,3,2335.6,14:00:45.041167076
5,2335.5,3,2335.6,14:00:45.341958617
5,2335.5,3,2335.6,14:00:45.633310826
4,2335.5,3,2335.6,14:00:45.720093384
4,2335.5,3,2335.6,14:00:46.678149925
5,2335.5,3,2335.6,14:00:46.981794610
5,2335.5,2,2335.6,14:00:46.982064999
5,2335.5,3,2335.6,14:00:46.982064999
5,2335.5,2,2335.6,14:00:46.982122351
5,2335.5,2,2335.6,14:00:46.982144524
5,2335.5,2,2335.6,14:00:46.982309702
5,2335.5,2,2335.6,14:00:46.982318402
5,2335.5,2,2335.6,14:00:46.982318402
5,2335.5,3,2335.6,14:00:46.982419681
4,2335.5,3,2335.6,14:00:46.982489610
7,2335.4,3,2335.6,14:00:46.982587192
7,2335.4,3,2335.6,14:00:46.982587192
7,2335.4,4,2335.6,14:00:46.982645945
7,2335.4,5,2335.6,14:00:46.982764568
6,2335.4,5,2335.6,14:00:46.982803680
6,2335.4,5,2335.6,14:00:46.983166026
6,2335.4,1,2335.5,14:00:46.983244949
6,2335.4,1,2335.5,14:00:46.983278877
6,2335.4,1,2335.5,14:00:46.983299136
6,2335.4,1,2335.5,14:00:46.983321229
6,2335.4,2,2335.5,14:00:46.983346645
5,2335.4,2,2335.5,14:00:46.983528027
4,2335.4,2,2335.5,14:00:46.983633063
4,2335.4,2,2335.5,14:00:46.983674827
4,2335.4,2,2335.5,14:00:46.983705455
4,2335.4,2,2335.5,14:00:46.983740549
4,2335.4,2,2335.5,14:00:46.983768440
3,2335.4,2,2335.5,14:00:46.983850478
3,2335.4,2,2335.5,14:00:46.983875003
3,2335.4,3,2335.5,14:00:46.984078035
3,2335.4,3,2335.5,14:00:46.984092554
2,2335.4,3,2335.5,14:00:46.984116657
2,2335.4,3,2335.5,14:00:46.984150840
2,2335.4,3,2335.5,14:00:46.984226752
1,2335.4,3,2335.5,14:00:46.984363173
8,2335.3,3,2335.5,14:00:46.984618280
8,2335.3,3,2335.5,14:00:46.984618280
7,2335.3,3,2335.5,14:00:46.984699325
7,2335.3,3,2335.5,14:00:46.984749140
7,2335.3,4,2335.5,14:00:46.984919396
7,2335.3,5,2335.5,14:00:46.984953784
7,2335.3,6,2335.5,14:00:46.984989349
7,2335.3,7,2335.5,14:00:46.985026861
7,2335.3,8,2335.5,14:00:46.985055533
7,2335.3,9,2335.5,14:00:46.985070762
7,2335.3,10,2335.5,14:00:46.985087160
6,2335.3,10,2335.5,14:00:46.985136546
6,2335.3,10,2335.5,14:00:46.985202998
5,2335.3,10,2335.5,14:00:46.985223844
4,2335.3,10,2335.5,14:00:46.985354505
3,2335.3,10,2335.5,14:00:46.985374983
3,2335.3,1,2335.4,14:00:46.985428267
3,2335.3,2,2335.4,14:00:46.985456179
3,2335.3,2,2335.4,14:00:46.985479465
2,2335.3,2,2335.4,14:00:46.985521949
2,2335.3,3,2335.4,14:00:46.985681872
2,2335.3,3,2335.4,14:00:46.985689728
2,2335.3,4,2335.4,14:00:46.985689728
2,2335.3,4,2335.4,14:00:46.985697534
2,2335.3,5,2335.4,14:00:46.986136598
2,2335.3,6,2335.4,14:00:46.986147072
10,2335.2,6,2335.4,14:00:46.986229387
10,2335.2,6,2335.4,14:00:46.986229387
10,2335.2,6,2335.4,14:00:46.986250547
9,2335.2,6,2335.4,14:00:46.986321229
9,2335.2,7,2335.4,14:00:46.986523333
8,2335.2,7,2335.4,14:00:46.986539368
8,2335.2,8,2335.4,14:00:46.986600198
8,2335.2,1,2335.3,14:00:46.986626857
8,2335.2,1,2335.3,14:00:46.986675908
7,2335.2,1,2335.3,14:00:46.986814026
7,2335.2,1,2335.3,14:00:46.986840884
6,2335.2,1,2335.3,14:00:46.986970321
6,2335.2,1,2335.3,14:00:46.987077852
6,2335.2,1,2335.3,14:00:46.987094134
6,2335.2,8,2335.4,14:00:46.987123014
6,2335.2,8,2335.4,14:00:46.987123014
6,2335.2,8,2335.4,14:00:46.987142928
6,2335.2,9,2335.4,14:00:46.987173375
5,2335.2,9,2335.4,14:00:46.987195260
5,2335.2,10,2335.4,14:00:46.987232413
4,2335.2,10,2335.4,14:00:46.987359698
4,2335.2,10,2335.4,14:00:46.994478350
4,2335.2,10,2335.4,14:00:46.994686831
4,2335.2,10,2335.4,14:00:46.994700291
4,2335.2,10,2335.4,14:00:46.994713091
4,2335.2,10,2335.4,14:00:46.996382412
4,2335.2,10,2335.4,14:00:46.996382412
3,2335.2,10,2335.4,14:00:47.005407492
3,2335.2,1,2335.3,14:00:47.005540573
3,2335.2,1,2335.3,14:00:47.005659696
3,2335.2,2,2335.3,14:00:47.005684449
3,2335.2,2,2335.3,14:00:47.005813817
3,2335.2,2,2335.3,14:00:47.014764020
3,2335.2,2,2335.3,14:00:47.016215489
2,2335.2,2,2335.3,14:00:47.021431882
2,2335.2,2,2335.3,14:00:47.021445828
1,2335.2,2,2335.3,14:00:47.021581617
6,2335.1,2,2335.3,14:00:47.021737028
6,2335.1,2,2335.3,14:00:47.021737028
5,2335.1,2,2335.3,14:00:47.021878093
5,2335.1,2,2335.3,14:00:47.021893674
5,2335.1,2,2335.3,14:00:47.021978983
5,2335.1,2,2335.3,14:00:47.021995535
5,2335.1,3,2335.3,14:00:47.022152754
5,2335.1,3,2335.3,14:00:47.022290962
5,2335.1,3,2335.3,14:00:47.050065117
5,2335.1,3,2335.3,14:00:47.071966203
5,2335.1,3,2335.3,14:00:47.086358247
5,2335.1,3,2335.3,14:00:47.088594708
5,2335.1,3,2335.3,14:00:47.117402082
5,2335.1,4,2335.3,14:00:47.117531297
6,2335.1,4,2335.3,14:00:47.172854764
7,2335.1,4,2335.3,14:00:47.172986850
1,2335.2,4,2335.3,14:00:47.173141640
1,2335.2,3,2335.3,14:00:47.173165910
1,2335.2,2,2335.3,14:00:47.173326722
2,2335.2,2,2335.3,14:00:47.175078022
2,2335.2,1,2335.3,14:00:47.175194235
2,2335.2,1,2335.3,14:00:47.175204431
2,2335.2,1,2335.3,14:00:47.175224568
2,2335.2,11,2335.4,14:00:47.183181612
2,2335.2,11,2335.4,14:00:47.183181612
3,2335.2,11,2335.4,14:00:47.183311346
2,2335.2,11,2335.4,14:00:47.183330466
2,2335.2,11,2335.4,14:00:47.191421615
2,2335.2,11,2335.4,14:00:47.194231950
2,2335.2,11,2335.4,14:00:47.194245224
2,2335.2,11,2335.4,14:00:47.222927207
3,2335.2,11,2335.4,14:00:47.268523031
4,2335.2,11,2335.4,14:00:47.268643578
4,2335.2,10,2335.4,14:00:47.268679476
4,2335.2,9,2335.4,14:00:47.268824695
5,2335.2,9,2335.4,14:00:47.302296250
5,2335.2,9,2335.4,14:00:47.483396402
6,2335.2,9,2335.4,14:00:47.967653920
6,2335.2,8,2335.4,14:00:47.967782886
7,2335.2,8,2335.4,14:00:47.967801277
7,2335.2,8,2335.4,14:00:47.967814646
7,2335.2,7,2335.4,14:00:47.967923599
7,2335.2,6,2335.4,14:00:47.968025914
7,2335.2,6,2335.4,14:00:47.968065925
7,2335.2,5,2335.4,14:00:47.968151031
1,2335.3,5,2335.4,14:00:47.968260620
2,2335.3,5,2335.4,14:00:47.968309741
2,2335.3,5,2335.4,14:00:47.968412067
2,2335.3,4,2335.4,14:00:47.968435744
2,2335.3,3,2335.4,14:00:47.968452496
2,2335.3,2,2335.4,14:00:47.968646772
3,2335.3,2,2335.4,14:00:47.968737353
4,2335.3,2,2335.4,14:00:47.968799707
4,2335.3,2,2335.4,14:00:47.968833617
4,2335.3,1,2335.4,14:00:47.968951889
5,2335.3,1,2335.4,14:00:47.969011465
5,2335.3,1,2335.4,14:00:47.969027711
5,2335.3,1,2335.4,14:00:47.969059030
6,2335.3,1,2335.4,14:00:47.969081228
6,2335.3,1,2335.4,14:00:47.969095008
6,2335.3,1,2335.4,14:00:47.969197295
5,2335.3,1,2335.4,14:00:47.978776182
5,2335.3,1,2335.4,14:00:47.978776182
5,2335.3,1,2335.4,14:00:47.978776182
5,2335.3,1,2335.4,14:00:47.978780042
5,2335.3,1,2335.4,14:00:47.978791802
4,2335.3,1,2335.4,14:00:47.978860687
4,2335.3,2,2335.4,14:00:47.978926547
4,2335.3,3,2335.4,14:00:47.978963498
3,2335.3,3,2335.4,14:00:47.978982837
2,2335.3,3,2335.4,14:00:47.979004917
2,2335.3,3,2335.4,14:00:47.979057858
2,2335.3,4,2335.4,14:00:47.979092534
1,2335.3,4,2335.4,14:00:47.979180539
1,2335.3,3,2335.4,14:00:47.979260052
1,2335.3,3,2335.4,14:00:47.979275834
1,2335.3,3,2335.4,14:00:48.017915272
1,2335.3,3,2335.4,14:00:48.069190558
1,2335.3,3,2335.4,14:00:48.082330586
1,2335.3,3,2335.4,14:00:48.161491464
1,2335.3,3,2335.4,14:00:48.161501733
2,2335.3,3,2335.4,14:00:48.359405440
2,2335.3,2,2335.4,14:00:48.359554832
2,2335.3,2,2335.4,14:00:48.359679691
2,2335.3,3,2335.4,14:00:48.375355285
2,2335.3,4,2335.4,14:00:48.415500705
6,2335.2,4,2335.4,14:00:48.415770064
6,2335.2,4,2335.4,14:00:48.415770064
6,2335.2,1,2335.3,14:00:48.415796195
6,2335.2,1,2335.3,14:00:48.415997025
6,2335.2,1,2335.3,14:00:48.416048108
5,2335.2,1,2335.3,14:00:48.416168174
4,2335.2,1,2335.3,14:00:48.416187194
4,2335.2,1,2335.3,14:00:48.416201646
4,2335.2,1,2335.3,14:00:48.416217077
4,2335.2,1,2335.3,14:00:48.416294423
4,2335.2,1,2335.3,14:00:48.416309703
3,2335.2,1,2335.3,14:00:48.416332808
3,2335.2,1,2335.3,14:00:48.416343870
3,2335.2,1,2335.3,14:00:48.416458819
3,2335.2,1,2335.3,14:00:48.416471895
2,2335.2,1,2335.3,14:00:48.416611485
2,2335.2,1,2335.3,14:00:48.416644238
1,2335.2,1,2335.3,14:00:48.416674961
7,2335.1,1,2335.3,14:00:48.417004284
7,2335.1,1,2335.3,14:00:48.417004284
7,2335.1,2,2335.3,14:00:48.417150869
7,2335.1,2,2335.3,14:00:48.417254446
7,2335.1,3,2335.3,14:00:48.417287598
7,2335.1,4,2335.3,14:00:48.417347312
7,2335.1,5,2335.3,14:00:48.417379555
7,2335.1,6,2335.3,14:00:48.417403229
6,2335.1,6,2335.3,14:00:48.417442164
6,2335.1,7,2335.3,14:00:48.417462677
6,2335.1,7,2335.3,14:00:48.417529206
6,2335.1,8,2335.3,14:00:48.417546106
6,2335.1,9,2335.3,14:00:48.417789961
6,2335.1,10,2335.3,14:00:48.417806006
6,2335.1,10,2335.3,14:00:48.417904052
6,2335.1,10,2335.3,14:00:48.417936763
5,2335.1,10,2335.3,14:00:48.418010400
4,2335.1,10,2335.3,14:00:48.418028768
4,2335.1,9,2335.3,14:00:48.418044055
4,2335.1,8,2335.3,14:00:48.418198314
4,2335.1,8,2335.3,14:00:48.418261512
4,2335.1,8,2335.3,14:00:48.418277039
4,2335.1,8,2335.3,14:00:48.426236383
4,2335.1,8,2335.3,14:00:48.533359468
4,2335.1,8,2335.3,14:00:48.537215873
5,2335.1,8,2335.3,14:00:48.540764527
5,2335.1,7,2335.3,14:00:48.540895166
5,2335.1,6,2335.3,14:00:48.541040948
5,2335.1,5,2335.3,14:00:48.541173043
6,2335.1,5,2335.3,14:00:48.541280795
6,2335.1,4,2335.3,14:00:48.541367489
6,2335.1,4,2335.3,14:00:48.541380443
6,2335.1,3,2335.3,14:00:48.541416847
1,2335.2,3,2335.3,14:00:48.541615350
1,2335.2,3,2335.3,14:00:48.541857192
1,2335.2,3,2335.3,14:00:48.590861794
1,2335.2,3,2335.3,14:00:48.590983844
1,2335.2,3,2335.3,14:00:48.601514655
6,2335.1,3,2335.3,14:00:48.629389665
6,2335.1,3,2335.3,14:00:48.629389665
6,2335.1,4,2335.3,14:00:48.641984373
5,2335.1,4,2335.3,14:00:48.642117074
5,2335.1,5,2335.3,14:00:48.642231292
5,2335.1,6,2335.3,14:00:48.766172267
5,2335.1,6,2335.3,14:00:48.771943891
5,2335.1,6,2335.3,14:00:48.821434311
5,2335.1,6,2335.3,14:00:48.836225995
5,2335.1,6,2335.3,14:00:48.881682960
6,2335.1,6,2335.3,14:00:48.896902070
6,2335.1,5,2335.3,14:00:48.897050723
6,2335.1,4,2335.3,14:00:48.897163054
6,2335.1,3,2335.3,14:00:48.897284603
6,2335.1,2,2335.3,14:00:49.239667318
1,2335.2,2,2335.3,14:00:49.239816364
1,2335.2,2,2335.3,14:00:49.240141501
2,2335.2,2,2335.3,14:00:49.240364320
2,2335.2,2,2335.3,14:00:49.240504682
2,2335.2,2,2335.3,14:00:49.240521773
2,2335.2,2,2335.3,14:00:49.270447424
2,2335.2,2,2335.3,14:00:49.296955671
3,2335.2,2,2335.3,14:00:49.396705616
3,2335.2,1,2335.3,14:00:49.396848403
3,2335.2,1,2335.3,14:00:49.396861494
3,2335.2,10,2335.4,14:00:49.396887450
3,2335.2,10,2335.4,14:00:49.396887450
4,2335.2,10,2335.4,14:00:49.397051521
5,2335.2,10,2335.4,14:00:49.398459517
5,2335.2,9,2335.4,14:00:49.398590266
6,2335.2,9,2335.4,14:00:49.398628845
6,2335.2,8,2335.4,14:00:49.398688975
6,2335.2,7,2335.4,14:00:49.399117985
5,2335.2,7,2335.4,14:00:49.399155793
5,2335.2,6,2335.4,14:00:49.399269687
4,2335.2,6,2335.4,14:00:49.675785029
4,2335.2,7,2335.4,14:00:49.675905668
4,2335.2,8,2335.4,14:00:49.675921438
4,2335.2,1,2335.3,14:00:49.676181285
3,2335.2,1,2335.3,14:00:49.676310191
3,2335.2,1,2335.3,14:00:49.676341481
3,2335.2,1,2335.3,14:00:49.676378752
3,2335.2,10,2335.4,14:00:49.750722701
3,2335.2,10,2335.4,14:00:49.750722701
3,2335.2,9,2335.4,14:00:49.750742875
4,2335.2,9,2335.4,14:00:49.750858925
4,2335.2,8,2335.4,14:00:49.751025891
4,2335.2,7,2335.4,14:00:50.433540259
5,2335.2,7,2335.4,14:00:50.433638511
5,2335.2,7,2335.4,14:00:50.433669664
5,2335.2,7,2335.4,14:00:50.433684502
5,2335.2,7,2335.4,14:00:50.433698237
5,2335.2,6,2335.4,14:00:50.433717492
5,2335.2,5,2335.4,14:00:50.487735692
5,2335.2,5,2335.4,14:00:50.611452455
5,2335.2,5,2335.4,14:00:51.016579914
6,2335.2,5,2335.4,14:00:51.398051056
6,2335.2,4,2335.4,14:00:51.398184816
1,2335.3,4,2335.4,14:00:51.398331650
1,2335.3,4,2335.4,14:00:51.398468959
1,2335.3,3,2335.4,14:00:51.398490799
1,2335.3,3,2335.4,14:00:51.398842518
