bidVolume,bidPrice,askVolume,askPrice,timestamp
5,2322.4,10,2322.6,08:10:00.005540466
5,2322.4,10,2322.6,08:10:00.005794029
5,2322.4,10,2322.6,08:10:00.006384172
4,2322.4,10,2322.6,08:10:00.008185367
4,2322.4,11,2322.6,08:10:00.032293246
4,2322.4,11,2322.6,08:10:00.036278552
5,2322.4,11,2322.6,08:10:00.046560753
5,2322.4,12,2322.6,08:10:00.551745910
4,2322.4,12,2322.6,08:10:00.675612215
4,2322.4,1,2322.5,08:10:00.675755824
4,2322.4,2,2322.5,08:10:00.675892210
4,2322.4,1,2322.5,08:10:00.676033280
4,2322.4,12,2322.6,08:10:01.830315342
4,2322.4,12,2322.6,08:10:01.830315342
5,2322.4,12,2322.6,08:10:01.830520499
4,2322.4,12,2322.6,08:10:02.055466434
4,2322.4,1,2322.5,08:10:02.464336655
4,2322.4,2,2322.5,08:10:03.086078847
4,2322.4,3,2322.5,08:10:03.086408371
7,2322.4,3,2322.5,08:10:03.087074877
7,2322.4,3,2322.5,08:10:03.087089946
7,2322.4,2,2322.5,08:10:03.087146174
7,2322.4,3,2322.5,08:10:03.087515513
7,2322.4,2,2322.5,08:10:03.087620705
7,2322.4,12,2322.6,08:10:03.087755364
7,2322.4,12,2322.6,08:10:03.087755364
1,2322.5,12,2322.6,08:10:03.087820933
1,2322.5,12,2322.6,08:10:03.088683104
1,2322.5,12,2322.6,08:10:03.088787116
1,2322.5,11,2322.6,08:10:03.088806304
1,2322.5,10,2322.6,08:10:03.088819955
1,2322.5,10,2322.6,08:10:03.088836826
1,2322.5,10,2322.6,08:10:03.088853661
2,2322.5,10,2322.6,08:10:03.106185582
3,2322.5,10,2322.6,08:10:03.106217480
3,2322.5,10,2322.6,08:10:03.106238742
3,2322.5,5,2322.7,08:10:03.107102875
3,2322.5,5,2322.7,08:10:03.107102875
2,2322.6,5,2322.7,08:10:03.107130648
2,2322.6,4,2322.7,08:10:03.107348409
2,2322.6,4,2322.7,08:10:03.107371325
2,2322.6,4,2322.7,08:10:03.107397025
2,2322.6,4,2322.7,08:10:03.107435691
2,2322.6,3,2322.7,08:10:03.107457512
3,2322.6,3,2322.7,08:10:03.107571236
3,2322.6,2,2322.7,08:10:03.107626668
3,2322.6,2,2322.7,08:10:03.107638156
3,2322.6,2,2322.7,08:10:03.107816710
3,2322.6,2,2322.7,08:10:03.107854080
3,2322.6,2,2322.7,08:10:03.107908580
2,2322.6,2,2322.7,08:10:03.107979270
3,2322.6,2,2322.7,08:10:03.108017430
3,2322.6,1,2322.7,08:10:03.108065735
3,2322.6,1,2322.7,08:10:03.108074453
3,2322.6,1,2322.7,08:10:03.108091369
3,2322.6,1,2322.7,08:10:03.108110422
3,2322.6,1,2322.7,08:10:03.108227688
3,2322.6,7,2322.8,08:10:03.108293230
3,2322.6,7,2322.8,08:10:03.108293230
3,2322.6,1,2322.7,08:10:03.108409720
3,2322.6,1,2322.7,08:10:03.108489399
3,2322.6,1,2322.7,08:10:03.108489399
3,2322.6,1,2322.7,08:10:03.108575592
2,2322.6,1,2322.7,08:10:03.108611910
2,2322.6,1,2322.7,08:10:03.108623699
2,2322.6,7,2322.8,08:10:03.108862379
2,2322.6,7,2322.8,08:10:03.108862379
2,2322.6,7,2322.8,08:10:03.108981661
2,2322.6,1,2322.7,08:10:03.109017950
3,2322.6,1,2322.7,08:10:03.109099276
3,2322.6,7,2322.8,08:10:03.109322171
3,2322.6,6,2322.8,08:10:03.109322171
3,2322.6,6,2322.8,08:10:03.109322171
2,2322.6,6,2322.8,08:10:03.109378107
2,2322.6,5,2322.8,08:10:03.109413755
2,2322.6,5,2322.8,08:10:03.109465907
2,2322.6,5,2322.8,08:10:03.109554166
3,2322.6,5,2322.8,08:10:03.109599517
3,2322.6,5,2322.8,08:10:03.109652078
3,2322.6,5,2322.8,08:10:03.109743799
3,2322.6,5,2322.8,08:10:03.109743799
3,2322.6,5,2322.8,08:10:03.115329572
3,2322.6,5,2322.8,08:10:03.115342871
3,2322.6,5,2322.8,08:10:03.115356785
3,2322.6,5,2322.8,08:10:03.116460254
3,2322.6,5,2322.8,08:10:03.118168948
3,2322.6,5,2322.8,08:10:03.120414058
3,2322.6,5,2322.8,08:10:03.120546327
2,2322.6,5,2322.8,08:10:03.120685948
2,2322.6,1,2322.7,08:10:03.120831910
2,2322.6,1,2322.7,08:10:03.120865668
2,2322.6,1,2322.7,08:10:03.120965833
2,2322.6,1,2322.7,08:10:03.120978995
2,2322.6,6,2322.8,08:10:03.121104309
2,2322.6,6,2322.8,08:10:03.121104309
3,2322.6,6,2322.8,08:10:03.121237080
3,2322.6,6,2322.8,08:10:03.121324278
3,2322.6,7,2322.8,08:10:03.121591439
2,2322.6,7,2322.8,08:10:03.121726511
2,2322.6,7,2322.8,08:10:03.125476961
2,2322.6,7,2322.8,08:10:03.125490628
2,2322.6,7,2322.8,08:10:03.130546705
2,2322.6,7,2322.8,08:10:03.130546705
3,2322.6,7,2322.8,08:10:03.151978792
4,2322.6,7,2322.8,08:10:03.151999723
4,2322.6,7,2322.8,08:10:03.151999723
4,2322.6,7,2322.8,08:10:03.152124513
4,2322.6,7,2322.8,08:10:03.155457195
4,2322.6,1,2322.7,08:10:03.171012039
4,2322.6,2,2322.7,08:10:03.171078178
4,2322.6,2,2322.7,08:10:03.171351647
4,2322.6,2,2322.7,08:10:03.171366645
4,2322.6,2,2322.7,08:10:03.171396329
4,2322.6,3,2322.7,08:10:03.171603636
4,2322.6,4,2322.7,08:10:03.229921178
5,2322.5,4,2322.7,08:10:03.230216700
5,2322.5,4,2322.7,08:10:03.230216700
5,2322.5,5,2322.7,08:10:03.230396128
4,2322.5,5,2322.7,08:10:03.230434701
4,2322.5,6,2322.7,08:10:03.230452571
4,2322.5,7,2322.7,08:10:03.230576986
4,2322.5,7,2322.7,08:10:03.230672012
3,2322.5,7,2322.7,08:10:03.230717907
3,2322.5,8,2322.7,08:10:03.230743815
3,2322.5,1,2322.6,08:10:03.230802958
3,2322.5,1,2322.6,08:10:03.230839240
3,2322.5,1,2322.6,08:10:03.230938439
3,2322.5,1,2322.6,08:10:03.230952904
3,2322.5,1,2322.6,08:10:03.230985263
3,2322.5,8,2322.7,08:10:03.231011875
3,2322.5,8,2322.7,08:10:03.231011875
2,2322.5,8,2322.7,08:10:03.231066174
3,2322.5,8,2322.7,08:10:03.231160617
3,2322.5,7,2322.7,08:10:03.231281756
3,2322.5,7,2322.7,08:10:03.307681615
2,2322.5,7,2322.7,08:10:04.005285955
2,2322.5,1,2322.6,08:10:04.005425176
1,2322.5,1,2322.6,08:10:04.005589704
1,2322.5,1,2322.6,08:10:04.005606460
1,2322.5,1,2322.6,08:10:04.005621149
1,2322.5,1,2322.6,08:10:04.005649857
5,2322.4,1,2322.6,08:10:04.005737810
5,2322.4,1,2322.6,08:10:04.005737810
5,2322.4,2,2322.6,08:10:04.005772318
6,2322.4,2,2322.6,08:10:04.005898505
6,2322.4,2,2322.6,08:10:04.005925171
6,2322.4,3,2322.6,08:10:04.005968433
6,2322.4,4,2322.6,08:10:04.006000542
1,2322.5,4,2322.6,08:10:04.006053602
2,2322.5,4,2322.6,08:10:04.006185297
2,2322.5,3,2322.6,08:10:04.006199414
2,2322.5,2,2322.6,08:10:04.006314631
2,2322.5,1,2322.6,08:10:04.006432454
2,2322.5,6,2322.7,08:10:04.006680700
2,2322.5,6,2322.7,08:10:04.006680700
3,2322.5,6,2322.7,08:10:04.006796644
4,2322.5,6,2322.7,08:10:04.006908029
5,2322.5,6,2322.7,08:10:04.006940251
5,2322.5,6,2322.7,08:10:04.007002110
5,2322.5,6,2322.7,08:10:04.007031628
5,2322.5,6,2322.7,08:10:04.007047299
4,2322.5,6,2322.7,08:10:04.007136241
4,2322.5,6,2322.7,08:10:04.998757379
3,2322.5,6,2322.7,08:10:05.095047181
3,2322.5,7,2322.7,08:10:05.095233879
3,2322.5,7,2322.7,08:10:05.095267000
2,2322.5,7,2322.7,08:10:05.095351565
2,2322.5,1,2322.6,08:10:05.095491763
2,2322.5,1,2322.6,08:10:05.095513747
1,2322.5,1,2322.6,08:10:05.095548026
1,2322.5,1,2322.6,08:10:05.095682496
1,2322.5,1,2322.6,08:10:05.095696765
6,2322.4,1,2322.6,08:10:05.095740651
6,2322.4,1,2322.6,08:10:05.095740651
6,2322.4,2,2322.6,08:10:05.095875850
1,2322.5,2,2322.6,08:10:05.096032743
2,2322.5,2,2322.6,08:10:05.096670257
2,2322.5,1,2322.6,08:10:05.096696785
2,2322.5,7,2322.7,08:10:05.096788199
2,2322.5,7,2322.7,08:10:05.096788199
2,2322.5,6,2322.7,08:10:05.096828494
3,2322.5,6,2322.7,08:10:05.096920015
3,2322.5,6,2322.7,08:10:05.097049900
3,2322.5,6,2322.7,08:10:05.097064850
3,2322.5,7,2322.7,08:10:05.220470240
3,2322.5,1,2322.6,08:10:05.220622034
2,2322.5,1,2322.6,08:10:05.221144273
2,2322.5,1,2322.6,08:10:05.221277699
2,2322.5,1,2322.6,08:10:05.221287146
1,2322.5,1,2322.6,08:10:05.390091310
1,2322.5,2,2322.6,08:10:05.390264661
6,2322.4,2,2322.6,08:10:05.621256281
6,2322.4,2,2322.6,08:10:05.621256281
6,2322.4,3,2322.6,08:10:05.621416805
6,2322.4,3,2322.6,08:10:05.629637180
9,2322.4,3,2322.6,08:10:05.783987857
9,2322.4,2,2322.6,08:10:05.784151310
1,2322.5,2,2322.6,08:10:05.784176475
1,2322.5,1,2322.6,08:10:05.784241116
2,2322.5,1,2322.6,08:10:05.784267974
3,2322.5,1,2322.6,08:10:05.784283972
4,2322.5,1,2322.6,08:10:05.784332312
4,2322.5,7,2322.7,08:10:05.784371100
4,2322.5,7,2322.7,08:10:05.784371100
4,2322.5,6,2322.7,08:10:05.784393404
5,2322.5,6,2322.7,08:10:05.784412829
5,2322.5,6,2322.7,08:10:05.784423373
5,2322.5,6,2322.7,08:10:05.784510866
5,2322.5,6,2322.7,08:10:05.784539411
5,2322.5,6,2322.7,08:10:05.784578048
5,2322.5,6,2322.7,08:10:05.802683432
5,2322.5,6,2322.7,08:10:05.802696545
4,2322.5,6,2322.7,08:10:06.819370777
3,2322.5,6,2322.7,08:10:06.819410637
2,2322.5,6,2322.7,08:10:06.819431598
2,2322.5,7,2322.7,08:10:06.819451329
1,2322.5,7,2322.7,08:10:06.819480351
1,2322.5,1,2322.6,08:10:06.819658686
2,2322.5,1,2322.6,08:10:06.819693762
2,2322.5,1,2322.6,08:10:06.819715952
2,2322.5,1,2322.6,08:10:06.819775656
2,2322.5,2,2322.6,08:10:06.819802741
1,2322.5,2,2322.6,08:10:06.819889818
1,2322.5,2,2322.6,08:10:06.819932904
1,2322.5,1,2322.6,08:10:06.819984159
6,2322.4,1,2322.6,08:10:06.820103205
6,2322.4,1,2322.6,08:10:06.820103205
6,2322.4,1,2322.6,08:10:06.820218612
6,2322.4,2,2322.6,08:10:06.820244868
6,2322.4,2,2322.6,08:10:06.832215763
7,2322.4,2,2322.6,08:10:07.661848162
1,2322.5,2,2322.6,08:10:07.661879917
1,2322.5,1,2322.6,08:10:07.662000037
1,2322.5,7,2322.7,08:10:07.662019833
1,2322.5,7,2322.7,08:10:07.662019833
2,2322.5,7,2322.7,08:10:07.662056144
3,2322.5,7,2322.7,08:10:07.662148543
3,2322.5,7,2322.7,08:10:07.662195212
3,2322.5,7,2322.7,08:10:07.662313429
3,2322.5,6,2322.7,08:10:07.662592603
3,2322.5,6,2322.7,08:10:07.679161334
4,2322.5,6,2322.7,08:10:07.679186369
5,2322.5,6,2322.7,08:10:07.679263751
5,2322.5,5,2322.7,08:10:07.679280641
5,2322.5,4,2322.7,08:10:07.679336240
1,2322.6,4,2322.7,08:10:07.679414949
1,2322.6,3,2322.7,08:10:07.679562005
1,2322.6,3,2322.7,08:10:07.679575052
1,2322.6,3,2322.7,08:10:07.679667809
1,2322.6,2,2322.7,08:10:07.679710340
2,2322.6,2,2322.7,08:10:07.679825838
2,2322.6,1,2322.7,08:10:07.679904872
2,2322.6,1,2322.7,08:10:07.680049135
3,2322.6,1,2322.7,08:10:07.680362623
3,2322.6,2,2322.7,08:10:07.680430197
3,2322.6,1,2322.7,08:10:07.680599149
3,2322.6,1,2322.7,08:10:07.680601850
2,2322.6,1,2322.7,08:10:07.680658949
1,2322.6,1,2322.7,08:10:07.680808260
1,2322.6,6,2322.8,08:10:07.680977906
1,2322.6,6,2322.8,08:10:07.680977906
1,2322.6,6,2322.8,08:10:07.681004389
1,2322.6,6,2322.8,08:10:07.681013125
1,2322.6,6,2322.8,08:10:07.681111886
2,2322.6,6,2322.8,08:10:07.681144578
2,2322.6,6,2322.8,08:10:07.681291713
2,2322.6,1,2322.7,08:10:07.682055025
1,2322.6,1,2322.7,08:10:07.682206861
1,2322.6,2,2322.7,08:10:07.682397636
1,2322.6,2,2322.7,08:10:07.682521021
4,2322.5,2,2322.7,08:10:07.683951783
4,2322.5,2,2322.7,08:10:07.683951783
4,2322.5,3,2322.7,08:10:07.685166845
4,2322.5,4,2322.7,08:10:07.731712917
4,2322.5,7,2322.7,08:10:07.748245529
4,2322.5,7,2322.7,08:10:07.748257840
4,2322.5,7,2322.7,08:10:07.748271530
3,2322.5,7,2322.7,08:10:07.748410050
2,2322.5,7,2322.7,08:10:07.748431523
2,2322.5,7,2322.7,08:10:07.748446608
1,2322.5,7,2322.7,08:10:07.748488807
1,2322.5,1,2322.6,08:10:07.748541333
6,2322.4,1,2322.6,08:10:07.748653668
6,2322.4,1,2322.6,08:10:07.748653668
6,2322.4,1,2322.6,08:10:07.748791070
6,2322.4,2,2322.6,08:10:07.748821198
6,2322.4,2,2322.6,08:10:07.748829381
6,2322.4,2,2322.6,08:10:07.748861593
6,2322.4,1,2322.6,08:10:07.748924192
6,2322.4,2,2322.6,08:10:07.748986622
6,2322.4,2,2322.6,08:10:07.748997058
1,2322.5,2,2322.6,08:10:07.749054012
2,2322.5,2,2322.6,08:10:07.749124282
2,2322.5,1,2322.6,08:10:07.749148712
1,2322.5,1,2322.6,08:10:07.749180818
6,2322.4,1,2322.6,08:10:07.749257613
6,2322.4,1,2322.6,08:10:07.749257613
6,2322.4,1,2322.6,08:10:07.749279770
6,2322.4,2,2322.6,08:10:07.749400480
6,2322.4,2,2322.6,08:10:07.749407284
6,2322.4,1,2322.6,08:10:07.749794504
6,2322.4,1,2322.6,08:10:07.776203326
6,2322.4,2,2322.6,08:10:07.776334569
6,2322.4,3,2322.6,08:10:07.776457097
6,2322.4,4,2322.6,08:10:07.835758560
6,2322.4,4,2322.6,08:10:07.857693028
6,2322.4,3,2322.6,08:10:08.003050429
1,2322.5,3,2322.6,08:10:08.003081072
1,2322.5,2,2322.6,08:10:08.003177170
1,2322.5,1,2322.6,08:10:08.003219328
2,2322.5,1,2322.6,08:10:08.003290123
2,2322.5,5,2322.7,08:10:08.003481001
2,2322.5,5,2322.7,08:10:08.003481001
2,2322.5,5,2322.7,08:10:08.003541482
3,2322.5,5,2322.7,08:10:08.003689990
4,2322.5,5,2322.7,08:10:08.003734436
5,2322.5,5,2322.7,08:10:08.003907995
5,2322.5,5,2322.7,08:10:08.003936641
5,2322.5,5,2322.7,08:10:08.003948414
5,2322.5,5,2322.7,08:10:08.003961676
5,2322.5,5,2322.7,08:10:08.003975945
6,2322.5,5,2322.7,08:10:08.004035819
5,2322.5,5,2322.7,08:10:08.004265621
5,2322.5,4,2322.7,08:10:08.004365687
1,2322.6,4,2322.7,08:10:08.153413873
1,2322.6,4,2322.7,08:10:08.153536983
1,2322.6,3,2322.7,08:10:08.153559586
1,2322.6,2,2322.7,08:10:08.153577573
5,2322.5,2,2322.7,08:10:08.154132096
5,2322.5,2,2322.7,08:10:08.154132096
5,2322.5,2,2322.7,08:10:08.154193832
5,2322.5,3,2322.7,08:10:08.154260432
6,2322.5,3,2322.7,08:10:08.235743075
6,2322.5,2,2322.7,08:10:08.235878463
1,2322.6,2,2322.7,08:10:08.236123184
1,2322.6,1,2322.7,08:10:08.236251466
1,2322.6,6,2322.8,08:10:08.236614283
1,2322.6,6,2322.8,08:10:08.236614283
2,2322.6,6,2322.8,08:10:08.236761876
3,2322.6,6,2322.8,08:10:08.236771009
3,2322.6,6,2322.8,08:10:08.237060881
3,2322.6,6,2322.8,08:10:08.237077060
3,2322.6,6,2322.8,08:10:08.237127714
3,2322.6,6,2322.8,08:10:08.247214097
3,2322.6,6,2322.8,08:10:08.257227237
3,2322.6,6,2322.8,08:10:08.273843769
3,2322.6,6,2322.8,08:10:08.273858953
3,2322.6,7,2322.8,08:10:08.283134684
2,2322.6,7,2322.8,08:10:08.283279420
2,2322.6,1,2322.7,08:10:08.283404123
1,2322.6,1,2322.7,08:10:08.283471187
1,2322.6,1,2322.7,08:10:08.283621964
1,2322.6,1,2322.7,08:10:08.283636966
2,2322.6,1,2322.7,08:10:08.302309336
2,2322.6,7,2322.8,08:10:08.302428034
2,2322.6,7,2322.8,08:10:08.302428034
2,2322.6,7,2322.8,08:10:08.302580616
3,2322.6,7,2322.8,08:10:08.321837350
3,2322.6,7,2322.8,08:10:08.322149286
2,2322.6,7,2322.8,08:10:08.686516783
2,2322.6,1,2322.7,08:10:08.686658619
4,2322.6,1,2322.7,08:10:08.686859234
4,2322.6,1,2322.7,08:10:08.686871606
3,2322.6,1,2322.7,08:10:08.686896083
3,2322.6,7,2322.8,08:10:08.686968295
3,2322.6,7,2322.8,08:10:08.686968295
1,2322.6,7,2322.8,08:10:08.687107402
6,2322.5,7,2322.8,08:10:08.688373210
6,2322.5,7,2322.8,08:10:08.688373210
6,2322.5,5,2322.6,08:10:08.688399271
6,2322.5,5,2322.6,08:10:08.688422702
6,2322.5,5,2322.6,08:10:08.688430280
6,2322.5,5,2322.6,08:10:08.688444005
6,2322.5,5,2322.6,08:10:08.688492845
6,2322.5,5,2322.6,08:10:08.688523840
6,2322.5,7,2322.8,08:10:08.688806025
6,2322.5,7,2322.8,08:10:08.688806025
6,2322.5,1,2322.7,08:10:08.688848208
6,2322.5,2,2322.7,08:10:08.688919186
5,2322.5,2,2322.7,08:10:08.688997927
4,2322.5,2,2322.7,08:10:08.689137184
4,2322.5,2,2322.7,08:10:08.689220513
4,2322.5,3,2322.7,08:10:08.689256790
4,2322.5,2,2322.7,08:10:08.689276774
4,2322.5,3,2322.7,08:10:08.689455284
4,2322.5,4,2322.7,08:10:08.689474659
4,2322.5,5,2322.7,08:10:08.689557769
4,2322.5,6,2322.7,08:10:08.689596019
4,2322.5,7,2322.7,08:10:08.689628739
3,2322.5,7,2322.7,08:10:08.689792052
3,2322.5,6,2322.7,08:10:08.689923725
2,2322.5,6,2322.7,08:10:08.691459814
2,2322.5,6,2322.7,08:10:08.692890940
3,2322.5,6,2322.7,08:10:08.694563677
2,2322.5,6,2322.7,08:10:08.721368728
2,2322.5,1,2322.6,08:10:08.721494266
2,2322.5,6,2322.7,08:10:08.721754607
2,2322.5,6,2322.7,08:10:08.721754607
3,2322.5,6,2322.7,08:10:08.721948832
3,2322.5,5,2322.7,08:10:08.721998388
4,2322.5,5,2322.7,08:10:08.722120583
4,2322.5,4,2322.7,08:10:08.722210456
4,2322.5,3,2322.7,08:10:08.722345543
6,2322.4,3,2322.7,08:10:08.791045059
6,2322.4,3,2322.7,08:10:08.791045059
6,2322.4,4,2322.7,08:10:08.791128174
6,2322.4,1,2322.6,08:10:08.791189129
6,2322.4,2,2322.6,08:10:08.791326879
6,2322.4,2,2322.6,08:10:08.791490677
6,2322.4,3,2322.6,08:10:08.791512499
6,2322.4,4,2322.6,08:10:08.791626044
6,2322.4,4,2322.6,08:10:08.791640303
6,2322.4,4,2322.6,08:10:08.791671644
6,2322.4,4,2322.6,08:10:08.791717379
6,2322.4,4,2322.6,08:10:08.791732717
6,2322.4,4,2322.6,08:10:08.791789906
6,2322.4,4,2322.6,08:10:08.791805413
6,2322.4,4,2322.6,08:10:08.791818681
8,2322.4,4,2322.6,08:10:08.791839369
8,2322.4,5,2322.6,08:10:08.791921173
8,2322.4,5,2322.6,08:10:08.791934447
8,2322.4,4,2322.6,08:10:08.792077648
8,2322.4,4,2322.6,08:10:08.792291887
8,2322.4,3,2322.6,08:10:08.794056682
8,2322.4,3,2322.6,08:10:08.799245717
8,2322.4,3,2322.6,08:10:08.801230429
8,2322.4,3,2322.6,08:10:08.807694537
8,2322.4,3,2322.6,08:10:09.020866751
8,2322.4,3,2322.6,08:10:09.020884086
8,2322.4,4,2322.6,08:10:09.027438055
8,2322.4,1,2322.5,08:10:09.030885855
7,2322.4,1,2322.5,08:10:09.031092941
6,2322.4,1,2322.5,08:10:09.031092941
6,2322.4,1,2322.5,08:10:09.031109163
6,2322.4,1,2322.5,08:10:09.031109163
6,2322.4,1,2322.5,08:10:09.031109163
5,2322.4,1,2322.5,08:10:09.031124811
5,2322.4,4,2322.6,08:10:09.031241930
5,2322.4,4,2322.6,08:10:09.031241930
1,2322.5,4,2322.6,08:10:09.031268350
1,2322.5,4,2322.6,08:10:09.031301048
4,2322.4,4,2322.6,08:10:09.031461311
4,2322.4,4,2322.6,08:10:09.031461311
4,2322.4,1,2322.5,08:10:09.031568163
3,2322.4,1,2322.5,08:10:09.031659407
3,2322.4,1,2322.5,08:10:09.031673190
3,2322.4,1,2322.5,08:10:09.031673190
2,2322.4,1,2322.5,08:10:09.031716590
6,2322.3,1,2322.5,08:10:09.031870314
6,2322.3,1,2322.5,08:10:09.031870314
6,2322.3,1,2322.5,08:10:09.032091703
6,2322.3,3,2322.6,08:10:09.032230180
6,2322.3,3,2322.6,08:10:09.032230180
6,2322.3,4,2322.6,08:10:09.032257745
6,2322.3,1,2322.5,08:10:09.032310393
6,2322.3,2,2322.5,08:10:09.032357738
6,2322.3,3,2322.5,08:10:09.032375003
6,2322.3,4,2322.5,08:10:09.032468147
6,2322.3,5,2322.5,08:10:09.032500384
5,2322.3,5,2322.5,08:10:09.032661274
5,2322.3,7,2322.5,08:10:09.032744018
5,2322.3,8,2322.5,08:10:09.032812820
5,2322.3,8,2322.5,08:10:09.032863441
5,2322.3,9,2322.5,08:10:09.032881131
5,2322.3,10,2322.5,08:10:09.032894901
5,2322.3,10,2322.5,08:10:09.032908972
5,2322.3,10,2322.5,08:10:09.033237553
5,2322.3,10,2322.5,08:10:09.033254318
5,2322.3,10,2322.5,08:10:09.033266819
5,2322.3,9,2322.5,08:10:09.033284515
5,2322.3,8,2322.5,08:10:09.033300474
4,2322.3,8,2322.5,08:10:09.033501953
3,2322.3,8,2322.5,08:10:09.033523128
3,2322.3,8,2322.5,08:10:09.033554700
3,2322.3,7,2322.5,08:10:09.033677612
3,2322.3,7,2322.5,08:10:09.033693452
3,2322.3,7,2322.5,08:10:09.033693452
3,2322.3,7,2322.5,08:10:09.033707144
3,2322.3,7,2322.5,08:10:09.034523372
3,2322.3,7,2322.5,08:10:09.043231750
3,2322.3,5,2322.4,08:10:09.071553537
3,2322.3,5,2322.4,08:10:09.071576348
3,2322.3,5,2322.4,08:10:09.071582994
3,2322.3,5,2322.4,08:10:09.071595506
2,2322.3,5,2322.4,08:10:09.071676340
1,2322.3,5,2322.4,08:10:09.071745887
1,2322.3,5,2322.4,08:10:09.071815146
1,2322.3,5,2322.4,08:10:09.071831009
1,2322.3,5,2322.4,08:10:09.071848734
1,2322.3,5,2322.4,08:10:09.072073935
5,2322.2,5,2322.4,08:10:09.072073935
5,2322.2,5,2322.4,08:10:09.072073935
5,2322.2,6,2322.4,08:10:09.072122532
5,2322.2,6,2322.4,08:10:09.072222373
5,2322.2,6,2322.4,08:10:09.072399977
5,2322.2,6,2322.4,08:10:09.072417040
5,2322.2,6,2322.4,08:10:09.072465425
5,2322.2,6,2322.4,08:10:09.075141616
5,2322.2,5,2322.4,08:10:09.075261449
5,2322.2,4,2322.4,08:10:09.200440651
6,2322.2,4,2322.4,08:10:09.200526234
1,2322.3,4,2322.4,08:10:09.200572212
2,2322.3,4,2322.4,08:10:09.200660268
1,2322.3,4,2322.4,08:10:09.200760046
6,2322.2,4,2322.4,08:10:09.200915346
6,2322.2,4,2322.4,08:10:09.200915346
6,2322.2,4,2322.4,08:10:09.402219233
5,2322.2,4,2322.4,08:10:09.576731392
5,2322.2,3,2322.4,08:10:09.577013734
5,2322.2,4,2322.4,08:10:09.577158415
6,2322.2,4,2322.4,08:10:09.577193460
6,2322.2,3,2322.4,08:10:09.607376317
1,2322.3,3,2322.4,08:10:09.607507936
1,2322.3,3,2322.4,08:10:09.607531246
1,2322.3,3,2322.4,08:10:09.607679594
2,2322.3,3,2322.4,08:10:09.619247613
2,2322.3,7,2322.5,08:10:09.619762785
2,2322.3,7,2322.5,08:10:09.619762785
1,2322.4,7,2322.5,08:10:09.619787803
1,2322.4,7,2322.5,08:10:09.620015301
1,2322.4,7,2322.5,08:10:09.620015301
1,2322.4,7,2322.5,08:10:09.620116956
1,2322.4,7,2322.5,08:10:09.620287068
1,2322.4,7,2322.5,08:10:09.620305558
5,2322.3,7,2322.5,08:10:09.620531034
5,2322.3,7,2322.5,08:10:09.620531034
5,2322.3,6,2322.5,08:10:09.620554750
5,2322.3,6,2322.5,08:10:09.620569780
5,2322.3,6,2322.5,08:10:09.620582741
5,2322.3,6,2322.5,08:10:09.620597387
5,2322.3,5,2322.5,08:10:09.620616348
5,2322.3,4,2322.5,08:10:09.620635042
5,2322.3,3,2322.5,08:10:09.620741048
5,2322.3,2,2322.5,08:10:09.620785660
5,2322.3,2,2322.5,08:10:09.620797881
5,2322.3,2,2322.5,08:10:09.621017396
5,2322.3,3,2322.5,08:10:09.621104377
5,2322.3,4,2322.5,08:10:09.621140274
5,2322.3,5,2322.5,08:10:09.621216590
5,2322.3,6,2322.5,08:10:09.621251811
5,2322.3,7,2322.5,08:10:09.621282454
5,2322.3,7,2322.5,08:10:09.628006595
5,2322.3,7,2322.5,08:10:09.630862971
5,2322.3,7,2322.5,08:10:09.798880170
4,2322.3,7,2322.5,08:10:09.877969330
7,2322.3,7,2322.5,08:10:09.976764471
7,2322.3,6,2322.5,08:10:09.976949694
7,2322.3,5,2322.5,08:10:09.976985218
7,2322.3,4,2322.5,08:10:09.977001416
7,2322.3,3,2322.5,08:10:09.977136287
7,2322.3,2,2322.5,08:10:09.977243447
7,2322.3,3,2322.5,08:10:10.195981177
7,2322.3,4,2322.5,08:10:10.197409304
7,2322.3,3,2322.5,08:10:10.483633958
7,2322.3,2,2322.5,08:10:10.483735531
7,2322.3,1,2322.5,08:10:10.483813263
7,2322.3,7,2322.6,08:10:10.483834310
7,2322.3,7,2322.6,08:10:10.483834310
1,2322.4,7,2322.6,08:10:10.483954571
1,2322.4,1,2322.5,08:10:10.483980889
2,2322.4,1,2322.5,08:10:10.484093278
2,2322.4,1,2322.5,08:10:10.484153081
2,2322.4,1,2322.5,08:10:10.484196839
2,2322.4,1,2322.5,08:10:10.484210852
1,2322.4,1,2322.5,08:10:10.859402920
1,2322.4,1,2322.5,08:10:10.859538879
1,2322.4,2,2322.5,08:10:10.860043986
4,2322.3,2,2322.5,08:10:10.913001285
4,2322.3,2,2322.5,08:10:10.913001285
4,2322.3,3,2322.5,08:10:10.913153582
4,2322.3,2,2322.5,08:10:10.913529417
4,2322.3,3,2322.5,08:10:11.025213432
4,2322.3,4,2322.5,08:10:11.025347844
4,2322.3,5,2322.5,08:10:11.025366977
4,2322.3,4,2322.5,08:10:11.511006213
4,2322.3,3,2322.5,08:10:11.511198259
4,2322.3,3,2322.5,08:10:11.519476659
4,2322.3,4,2322.5,08:10:11.669976913
4,2322.3,3,2322.5,08:10:12.711419013
7,2322.3,3,2322.5,08:10:12.711562837
1,2322.4,3,2322.5,08:10:12.711691185
1,2322.4,2,2322.5,08:10:12.711737388
1,2322.4,1,2322.5,08:10:12.711926991
1,2322.4,1,2322.5,08:10:12.711938800
1,2322.4,7,2322.6,08:10:12.712000337
1,2322.4,7,2322.6,08:10:12.712000337
1,2322.4,7,2322.6,08:10:12.712116048
1,2322.4,7,2322.6,08:10:12.712137335
1,2322.4,7,2322.6,08:10:12.723228612
2,2322.4,7,2322.6,08:10:12.858017087
1,2322.4,7,2322.6,08:10:13.118814154
1,2322.4,1,2322.5,08:10:13.118955600
1,2322.4,2,2322.5,08:10:13.119117879
4,2322.3,2,2322.5,08:10:13.119239020
4,2322.3,2,2322.5,08:10:13.119239020
4,2322.3,2,2322.5,08:10:13.119353692
4,2322.3,3,2322.5,08:10:13.119454184
4,2322.3,3,2322.5,08:10:13.119574461
3,2322.3,3,2322.5,08:10:13.173821630
2,2322.3,3,2322.5,08:10:13.173985227
2,2322.3,1,2322.4,08:10:13.173985227
2,2322.3,1,2322.4,08:10:13.174065577
2,2322.3,1,2322.4,08:10:13.174127619
1,2322.3,1,2322.4,08:10:13.174203173
1,2322.3,1,2322.4,08:10:13.174255869
1,2322.3,1,2322.4,08:10:13.174362818
7,2322.2,1,2322.4,08:10:13.174390492
7,2322.2,1,2322.4,08:10:13.174390492
7,2322.2,2,2322.4,08:10:13.174488452
6,2322.2,2,2322.4,08:10:13.174503804
6,2322.2,2,2322.4,08:10:13.174516303
6,2322.2,2,2322.4,08:10:13.174608107
6,2322.2,1,2322.4,08:10:13.174669596
6,2322.2,1,2322.4,08:10:13.174701711
6,2322.2,2,2322.4,08:10:13.174729811
6,2322.2,3,2322.4,08:10:13.174840063
6,2322.2,4,2322.4,08:10:13.174860323
6,2322.2,4,2322.4,08:10:13.175198771
6,2322.2,4,2322.4,08:10:13.182680410
6,2322.2,4,2322.4,08:10:13.192445407
6,2322.2,9,2322.4,08:10:13.193387509
6,2322.2,9,2322.4,08:10:13.193398265
6,2322.2,9,2322.4,08:10:13.193411465
6,2322.2,9,2322.4,08:10:13.193424765
5,2322.2,9,2322.4,08:10:13.193625965
5,2322.2,1,2322.3,08:10:13.193667976
4,2322.2,1,2322.3,08:10:13.193690809
4,2322.2,1,2322.3,08:10:13.193729926
3,2322.2,1,2322.3,08:10:13.193814219
3,2322.2,2,2322.3,08:10:13.193947095
2,2322.2,2,2322.3,08:10:13.193955978
2,2322.2,2,2322.3,08:10:13.194098519
6,2322.1,2,2322.3,08:10:13.259686158
3,2322.1,2,2322.3,08:10:13.259686158
3,2322.1,2,2322.3,08:10:13.259686158
3,2322.1,1,2322.2,08:10:13.259881811
2,2322.1,1,2322.2,08:10:13.259906820
2,2322.1,2,2322.2,08:10:13.260067246
2,2322.1,2,2322.2,08:10:13.260127369
2,2322.1,2,2322.2,08:10:13.260247471
2,2322.1,3,2322.2,08:10:13.260277804
2,2322.1,3,2322.2,08:10:13.260318343
2,2322.1,3,2322.2,08:10:13.260349470
2,2322.1,3,2322.2,08:10:13.260368945
2,2322.1,3,2322.2,08:10:13.260404978
2,2322.1,4,2322.2,08:10:13.260426329
2,2322.1,5,2322.2,08:10:13.260444377
2,2322.1,4,2322.2,08:10:13.260461561
2,2322.1,4,2322.2,08:10:13.260475526
2,2322.1,4,2322.2,08:10:13.260489120
2,2322.1,4,2322.2,08:10:13.260528849
2,2322.1,4,2322.2,08:10:13.260554751
2,2322.1,4,2322.2,08:10:13.260571624
2,2322.1,4,2322.2,08:10:13.260599459
2,2322.1,5,2322.2,08:10:13.260775731
1,2322.1,5,2322.2,08:10:13.260866975
1,2322.1,5,2322.2,08:10:13.260879836
1,2322.1,5,2322.2,08:10:13.261054492
1,2322.1,4,2322.2,08:10:13.261101228
5,2322.0,4,2322.2,08:10:13.261156295
5,2322.0,4,2322.2,08:10:13.261156295
5,2322.0,3,2322.2,08:10:13.261181682
5,2322.0,2,2322.2,08:10:13.261250682
5,2322.0,2,2322.2,08:10:13.261279952
5,2322.0,2,2322.2,08:10:13.261312133
5,2322.0,2,2322.2,08:10:13.261312133
5,2322.0,2,2322.2,08:10:13.261445341
5,2322.0,2,2322.2,08:10:13.261608958
4,2322.0,2,2322.2,08:10:13.261784458
4,2322.0,2,2322.2,08:10:13.261810110
4,2322.0,3,2322.2,08:10:13.261832726
4,2322.0,3,2322.2,08:10:13.261846508
4,2322.0,4,2322.2,08:10:13.261895290
4,2322.0,5,2322.2,08:10:13.261910535
4,2322.0,5,2322.2,08:10:13.261923188
4,2322.0,5,2322.2,08:10:13.261939287
4,2322.0,5,2322.2,08:10:13.262134335
4,2322.0,5,2322.2,08:10:13.262134335
4,2322.0,6,2322.2,08:10:13.262202755
4,2322.0,6,2322.2,08:10:13.262216272
3,2322.0,6,2322.2,08:10:13.262239498
2,2322.0,6,2322.2,08:10:13.262484774
2,2322.0,1,2322.1,08:10:13.272126018
2,2322.0,1,2322.1,08:10:13.272278191
2,2322.0,1,2322.1,08:10:13.272308505
1,2322.0,1,2322.1,08:10:13.272436187
6,2321.9,1,2322.1,08:10:13.272526320
6,2321.9,1,2322.1,08:10:13.272526320
5,2321.9,1,2322.1,08:10:13.272565243
5,2321.9,1,2322.1,08:10:13.272577217
5,2321.9,1,2322.1,08:10:13.272656666
5,2321.9,2,2322.1,08:10:13.272701517
5,2321.9,2,2322.1,08:10:13.272757887
1,2322.0,2,2322.1,08:10:13.272790428
5,2321.9,2,2322.1,08:10:13.273017674
4,2321.9,2,2322.1,08:10:13.273017674
4,2321.9,2,2322.1,08:10:13.273017674
4,2321.9,2,2322.1,08:10:13.273049178
4,2321.9,2,2322.1,08:10:13.273060672
4,2321.9,3,2322.1,08:10:13.273098020
4,2321.9,3,2322.1,08:10:13.273128163
4,2321.9,4,2322.1,08:10:13.273201447
3,2321.9,4,2322.1,08:10:13.273270181
3,2321.9,4,2322.1,08:10:13.273557087
3,2321.9,4,2322.1,08:10:13.273755235
2,2321.9,4,2322.1,08:10:13.273817204
2,2321.9,4,2322.1,08:10:13.273940608
2,2321.9,4,2322.1,08:10:13.283717311
2,2321.9,4,2322.1,08:10:13.287594215
2,2321.9,4,2322.1,08:10:13.287594215
2,2321.9,5,2322.1,08:10:13.329036057
2,2321.9,1,2322.0,08:10:13.329172085
2,2321.9,1,2322.0,08:10:13.329297787
2,2321.9,1,2322.0,08:10:13.329325710
1,2321.9,1,2322.0,08:10:13.329382182
1,2321.9,1,2322.0,08:10:13.329417174
4,2321.8,1,2322.0,08:10:13.329630933
4,2321.8,1,2322.0,08:10:13.329630933
4,2321.8,1,2322.0,08:10:13.329655688
4,2321.8,2,2322.0,08:10:13.329688262
4,2321.8,2,2322.0,08:10:13.329786180
4,2321.8,3,2322.0,08:10:13.329828421
4,2321.8,3,2322.0,08:10:13.329839983
4,2321.8,4,2322.0,08:10:13.329863648
5,2321.8,4,2322.0,08:10:13.329892691
5,2321.8,4,2322.0,08:10:13.330084407
5,2321.8,4,2322.0,08:10:13.330127583
4,2321.8,4,2322.0,08:10:13.330148584
4,2321.8,4,2322.0,08:10:13.330162531
3,2321.8,4,2322.0,08:10:13.330305480
3,2321.8,4,2322.0,08:10:13.330865034
3,2321.8,4,2322.0,08:10:13.330865034
3,2321.8,4,2322.0,08:10:13.347973255
3,2321.8,4,2322.0,08:10:13.347987012
1,2321.8,4,2322.0,08:10:13.357847950
1,2321.8,1,2321.9,08:10:13.358097283
1,2321.8,2,2321.9,08:10:13.358113245
6,2321.7,2,2321.9,08:10:13.358218060
6,2321.7,2,2321.9,08:10:13.358218060
6,2321.7,2,2321.9,08:10:13.358255002
6,2321.7,2,2321.9,08:10:13.358271427
5,2321.7,2,2321.9,08:10:13.358473176
5,2321.7,2,2321.9,08:10:13.358487029
5,2321.7,3,2321.9,08:10:13.358510742
5,2321.7,3,2321.9,08:10:13.358521068
1,2321.8,3,2321.9,08:10:13.358547327
1,2321.8,3,2321.9,08:10:13.358613035
1,2321.8,3,2321.9,08:10:13.358637186
1,2321.8,3,2321.9,08:10:13.358674524
1,2321.8,3,2321.9,08:10:13.358707760
1,2321.8,3,2321.9,08:10:13.358812533
1,2321.8,4,2321.9,08:10:13.358832053
1,2321.8,4,2321.9,08:10:13.358944289
1,2321.8,4,2321.9,08:10:13.358959627
1,2321.8,3,2321.9,08:10:13.359021328
1,2321.8,3,2321.9,08:10:13.359161734
1,2321.8,2,2321.9,08:10:13.359183273
1,2321.8,2,2321.9,08:10:13.359197107
1,2321.8,2,2321.9,08:10:13.359279487
1,2321.8,3,2321.9,08:10:13.359359376
1,2321.8,3,2321.9,08:10:13.359388378
1,2321.8,3,2321.9,08:10:13.359403310
1,2321.8,2,2321.9,08:10:13.359529632
2,2321.8,2,2321.9,08:10:13.372738926
2,2321.8,2,2321.9,08:10:13.375650194
2,2321.8,1,2321.9,08:10:13.378011804
3,2321.8,1,2321.9,08:10:13.378149931
4,2321.8,1,2321.9,08:10:13.378171251
5,2321.8,1,2321.9,08:10:13.378189714
5,2321.8,6,2322.0,08:10:13.378286037
5,2321.8,6,2322.0,08:10:13.378286037
5,2321.8,5,2322.0,08:10:13.378337852
5,2321.8,5,2322.0,08:10:13.378355241
5,2321.8,5,2322.0,08:10:13.378406391
4,2321.8,5,2322.0,08:10:13.378479986
4,2321.8,5,2322.0,08:10:13.378524500
4,2321.8,5,2322.0,08:10:13.378524500
5,2321.8,5,2322.0,08:10:13.393056597
4,2321.8,5,2322.0,08:10:13.393248979
4,2321.8,5,2322.0,08:10:13.502827671
4,2321.8,5,2322.0,08:10:13.502842305
5,2321.8,5,2322.0,08:10:13.534593044
5,2321.8,4,2322.0,08:10:13.534852675
1,2321.9,4,2322.0,08:10:13.580191888
1,2321.9,3,2322.0,08:10:13.580641110
5,2321.8,3,2322.0,08:10:13.609299151
5,2321.8,3,2322.0,08:10:13.609299151
5,2321.8,4,2322.0,08:10:13.609465622
5,2321.8,5,2322.0,08:10:13.610474420
4,2321.8,5,2322.0,08:10:13.610514811
4,2321.8,6,2322.0,08:10:13.610548913
3,2321.8,6,2322.0,08:10:13.610571723
2,2321.8,6,2322.0,08:10:13.612492105
1,2321.8,6,2322.0,08:10:13.614137565
1,2321.8,1,2321.9,08:10:13.614761504
1,2321.8,1,2321.9,08:10:13.614918864
2,2321.8,1,2321.9,08:10:13.617195998
2,2321.8,6,2322.0,08:10:13.617310001
2,2321.8,6,2322.0,08:10:13.617310001
2,2321.8,5,2322.0,08:10:13.617696242
5,2321.7,5,2322.0,08:10:13.708046706
3,2321.7,5,2322.0,08:10:13.708046706
3,2321.7,5,2322.0,08:10:13.708046706
3,2321.7,1,2321.9,08:10:13.708128086
3,2321.7,2,2321.9,08:10:13.708205499
3,2321.7,3,2321.9,08:10:13.708240703
3,2321.7,4,2321.9,08:10:13.709506297
3,2321.7,4,2321.9,08:10:13.709506297
3,2321.7,4,2321.9,08:10:13.709515461
3,2321.7,5,2321.9,08:10:13.709556355
2,2321.7,5,2321.9,08:10:13.709569584
2,2321.7,6,2321.9,08:10:13.709584372
2,2321.7,7,2321.9,08:10:13.709594967
2,2321.7,7,2321.9,08:10:13.709611316
3,2321.7,7,2321.9,08:10:13.709611316
3,2321.7,7,2321.9,08:10:13.709611316
3,2321.7,7,2321.9,08:10:13.709619463
3,2321.7,7,2321.9,08:10:13.709637275
3,2321.7,7,2321.9,08:10:13.709637275
3,2321.7,8,2321.9,08:10:13.709637275
3,2321.7,8,2321.9,08:10:13.709669807
3,2321.7,8,2321.9,08:10:13.709669807
3,2321.7,8,2321.9,08:10:13.709669807
4,2321.7,8,2321.9,08:10:13.709684076
4,2321.7,7,2321.9,08:10:13.709684076
4,2321.7,6,2321.9,08:10:13.710668320
4,2321.7,6,2321.9,08:10:13.710685252
4,2321.7,6,2321.9,08:10:13.710723950
4,2321.7,5,2321.9,08:10:13.710742516
4,2321.7,5,2321.9,08:10:13.710760392
4,2321.7,4,2321.9,08:10:13.710782501
4,2321.7,3,2321.9,08:10:13.710876494
5,2321.7,3,2321.9,08:10:13.711738152
5,2321.7,2,2321.9,08:10:13.711762304
5,2321.7,2,2321.9,08:10:13.711775690
5,2321.7,1,2321.9,08:10:13.711858728
1,2321.8,1,2321.9,08:10:13.711990973
1,2321.8,6,2322.0,08:10:13.712148753
1,2321.8,6,2322.0,08:10:13.712148753
1,2321.8,6,2322.0,08:10:13.712197916
2,2321.8,6,2322.0,08:10:13.712301107
2,2321.8,5,2322.0,08:10:13.712483835
2,2321.8,5,2322.0,08:10:13.712601069
2,2321.8,5,2322.0,08:10:13.718577113
3,2321.8,5,2322.0,08:10:13.718718953
3,2321.8,5,2322.0,08:10:13.718841099
3,2321.8,1,2321.9,08:10:13.734351546
2,2321.8,1,2321.9,08:10:13.734526385
1,2321.8,1,2321.9,08:10:13.905603997
1,2321.8,2,2321.9,08:10:13.905758807
1,2321.8,3,2321.9,08:10:13.905780619
6,2321.7,3,2321.9,08:10:13.905911748
6,2321.7,3,2321.9,08:10:13.905911748
6,2321.7,3,2321.9,08:10:13.905934116
6,2321.7,3,2321.9,08:10:13.905951490
6,2321.7,3,2321.9,08:10:13.906003779
5,2321.7,3,2321.9,08:10:13.906122597
5,2321.7,4,2321.9,08:10:13.906200913
5,2321.7,5,2321.9,08:10:13.906231892
4,2321.7,5,2321.9,08:10:13.906250283
3,2321.7,5,2321.9,08:10:13.906320870
3,2321.7,5,2321.9,08:10:14.621806557
4,2321.7,5,2321.9,08:10:14.621939178
7,2321.7,5,2321.9,08:10:14.621956608
7,2321.7,4,2321.9,08:10:14.622104259
7,2321.7,3,2321.9,08:10:14.622123463
1,2321.8,3,2321.9,08:10:14.622187360
1,2321.8,2,2321.9,08:10:14.622299747
2,2321.8,2,2321.9,08:10:14.622386456
2,2321.8,2,2321.9,08:10:14.622397135
2,2321.8,2,2321.9,08:10:14.622430621
2,2321.8,1,2321.9,08:10:14.622490075
2,2321.8,5,2322.0,08:10:14.622666107
2,2321.8,5,2322.0,08:10:14.622666107
2,2321.8,5,2322.0,08:10:14.622691400
3,2321.8,5,2322.0,08:10:14.622793598
3,2321.8,5,2322.0,08:10:14.622947773
3,2321.8,4,2322.0,08:10:14.622976939
3,2321.8,4,2322.0,08:10:14.623008146
3,2321.8,4,2322.0,08:10:14.632228755
2,2321.8,4,2322.0,08:10:14.678147806
2,2321.8,5,2322.0,08:10:14.678277770
2,2321.8,6,2322.0,08:10:14.678334299
2,2321.8,6,2322.0,08:10:14.678373267
1,2321.8,6,2322.0,08:10:14.678467412
1,2321.8,1,2321.9,08:10:14.678592490
1,2321.8,1,2321.9,08:10:14.678731527
1,2321.8,1,2321.9,08:10:14.678744429
5,2321.7,1,2321.9,08:10:14.686771395
5,2321.7,1,2321.9,08:10:14.686771395
5,2321.7,2,2321.9,08:10:14.686963468
5,2321.7,2,2321.9,08:10:14.686975626
5,2321.7,3,2321.9,08:10:14.687011198
5,2321.7,4,2321.9,08:10:14.687054661
5,2321.7,5,2321.9,08:10:14.687159902
4,2321.7,5,2321.9,08:10:14.687179389
4,2321.7,5,2321.9,08:10:14.687223183
4,2321.7,5,2321.9,08:10:14.687307002
3,2321.7,5,2321.9,08:10:14.687328301
3,2321.7,4,2321.9,08:10:14.765639286
2,2321.7,4,2321.9,08:10:15.580079879
2,2321.7,5,2321.9,08:10:15.609761518
3,2321.7,5,2321.9,08:10:15.700417482
4,2321.7,5,2321.9,08:10:15.700569226
4,2321.7,5,2321.9,08:10:15.765236633
4,2321.7,5,2321.9,08:10:15.765251513
1,2321.8,5,2321.9,08:10:16.415753833
1,2321.8,5,2321.9,08:10:16.415956129
1,2321.8,4,2321.9,08:10:16.415998802
1,2321.8,3,2321.9,08:10:16.416020345
1,2321.8,2,2321.9,08:10:16.416154888
2,2321.8,2,2321.9,08:10:16.416291726
2,2321.8,2,2321.9,08:10:16.416300529
2,2321.8,3,2321.9,08:10:17.265654448
5,2321.7,3,2321.9,08:10:17.265941782
5,2321.7,3,2321.9,08:10:17.265941782
1,2321.8,3,2321.9,08:10:17.265960831
1,2321.8,4,2321.9,08:10:17.266132147
1,2321.8,4,2321.9,08:10:17.266323740
1,2321.8,3,2321.9,08:10:17.266481918
5,2321.7,3,2321.9,08:10:17.274581665
5,2321.7,3,2321.9,08:10:17.274581665
5,2321.7,3,2321.9,08:10:19.113614851
5,2321.7,4,2321.9,08:10:19.593073403
5,2321.7,1,2321.8,08:10:19.593228465
4,2321.7,1,2321.8,08:10:19.593281401
3,2321.7,1,2321.8,08:10:19.593440044
3,2321.7,4,2321.9,08:10:19.593567663
3,2321.7,4,2321.9,08:10:19.593567663
2,2321.7,4,2321.9,08:10:19.593589315
2,2321.7,4,2321.9,08:10:19.593598815
2,2321.7,1,2321.8,08:10:19.593677975
2,2321.7,1,2321.8,08:10:19.593798855
2,2321.7,4,2321.9,08:10:19.593885797
2,2321.7,4,2321.9,08:10:19.593885797
2,2321.7,3,2321.9,08:10:19.593967472
3,2321.7,3,2321.9,08:10:19.594310753
3,2321.7,3,2321.9,08:10:19.594380585
2,2321.7,3,2321.9,08:10:19.888232179
2,2321.7,4,2321.9,08:10:19.888251859
2,2321.7,5,2321.9,08:10:19.888272474
2,2321.7,1,2321.8,08:10:19.888497918
3,2321.7,1,2321.8,08:10:19.888571977
3,2321.7,1,2321.8,08:10:19.888990623
2,2321.7,1,2321.8,08:10:19.889018300
2,2321.7,1,2321.8,08:10:19.889938440
2,2321.7,4,2321.9,08:10:19.890254997
2,2321.7,4,2321.9,08:10:19.890254997
2,2321.7,4,2321.9,08:10:19.890426373
3,2321.7,4,2321.9,08:10:19.896553038
3,2321.7,3,2321.9,08:10:19.896667562
4,2321.7,3,2321.9,08:10:19.896796355
3,2321.7,3,2321.9,08:10:19.988008524
4,2321.7,3,2321.9,08:10:19.988162217
3,2321.7,3,2321.9,08:10:19.988248817
3,2321.7,3,2321.9,08:10:20.170830221
3,2321.7,3,2321.9,08:10:20.170830221
4,2321.7,3,2321.9,08:10:20.258349010
5,2321.7,3,2321.9,08:10:20.258860962
4,2321.7,3,2321.9,08:10:20.689656767
4,2321.7,4,2321.9,08:10:21.145438595
5,2321.7,4,2321.9,08:10:21.292168765
5,2321.7,3,2321.9,08:10:21.292188372
5,2321.7,2,2321.9,08:10:21.451207858
1,2321.8,2,2321.9,08:10:21.451360998
1,2321.8,2,2321.9,08:10:21.451526681
2,2321.8,2,2321.9,08:10:21.451558384
2,2321.8,2,2321.9,08:10:21.451565556
2,2321.8,3,2321.9,08:10:22.405732148
2,2321.8,3,2321.9,08:10:22.405748811
1,2321.8,3,2321.9,08:10:22.405857907
5,2321.7,3,2321.9,08:10:22.406023693
5,2321.7,3,2321.9,08:10:22.406023693
5,2321.7,3,2321.9,08:10:22.407937079
5,2321.7,2,2321.9,08:10:22.705177845
5,2321.7,2,2321.9,08:10:22.705318497
5,2321.7,3,2321.9,08:10:22.709075643
5,2321.7,4,2321.9,08:10:22.709096193
5,2321.7,4,2321.9,08:10:22.709234664
5,2321.7,3,2321.9,08:10:22.719395995
5,2321.7,4,2321.9,08:10:22.744118560
5,2321.7,5,2321.9,08:10:22.744138872
4,2321.7,5,2321.9,08:10:22.744257351
4,2321.7,4,2321.9,08:10:22.897550407
1,2321.8,4,2321.9,08:10:23.230607386
1,2321.8,4,2321.9,08:10:23.230739187
1,2321.8,3,2321.9,08:10:23.230767716
1,2321.8,2,2321.9,08:10:23.230849941
1,2321.8,2,2321.9,08:10:23.231005473
1,2321.8,2,2321.9,08:10:23.231835788
1,2321.8,1,2321.9,08:10:23.245323980
5,2321.7,1,2321.9,08:10:23.245517341
5,2321.7,1,2321.9,08:10:23.245517341
5,2321.7,2,2321.9,08:10:23.245541985
5,2321.7,3,2321.9,08:10:23.245636169
5,2321.7,4,2321.9,08:10:23.246028563
5,2321.7,5,2321.9,08:10:23.246028563
5,2321.7,5,2321.9,08:10:23.246037914
5,2321.7,4,2321.9,08:10:23.246095506
5,2321.7,4,2321.9,08:10:23.246105622
5,2321.7,3,2321.9,08:10:23.246266698
5,2321.7,4,2321.9,08:10:23.255913208
5,2321.7,5,2321.9,08:10:23.294741352
5,2321.7,1,2321.8,08:10:23.294883824
4,2321.7,1,2321.8,08:10:23.295014736
3,2321.7,1,2321.8,08:10:23.295053146
2,2321.7,1,2321.8,08:10:23.295108277
4,2321.7,1,2321.8,08:10:23.295127404
4,2321.7,5,2321.9,08:10:23.295208465
4,2321.7,5,2321.9,08:10:23.295208465
4,2321.7,5,2321.9,08:10:23.295296623
5,2321.7,5,2321.9,08:10:23.295331125
5,2321.7,4,2321.9,08:10:23.295437225
5,2321.7,4,2321.9,08:10:23.295520615
5,2321.7,4,2321.9,08:10:23.402702383
6,2321.7,4,2321.9,08:10:23.402861839
6,2321.7,3,2321.9,08:10:23.402982085
1,2321.8,3,2321.9,08:10:23.403007394
1,2321.8,3,2321.9,08:10:23.403046752
1,2321.8,2,2321.9,08:10:23.403071539
1,2321.8,2,2321.9,08:10:23.403082724
1,2321.8,2,2321.9,08:10:23.403238170
1,2321.8,2,2321.9,08:10:23.403254289
1,2321.8,2,2321.9,08:10:23.403286488
2,2321.8,2,2321.9,08:10:23.403336869
2,2321.8,2,2321.9,08:10:23.403380077
2,2321.8,1,2321.9,08:10:23.403409267
1,2321.8,1,2321.9,08:10:23.794060024
1,2321.8,2,2321.9,08:10:23.794113584
1,2321.8,3,2321.9,08:10:23.794226300
7,2321.7,3,2321.9,08:10:23.794251216
7,2321.7,3,2321.9,08:10:23.794251216
7,2321.7,4,2321.9,08:10:23.794290356
6,2321.7,4,2321.9,08:10:23.794373571
1,2321.8,4,2321.9,08:10:23.794413593
1,2321.8,5,2321.9,08:10:23.794438599
1,2321.8,4,2321.9,08:10:23.794602164
1,2321.8,4,2321.9,08:10:23.794612366
1,2321.8,3,2321.9,08:10:23.794687844
1,2321.8,2,2321.9,08:10:23.794774260
1,2321.8,2,2321.9,08:10:23.795022521
1,2321.8,1,2321.9,08:10:23.797074060
1,2321.8,1,2321.9,08:10:23.797201957
2,2321.8,1,2321.9,08:10:23.817179604
1,2321.8,1,2321.9,08:10:23.819098245
1,2321.8,3,2321.9,08:10:24.265398814
6,2321.7,3,2321.9,08:10:24.265657242
6,2321.7,3,2321.9,08:10:24.265657242
6,2321.7,4,2321.9,08:10:24.265826967
5,2321.7,4,2321.9,08:10:24.265864014
5,2321.7,1,2321.8,08:10:24.265951212
5,2321.7,1,2321.8,08:10:24.266007559
5,2321.7,1,2321.8,08:10:24.266045278
5,2321.7,5,2321.9,08:10:24.266257731
5,2321.7,5,2321.9,08:10:24.266257731
5,2321.7,6,2321.9,08:10:24.266282327
4,2321.7,6,2321.9,08:10:24.266300455
3,2321.7,6,2321.9,08:10:24.266320746
2,2321.7,6,2321.9,08:10:24.266451456
2,2321.7,6,2321.9,08:10:24.266668821
2,2321.7,6,2321.9,08:10:24.276819780
3,2321.7,6,2321.9,08:10:24.288156874
3,2321.7,1,2321.8,08:10:24.992966641
3,2321.7,2,2321.8,08:10:24.993162222
3,2321.7,3,2321.8,08:10:24.993194736
2,2321.7,3,2321.8,08:10:24.993266245
1,2321.7,3,2321.8,08:10:24.993362803
1,2321.7,4,2321.8,08:10:25.022432266
1,2321.7,4,2321.8,08:10:25.022432266
1,2321.7,3,2321.8,08:10:25.022561239
2,2321.7,3,2321.8,08:10:25.215445156
2,2321.7,2,2321.8,08:10:25.215635820
4,2321.7,2,2321.8,08:10:25.215670825
4,2321.7,1,2321.8,08:10:25.215972168
4,2321.7,6,2321.9,08:10:25.216086466
4,2321.7,6,2321.9,08:10:25.216086466
4,2321.7,5,2321.9,08:10:25.216198852
5,2321.7,5,2321.9,08:10:25.216344787
5,2321.7,4,2321.9,08:10:25.216363716
5,2321.7,4,2321.9,08:10:25.216379457
6,2321.7,4,2321.9,08:10:25.216493757
6,2321.7,5,2321.9,08:10:25.796783512
6,2321.7,4,2321.9,08:10:25.797115627
6,2321.7,1,2321.8,08:10:26.316897092
5,2321.7,1,2321.8,08:10:26.317081526
4,2321.7,1,2321.8,08:10:26.317101545
3,2321.7,1,2321.8,08:10:26.317212098
3,2321.7,1,2321.8,08:10:26.317263030
1,2321.7,1,2321.8,08:10:26.317342471
1,2321.7,2,2321.8,08:10:26.317592368
1,2321.7,3,2321.8,08:10:26.317608407
1,2321.7,3,2321.8,08:10:26.325299854
5,2321.6,3,2321.8,08:10:26.325486396
5,2321.6,3,2321.8,08:10:26.325486396
5,2321.6,3,2321.8,08:10:26.325509157
5,2321.6,3,2321.8,08:10:26.325587848
4,2321.6,3,2321.8,08:10:26.325634597
4,2321.6,3,2321.8,08:10:26.325754842
4,2321.6,3,2321.8,08:10:26.325771733
4,2321.6,3,2321.8,08:10:26.325783755
3,2321.6,3,2321.8,08:10:26.325848461
3,2321.6,4,2321.8,08:10:26.325870720
3,2321.6,4,2321.8,08:10:26.325879082
3,2321.6,5,2321.8,08:10:26.326013798
3,2321.6,5,2321.8,08:10:26.326025677
3,2321.6,5,2321.8,08:10:26.326325622
3,2321.6,6,2321.8,08:10:26.355680017
3,2321.6,1,2321.7,08:10:26.355809926
3,2321.6,1,2321.7,08:10:26.355990055
2,2321.6,1,2321.7,08:10:26.356014836
2,2321.6,1,2321.7,08:10:26.356024977
2,2321.6,2,2321.7,08:10:26.356079794
2,2321.6,2,2321.7,08:10:26.356138586
2,2321.6,2,2321.7,08:10:26.356158685
2,2321.6,2,2321.7,08:10:26.356210728
2,2321.6,2,2321.7,08:10:26.356228565
2,2321.6,2,2321.7,08:10:26.358104049
2,2321.6,3,2321.7,08:10:26.400552013
2,2321.6,3,2321.7,08:10:26.400552013
2,2321.6,3,2321.7,08:10:26.450863135
2,2321.6,3,2321.7,08:10:26.450876204
1,2321.6,3,2321.7,08:10:26.775843992
1,2321.6,3,2321.7,08:10:26.786220243
1,2321.6,3,2321.7,08:10:26.786233472
1,2321.6,4,2321.7,08:10:27.345348961
5,2321.5,4,2321.7,08:10:27.345631184
5,2321.5,4,2321.7,08:10:27.345631184
5,2321.5,4,2321.7,08:10:27.345658723
4,2321.5,4,2321.7,08:10:27.345805139
4,2321.5,5,2321.7,08:10:27.345826337
3,2321.5,5,2321.7,08:10:27.345846015
3,2321.5,5,2321.7,08:10:27.345959956
3,2321.5,5,2321.7,08:10:27.345999076
2,2321.5,5,2321.7,08:10:27.346022478
2,2321.5,5,2321.7,08:10:27.346181259
2,2321.5,5,2321.7,08:10:27.346193544
2,2321.5,1,2321.6,08:10:27.346218847
2,2321.5,1,2321.6,08:10:27.346253341
2,2321.5,1,2321.6,08:10:27.346382614
1,2321.5,1,2321.6,08:10:27.346407846
1,2321.5,1,2321.6,08:10:27.346439258
1,2321.5,1,2321.6,08:10:27.346453441
1,2321.5,1,2321.6,08:10:27.346492168
1,2321.5,1,2321.6,08:10:27.346554137
1,2321.5,1,2321.6,08:10:27.346671029
1,2321.5,1,2321.6,08:10:27.346685269
1,2321.5,2,2321.6,08:10:27.349920490
1,2321.5,3,2321.6,08:10:27.350152718
2,2321.5,3,2321.6,08:10:27.352064632
2,2321.5,2,2321.6,08:10:27.352945633
2,2321.5,1,2321.6,08:10:27.360560573
4,2321.5,1,2321.6,08:10:27.360688698
4,2321.5,7,2321.7,08:10:27.360808447
4,2321.5,7,2321.7,08:10:27.360808447
4,2321.5,6,2321.7,08:10:27.360966070
4,2321.5,6,2321.7,08:10:27.360979980
4,2321.5,1,2321.6,08:10:28.066389997
4,2321.5,1,2321.6,08:10:28.066389997
4,2321.5,1,2321.6,08:10:28.066558736
3,2321.5,1,2321.6,08:10:28.066585639
1,2321.5,1,2321.6,08:10:28.066718400
1,2321.5,1,2321.6,08:10:28.066756472
1,2321.5,2,2321.6,08:10:28.066856502
1,2321.5,3,2321.6,08:10:28.067014541
2,2321.5,3,2321.6,08:10:28.072436295
2,2321.5,2,2321.6,08:10:28.085836755
2,2321.5,1,2321.6,08:10:28.089917733
2,2321.5,1,2321.6,08:10:28.193798168
2,2321.5,2,2321.6,08:10:28.631944058
2,2321.5,3,2321.6,08:10:29.342397193
2,2321.5,3,2321.6,08:10:29.370007958
2,2321.5,3,2321.6,08:10:29.370021529
4,2321.5,3,2321.6,08:10:29.731184432
4,2321.5,1,2321.6,08:10:29.731475865
4,2321.5,7,2321.7,08:10:29.731565777
4,2321.5,7,2321.7,08:10:29.731565777
4,2321.5,6,2321.7,08:10:29.731715268
1,2321.6,6,2321.7,08:10:29.731923208
1,2321.6,6,2321.7,08:10:29.731961845
5,2321.5,6,2321.7,08:10:29.731987673
5,2321.5,6,2321.7,08:10:29.731987673
5,2321.5,5,2321.7,08:10:29.732026861
4,2321.5,5,2321.7,08:10:29.732093935
4,2321.5,5,2321.7,08:10:29.732147376
3,2321.5,5,2321.7,08:10:29.732367847
4,2321.5,5,2321.7,08:10:29.732493255
2,2321.5,5,2321.7,08:10:29.732514760
2,2321.5,4,2321.7,08:10:29.732573196
2,2321.5,4,2321.7,08:10:29.739709529
1,2321.5,4,2321.7,08:10:29.787898941
1,2321.5,1,2321.6,08:10:29.788041326
1,2321.5,1,2321.6,08:10:29.788118284
1,2321.5,1,2321.6,08:10:29.788190254
15,2321.4,1,2321.6,08:10:29.788218744
15,2321.4,1,2321.6,08:10:29.788218744
15,2321.4,1,2321.6,08:10:29.788252386
15,2321.4,2,2321.6,08:10:29.788299107
15,2321.4,2,2321.6,08:10:29.788346881
15,2321.4,2,2321.6,08:10:29.788545535
14,2321.4,2,2321.6,08:10:29.788562802
14,2321.4,2,2321.6,08:10:29.788680296
14,2321.4,2,2321.6,08:10:29.788729062
14,2321.4,2,2321.6,08:10:29.788739961
14,2321.4,2,2321.6,08:10:29.789176575
14,2321.4,2,2321.6,08:10:29.789176575
14,2321.4,2,2321.6,08:10:29.796451445
14,2321.4,2,2321.6,08:10:29.808897907
14,2321.4,2,2321.6,08:10:29.808897907
14,2321.4,3,2321.6,08:10:29.840070155
15,2321.4,3,2321.6,08:10:29.840192868
15,2321.4,2,2321.6,08:10:30.121709645
1,2321.5,2,2321.6,08:10:30.121768286
2,2321.5,2,2321.6,08:10:30.121842009
2,2321.5,2,2321.6,08:10:30.121993868
2,2321.5,1,2321.6,08:10:30.122038282
2,2321.5,7,2321.7,08:10:30.122110335
2,2321.5,7,2321.7,08:10:30.122110335
3,2321.5,7,2321.7,08:10:30.122216020
4,2321.5,7,2321.7,08:10:30.122305689
4,2321.5,6,2321.7,08:10:30.122324349
4,2321.5,5,2321.7,08:10:30.122450486
4,2321.5,5,2321.7,08:10:30.122455580
5,2321.5,5,2321.7,08:10:30.122482604
5,2321.5,5,2321.7,08:10:30.122495456
5,2321.5,4,2321.7,08:10:30.122691838
4,2321.5,4,2321.7,08:10:30.122821110
4,2321.5,1,2321.6,08:10:30.146099852
4,2321.5,1,2321.6,08:10:30.146099852
4,2321.5,1,2321.6,08:10:30.146268419
3,2321.5,1,2321.6,08:10:30.146291411
3,2321.5,5,2321.7,08:10:30.146402901
3,2321.5,5,2321.7,08:10:30.146402901
2,2321.5,5,2321.7,08:10:30.146430514
1,2321.6,5,2321.7,08:10:30.146528046
1,2321.6,5,2321.7,08:10:30.146622653
1,2321.6,5,2321.7,08:10:30.146639739
1,2321.6,5,2321.7,08:10:30.146685956
1,2321.6,5,2321.7,08:10:30.146720014
1,2321.6,4,2321.7,08:10:30.146738754
1,2321.6,3,2321.7,08:10:30.147393079
2,2321.6,3,2321.7,08:10:30.307796257
2,2321.6,2,2321.7,08:10:30.307966129
2,2321.6,5,2321.8,08:10:30.308112625
2,2321.6,5,2321.8,08:10:30.308112625
2,2321.7,5,2321.8,08:10:30.308143486
2,2321.7,5,2321.8,08:10:30.308443278
2,2321.7,5,2321.8,08:10:30.308460792
2,2321.7,4,2321.8,08:10:30.308506767
3,2321.7,4,2321.8,08:10:30.308778808
3,2321.7,4,2321.8,08:10:30.308830249
3,2321.7,4,2321.8,08:10:30.308855776
3,2321.7,5,2321.8,08:10:30.308909847
3,2321.7,4,2321.8,08:10:30.308950446
3,2321.7,4,2321.8,08:10:30.308961675
3,2321.7,3,2321.8,08:10:30.308983225
3,2321.7,3,2321.8,08:10:30.309012714
3,2321.7,3,2321.8,08:10:30.309579275
3,2321.7,3,2321.8,08:10:30.309720424
3,2321.7,3,2321.8,08:10:30.309720424
3,2321.7,3,2321.8,08:10:30.316135276
3,2321.7,3,2321.8,08:10:30.316381732
3,2321.7,4,2321.8,08:10:30.325430657
3,2321.7,4,2321.8,08:10:30.434842711
3,2321.7,4,2321.8,08:10:30.434855515
3,2321.7,4,2321.8,08:10:30.434855515
1,2321.7,4,2321.8,08:10:31.005258286
3,2321.6,4,2321.8,08:10:31.005479621
3,2321.6,4,2321.8,08:10:31.005479621
3,2321.6,4,2321.8,08:10:31.005615669
3,2321.6,4,2321.8,08:10:31.005662960
3,2321.6,5,2321.8,08:10:32.325895479
3,2321.6,6,2321.8,08:10:32.326080612
3,2321.6,1,2321.7,08:10:32.326334742
2,2321.6,1,2321.7,08:10:32.326387962
1,2321.6,1,2321.7,08:10:32.326410109
1,2321.6,1,2321.7,08:10:32.326426606
5,2321.5,1,2321.7,08:10:32.326562337
5,2321.5,1,2321.7,08:10:32.326562337
5,2321.5,1,2321.7,08:10:32.326707070
5,2321.5,2,2321.7,08:10:32.326734686
2,2321.6,2,2321.7,08:10:32.326760587
2,2321.6,2,2321.7,08:10:32.326864973
5,2321.5,2,2321.7,08:10:32.326947941
5,2321.5,2,2321.7,08:10:32.326947941
5,2321.5,1,2321.7,08:10:32.327057310
5,2321.5,2,2321.7,08:10:32.327179024
5,2321.5,2,2321.7,08:10:32.327691998
5,2321.5,3,2321.7,08:10:32.328043426
5,2321.5,3,2321.7,08:10:32.328168750
5,2321.5,4,2321.7,08:10:32.353475731
4,2321.5,4,2321.7,08:10:32.353627843
1,2321.6,4,2321.7,08:10:32.710550630
1,2321.6,4,2321.7,08:10:32.722228277
2,2321.6,4,2321.7,08:10:32.794149617
2,2321.6,3,2321.7,08:10:32.794299389
2,2321.6,3,2321.7,08:10:32.794313790
1,2321.6,3,2321.7,08:10:32.794404182
2,2321.6,3,2321.7,08:10:33.098004002
3,2321.6,3,2321.7,08:10:33.136313819
3,2321.6,3,2321.7,08:10:33.136416429
2,2321.6,3,2321.7,08:10:33.136546137
3,2321.6,3,2321.7,08:10:33.193061870
2,2321.6,3,2321.7,08:10:33.410810283
2,2321.6,3,2321.7,08:10:33.694820193
3,2321.6,3,2321.7,08:10:35.066148089
5,2321.6,3,2321.7,08:10:35.066353114
5,2321.6,5,2321.8,08:10:35.066651756
5,2321.6,5,2321.8,08:10:35.066651756
5,2321.6,4,2321.8,08:10:35.066800684
1,2321.7,4,2321.8,08:10:35.066964655
1,2321.7,4,2321.8,08:10:35.067105266
1,2321.7,3,2321.8,08:10:35.067148458
1,2321.7,3,2321.8,08:10:35.067268290
1,2321.7,3,2321.8,08:10:35.067287728
1,2321.7,3,2321.8,08:10:35.067303133
1,2321.7,3,2321.8,08:10:35.067318551
1,2321.7,3,2321.8,08:10:35.067332481
1,2321.7,3,2321.8,08:10:35.074845502
1,2321.7,3,2321.8,08:10:35.074859112
1,2321.7,3,2321.8,08:10:35.077623891
1,2321.7,3,2321.8,08:10:35.097796388
3,2321.6,3,2321.8,08:10:35.098038994
3,2321.6,3,2321.8,08:10:35.098038994
3,2321.6,4,2321.8,08:10:35.098124327
3,2321.6,1,2321.7,08:10:35.098204962
3,2321.6,1,2321.7,08:10:35.098272852
3,2321.6,1,2321.7,08:10:35.098290075
3,2321.6,4,2321.8,08:10:35.098359266
3,2321.6,4,2321.8,08:10:35.098359266
3,2321.6,5,2321.8,08:10:35.098383942
2,2321.6,5,2321.8,08:10:35.098402230
1,2321.6,5,2321.8,08:10:36.145070547
1,2321.6,1,2321.7,08:10:36.145218460
1,2321.6,2,2321.7,08:10:36.145255575
1,2321.6,2,2321.7,08:10:36.145379116
1,2321.6,3,2321.7,08:10:36.145446430
1,2321.6,2,2321.7,08:10:36.145489336
1,2321.6,1,2321.7,08:10:36.145608676
2,2321.6,1,2321.7,08:10:36.147896560
2,2321.6,2,2321.7,08:10:36.172938079
2,2321.6,3,2321.7,08:10:36.409292413
2,2321.6,4,2321.7,08:10:36.475413703
2,2321.6,4,2321.7,08:10:37.330920368
2,2321.6,4,2321.7,08:10:37.330934025
1,2321.6,4,2321.7,08:10:37.608792734
1,2321.6,4,2321.7,08:10:37.609013231
1,2321.6,4,2321.7,08:10:37.949598428
2,2321.6,4,2321.7,08:10:37.949749747
2,2321.6,3,2321.7,08:10:38.027697625
2,2321.6,3,2321.7,08:10:38.097812711
2,2321.6,5,2321.7,08:10:41.865369253
5,2321.5,5,2321.7,08:10:41.865660711
5,2321.5,5,2321.7,08:10:41.865660711
5,2321.5,5,2321.7,08:10:41.866113197
5,2321.5,5,2321.7,08:10:41.866125664
5,2321.5,2,2321.7,08:10:42.491429065
1,2321.6,2,2321.7,08:10:42.491728076
1,2321.6,2,2321.7,08:10:42.491781182
2,2321.6,2,2321.7,08:10:42.491965752
2,2321.6,2,2321.7,08:10:42.492132856
2,2321.6,2,2321.7,08:10:42.492229207
2,2321.6,7,2321.8,08:10:42.492385975
2,2321.6,7,2321.8,08:10:42.492385975
3,2321.6,7,2321.8,08:10:42.492547102
4,2321.6,7,2321.8,08:10:42.492568145
4,2321.6,6,2321.8,08:10:42.492602484
1,2321.7,6,2321.8,08:10:42.492709654
1,2321.7,6,2321.8,08:10:42.492775083
1,2321.7,6,2321.8,08:10:42.492840230
1,2321.7,6,2321.8,08:10:42.492881850
1,2321.7,5,2321.8,08:10:42.492901569
1,2321.7,3,2321.8,08:10:42.497834744
1,2321.7,3,2321.8,08:10:42.499687117
1,2321.7,3,2321.8,08:10:42.503264584
1,2321.7,3,2321.8,08:10:43.148015575
6,2321.6,3,2321.8,08:10:45.460253631
6,2321.6,2,2321.7,08:10:45.460253631
6,2321.6,2,2321.7,08:10:45.460253631
6,2321.6,2,2321.7,08:10:45.460470723
6,2321.6,2,2321.7,08:10:45.460502340
5,2321.6,2,2321.7,08:10:45.460523128
4,2321.6,2,2321.7,08:10:45.460560875
3,2321.6,2,2321.7,08:10:45.460582562
3,2321.6,2,2321.7,08:10:45.460712043
2,2321.6,2,2321.7,08:10:45.460815722
2,2321.6,2,2321.7,08:10:45.460828849
1,2321.6,2,2321.7,08:10:45.460963270
1,2321.6,3,2321.7,08:10:45.486628962
1,2321.6,3,2321.7,08:10:45.486772517
6,2321.5,3,2321.7,08:10:45.487058673
6,2321.5,3,2321.7,08:10:45.487058673
6,2321.5,4,2321.7,08:10:45.487286927
6,2321.5,4,2321.7,08:10:45.487298918
6,2321.5,4,2321.7,08:10:45.487320784
5,2321.5,4,2321.7,08:10:45.487340065
5,2321.5,4,2321.7,08:10:45.497830351
5,2321.5,4,2321.7,08:10:45.511409228
4,2321.5,4,2321.7,08:10:45.781250565
5,2321.5,4,2321.7,08:10:45.814110065
5,2321.5,3,2321.7,08:10:45.814249880
1,2321.6,3,2321.7,08:10:45.814392172
1,2321.6,3,2321.7,08:10:45.814613342
1,2321.6,3,2321.7,08:10:45.986243962
6,2321.5,3,2321.7,08:10:46.335818452
6,2321.5,3,2321.7,08:10:46.335818452
6,2321.5,4,2321.7,08:10:46.335896424
6,2321.5,4,2321.7,08:10:46.921231991
6,2321.5,3,2321.7,08:10:47.583782161
6,2321.5,4,2321.7,08:10:47.785684907
6,2321.5,7,2321.8,08:10:49.366408312
6,2321.5,7,2321.8,08:10:49.366408312
1,2321.6,7,2321.8,08:10:49.366575608
1,2321.6,6,2321.8,08:10:49.366905046
1,2321.6,6,2321.8,08:10:49.366979229
1,2321.6,6,2321.8,08:10:49.367012696
2,2321.6,6,2321.8,08:10:49.367047350
3,2321.6,6,2321.8,08:10:49.367065331
3,2321.6,6,2321.8,08:10:49.367075103
4,2321.6,6,2321.8,08:10:49.367097171
5,2321.6,6,2321.8,08:10:49.367145870
6,2321.6,6,2321.8,08:10:49.367221670
5,2321.6,6,2321.8,08:10:49.367315483
4,2321.6,6,2321.8,08:10:49.809047921
3,2321.6,6,2321.8,08:10:49.809212796
2,2321.6,6,2321.8,08:10:49.809234345
2,2321.6,7,2321.8,08:10:49.809252873
2,2321.6,6,2321.8,08:10:50.179991748
2,2321.6,6,2321.8,08:10:53.375238092
3,2321.6,6,2321.8,08:10:53.451672170
4,2321.6,6,2321.8,08:10:53.451691536
3,2321.6,6,2321.8,08:10:53.850885063
2,2321.6,6,2321.8,08:10:53.851037968
2,2321.6,7,2321.8,08:10:54.713702024
2,2321.6,1,2321.7,08:10:54.713838247
2,2321.6,2,2321.7,08:10:54.714044409
2,2321.6,3,2321.7,08:10:54.714064108
3,2321.6,3,2321.7,08:10:54.714102279
2,2321.6,3,2321.7,08:10:54.714124842
2,2321.6,2,2321.7,08:10:54.714278385
2,2321.6,1,2321.7,08:10:54.714340788
2,2321.6,7,2321.8,08:10:54.714512216
2,2321.6,7,2321.8,08:10:54.714512216
3,2321.6,7,2321.8,08:10:54.714539062
4,2321.6,7,2321.8,08:10:54.714661061
4,2321.6,6,2321.8,08:10:54.714770138
3,2321.6,6,2321.8,08:10:54.714835922
4,2321.6,6,2321.8,08:10:54.715293147
4,2321.6,1,2321.7,08:10:54.740269516
3,2321.6,1,2321.7,08:10:54.740446442
2,2321.6,1,2321.7,08:10:54.740467604
3,2321.6,1,2321.7,08:10:55.048628429
3,2321.6,6,2321.8,08:10:55.049086172
3,2321.6,6,2321.8,08:10:55.049086172
5,2321.6,6,2321.8,08:10:55.580341961
1,2321.7,6,2321.8,08:10:55.580497409
1,2321.7,5,2321.8,08:10:55.580542125
1,2321.7,5,2321.8,08:10:55.580574224
1,2321.7,5,2321.8,08:10:55.580662488
1,2321.7,4,2321.8,08:10:55.580681827
1,2321.7,4,2321.8,08:10:55.580714998
1,2321.7,3,2321.8,08:10:55.580820888
2,2321.7,3,2321.8,08:10:55.580820888
2,2321.7,3,2321.8,08:10:55.580894653
1,2321.7,3,2321.8,08:10:55.581000824
2,2321.7,3,2321.8,08:10:55.581036879
3,2321.7,3,2321.8,08:10:55.581047494
3,2321.7,1,2321.8,08:10:55.581170242
3,2321.7,5,2321.9,08:10:55.581299157
3,2321.7,5,2321.9,08:10:55.581299157
2,2321.7,5,2321.9,08:10:55.581368989
1,2321.7,5,2321.9,08:10:55.581430949
6,2321.6,5,2321.9,08:10:55.581496463
6,2321.6,5,2321.9,08:10:55.581496463
6,2321.6,5,2321.9,08:10:55.581510247
6,2321.6,5,2321.9,08:10:55.581519123
6,2321.6,5,2321.9,08:10:55.581525888
6,2321.6,4,2321.9,08:10:55.581579138
6,2321.6,4,2321.9,08:10:55.581615199
1,2321.7,4,2321.9,08:10:55.581805887
2,2321.7,4,2321.9,08:10:55.581915800
2,2321.7,5,2321.9,08:10:55.581977715
3,2321.7,5,2321.9,08:10:55.582053592
3,2321.7,6,2321.9,08:10:55.582089164
4,2321.7,6,2321.9,08:10:55.582184919
3,2321.7,6,2321.9,08:10:55.582204014
4,2321.7,6,2321.9,08:10:55.582223656
4,2321.7,1,2321.8,08:10:55.582329970
4,2321.7,6,2321.9,08:10:55.582385777
4,2321.7,6,2321.9,08:10:55.582385777
3,2321.7,6,2321.9,08:10:55.582427641
2,2321.7,6,2321.9,08:10:55.582482522
2,2321.7,1,2321.8,08:10:55.582600114
2,2321.7,1,2321.8,08:10:55.582645485
2,2321.7,2,2321.8,08:10:55.582735013
1,2321.7,2,2321.8,08:10:55.591892775
1,2321.7,2,2321.8,08:10:55.592034116
1,2321.7,3,2321.8,08:10:55.631498170
1,2321.7,3,2321.8,08:10:56.641722248
1,2321.7,2,2321.8,08:10:57.522741800
2,2321.7,2,2321.8,08:10:57.522904907
2,2321.7,2,2321.8,08:10:57.523042305
2,2321.7,1,2321.8,08:10:57.523199338
3,2321.7,1,2321.8,08:10:57.523328122
3,2321.7,1,2321.8,08:10:57.523423999
3,2321.7,6,2321.9,08:10:57.523646317
3,2321.7,6,2321.9,08:10:57.523646317
4,2321.7,6,2321.9,08:10:57.523792531
4,2321.7,6,2321.9,08:10:57.523805664
4,2321.7,6,2321.9,08:10:57.529767269
4,2321.7,6,2321.9,08:10:57.529767269
4,2321.7,7,2321.9,08:10:57.568914135
4,2321.7,7,2321.9,08:10:58.020902868
5,2321.7,7,2321.9,08:10:58.114055710
5,2321.7,8,2321.9,08:11:00.125362962
4,2321.7,8,2321.9,08:11:00.125509877
4,2321.7,1,2321.8,08:11:00.125643402
4,2321.7,2,2321.8,08:11:00.125672168
3,2321.7,2,2321.8,08:11:00.125782372
3,2321.7,3,2321.8,08:11:00.154463194
3,2321.7,2,2321.8,08:11:00.428607110
3,2321.7,8,2321.9,08:11:00.594453585
3,2321.7,8,2321.9,08:11:00.594453585
3,2321.7,7,2321.9,08:11:00.594790191
4,2321.7,7,2321.9,08:11:00.594820184
5,2321.7,7,2321.9,08:11:00.594852970
1,2321.8,7,2321.9,08:11:00.594880201
1,2321.8,6,2321.9,08:11:00.595028461
1,2321.8,6,2321.9,08:11:00.595042752
1,2321.8,6,2321.9,08:11:00.595067568
1,2321.8,6,2321.9,08:11:00.595083700
1,2321.8,6,2321.9,08:11:00.595098817
6,2321.7,6,2321.9,08:11:00.636366264
6,2321.7,6,2321.9,08:11:00.636366264
6,2321.7,1,2321.8,08:11:00.636702462
5,2321.7,1,2321.8,08:11:00.636742221
4,2321.7,1,2321.8,08:11:00.636778836
3,2321.7,1,2321.8,08:11:00.636852748
4,2321.7,1,2321.8,08:11:00.636889977
3,2321.7,1,2321.8,08:11:00.636910554
3,2321.7,6,2321.9,08:11:00.637013423
3,2321.7,6,2321.9,08:11:00.637013423
3,2321.7,7,2321.9,08:11:00.637158069
3,2321.7,1,2321.8,08:11:00.721149340
3,2321.7,1,2321.8,08:11:00.721166189
3,2321.7,2,2321.8,08:11:00.721323885
3,2321.7,3,2321.8,08:11:00.721356769
3,2321.7,4,2321.8,08:11:00.721374148
2,2321.7,4,2321.8,08:11:00.721502663
2,2321.7,4,2321.8,08:11:00.721516244
2,2321.7,4,2321.8,08:11:00.721655949
1,2321.7,4,2321.8,08:11:00.721770383
1,2321.7,4,2321.8,08:11:00.721947661
4,2321.6,4,2321.8,08:11:00.721947661
4,2321.6,4,2321.8,08:11:00.721947661
4,2321.6,4,2321.8,08:11:00.722312148
4,2321.6,3,2321.8,08:11:00.722379403
4,2321.6,3,2321.8,08:11:00.722391958
4,2321.6,2,2321.8,08:11:00.722898492
4,2321.6,3,2321.8,08:11:00.722969476
4,2321.6,4,2321.8,08:11:00.723131297
4,2321.6,5,2321.8,08:11:00.723192091
4,2321.6,5,2321.8,08:11:00.730001660
3,2321.6,5,2321.8,08:11:00.785521571
2,2321.6,5,2321.8,08:11:01.244032453
3,2321.6,5,2321.8,08:11:01.465678902
3,2321.6,4,2321.8,08:11:01.465855740
3,2321.6,3,2321.8,08:11:01.546900789
3,2321.6,2,2321.8,08:11:01.547118441
3,2321.6,2,2321.8,08:11:01.547173015
1,2321.7,2,2321.8,08:11:01.547232264
1,2321.7,1,2321.8,08:11:01.547636151
1,2321.7,1,2321.8,08:11:01.547650254
2,2321.7,1,2321.8,08:11:01.547981921
2,2321.7,1,2321.8,08:11:01.548025448
2,2321.7,1,2321.8,08:11:01.548047714
2,2321.7,8,2321.9,08:11:01.548125066
2,2321.7,8,2321.9,08:11:01.548125066
2,2321.7,8,2321.9,08:11:01.548149156
2,2321.7,7,2321.9,08:11:01.548384714
3,2321.7,7,2321.9,08:11:01.548582586
4,2321.7,7,2321.9,08:11:01.548673064
5,2321.7,7,2321.9,08:11:01.548768865
5,2321.7,6,2321.9,08:11:01.548927364
5,2321.7,6,2321.9,08:11:01.555493228
5,2321.7,6,2321.9,08:11:01.737875122
5,2321.7,4,2321.9,08:11:01.983490065
1,2321.8,4,2321.9,08:11:01.983648244
2,2321.8,4,2321.9,08:11:01.983707004
2,2321.8,4,2321.9,08:11:01.983711628
3,2321.8,4,2321.9,08:11:01.983733824
3,2321.8,4,2321.9,08:11:01.983822846
3,2321.8,4,2321.9,08:11:01.983876543
3,2321.8,4,2321.9,08:11:01.983909328
3,2321.8,4,2321.9,08:11:01.983922915
3,2321.8,4,2321.9,08:11:01.983940259
2,2321.8,4,2321.9,08:11:01.994500780
2,2321.8,4,2321.9,08:11:02.057843094
2,2321.8,4,2321.9,08:11:02.057843094
2,2321.8,2,2321.9,08:11:02.097888550
2,2321.8,2,2321.9,08:11:02.118853344
3,2321.8,2,2321.9,08:11:02.227939703
3,2321.8,2,2321.9,08:11:02.297883936
2,2321.8,2,2321.9,08:11:02.298004988
1,2321.8,2,2321.9,08:11:02.298166146
7,2321.7,2,2321.9,08:11:02.298288111
7,2321.7,2,2321.9,08:11:02.298288111
7,2321.7,3,2321.9,08:11:02.298493194
6,2321.7,3,2321.9,08:11:02.298510538
6,2321.7,3,2321.9,08:11:02.992266395
6,2321.7,3,2321.9,08:11:02.992266395
5,2321.7,3,2321.9,08:11:03.760006894
5,2321.7,4,2321.9,08:11:03.760145374
5,2321.7,4,2321.9,08:11:03.760513831
4,2321.7,4,2321.9,08:11:03.785208808
4,2321.7,1,2321.8,08:11:03.785373908
4,2321.7,1,2321.8,08:11:03.785390305
3,2321.7,1,2321.8,08:11:03.785604045
3,2321.7,1,2321.8,08:11:03.785616003
2,2321.7,1,2321.8,08:11:03.785639712
2,2321.7,1,2321.8,08:11:03.785650285
2,2321.7,6,2321.9,08:11:03.785774091
2,2321.7,6,2321.9,08:11:03.785774091
1,2321.7,6,2321.9,08:11:03.785804579
2,2321.7,6,2321.9,08:11:03.785903174
3,2321.7,6,2321.9,08:11:03.785919577
4,2321.7,6,2321.9,08:11:03.786040139
4,2321.7,5,2321.9,08:11:03.786081737
1,2321.8,5,2321.9,08:11:03.786987576
1,2321.8,4,2321.9,08:11:03.787054528
1,2321.8,3,2321.9,08:11:03.787149384
1,2321.8,3,2321.9,08:11:03.787182956
1,2321.8,3,2321.9,08:11:03.787195548
1,2321.8,2,2321.9,08:11:03.787219632
1,2321.8,2,2321.9,08:11:03.787278964
1,2321.8,2,2321.9,08:11:05.117285656
5,2321.7,2,2321.9,08:11:05.768439526
5,2321.7,1,2321.8,08:11:05.768439526
5,2321.7,1,2321.8,08:11:05.768439526
5,2321.7,1,2321.8,08:11:05.768587992
5,2321.7,1,2321.8,08:11:05.768602764
5,2321.7,1,2321.8,08:11:05.769358907
6,2321.7,1,2321.8,08:11:05.769710384
6,2321.7,2,2321.8,08:11:05.769789761
5,2321.7,2,2321.8,08:11:05.769806107
5,2321.7,2,2321.8,08:11:05.769833778
4,2321.7,2,2321.8,08:11:05.769854223
3,2321.7,2,2321.8,08:11:05.769930385
3,2321.7,2,2321.8,08:11:05.770032966
3,2321.7,1,2321.8,08:11:05.770106618
3,2321.7,5,2321.9,08:11:05.770107975
3,2321.7,5,2321.9,08:11:05.770107975
2,2321.7,5,2321.9,08:11:05.770137362
2,2321.7,5,2321.9,08:11:05.770174306
1,2321.7,5,2321.9,08:11:05.770238051
6,2321.6,5,2321.9,08:11:05.770280939
6,2321.6,5,2321.9,08:11:05.770280939
6,2321.6,5,2321.9,08:11:05.770522784
8,2321.6,5,2321.9,08:11:05.770661841
8,2321.6,6,2321.9,08:11:05.770782156
8,2321.6,6,2321.9,08:11:05.779100211
8,2321.6,8,2321.9,08:11:05.897897392
8,2321.6,1,2321.8,08:11:05.898177285
8,2321.6,2,2321.8,08:11:05.898321711
8,2321.6,3,2321.8,08:11:05.898399604
8,2321.6,4,2321.8,08:11:05.898417969
8,2321.6,4,2321.8,08:11:05.898430967
7,2321.6,4,2321.8,08:11:05.898450318
6,2321.6,4,2321.8,08:11:05.898530032
6,2321.6,3,2321.8,08:11:06.605294633
6,2321.6,4,2321.8,08:11:07.358829605
6,2321.6,3,2321.8,08:11:07.716256796
6,2321.6,2,2321.8,08:11:07.716445338
6,2321.6,1,2321.8,08:11:07.716569715
1,2321.7,1,2321.8,08:11:07.716716185
1,2321.7,2,2321.8,08:11:07.716765546
1,2321.7,3,2321.8,08:11:07.716899408
6,2321.6,3,2321.8,08:11:07.716944593
6,2321.6,3,2321.8,08:11:07.716944593
6,2321.6,2,2321.8,08:11:07.717205398
6,2321.6,1,2321.8,08:11:07.717313906
1,2321.7,1,2321.8,08:11:07.717360722
2,2321.7,1,2321.8,08:11:07.717441796
2,2321.7,9,2321.9,08:11:07.717603025
2,2321.7,9,2321.9,08:11:07.717603025
3,2321.7,9,2321.9,08:11:07.717756075
3,2321.7,8,2321.9,08:11:07.717787880
3,2321.7,8,2321.9,08:11:07.718406737
3,2321.7,1,2321.8,08:11:07.746534569
2,2321.7,1,2321.8,08:11:07.746713021
1,2321.7,1,2321.8,08:11:07.746852718
1,2321.7,1,2321.8,08:11:07.746979327
1,2321.7,2,2321.8,08:11:07.755395331
6,2321.6,2,2321.8,08:11:07.755523809
6,2321.6,2,2321.8,08:11:07.755523809
6,2321.6,3,2321.8,08:11:07.971560267
6,2321.6,4,2321.8,08:11:08.299697749
6,2321.6,4,2321.8,08:11:08.300064421
5,2321.6,4,2321.8,08:11:08.317434908
5,2321.6,5,2321.8,08:11:08.317457196
5,2321.6,4,2321.8,08:11:08.706971123
5,2321.6,3,2321.8,08:11:09.813271798
5,2321.6,4,2321.8,08:11:10.407815149
5,2321.6,4,2321.8,08:11:10.421493069
6,2321.6,4,2321.8,08:11:11.342238521
6,2321.6,3,2321.8,08:11:11.342535867
1,2321.7,3,2321.8,08:11:11.342683508
1,2321.7,2,2321.8,08:11:11.342826014
1,2321.7,1,2321.8,08:11:11.342854213
2,2321.7,1,2321.8,08:11:11.342875519
2,2321.7,1,2321.8,08:11:11.342875519
2,2321.7,9,2321.9,08:11:11.343285198
2,2321.7,9,2321.9,08:11:11.343285198
3,2321.7,9,2321.9,08:11:11.343459624
4,2321.7,9,2321.9,08:11:11.343602343
5,2321.7,9,2321.9,08:11:11.343620379
5,2321.7,9,2321.9,08:11:11.343635896
5,2321.7,8,2321.9,08:11:11.343696096
6,2321.7,8,2321.9,08:11:11.343714707
1,2321.8,8,2321.9,08:11:11.343743619
1,2321.8,7,2321.9,08:11:11.343789698
1,2321.8,7,2321.9,08:11:11.343931895
1,2321.8,7,2321.9,08:11:11.343997055
1,2321.8,7,2321.9,08:11:11.344036886
1,2321.8,6,2321.9,08:11:11.344053290
1,2321.8,5,2321.9,08:11:11.344071383
1,2321.8,5,2321.9,08:11:11.344095073
2,2321.8,5,2321.9,08:11:11.344120242
2,2321.8,5,2321.9,08:11:11.344120242
2,2321.8,5,2321.9,08:11:11.344228023
2,2321.8,5,2321.9,08:11:11.344297247
2,2321.8,4,2321.9,08:11:11.344318863
2,2321.8,4,2321.9,08:11:11.344349593
2,2321.8,4,2321.9,08:11:11.346394633
2,2321.8,4,2321.9,08:11:11.351555342
3,2321.8,4,2321.9,08:11:11.357913522
4,2321.8,4,2321.9,08:11:11.357930664
4,2321.8,4,2321.9,08:11:11.358045866
4,2321.8,1,2321.9,08:11:11.358205463
4,2321.8,5,2322.0,08:11:11.358430399
4,2321.8,5,2322.0,08:11:11.358430399
5,2321.8,5,2322.0,08:11:11.358604166
6,2321.8,5,2322.0,08:11:11.358692747
1,2321.9,5,2322.0,08:11:11.358869175
2,2321.9,5,2322.0,08:11:11.358983361
2,2321.9,5,2322.0,08:11:11.358988078
2,2321.9,5,2322.0,08:11:11.359120957
2,2321.9,5,2322.0,08:11:11.359124438
2,2321.9,5,2322.0,08:11:11.359138989
3,2321.9,5,2322.0,08:11:11.359173540
3,2321.9,5,2322.0,08:11:11.359173540
2,2321.9,5,2322.0,08:11:11.359221919
2,2321.9,4,2322.0,08:11:11.359331313
2,2321.9,4,2322.0,08:11:11.359344456
2,2321.9,4,2322.0,08:11:11.359472170
2,2321.9,4,2322.0,08:11:11.359488177
2,2321.9,3,2322.0,08:11:11.359584368
2,2321.9,2,2322.0,08:11:11.359700159
2,2321.9,2,2322.0,08:11:11.361044976
2,2321.9,2,2322.0,08:11:11.366444756
2,2321.9,2,2322.0,08:11:11.366458289
2,2321.9,2,2322.0,08:11:11.366471691
1,2321.9,2,2322.0,08:11:11.369691275
5,2321.8,2,2322.0,08:11:11.369920371
5,2321.8,2,2322.0,08:11:11.369920371
5,2321.8,3,2322.0,08:11:11.369945159
5,2321.8,4,2322.0,08:11:11.369945159
5,2321.8,4,2322.0,08:11:11.370076077
6,2321.8,4,2322.0,08:11:11.370091639
6,2321.8,5,2322.0,08:11:11.370123325
6,2321.8,1,2321.9,08:11:11.370242697
6,2321.8,1,2321.9,08:11:11.370317048
6,2321.8,1,2321.9,08:11:11.370331679
5,2321.8,1,2321.9,08:11:11.370351602
5,2321.8,1,2321.9,08:11:11.370537965
5,2321.8,1,2321.9,08:11:11.370582039
4,2321.8,1,2321.9,08:11:11.370626735
4,2321.8,2,2321.9,08:11:11.372597977
4,2321.8,2,2321.9,08:11:11.405369038
4,2321.8,2,2321.9,08:11:11.407902603
4,2321.8,6,2322.0,08:11:11.618870848
4,2321.8,6,2322.0,08:11:11.618870848
4,2321.8,5,2322.0,08:11:11.619134479
4,2321.8,6,2322.0,08:11:11.619244497
4,2321.8,6,2322.0,08:11:11.619326546
4,2321.8,5,2322.0,08:11:11.619345117
4,2321.8,5,2322.0,08:11:11.619580465
4,2321.8,5,2322.0,08:11:11.627096105
1,2321.9,5,2322.0,08:11:11.696104295
1,2321.9,5,2322.0,08:11:11.696242769
1,2321.9,4,2322.0,08:11:11.696265150
1,2321.9,3,2322.0,08:11:11.696301064
1,2321.9,2,2322.0,08:11:11.696322825
1,2321.9,2,2322.0,08:11:11.696333206
1,2321.9,2,2322.0,08:11:11.696351657
1,2321.9,2,2322.0,08:11:11.696397047
4,2321.8,2,2322.0,08:11:11.696538560
4,2321.8,2,2322.0,08:11:11.696538560
4,2321.8,2,2322.0,08:11:11.696557213
1,2321.9,2,2322.0,08:11:11.696626235
1,2321.9,3,2322.0,08:11:11.696650550
1,2321.9,4,2322.0,08:11:11.696669293
4,2321.8,4,2322.0,08:11:11.696780154
4,2321.8,4,2322.0,08:11:11.696780154
4,2321.8,4,2322.0,08:11:11.696799758
4,2321.8,5,2322.0,08:11:11.696828549
4,2321.8,1,2321.9,08:11:11.696900071
4,2321.8,1,2321.9,08:11:11.696922180
4,2321.8,1,2321.9,08:11:11.696949090
4,2321.8,1,2321.9,08:11:11.697046839
3,2321.8,1,2321.9,08:11:11.697269663
3,2321.8,1,2321.9,08:11:11.723362960
3,2321.8,1,2321.9,08:11:11.723496395
3,2321.8,2,2321.9,08:11:11.778073498
3,2321.8,2,2321.9,08:11:13.032637824
3,2321.8,1,2321.9,08:11:13.032813352
3,2321.8,8,2322.0,08:11:13.032981341
3,2321.8,8,2322.0,08:11:13.032981341
3,2321.8,1,2321.9,08:11:13.033211783
2,2321.8,1,2321.9,08:11:13.033374619
2,2321.8,2,2321.9,08:11:13.033536050
2,2321.8,3,2321.9,08:11:13.035069613
6,2321.7,3,2321.9,08:11:13.068537537
6,2321.7,1,2321.8,08:11:13.068537537
6,2321.7,1,2321.8,08:11:13.068537537
6,2321.7,1,2321.8,08:11:13.068705754
6,2321.7,1,2321.8,08:11:13.068916043
6,2321.7,1,2321.8,08:11:13.068930648
5,2321.7,1,2321.8,08:11:13.068950969
5,2321.7,1,2321.8,08:11:13.068969660
5,2321.7,2,2321.8,08:11:13.068995408
5,2321.7,2,2321.8,08:11:13.069005584
4,2321.7,2,2321.8,08:11:13.069044139
4,2321.7,2,2321.8,08:11:13.069059137
4,2321.7,2,2321.8,08:11:13.069077544
4,2321.7,2,2321.8,08:11:13.069120156
3,2321.7,2,2321.8,08:11:13.069154135
2,2321.7,2,2321.8,08:11:13.069253052
1,2321.7,2,2321.8,08:11:13.069278002
1,2321.7,2,2321.8,08:11:13.069494301
1,2321.7,3,2321.8,08:11:13.070486283
5,2321.6,3,2321.8,08:11:13.070723421
5,2321.6,2,2321.8,08:11:13.070723421
5,2321.6,2,2321.8,08:11:13.070723421
5,2321.6,2,2321.8,08:11:13.070908560
5,2321.6,2,2321.8,08:11:13.070938295
5,2321.6,3,2321.8,08:11:13.070960824
5,2321.6,4,2321.8,08:11:13.070997980
5,2321.6,5,2321.8,08:11:13.096435603
5,2321.6,5,2321.8,08:11:13.096435603
6,2321.6,5,2321.8,08:11:13.160832461
6,2321.6,4,2321.8,08:11:13.160975033
1,2321.7,4,2321.8,08:11:13.161112441
1,2321.7,4,2321.8,08:11:13.161277525
1,2321.7,3,2321.8,08:11:13.161299855
1,2321.7,3,2321.8,08:11:13.161996993
1,2321.7,4,2321.8,08:11:13.266694988
5,2321.6,4,2321.8,08:11:13.266812769
5,2321.6,4,2321.8,08:11:13.266812769
5,2321.6,4,2321.8,08:11:14.308796906
6,2321.6,4,2321.8,08:11:15.131817621
6,2321.6,3,2321.8,08:11:15.157786784
1,2321.7,3,2321.8,08:11:15.157833620
2,2321.7,3,2321.8,08:11:15.157938474
3,2321.7,3,2321.8,08:11:15.158054125
3,2321.7,3,2321.8,08:11:15.166306851
3,2321.7,3,2321.8,08:11:15.166399928
2,2321.7,3,2321.8,08:11:15.173322736
1,2321.7,3,2321.8,08:11:15.173400372
6,2321.6,3,2321.8,08:11:15.173469370
6,2321.6,3,2321.8,08:11:15.173469370
5,2321.6,3,2321.8,08:11:15.173493166
5,2321.6,3,2321.8,08:11:15.187386194
5,2321.6,4,2321.8,08:11:15.684908747
4,2321.6,4,2321.8,08:11:15.768552656
4,2321.6,5,2321.8,08:11:15.770203461
4,2321.6,5,2321.8,08:11:15.842855962
4,2321.6,5,2321.8,08:11:16.017460942
4,2321.6,6,2321.8,08:11:16.017739505
4,2321.6,1,2321.7,08:11:16.017884115
4,2321.6,2,2321.7,08:11:16.018127042
2,2321.6,2,2321.7,08:11:16.018151538
2,2321.6,2,2321.7,08:11:16.018296329
3,2321.6,2,2321.7,08:11:16.031014831
3,2321.6,1,2321.7,08:11:16.031156853
3,2321.6,6,2321.8,08:11:16.031215805
3,2321.6,6,2321.8,08:11:16.031215805
3,2321.6,6,2321.8,08:11:16.497926139
3,2321.6,1,2321.7,08:11:16.789854257
3,2321.6,2,2321.7,08:11:16.790062534
6,2321.5,2,2321.7,08:11:16.790197913
6,2321.5,2,2321.7,08:11:16.790197913
1,2321.6,2,2321.7,08:11:16.790225542
6,2321.5,2,2321.7,08:11:16.790470837
6,2321.5,2,2321.7,08:11:16.790470837
6,2321.5,1,2321.6,08:11:16.790489353
6,2321.5,1,2321.6,08:11:16.790515375
6,2321.5,1,2321.6,08:11:16.790782884
6,2321.5,1,2321.6,08:11:16.790798856
5,2321.5,1,2321.6,08:11:16.790821494
5,2321.5,1,2321.6,08:11:16.790832710
5,2321.5,1,2321.6,08:11:16.790888301
5,2321.5,1,2321.6,08:11:16.790985512
5,2321.5,2,2321.6,08:11:16.791024348
5,2321.5,2,2321.6,08:11:16.791047200
5,2321.5,2,2321.6,08:11:16.791076724
4,2321.5,2,2321.6,08:11:16.791098081
4,2321.5,2,2321.6,08:11:16.791114376
4,2321.5,2,2321.6,08:11:16.791126616
4,2321.5,1,2321.6,08:11:16.791156511
4,2321.5,2,2321.6,08:11:16.791177116
4,2321.5,2,2321.6,08:11:16.791366918
4,2321.5,1,2321.6,08:11:16.791390913
4,2321.5,1,2321.6,08:11:16.792054325
4,2321.5,1,2321.6,08:11:16.792054325
3,2321.5,1,2321.6,08:11:16.793758253
3,2321.5,2,2321.6,08:11:16.793783195
16,2321.4,2,2321.6,08:11:16.794146274
16,2321.4,2,2321.6,08:11:16.794146274
16,2321.4,3,2321.6,08:11:16.794435380
16,2321.4,3,2321.6,08:11:16.794488802
15,2321.4,3,2321.6,08:11:16.794647510
15,2321.4,4,2321.6,08:11:16.794682224
14,2321.4,4,2321.6,08:11:16.794740046
14,2321.4,6,2321.6,08:11:16.794778760
14,2321.4,7,2321.6,08:11:16.794810690
14,2321.4,7,2321.6,08:11:16.794859636
14,2321.4,7,2321.6,08:11:16.794914865
14,2321.4,1,2321.5,08:11:16.794967895
14,2321.4,1,2321.5,08:11:16.795110210
14,2321.4,1,2321.5,08:11:16.795123657
14,2321.4,7,2321.6,08:11:16.795321210
14,2321.4,7,2321.6,08:11:16.795321210
14,2321.4,7,2321.6,08:11:16.795619487
14,2321.4,6,2321.6,08:11:16.795675908
14,2321.4,6,2321.6,08:11:16.795703691
14,2321.4,5,2321.6,08:11:16.795740882
1,2321.5,5,2321.6,08:11:16.798902398
1,2321.5,4,2321.6,08:11:16.799059573
1,2321.5,3,2321.6,08:11:16.799228239
1,2321.5,3,2321.6,08:11:16.809340670
1,2321.5,3,2321.6,08:11:16.819497054
1,2321.5,9,2321.7,08:11:16.821347757
1,2321.5,9,2321.7,08:11:16.821347757
2,2321.5,9,2321.7,08:11:16.821502876
3,2321.5,9,2321.7,08:11:16.821533367
4,2321.5,9,2321.7,08:11:16.821578069
4,2321.5,8,2321.7,08:11:16.821590904
5,2321.5,8,2321.7,08:11:16.821823610
5,2321.5,7,2321.7,08:11:16.821869579
5,2321.5,6,2321.7,08:11:16.822028094
1,2321.6,6,2321.7,08:11:16.822054404
1,2321.6,5,2321.7,08:11:16.822185886
1,2321.6,5,2321.7,08:11:16.822315213
1,2321.6,5,2321.7,08:11:16.826128669
1,2321.6,4,2321.7,08:11:16.843357983
2,2321.6,4,2321.7,08:11:16.843531689
1,2321.6,4,2321.7,08:11:16.843569584
5,2321.5,4,2321.7,08:11:16.843699680
5,2321.5,4,2321.7,08:11:16.843699680
5,2321.5,1,2321.6,08:11:16.844988921
4,2321.5,1,2321.6,08:11:16.845183956
4,2321.5,1,2321.6,08:11:16.845226245
4,2321.5,1,2321.6,08:11:16.845271856
3,2321.5,1,2321.6,08:11:16.845294057
3,2321.5,1,2321.6,08:11:16.845315130
3,2321.5,5,2321.7,08:11:16.845371352
3,2321.5,5,2321.7,08:11:16.845371352
2,2321.5,5,2321.7,08:11:16.845469258
1,2321.5,5,2321.7,08:11:16.845507444
2,2321.5,5,2321.7,08:11:16.845623053
3,2321.5,5,2321.7,08:11:16.845656637
3,2321.5,5,2321.7,08:11:16.897922741
3,2321.5,6,2321.7,08:11:16.916686375
2,2321.5,6,2321.7,08:11:16.916806448
2,2321.5,1,2321.6,08:11:16.916930523
1,2321.5,1,2321.6,08:11:16.916956616
1,2321.5,2,2321.6,08:11:16.917143443
1,2321.5,2,2321.6,08:11:16.917156988
15,2321.4,2,2321.6,08:11:16.917348797
15,2321.4,2,2321.6,08:11:16.917348797
15,2321.4,2,2321.6,08:11:16.917484570
15,2321.4,2,2321.6,08:11:16.917497632
14,2321.4,2,2321.6,08:11:16.917514327
1,2321.5,2,2321.6,08:11:16.917540506
1,2321.5,3,2321.6,08:11:16.917658919
1,2321.5,3,2321.6,08:11:16.917669870
1,2321.5,3,2321.6,08:11:16.917684718
1,2321.5,3,2321.6,08:11:16.917684718
1,2321.5,2,2321.6,08:11:16.918872790
1,2321.5,2,2321.6,08:11:16.928987486
1,2321.5,1,2321.6,08:11:16.991793608
15,2321.4,1,2321.6,08:11:16.991964434
15,2321.4,1,2321.6,08:11:16.991964434
14,2321.4,1,2321.6,08:11:16.992081956
1,2321.5,1,2321.6,08:11:16.992112340
2,2321.5,1,2321.6,08:11:16.992175599
2,2321.5,7,2321.7,08:11:16.992306341
2,2321.5,7,2321.7,08:11:16.992306341
1,2321.5,7,2321.7,08:11:16.992340048
1,2321.5,6,2321.7,08:11:16.992464853
2,2321.5,6,2321.7,08:11:16.992496153
3,2321.5,6,2321.7,08:11:16.992579086
3,2321.5,6,2321.7,08:11:16.992607944
3,2321.5,5,2321.7,08:11:16.992677606
3,2321.5,5,2321.7,08:11:16.992690074
4,2321.5,5,2321.7,08:11:16.992712654
5,2321.5,5,2321.7,08:11:16.992744974
4,2321.5,5,2321.7,08:11:16.992816739
3,2321.5,5,2321.7,08:11:16.992839280
3,2321.5,5,2321.7,08:11:17.002963535
3,2321.5,5,2321.7,08:11:17.167932079
4,2321.5,5,2321.7,08:11:17.268052145
4,2321.5,5,2321.7,08:11:18.428191014
3,2321.5,5,2321.7,08:11:18.532281566
5,2321.5,5,2321.7,08:11:18.850313534
6,2321.5,5,2321.7,08:11:18.850562919
6,2321.5,4,2321.7,08:11:18.850643752
1,2321.6,4,2321.7,08:11:18.850702118
1,2321.6,4,2321.7,08:11:18.851057428
1,2321.6,4,2321.7,08:11:18.851064103
1,2321.6,3,2321.7,08:11:18.851101617
1,2321.6,2,2321.7,08:11:18.851124674
1,2321.6,2,2321.7,08:11:18.851134185
2,2321.6,2,2321.7,08:11:18.851301622
3,2321.6,2,2321.7,08:11:18.851436975
3,2321.6,2,2321.7,08:11:18.851468082
3,2321.6,1,2321.7,08:11:18.851565653
3,2321.6,1,2321.7,08:11:18.851607327
3,2321.6,1,2321.7,08:11:18.851725867
2,2321.6,1,2321.7,08:11:18.851819235
2,2321.6,6,2321.8,08:11:18.852001533
2,2321.6,6,2321.8,08:11:18.852001533
1,2321.6,6,2321.8,08:11:18.852027373
2,2321.6,6,2321.8,08:11:18.852179726
3,2321.6,6,2321.8,08:11:18.852196363
4,2321.6,6,2321.8,08:11:18.852217413
5,2321.6,6,2321.8,08:11:18.852382875
5,2321.6,6,2321.8,08:11:18.852398872
1,2321.7,6,2321.8,08:11:18.852426063
1,2321.7,6,2321.8,08:11:18.852483296
1,2321.7,6,2321.8,08:11:18.852524119
1,2321.7,6,2321.8,08:11:18.852555103
1,2321.7,6,2321.8,08:11:18.852611158
1,2321.7,6,2321.8,08:11:18.852673873
1,2321.7,6,2321.8,08:11:18.852717989
1,2321.7,5,2321.8,08:11:18.852736031
1,2321.7,5,2321.8,08:11:18.852757023
1,2321.7,5,2321.8,08:11:18.852962032
1,2321.7,5,2321.8,08:11:18.853129300
1,2321.7,5,2321.8,08:11:18.853129300
1,2321.7,5,2321.8,08:11:18.863231417
1,2321.7,3,2321.8,08:11:18.897933713
5,2321.6,3,2321.8,08:11:18.898068596
5,2321.6,3,2321.8,08:11:18.898068596
5,2321.6,3,2321.8,08:11:18.898091464
6,2321.6,3,2321.8,08:11:18.902914211
6,2321.6,3,2321.8,08:11:18.913239385
1,2321.7,3,2321.8,08:11:20.338535830
2,2321.7,3,2321.8,08:11:20.339401221
2,2321.7,3,2321.8,08:11:20.339404571
2,2321.7,3,2321.8,08:11:20.339547291
2,2321.7,3,2321.8,08:11:20.351222969
2,2321.7,4,2321.8,08:11:21.225433187
1,2321.7,4,2321.8,08:11:21.225609970
2,2321.7,4,2321.8,08:11:21.309801319
4,2321.7,4,2321.8,08:11:21.312500131
4,2321.7,4,2321.8,08:11:21.312650370
5,2321.7,4,2321.8,08:11:21.312670393
5,2321.7,3,2321.8,08:11:21.313103929
5,2321.7,3,2321.8,08:11:21.313177985
5,2321.7,3,2321.8,08:11:21.313204955
4,2321.7,3,2321.8,08:11:21.313270957
8,2321.7,3,2321.8,08:11:21.321020799
8,2321.7,7,2321.9,08:11:21.321276340
8,2321.7,7,2321.9,08:11:21.321276340
9,2321.7,7,2321.9,08:11:21.321481499
9,2321.7,7,2321.9,08:11:21.321494348
9,2321.7,6,2321.9,08:11:21.321512025
1,2321.8,6,2321.9,08:11:21.321539577
1,2321.8,6,2321.9,08:11:21.321630197
1,2321.8,6,2321.9,08:11:21.321694906
1,2321.8,6,2321.9,08:11:21.321713344
1,2321.8,5,2321.9,08:11:21.321731034
1,2321.8,5,2321.9,08:11:21.321746663
1,2321.8,5,2321.9,08:11:21.321866349
1,2321.8,5,2321.9,08:11:21.322213038
1,2321.8,5,2321.9,08:11:21.322213038
2,2321.8,5,2321.9,08:11:21.323185476
2,2321.8,5,2321.9,08:11:21.323357384
2,2321.8,3,2321.9,08:11:21.497947841
2,2321.8,2,2321.9,08:11:21.498076516
2,2321.8,2,2321.9,08:11:21.498086100
2,2321.8,1,2321.9,08:11:21.498118212
3,2321.8,1,2321.9,08:11:21.498213354
3,2321.8,7,2322.0,08:11:21.498242484
3,2321.8,7,2322.0,08:11:21.498242484
3,2321.8,7,2322.0,08:11:21.498367798
3,2321.8,6,2322.0,08:11:21.498413217
4,2321.8,6,2322.0,08:11:21.498591787
4,2321.8,6,2322.0,08:11:21.498604130
4,2321.8,5,2322.0,08:11:21.498903387
4,2321.8,5,2322.0,08:11:21.499095288
4,2321.8,4,2322.0,08:11:21.499273586
4,2321.8,4,2322.0,08:11:21.620334029
4,2321.8,3,2322.0,08:11:22.160116783
1,2321.9,3,2322.0,08:11:22.160276530
1,2321.9,3,2322.0,08:11:22.160311741
2,2321.9,3,2322.0,08:11:22.160343931
2,2321.9,3,2322.0,08:11:22.160447859
2,2321.9,2,2322.0,08:11:22.160474464
2,2321.9,2,2322.0,08:11:22.160484132
3,2321.9,2,2322.0,08:11:22.160529425
3,2321.9,2,2322.0,08:11:22.160529425
3,2321.9,2,2322.0,08:11:22.160541973
3,2321.9,2,2322.0,08:11:22.160574169
3,2321.9,2,2322.0,08:11:22.160702165
4,2321.9,2,2322.0,08:11:22.162839113
4,2321.9,2,2322.0,08:11:22.162959462
4,2321.9,2,2322.0,08:11:22.163001894
4,2321.9,2,2322.0,08:11:22.163129515
4,2321.9,2,2322.0,08:11:22.168481074
4,2321.9,2,2322.0,08:11:22.226844386
4,2321.9,6,2322.1,08:11:22.297953519
4,2321.9,6,2322.1,08:11:22.297953519
4,2321.9,5,2322.1,08:11:22.298104166
4,2321.9,5,2322.1,08:11:22.298170413
4,2321.9,5,2322.1,08:11:22.298230226
4,2321.9,4,2322.1,08:11:22.298322663
4,2321.9,4,2322.1,08:11:22.309218547
4,2321.9,4,2322.1,08:11:22.309230902
4,2321.9,7,2322.2,08:11:22.368465844
4,2321.9,1,2322.2,08:11:22.368465844
4,2321.9,1,2322.2,08:11:22.368465844
5,2321.9,1,2322.2,08:11:22.368508156
1,2322.0,1,2322.2,08:11:22.368530697
2,2322.0,1,2322.2,08:11:22.368564377
3,2322.0,1,2322.2,08:11:22.368575040
4,2322.0,1,2322.2,08:11:22.368619051
5,2322.0,1,2322.2,08:11:22.368628840
6,2322.0,1,2322.2,08:11:22.368795182
6,2322.0,1,2322.2,08:11:22.368813448
6,2322.0,1,2322.2,08:11:22.368833426
6,2322.0,1,2322.2,08:11:22.368842665
6,2322.0,1,2322.2,08:11:22.368886726
6,2322.0,1,2322.2,08:11:22.368902205
6,2322.0,1,2322.2,08:11:22.368952702
6,2322.0,1,2322.2,08:11:22.369089559
6,2322.0,1,2322.2,08:11:22.369213421
7,2322.0,1,2322.2,08:11:22.369307675
7,2322.0,2,2322.2,08:11:22.369533405
7,2322.0,2,2322.2,08:11:22.369647657
7,2322.0,3,2322.2,08:11:22.369669817
7,2322.0,2,2322.2,08:11:22.369738423
7,2322.0,2,2322.2,08:11:22.369756651
8,2322.0,2,2322.2,08:11:22.369774629
9,2322.0,2,2322.2,08:11:22.369808616
9,2322.0,2,2322.2,08:11:22.369838620
10,2322.0,2,2322.2,08:11:22.369876455
10,2322.0,2,2322.2,08:11:22.369876455
10,2322.0,3,2322.2,08:11:22.369917963
10,2322.0,4,2322.2,08:11:22.369971756
11,2322.0,4,2322.2,08:11:22.369998682
11,2322.0,4,2322.2,08:11:22.370062548
11,2322.0,4,2322.2,08:11:22.370077044
10,2322.0,4,2322.2,08:11:22.370110056
10,2322.0,4,2322.2,08:11:22.370181383
10,2322.0,4,2322.2,08:11:22.370181383
10,2322.0,4,2322.2,08:11:22.370224049
10,2322.0,4,2322.2,08:11:22.370249438
10,2322.0,5,2322.2,08:11:22.370293043
10,2322.0,5,2322.2,08:11:22.370307471
10,2322.0,4,2322.2,08:11:22.370596956
10,2322.0,4,2322.2,08:11:22.370648281
10,2322.0,4,2322.2,08:11:22.370648281
9,2322.0,4,2322.2,08:11:22.370693899
9,2322.0,4,2322.2,08:11:22.370726101
9,2322.0,3,2322.2,08:11:22.370937334
8,2322.0,3,2322.2,08:11:22.370952163
7,2322.0,3,2322.2,08:11:22.371007227
7,2322.0,3,2322.2,08:11:22.371083295
7,2322.0,3,2322.2,08:11:22.371129914
7,2322.0,3,2322.2,08:11:22.371587673
7,2322.0,3,2322.2,08:11:22.375053647
7,2322.0,3,2322.2,08:11:22.376698471
7,2322.0,3,2322.2,08:11:22.378024581
7,2322.0,3,2322.2,08:11:22.387732796
7,2322.0,3,2322.2,08:11:22.387747420
7,2322.0,6,2322.2,08:11:22.399780217
6,2322.0,6,2322.2,08:11:22.399920383
6,2322.0,6,2322.2,08:11:22.399966467
6,2322.0,1,2322.1,08:11:22.400200263
5,2322.0,1,2322.1,08:11:22.400250363
5,2322.0,6,2322.2,08:11:22.400475079
5,2322.0,6,2322.2,08:11:22.400475079
5,2322.0,7,2322.2,08:11:22.400508171
4,2322.0,7,2322.2,08:11:22.400508171
1,2322.1,7,2322.2,08:11:22.400538363
4,2322.0,7,2322.2,08:11:22.400574322
4,2322.0,7,2322.2,08:11:22.400574322
1,2322.1,7,2322.2,08:11:22.400730946
1,2322.1,7,2322.2,08:11:22.400730946
1,2322.1,7,2322.2,08:11:22.400758297
4,2322.0,7,2322.2,08:11:22.400800589
4,2322.0,7,2322.2,08:11:22.400800589
4,2322.0,7,2322.2,08:11:22.400867554
3,2322.0,7,2322.2,08:11:22.400966224
3,2322.0,1,2322.1,08:11:22.401095833
3,2322.0,2,2322.1,08:11:22.427412393
2,2322.0,2,2322.1,08:11:22.427568239
2,2322.0,2,2322.1,08:11:22.469170113
2,2322.0,2,2322.1,08:11:22.497940617
3,2322.0,2,2322.1,08:11:22.605943696
3,2322.0,2,2322.1,08:11:24.058414667
3,2322.0,2,2322.1,08:11:24.058414667
3,2322.0,2,2322.1,08:11:24.616520491
3,2322.0,2,2322.1,08:11:24.857232931
3,2322.0,2,2322.1,08:11:24.940587923
3,2322.0,1,2322.1,08:11:25.715157980
3,2322.0,1,2322.1,08:11:25.715312133
3,2322.0,1,2322.1,08:11:25.715326808
3,2322.0,8,2322.2,08:11:25.715598564
3,2322.0,8,2322.2,08:11:25.715598564
4,2322.0,8,2322.2,08:11:25.715817810
4,2322.0,8,2322.2,08:11:26.787743089
4,2322.0,7,2322.2,08:11:26.964903256
1,2322.1,7,2322.2,08:11:26.965044094
2,2322.1,7,2322.2,08:11:26.965079256
2,2322.1,7,2322.2,08:11:26.965204997
2,2322.1,7,2322.2,08:11:26.965250524
1,2322.1,7,2322.2,08:11:26.965485703
5,2322.0,7,2322.2,08:11:26.965599309
5,2322.0,7,2322.2,08:11:26.965599309
4,2322.0,7,2322.2,08:11:26.965716562
4,2322.0,7,2322.2,08:11:26.965729507
1,2322.1,7,2322.2,08:11:27.605491042
1,2322.1,7,2322.2,08:11:27.605686169
1,2322.1,7,2322.2,08:11:27.605704807
2,2322.1,7,2322.2,08:11:27.606487645
2,2322.1,7,2322.2,08:11:27.606496595
2,2322.1,7,2322.2,08:11:27.606611801
1,2322.1,7,2322.2,08:11:27.616841731
5,2322.0,7,2322.2,08:11:27.617112758
5,2322.0,7,2322.2,08:11:27.617112758
4,2322.0,7,2322.2,08:11:27.617280326
3,2322.0,7,2322.2,08:11:27.617307194
3,2322.0,7,2322.2,08:11:27.617321284
3,2322.0,7,2322.2,08:11:27.727696514
4,2322.0,7,2322.2,08:11:27.727831589
5,2322.0,7,2322.2,08:11:27.800665273
4,2322.0,7,2322.2,08:11:28.431410257
5,2322.0,7,2322.2,08:11:29.549212667
5,2322.0,7,2322.2,08:11:30.670704431
5,2322.0,6,2322.2,08:11:31.142507751
6,2322.0,6,2322.2,08:11:31.142594739
6,2322.0,5,2322.2,08:11:31.142681086
1,2322.1,5,2322.2,08:11:31.142772390
2,2322.1,5,2322.2,08:11:31.142815488
3,2322.1,5,2322.2,08:11:31.142890232
3,2322.1,5,2322.2,08:11:31.142918153
3,2322.1,5,2322.2,08:11:31.142934249
3,2322.1,5,2322.2,08:11:31.142947994
3,2322.1,5,2322.2,08:11:31.143079865
4,2322.1,5,2322.2,08:11:31.143235427
4,2322.1,5,2322.2,08:11:31.143331114
4,2322.1,5,2322.2,08:11:31.143922069
5,2322.1,5,2322.2,08:11:31.193645771
5,2322.1,5,2322.2,08:11:31.193780410
6,2322.1,5,2322.2,08:11:31.194232509
6,2322.1,3,2322.2,08:11:31.297975237
6,2322.1,3,2322.2,08:11:31.633518871
6,2322.1,3,2322.2,08:11:31.851290347
5,2322.1,3,2322.2,08:11:33.759290584
5,2322.1,3,2322.2,08:11:33.770246245
5,2322.1,2,2322.2,08:11:34.065663241
5,2322.1,7,2322.3,08:11:34.066006605
5,2322.1,6,2322.3,08:11:34.066006605
5,2322.1,6,2322.3,08:11:34.066006605
1,2322.2,6,2322.3,08:11:34.066299187
1,2322.2,6,2322.3,08:11:34.066336733
1,2322.2,6,2322.3,08:11:34.066479386
2,2322.2,6,2322.3,08:11:34.066569266
2,2322.2,1,2322.3,08:11:34.066734021
2,2322.2,1,2322.3,08:11:34.066760732
2,2322.2,1,2322.3,08:11:34.066760732
2,2322.2,1,2322.3,08:11:34.066760732
2,2322.2,1,2322.3,08:11:34.066768527
2,2322.2,1,2322.3,08:11:34.066822573
1,2322.2,1,2322.3,08:11:34.066851738
1,2322.2,1,2322.3,08:11:34.066868510
1,2322.2,1,2322.3,08:11:34.066883563
1,2322.2,1,2322.3,08:11:34.066897163
2,2322.2,1,2322.3,08:11:34.066959360
3,2322.2,1,2322.3,08:11:34.067012411
3,2322.2,1,2322.3,08:11:34.067030280
4,2322.2,1,2322.3,08:11:34.067198405
4,2322.2,1,2322.3,08:11:34.067213221
4,2322.2,1,2322.3,08:11:34.067269197
4,2322.2,1,2322.3,08:11:34.067285498
4,2322.2,1,2322.3,08:11:34.067346945
4,2322.2,2,2322.3,08:11:34.067375913
4,2322.2,2,2322.3,08:11:34.067387963
4,2322.2,2,2322.3,08:11:34.067452419
3,2322.2,2,2322.3,08:11:34.067530008
3,2322.2,2,2322.3,08:11:34.067572636
3,2322.2,1,2322.3,08:11:34.067602065
4,2322.2,1,2322.3,08:11:34.067629645
4,2322.2,4,2322.4,08:11:34.067666840
4,2322.2,4,2322.4,08:11:34.067666840
4,2322.2,4,2322.4,08:11:34.067746637
3,2322.2,4,2322.4,08:11:34.067787447
2,2322.2,4,2322.4,08:11:34.067866252
2,2322.2,3,2322.4,08:11:34.067981922
2,2322.2,3,2322.4,08:11:34.067993298
2,2322.2,1,2322.3,08:11:34.068071440
3,2322.2,1,2322.3,08:11:34.068158933
3,2322.2,1,2322.3,08:11:34.068261856
3,2322.2,2,2322.3,08:11:34.068350230
2,2322.2,2,2322.3,08:11:34.068496873
2,2322.2,3,2322.3,08:11:34.068712173
2,2322.2,3,2322.3,08:11:34.074078192
2,2322.2,3,2322.3,08:11:34.078841609
1,2322.2,3,2322.3,08:11:34.093889893
1,2322.2,4,2322.3,08:11:34.094112372
4,2322.1,4,2322.3,08:11:34.094197631
4,2322.1,4,2322.3,08:11:34.094197631
4,2322.1,1,2322.2,08:11:34.094307918
3,2322.1,1,2322.2,08:11:34.094469400
3,2322.1,1,2322.2,08:11:34.094483650
3,2322.1,1,2322.2,08:11:34.094535055
3,2322.1,1,2322.2,08:11:34.094552588
2,2322.1,1,2322.2,08:11:34.094637345
2,2322.1,5,2322.3,08:11:35.087174831
2,2322.1,5,2322.3,08:11:35.087174831
3,2322.1,5,2322.3,08:11:35.087404292
4,2322.1,5,2322.3,08:11:35.087446817
5,2322.1,5,2322.3,08:11:35.087497340
5,2322.1,4,2322.3,08:11:35.087518278
5,2322.1,3,2322.3,08:11:35.087707063
1,2322.2,3,2322.3,08:11:35.087867971
1,2322.2,3,2322.3,08:11:35.087891584
1,2322.2,3,2322.3,08:11:35.088035699
1,2322.2,3,2322.3,08:11:35.088073623
1,2322.2,3,2322.3,08:11:35.138169487
1,2322.2,3,2322.3,08:11:35.138186674
1,2322.2,3,2322.3,08:11:35.174793284
2,2322.2,3,2322.3,08:11:35.425566920
2,2322.2,2,2322.3,08:11:35.425737323
2,2322.2,1,2322.3,08:11:35.425788306
2,2322.2,1,2322.3,08:11:35.425795270
3,2322.2,1,2322.3,08:11:35.426048562
3,2322.2,5,2322.4,08:11:35.426334193
3,2322.2,5,2322.4,08:11:35.426334193
4,2322.2,5,2322.4,08:11:35.426453469
5,2322.2,5,2322.4,08:11:35.426485175
5,2322.2,5,2322.4,08:11:35.426546021
5,2322.2,4,2322.4,08:11:35.426580063
5,2322.2,3,2322.4,08:11:35.426599667
5,2322.2,3,2322.4,08:11:35.444619431
5,2322.2,3,2322.4,08:11:35.444633096
5,2322.2,4,2322.4,08:11:35.452641011
4,2322.2,4,2322.4,08:11:35.534900659
5,2322.2,4,2322.4,08:11:35.555409622
5,2322.2,4,2322.4,08:11:35.672791610
6,2322.2,4,2322.4,08:11:36.560110623
6,2322.2,4,2322.4,08:11:36.560240146
5,2322.2,4,2322.4,08:11:36.563046359
5,2322.2,4,2322.4,08:11:37.716709112
5,2322.2,4,2322.4,08:11:38.130122968
6,2322.2,4,2322.4,08:11:38.516575988
6,2322.2,3,2322.4,08:11:38.518219247
1,2322.3,3,2322.4,08:11:38.518368373
1,2322.3,3,2322.4,08:11:38.518620672
1,2322.3,3,2322.4,08:11:38.518713266
1,2322.3,3,2322.4,08:11:38.519181709
1,2322.3,3,2322.4,08:11:38.519194520
1,2322.3,3,2322.4,08:11:38.519194520
1,2322.3,3,2322.4,08:11:38.520382941
1,2322.3,3,2322.4,08:11:38.526580897
4,2322.2,3,2322.4,08:11:38.535737497
4,2322.2,3,2322.4,08:11:38.535737497
4,2322.2,3,2322.4,08:11:38.535894585
4,2322.2,3,2322.4,08:11:38.535910333
4,2322.2,3,2322.4,08:11:38.535923994
5,2322.2,3,2322.4,08:11:38.569688540
1,2322.3,3,2322.4,08:11:38.569818398
1,2322.3,3,2322.4,08:11:38.569851807
1,2322.3,2,2322.4,08:11:38.569944152
1,2322.3,2,2322.4,08:11:38.569987356
1,2322.3,2,2322.4,08:11:38.570083648
1,2322.3,2,2322.4,08:11:38.570106007
1,2322.3,2,2322.4,08:11:38.570466322
1,2322.3,2,2322.4,08:11:38.619787997
1,2322.3,2,2322.4,08:11:38.620369767
1,2322.3,2,2322.4,08:11:38.660793333
1,2322.3,2,2322.4,08:11:38.740843284
2,2322.3,2,2322.4,08:11:38.772142356
2,2322.3,1,2322.4,08:11:38.772275610
2,2322.3,7,2322.5,08:11:38.772777604
2,2322.3,6,2322.5,08:11:38.772777604
2,2322.3,6,2322.5,08:11:38.772777604
3,2322.3,6,2322.5,08:11:38.772949857
4,2322.3,6,2322.5,08:11:38.772968328
5,2322.3,6,2322.5,08:11:38.772986379
5,2322.3,6,2322.5,08:11:38.773180076
6,2322.3,6,2322.5,08:11:38.773200218
7,2322.3,6,2322.5,08:11:38.773226448
7,2322.3,6,2322.5,08:11:38.773334329
7,2322.3,6,2322.5,08:11:38.773722259
7,2322.3,5,2322.5,08:11:38.773722259
6,2322.3,5,2322.5,08:11:38.773742867
6,2322.3,5,2322.5,08:11:38.773742867
6,2322.3,5,2322.5,08:11:38.773869319
6,2322.3,5,2322.5,08:11:38.779094576
6,2322.3,5,2322.5,08:11:38.779094576
6,2322.3,4,2322.5,08:11:38.794660202
6,2322.3,4,2322.5,08:11:38.794791062
6,2322.3,5,2322.5,08:11:38.819542035
5,2322.3,5,2322.5,08:11:38.819677612
4,2322.3,5,2322.5,08:11:38.819778974
3,2322.3,5,2322.5,08:11:38.820037440
3,2322.3,5,2322.5,08:11:38.820155330
3,2322.3,5,2322.5,08:11:38.829526405
4,2322.3,5,2322.5,08:11:38.899161217
5,2322.3,5,2322.5,08:11:38.958661796
5,2322.3,5,2322.5,08:11:38.958790899
6,2322.3,5,2322.5,08:11:39.017750523
5,2322.3,5,2322.5,08:11:39.078401986
5,2322.3,5,2322.5,08:11:39.097984997
5,2322.3,1,2322.4,08:11:39.131146175
4,2322.3,1,2322.4,08:11:39.131298825
4,2322.3,1,2322.4,08:11:39.131314649
4,2322.3,1,2322.4,08:11:39.131330748
4,2322.3,6,2322.5,08:11:39.131436444
4,2322.3,6,2322.5,08:11:39.131436444
4,2322.3,6,2322.5,08:11:39.818515438
4,2322.3,6,2322.5,08:11:39.818529579
4,2322.3,6,2322.5,08:11:39.822643294
5,2322.3,6,2322.5,08:11:39.822777831
5,2322.3,6,2322.5,08:11:40.343307966
5,2322.3,6,2322.5,08:11:41.703069245
5,2322.3,6,2322.5,08:11:41.703069245
6,2322.3,6,2322.5,08:11:42.622654421
6,2322.3,5,2322.5,08:11:42.622903471
6,2322.3,4,2322.5,08:11:42.622922519
1,2322.4,4,2322.5,08:11:42.623060173
1,2322.4,3,2322.5,08:11:42.623190323
1,2322.4,3,2322.5,08:11:42.623234791
6,2322.3,3,2322.5,08:11:42.623468809
6,2322.3,3,2322.5,08:11:42.623468809
6,2322.3,3,2322.5,08:11:42.623490057
6,2322.3,3,2322.5,08:11:42.623727889
6,2322.3,4,2322.5,08:11:42.623760494
5,2322.3,4,2322.5,08:11:42.623795941
5,2322.3,5,2322.5,08:11:42.623813881
5,2322.3,5,2322.5,08:11:42.623934161
5,2322.3,5,2322.5,08:11:42.689534597
5,2322.3,4,2322.5,08:11:43.336115327
5,2322.3,2,2322.5,08:11:43.336179338
5,2322.3,1,2322.5,08:11:43.336297686
6,2322.3,1,2322.5,08:11:43.336325024
6,2322.3,10,2322.6,08:11:43.336488490
6,2322.3,10,2322.6,08:11:43.336488490
6,2322.3,10,2322.6,08:11:43.336646704
6,2322.3,1,2322.5,08:11:43.336722599
6,2322.3,1,2322.5,08:11:43.336745250
6,2322.3,2,2322.5,08:11:43.336892600
6,2322.3,3,2322.5,08:11:43.336945331
6,2322.3,4,2322.5,08:11:43.386358450
6,2322.3,4,2322.5,08:11:43.386480370
6,2322.3,5,2322.5,08:11:43.953484082
5,2322.3,5,2322.5,08:11:43.953579716
5,2322.3,3,2322.5,08:11:47.218104598
6,2322.3,3,2322.5,08:11:47.218214744
7,2322.3,3,2322.5,08:11:47.543001900
7,2322.3,3,2322.5,08:11:48.669809501
7,2322.3,3,2322.5,08:11:48.669809501
7,2322.3,4,2322.5,08:11:49.624244740
7,2322.3,4,2322.5,08:11:49.624244740
7,2322.3,3,2322.5,08:11:49.669205177
5,2322.3,3,2322.5,08:11:50.713598985
5,2322.3,1,2322.4,08:11:50.713711245
5,2322.3,1,2322.4,08:11:50.713848371
5,2322.3,1,2322.4,08:11:50.713909688
4,2322.3,1,2322.4,08:11:50.713928610
3,2322.3,1,2322.4,08:11:50.714164382
3,2322.3,5,2322.5,08:11:50.714716747
3,2322.3,5,2322.5,08:11:50.714716747
3,2322.3,4,2322.5,08:11:50.714890799
1,2322.4,4,2322.5,08:11:50.715060197
1,2322.4,3,2322.5,08:11:50.715203042
1,2322.4,3,2322.5,08:11:50.715741415
1,2322.4,3,2322.5,08:11:50.716112437
1,2322.4,3,2322.5,08:11:50.724177444
2,2322.4,3,2322.5,08:11:50.725428429
2,2322.4,2,2322.5,08:11:50.725576538
2,2322.4,2,2322.5,08:11:50.725605377
2,2322.4,2,2322.5,08:11:50.725720915
2,2322.4,2,2322.5,08:11:50.725734954
3,2322.4,2,2322.5,08:11:50.766241905
3,2322.4,2,2322.5,08:11:50.766477859
3,2322.4,2,2322.5,08:11:50.766494906
4,2322.4,2,2322.5,08:11:50.766515075
4,2322.4,2,2322.5,08:11:50.772184483
4,2322.4,2,2322.5,08:11:50.772184483
4,2322.4,2,2322.5,08:11:51.011307015
4,2322.4,1,2322.5,08:11:51.103789873
4,2322.4,10,2322.6,08:11:51.103999963
4,2322.4,10,2322.6,08:11:51.103999963
5,2322.4,10,2322.6,08:11:51.104092976
5,2322.4,10,2322.6,08:11:51.104184687
5,2322.4,9,2322.6,08:11:51.104233625
5,2322.4,8,2322.6,08:11:51.104321845
5,2322.4,7,2322.6,08:11:51.104356579
5,2322.4,7,2322.6,08:11:51.104368547
5,2322.4,7,2322.6,08:11:51.112276153
5,2322.4,6,2322.6,08:11:51.124579981
1,2322.5,6,2322.6,08:11:51.124723984
1,2322.5,6,2322.6,08:11:51.124855578
1,2322.5,6,2322.6,08:11:51.124871306
1,2322.5,6,2322.6,08:11:51.124886273
1,2322.5,6,2322.6,08:11:51.124902913
1,2322.5,6,2322.6,08:11:51.124936085
1,2322.5,5,2322.6,08:11:51.124967148
1,2322.5,5,2322.6,08:11:51.124967148
2,2322.5,5,2322.6,08:11:51.125064420
3,2322.5,5,2322.6,08:11:51.125080543
3,2322.5,5,2322.6,08:11:51.125124489
3,2322.5,4,2322.6,08:11:51.125148495
3,2322.5,4,2322.6,08:11:51.125161337
3,2322.5,3,2322.6,08:11:51.125220651
3,2322.5,2,2322.6,08:11:51.125278508
3,2322.5,2,2322.6,08:11:51.125323382
3,2322.5,2,2322.6,08:11:51.125381895
3,2322.5,2,2322.6,08:11:51.125396184
3,2322.5,2,2322.6,08:11:51.125428943
3,2322.5,2,2322.6,08:11:51.128013811
3,2322.5,9,2322.7,08:11:51.147037769
3,2322.5,9,2322.7,08:11:51.147037769
3,2322.5,9,2322.7,08:11:51.147284185
3,2322.5,9,2322.7,08:11:51.147284185
3,2322.5,9,2322.7,08:11:51.147292510
3,2322.5,8,2322.7,08:11:51.147333310
3,2322.5,7,2322.7,08:11:51.147403758
4,2322.5,7,2322.7,08:11:51.147437335
4,2322.5,7,2322.7,08:11:51.147494018
4,2322.5,6,2322.7,08:11:51.147616290
4,2322.5,5,2322.7,08:11:51.147630862
5,2322.5,5,2322.7,08:11:51.147715722
5,2322.5,5,2322.7,08:11:51.147781259
5,2322.5,5,2322.7,08:11:51.147796908
4,2322.5,5,2322.7,08:11:51.147878208
3,2322.5,5,2322.7,08:11:51.149236819
3,2322.5,1,2322.6,08:11:51.149476284
4,2322.5,1,2322.6,08:11:51.163380639
4,2322.5,5,2322.7,08:11:51.163537282
4,2322.5,5,2322.7,08:11:51.163537282
4,2322.5,1,2322.6,08:11:51.187432340
4,2322.5,5,2322.7,08:11:51.380799214
4,2322.5,5,2322.7,08:11:51.380799214
5,2322.5,5,2322.7,08:11:51.381460107
6,2322.5,5,2322.7,08:11:51.381640643
1,2322.6,5,2322.7,08:11:51.392901577
1,2322.6,4,2322.7,08:11:51.393444727
1,2322.6,4,2322.7,08:11:51.393708009
1,2322.6,3,2322.7,08:11:51.393822488
1,2322.6,3,2322.7,08:11:51.393822488
1,2322.6,3,2322.7,08:11:51.393876387
1,2322.6,3,2322.7,08:11:51.393876387
6,2322.5,3,2322.7,08:11:51.394454952
6,2322.5,3,2322.7,08:11:51.394454952
6,2322.5,4,2322.7,08:11:51.394607640
5,2322.5,4,2322.7,08:11:51.398840807
1,2322.6,4,2322.7,08:11:51.399157591
1,2322.6,3,2322.7,08:11:51.399284029
5,2322.5,3,2322.7,08:11:51.399593878
5,2322.5,3,2322.7,08:11:51.399593878
1,2322.6,3,2322.7,08:11:51.399835003
1,2322.6,3,2322.7,08:11:51.399981278
5,2322.5,3,2322.7,08:11:51.400006731
5,2322.5,3,2322.7,08:11:51.400006731
5,2322.5,3,2322.7,08:11:51.400140459
1,2322.6,3,2322.7,08:11:51.400237788
5,2322.5,3,2322.7,08:11:51.400401866
5,2322.5,3,2322.7,08:11:51.400401866
6,2322.5,3,2322.7,08:11:51.400616520
5,2322.5,3,2322.7,08:11:51.401344036
1,2322.6,3,2322.7,08:11:51.401578839
1,2322.6,3,2322.7,08:11:51.401719019
5,2322.5,3,2322.7,08:11:51.401744184
5,2322.5,3,2322.7,08:11:51.401744184
1,2322.6,3,2322.7,08:11:51.401872257
1,2322.6,3,2322.7,08:11:51.401894750
1,2322.6,3,2322.7,08:11:51.401961702
1,2322.6,3,2322.7,08:11:51.402195421
2,2322.6,3,2322.7,08:11:51.402431981
2,2322.6,3,2322.7,08:11:51.402565074
1,2322.6,3,2322.7,08:11:51.402651725
2,2322.6,3,2322.7,08:11:51.402880594
2,2322.6,3,2322.7,08:11:51.403002705
2,2322.6,2,2322.7,08:11:51.410156777
2,2322.6,2,2322.7,08:11:51.431549659
2,2322.6,2,2322.7,08:11:51.431731416
3,2322.6,2,2322.7,08:11:51.534986956
3,2322.6,2,2322.7,08:11:51.608785901
3,2322.6,2,2322.7,08:11:51.608801441
3,2322.6,1,2322.7,08:11:51.608945108
3,2322.6,9,2322.8,08:11:51.609418023
3,2322.6,9,2322.8,08:11:51.609418023
3,2322.6,9,2322.8,08:11:51.609779198
3,2322.6,8,2322.8,08:11:51.609795026
3,2322.6,7,2322.8,08:11:51.609849063
4,2322.6,7,2322.8,08:11:51.609884967
4,2322.6,7,2322.8,08:11:51.609971605
4,2322.6,7,2322.8,08:11:51.610003503
5,2322.6,7,2322.8,08:11:51.615376284
5,2322.6,6,2322.8,08:11:51.615489281
5,2322.6,6,2322.8,08:11:51.615502267
5,2322.6,6,2322.8,08:11:51.615596448
5,2322.6,6,2322.8,08:11:51.618149326
5,2322.6,6,2322.8,08:11:51.762441592
1,2322.7,6,2322.8,08:11:51.780643575
1,2322.7,5,2322.8,08:11:51.780779671
1,2322.7,4,2322.8,08:11:51.780798663
1,2322.7,4,2322.8,08:11:51.780812302
1,2322.7,4,2322.8,08:11:51.780827995
1,2322.7,4,2322.8,08:11:51.780844280
1,2322.7,2,2322.8,08:11:51.780880278
