price,volume,timestamp
2322.5,1,08:10:00.676017586
2322.5,1,08:10:01.830307294
2322.5,2,08:10:03.087721111
2322.6,10,08:10:03.107091348
2322.7,1,08:10:03.108798000
2322.7,1,08:10:03.108808144
2322.8,1,08:10:03.109311502
2322.7,1,08:10:03.109311502
2322.7,1,08:10:03.121096786
2322.6,4,08:10:03.230207257
2322.6,1,08:10:04.006672956
2322.5,1,08:10:05.095036218
2322.7,1,08:10:07.680583674
2322.7,1,08:10:07.680972565
2322.6,1,08:10:07.748907248
2322.6,1,08:10:08.003472562
2322.7,1,08:10:08.236606385
2322.6,5,08:10:08.688797331
2322.6,1,08:10:08.721744118
2322.5,4,08:10:08.791035343
2322.4,1,08:10:09.030988405
2322.4,1,08:10:09.031092941
2322.5,1,08:10:09.031233965
2322.5,1,08:10:09.031436027
2322.4,1,08:10:09.031638079
2322.4,1,08:10:09.031693274
2322.4,2,08:10:09.031840938
2322.3,1,08:10:09.072073935
2322.4,1,08:10:09.200428853
2322.2,1,08:10:09.576721255
2322.4,1,08:10:09.576999088
2322.4,3,08:10:09.619755041
2322.4,1,08:10:09.620502794
2322.5,1,08:10:10.483622748
2322.3,1,08:10:13.173810260
2322.3,1,08:10:13.173970209
2322.2,2,08:10:13.259676589
2322.1,3,08:10:13.259676589
2322.1,1,08:10:13.261122807
2322.0,1,08:10:13.273005436
2321.9,1,08:10:13.273017674
2321.8,1,08:10:13.357835694
2321.8,1,08:10:13.357847950
2321.9,1,08:10:13.377996322
2321.9,1,08:10:13.378277173
2321.9,1,08:10:13.609290921
2321.8,2,08:10:13.708035595
2321.7,2,08:10:13.708035595
2321.8,1,08:10:13.905596833
2321.8,1,08:10:13.905903419
2321.9,1,08:10:14.622658174
2321.8,1,08:10:14.678136904
2321.8,1,08:10:14.686763282
2321.7,1,08:10:15.580068398
2321.8,2,08:10:17.265932694
2321.8,1,08:10:17.274574023
2321.8,1,08:10:19.593559503
2321.9,1,08:10:21.451196342
2321.8,1,08:10:23.245509552
2321.9,1,08:10:23.246095506
2321.8,1,08:10:23.295200250
2321.8,1,08:10:24.265648855
2321.8,1,08:10:25.216078085
2321.7,1,08:10:26.325478581
2321.6,1,08:10:27.345622960
2321.6,2,08:10:29.731458713
2321.6,1,08:10:29.731565777
2321.5,1,08:10:29.787891166
2321.6,1,08:10:30.122102661
2321.6,1,08:10:30.146391708
2321.7,2,08:10:30.308099118
2321.7,3,08:10:35.066642745
2321.7,1,08:10:35.098031423
2321.6,1,08:10:36.145060851
2321.6,1,08:10:37.608785323
2321.6,2,08:10:41.865649374
2321.7,3,08:10:42.491414166
2321.7,2,08:10:42.492353597
2321.7,1,08:10:45.460246255
2321.6,1,08:10:45.487050660
2321.7,4,08:10:49.366399515
2321.6,1,08:10:49.809037089
2321.7,1,08:10:54.714324590
2321.7,1,08:10:55.049078015
2321.8,1,08:10:55.580806920
2321.7,1,08:10:55.580993305
2321.8,2,08:10:55.581152649
2321.8,1,08:10:55.581291704
2321.8,1,08:10:57.523184487
2321.8,1,08:10:57.523638285
2321.8,2,08:11:00.594444395
2321.8,1,08:11:00.636358706
2321.7,1,08:11:00.721635555
2321.7,2,08:11:00.721770383
2321.7,1,08:11:00.721904457
2321.7,2,08:11:00.721947661
2321.6,1,08:11:01.244020740
2321.9,2,08:11:01.983477777
2321.8,1,08:11:03.785766066
2321.8,1,08:11:05.768431654
2321.8,1,08:11:05.770090573
2321.8,1,08:11:07.716244652
2321.8,1,08:11:07.717193520
2321.8,1,08:11:11.343277226
2321.9,3,08:11:11.358196378
2321.9,1,08:11:11.358422069
2321.9,1,08:11:11.369683496
2321.9,1,08:11:11.369912135
2321.9,2,08:11:11.618860681
2321.9,1,08:11:11.696530122
2321.9,1,08:11:11.696771966
2321.8,2,08:11:13.068527799
2321.7,1,08:11:13.070714937
2321.6,3,08:11:16.790188678
2321.6,1,08:11:16.790462152
2321.5,3,08:11:16.794136648
2321.5,1,08:11:16.795313466
2321.6,3,08:11:16.821339028
2321.7,1,08:11:16.843347196
2321.6,1,08:11:16.845359672
2321.6,1,08:11:16.992298501
2321.7,1,08:11:18.851994132
2321.8,1,08:11:21.313088585
2321.8,3,08:11:21.321266762
2322.1,4,08:11:22.368453200
2322.2,6,08:11:22.368453200
2322.1,1,08:11:22.400466346
2322.1,1,08:11:22.400574322
2322.1,1,08:11:22.400792736
2322.1,1,08:11:25.715142875
2322.1,1,08:11:25.715590500
2322.1,1,08:11:27.616833767
2322.1,1,08:11:27.617112758
2322.0,1,08:11:28.431397121
2322.2,1,08:11:31.142497057
2322.2,1,08:11:34.065651996
2322.3,1,08:11:34.065999305
2322.2,2,08:11:34.065999305
2322.3,5,08:11:34.066724219
2322.3,1,08:11:34.067641479
2322.2,1,08:11:34.093882275
2322.2,1,08:11:34.094189302
2322.2,1,08:11:35.087166482
2322.3,1,08:11:35.426326846
2322.4,1,08:11:38.772767105
2322.5,1,08:11:38.772777604
2322.4,1,08:11:39.131428799
2322.4,1,08:11:42.623461097
2322.5,1,08:11:43.336103836
2322.5,2,08:11:43.336166810
2322.5,2,08:11:47.218090211
2322.5,1,08:11:49.669194457
2322.3,2,08:11:50.713587007
2322.5,1,08:11:51.103775476
2322.5,1,08:11:51.103992514
2322.6,2,08:11:51.147030147
2322.5,1,08:11:51.149225580
2322.6,1,08:11:51.380791474
2322.7,1,08:11:51.609410157
2322.8,1,08:11:52.699811213
2322.9,1,08:11:55.702491850
2322.9,4,08:11:55.702704123
2322.9,1,08:11:55.702819393
2322.9,2,08:11:55.702906009
2322.9,1,08:11:55.703436358
2322.8,1,08:11:55.734906762
2322.8,1,08:11:55.735229101
2322.8,1,08:11:55.735258681
2322.7,1,08:11:56.732078349
2322.7,1,08:11:59.551193946
2322.6,1,08:12:01.701803440
2322.5,1,08:12:01.899057047
2322.4,1,08:12:02.072742065
2322.3,2,08:12:03.145866493
2322.3,1,08:12:03.146192167
2322.3,1,08:12:03.147616755
2322.3,2,08:12:03.298490067
2322.4,1,08:12:03.698437099
2322.5,3,08:12:03.713529381
2322.4,1,08:12:03.714048712
2322.2,3,08:12:05.500882350
2322.2,1,08:12:05.501445901
2322.3,2,08:12:05.502212976
2322.3,1,08:12:05.503759775
2322.3,1,08:12:08.071087092
2322.2,1,08:12:08.300593306
2322.1,1,08:12:09.594651882
2322.0,3,08:12:09.595441648
2322.0,1,08:12:09.636400670
2322.0,1,08:12:09.911444049
2322.0,1,08:12:10.554259386
2322.0,1,08:12:10.896781652
2322.0,1,08:12:15.118842543
2322.0,3,08:12:15.119072145
2322.2,1,08:12:19.976864955
2322.2,1,08:12:21.230825873
2322.2,1,08:12:21.231115601
2322.1,3,08:12:24.381896809
2322.1,1,08:12:24.383249304
2322.0,1,08:12:24.498690094
2322.1,2,08:12:24.499207487
2322.1,2,08:12:24.499301226
2322.2,3,08:12:24.703656857
2322.2,1,08:12:24.898570049
2322.1,1,08:12:25.038332252
2322.2,1,08:12:26.357897293
2322.2,1,08:12:26.358141682
2322.2,1,08:12:32.265962185
2322.2,1,08:12:35.959304453
2322.2,2,08:12:35.959371545
2322.2,1,08:12:35.959496009
2322.2,1,08:12:35.959549518
2322.2,1,08:12:35.959637625
2322.1,3,08:12:41.836631214
2322.1,1,08:12:41.838595350
2322.1,1,08:12:41.838635319
2322.0,2,08:12:41.985828524
2322.0,1,08:12:42.016587278
2322.0,1,08:12:42.106082699
2321.8,1,08:12:46.761306229
2321.8,1,08:12:49.825498662
2321.8,1,08:12:49.825921866
2321.8,1,08:12:49.852291410
2321.7,1,08:12:49.885099519
2321.7,1,08:12:49.893487128
2321.7,6,08:12:49.893694626
2321.7,1,08:12:49.894705296
2321.6,1,08:12:49.895046478
2321.5,2,08:12:52.563748121
2321.5,1,08:12:52.565170643
2321.6,1,08:12:56.566901318
2321.6,1,08:12:56.567259268
2321.7,1,08:12:57.542118118
2321.6,1,08:12:57.542699486
2321.6,1,08:12:57.543043407
2321.5,1,08:12:58.026117702
2321.5,1,08:12:59.004260859
2321.4,1,08:12:59.114392334
2321.6,1,08:12:59.777945197
2321.5,1,08:13:04.982552838
2321.5,1,08:13:04.982671666
2321.6,4,08:13:05.368857261
2321.5,1,08:13:05.369436155
2321.5,1,08:13:05.369467439
2321.5,1,08:13:05.369680701
2321.5,1,08:13:05.370672500
2321.5,1,08:13:06.142226755
2321.5,4,08:13:09.809890620
2321.5,5,08:13:09.810398688
2321.4,5,08:13:10.707026995
2321.5,1,08:13:14.540536231
2321.6,4,08:13:15.134521975
2321.7,1,08:13:17.260679254
2321.7,1,08:13:17.262038789
2321.5,5,08:13:17.934963439
2321.4,1,08:13:20.478366971
2321.5,1,08:13:23.036596921
2321.6,2,08:13:24.412572683
2321.6,1,08:13:24.413688478
2321.6,1,08:13:28.302108938
2321.6,5,08:13:33.728695084
2321.5,5,08:13:33.728695084
2321.7,1,08:13:34.507416123
2321.6,2,08:13:37.076388897
2321.7,1,08:13:37.076843150
2321.6,3,08:13:37.258644909
2321.5,6,08:13:37.258644909
2321.5,1,08:13:37.259560988
2321.6,1,08:13:37.260510191
2321.7,1,08:13:40.697992397
2321.7,1,08:13:41.245272460
2321.8,4,08:13:47.280201740
2321.8,1,08:13:47.282698252
2321.7,5,08:13:48.963341944
2321.6,5,08:13:48.963341944
2321.6,1,08:13:49.500818951
2321.7,1,08:13:51.708656755
2321.8,1,08:13:52.439680026
2321.9,1,08:13:52.954437281
2321.9,1,08:13:52.978724424
2322.1,1,08:13:52.998375928
2322.0,1,08:13:53.004300732
2322.0,1,08:13:53.004994845
2322.0,1,08:13:53.093225311
2322.0,1,08:13:53.093873910
2321.9,1,08:13:53.123283444
2322.0,1,08:13:53.222323412
2322.0,1,08:13:53.361705678
2322.0,1,08:13:53.361939622
2322.1,1,08:13:53.595185369
2322.2,2,08:13:53.669355999
2322.3,1,08:13:53.677350138
2322.3,1,08:13:53.703076215
2322.2,3,08:13:53.802735413
2322.2,1,08:13:53.844647981
2322.2,1,08:13:53.845559920
2322.3,1,08:13:53.845677474
2322.2,1,08:13:53.845776321
2322.2,1,08:13:53.985349742
2322.1,1,08:13:53.996006735
2322.0,1,08:13:54.050145792
2322.0,1,08:13:54.103805466
2322.0,1,08:13:54.103984613
2322.1,1,08:13:54.120968136
2322.1,1,08:13:54.187662216
2322.0,1,08:13:54.207852760
2322.0,1,08:13:54.208030700
2322.0,1,08:13:54.208432123
2322.1,1,08:13:54.438332231
2322.0,1,08:13:54.462603495
2322.1,1,08:13:54.652226029
2322.1,1,08:13:55.047681530
2322.0,1,08:13:55.065820831
2321.9,1,08:13:55.249038679
2321.9,1,08:13:55.249128495
2322.0,1,08:13:55.289966718
2321.9,1,08:13:55.330817990
2321.9,1,08:13:55.332215599
2321.9,1,08:13:56.110883262
2322.0,1,08:13:56.287036428
2322.1,1,08:13:58.278421806
2322.2,1,08:14:00.016212411
2322.4,1,08:14:01.049397475
2322.4,1,08:14:01.050472972
2322.5,3,08:14:01.050755441
2322.5,1,08:14:01.050799808
2322.5,1,08:14:01.051247913
2322.5,1,08:14:01.130295468
2322.6,1,08:14:01.384555600
2322.7,1,08:14:01.384562298
2322.5,1,08:14:01.385586523
2322.5,1,08:14:01.387353195
2322.5,1,08:14:01.390304781
2322.5,1,08:14:01.390531852
2322.7,1,08:14:01.395810652
2322.6,1,08:14:01.396437228
2322.8,1,08:14:01.511360806
2322.7,1,08:14:01.532122102
2322.8,1,08:14:01.584530238
2322.8,1,08:14:01.584885893
2322.8,1,08:14:02.081126646
2322.8,1,08:14:02.081582274
2322.9,1,08:14:02.416474528
2322.9,1,08:14:02.497697776
2322.9,3,08:14:02.578396587
2322.9,1,08:14:02.674747455
2323.0,1,08:14:02.962374959
2323.0,2,08:14:02.962784871
2322.9,2,08:14:02.972992040
2322.8,1,08:14:03.036168991
2322.7,1,08:14:03.050349792
2322.7,1,08:14:03.050413480
2322.6,1,08:14:03.096263124
2322.6,1,08:14:03.097082232
2322.7,1,08:14:03.127048046
2322.7,2,08:14:03.165580903
2322.7,1,08:14:03.165954869
2322.7,1,08:14:03.166256357
2322.8,1,08:14:03.238467355
2322.8,1,08:14:03.272222470
2322.8,1,08:14:03.272834067
2323.1,1,08:14:03.820326485
2323.1,1,08:14:03.954932927
2323.0,1,08:14:04.022552069
2323.1,1,08:14:04.043863564
2323.0,1,08:14:04.075269841
2323.0,1,08:14:04.160374509
2323.2,2,08:14:04.944020575
2323.1,3,08:14:04.944020575
2323.1,1,08:14:04.945908364
2323.1,1,08:14:04.946411635
2323.1,1,08:14:05.288612269
2323.2,1,08:14:05.295521589
2323.2,1,08:14:05.295674965
2323.1,1,08:14:05.426358545
2323.1,2,08:14:05.750150793
2323.0,2,08:14:05.768799614
2323.0,1,08:14:06.878911867
2323.0,1,08:14:07.058011308
2323.1,2,08:14:07.230781665
2323.1,1,08:14:07.688976755
2323.0,1,08:14:08.514095573
2323.1,1,08:14:09.103174669
2322.9,1,08:14:09.342006857
2322.9,1,08:14:09.342241688
2322.8,1,08:14:09.915330988
2322.7,1,08:14:09.966777231
2322.8,4,08:14:11.965357544
2322.9,1,08:14:11.965357544
2322.8,1,08:14:11.967907359
2322.8,2,08:14:13.838406750
2322.8,1,08:14:15.005380788
2322.6,2,08:14:15.399604973
2322.7,1,08:14:15.399765389
2322.7,1,08:14:17.457362978
2322.8,1,08:14:20.227265823
2322.8,1,08:14:23.284073584
2322.7,1,08:14:26.173536090
2322.8,1,08:14:26.713259568
2322.8,1,08:14:26.822758959
2322.9,1,08:14:29.104460890
2323.2,1,08:14:31.274707677
2323.2,3,08:14:31.330789939
2323.1,2,08:14:31.867446670
2323.3,3,08:14:32.744481573
2323.2,1,08:14:33.144020632
2323.2,2,08:14:33.681784694
2323.0,3,08:14:34.578031164
2323.1,1,08:14:34.762876340
2323.2,2,08:14:34.785791161
2323.1,1,08:14:41.079972769
2323.1,1,08:14:41.081552711
2323.1,1,08:14:41.257248714
2323.2,1,08:14:42.984348989
2323.4,1,08:14:44.891537280
2323.3,1,08:14:44.918086760
2323.4,1,08:14:45.323218803
2323.4,1,08:14:46.770195423
2323.4,3,08:14:47.028260828
2323.4,4,08:14:47.029501745
2323.3,1,08:14:48.338784778
2323.3,1,08:14:50.255404619
2323.4,1,08:14:52.256631089
2323.4,1,08:14:55.449039416
2323.3,1,08:14:57.301169185
2323.4,1,08:14:57.376382686
2323.3,1,08:15:00.789952004
2323.5,1,08:15:03.821772194
2323.6,8,08:15:04.780617003
2323.5,7,08:15:04.780617003
2323.6,1,08:15:04.783420324
2323.7,2,08:15:06.560699939
2323.6,1,08:15:06.561175680
2323.6,1,08:15:06.561527854
2323.5,1,08:15:07.422478425
2323.6,2,08:15:07.740796489
2323.5,1,08:15:07.740796489
2323.5,1,08:15:07.741463920
2323.5,1,08:15:08.075295426
2323.5,3,08:15:09.104501198
2323.4,1,08:15:09.115268708
2323.4,1,08:15:09.115771723
2323.4,1,08:15:09.422232324
2323.3,1,08:15:10.274138546
2323.3,1,08:15:10.743774067
2323.3,1,08:15:13.486428538
2323.4,2,08:15:14.936731480
2323.4,1,08:15:14.951764078
2323.6,1,08:15:16.531895833
2323.6,3,08:15:16.532416760
2323.6,1,08:15:16.533008636
2323.5,3,08:15:17.114702553
2323.8,10,08:15:17.493700218
2323.9,1,08:15:17.493700218
2323.7,4,08:15:17.493700218
2323.9,1,08:15:17.493715832
2323.8,1,08:15:17.497252105
2323.7,1,08:15:17.591915228
2323.7,1,08:15:17.592270928
2323.8,1,08:15:17.863519352
2323.8,2,08:15:17.919531408
2323.9,1,08:15:17.963026263
2323.7,1,08:15:18.431640613
2323.7,1,08:15:18.800338516
2323.8,1,08:15:19.058056202
2323.8,1,08:15:19.352139905
2323.9,1,08:15:19.405343523
2323.8,1,08:15:21.205783544
2323.7,1,08:15:21.311169390
2323.8,1,08:15:21.312397063
2323.8,2,08:15:21.313673777
2323.7,1,08:15:22.545760162
2323.6,3,08:15:22.589715729
2323.6,1,08:15:22.590487989
2323.6,1,08:15:22.593060396
2323.6,1,08:15:23.068775388
2323.8,1,08:15:23.617894012
2323.7,1,08:15:25.375877350
2323.6,2,08:15:25.988083594
2323.6,1,08:15:26.034309973
2323.7,3,08:15:28.414532508
2323.6,2,08:15:28.804865364
2323.5,2,08:15:28.997674401
2323.5,1,08:15:30.266441186
2323.5,1,08:15:30.266496026
2323.4,3,08:15:30.267362691
2323.4,1,08:15:30.267677864
2323.4,1,08:15:30.267732627
2323.5,1,08:15:31.097897794
2323.4,4,08:15:31.199733369
2323.4,1,08:15:31.200492886
2323.4,2,08:15:31.312744906
2323.4,3,08:15:31.312838965
2323.4,1,08:15:31.312979588
2323.4,1,08:15:31.313107460
2323.4,1,08:15:31.313146456
2323.4,1,08:15:31.313213158
2323.3,3,08:15:31.314043722
2323.4,3,08:15:32.688361520
2323.4,1,08:15:32.688629470
2323.4,1,08:15:33.606337632
2323.4,3,08:15:33.606562222
2323.5,4,08:15:33.607121139
2323.5,1,08:15:33.607884655
2323.6,2,08:15:33.608688012
2323.6,1,08:15:33.644950957
2323.6,1,08:15:33.645339452
2323.6,1,08:15:35.094102500
2323.7,1,08:15:35.094160494
2323.7,2,08:15:36.187167783
2323.7,1,08:15:36.187958500
2323.6,8,08:15:36.188836847
2323.5,8,08:15:36.188836847
2323.5,3,08:15:36.190218043
2323.5,3,08:15:36.191569427
2323.5,1,08:15:36.192221780
2323.4,2,08:15:36.276211789
2323.4,1,08:15:36.494608616
2323.4,1,08:15:36.664900502
2323.4,8,08:15:36.664999170
2323.3,1,08:15:36.668804571
2323.3,2,08:15:37.170405903
2323.2,4,08:15:38.138721377
2323.2,1,08:15:38.139385682
2323.1,1,08:15:38.556155083
2323.2,1,08:15:38.990091792
2323.3,1,08:15:38.990091792
2323.3,1,08:15:39.891675384
2323.3,1,08:15:39.913143084
2323.3,2,08:15:40.191247565
2323.4,1,08:15:40.348715090
2323.3,1,08:15:41.761865243
2323.4,1,08:15:43.093433478
2323.2,2,08:15:46.447674195
2323.1,1,08:15:46.472589149
2323.1,3,08:15:46.513753529
2323.1,2,08:15:47.448907592
2323.3,2,08:15:47.675484636
2323.2,4,08:15:47.675484636
2323.3,2,08:15:48.922603922
2323.4,1,08:15:49.420134665
2323.4,2,08:15:50.256951247
2323.5,1,08:15:50.718595810
2323.5,1,08:15:51.064713333
2323.5,1,08:15:53.167555289
2323.4,2,08:15:55.458120254
2323.5,3,08:15:56.212689912
2323.4,2,08:15:56.376311956
2323.4,1,08:15:56.376537240
2323.5,2,08:15:57.481885838
2323.6,1,08:15:59.012717660
2323.6,2,08:15:59.013071283
2323.7,1,08:15:59.590676935
2323.6,1,08:16:00.559800451
2323.7,5,08:16:00.566894191
2323.7,2,08:16:00.567167733
2323.7,1,08:16:00.567428039
2323.7,3,08:16:00.567428039
2323.7,2,08:16:00.567428039
2323.7,3,08:16:00.567496395
2323.7,3,08:16:00.567593639
2323.7,3,08:16:00.567660693
2323.7,1,08:16:00.567708994
2323.6,3,08:16:00.568011602
2323.6,1,08:16:00.568514748
2323.8,1,08:16:01.611671666
2323.9,2,08:16:02.542812510
2323.9,1,08:16:02.549551395
2324.0,1,08:16:02.876972482
2323.9,1,08:16:02.877912620
2323.9,1,08:16:02.994812677
2323.9,2,08:16:03.595534776
2323.9,1,08:16:03.601316361
2323.9,1,08:16:03.601380526
2323.9,1,08:16:03.601647991
2323.8,1,08:16:03.667889140
2323.8,2,08:16:03.667993276
2323.8,1,08:16:04.259796025
2324.0,2,08:16:05.649257030
2324.0,9,08:16:05.649517697
2324.0,2,08:16:05.649890386
2324.0,1,08:16:05.649957264
2324.0,1,08:16:05.650099002
2324.0,1,08:16:05.650788699
2324.1,1,08:16:07.091508589
2324.1,3,08:16:07.148389337
2324.2,3,08:16:07.274463194
2324.2,1,08:16:08.227864012
2324.3,1,08:16:08.246355785
2324.3,5,08:16:09.078537246
2324.3,1,08:16:09.079209612
2324.3,1,08:16:10.206108268
2324.3,1,08:16:10.206476740
2324.2,1,08:16:10.472203148
2324.3,1,08:16:10.609719768
2324.3,1,08:16:10.760536657
2324.2,1,08:16:11.212880994
2324.2,2,08:16:12.262254186
2324.2,1,08:16:12.262369189
2324.2,1,08:16:13.095821236
2324.1,1,08:16:13.442808827
2324.0,1,08:16:13.656216791
2324.1,1,08:16:15.369885963
2323.9,1,08:16:15.447467741
2324.0,1,08:16:15.961815355
2323.9,1,08:16:15.995983012
2323.9,2,08:16:15.996259773
2323.9,1,08:16:15.997653109
2323.9,1,08:16:17.370600712
2323.9,1,08:16:17.978762867
2323.9,1,08:16:17.978983309
2324.0,7,08:16:20.346686751
2323.9,7,08:16:22.276292178
2324.0,1,08:16:22.276439819
2323.9,1,08:16:22.344690464
2323.9,2,08:16:25.612879017
2324.0,3,08:16:32.851023214
2324.0,1,08:16:32.851502258
2324.0,1,08:16:35.408358989
2324.0,1,08:16:35.408448847
2323.9,1,08:16:36.007470317
2323.8,3,08:16:36.384381754
2323.9,1,08:16:36.619672888
2323.8,1,08:16:36.620018155
2323.7,3,08:16:40.646275235
2323.7,1,08:16:40.654341693
2323.7,3,08:16:40.970670765
2323.8,1,08:16:40.971140864
2323.8,1,08:16:40.971486852
2323.9,1,08:16:43.172974711
2323.9,1,08:16:43.174206553
2323.9,1,08:16:43.550708837
2323.8,1,08:16:43.740896016
2323.8,1,08:16:45.109447754
2323.8,1,08:16:46.094830349
2323.9,1,08:16:47.448320758
2323.9,2,08:16:52.462445594
2323.9,1,08:16:52.464065613
2323.8,5,08:16:52.464799974
2323.9,1,08:16:52.498803508
2324.0,2,08:16:58.419652437
2324.1,1,08:16:58.419665268
2324.0,1,08:16:58.420752526
2324.0,1,08:16:58.420998713
2324.1,5,08:16:58.568548938
2324.3,1,08:17:01.134321043
2324.1,1,08:17:01.441498737
2324.1,3,08:17:04.084483036
2324.1,4,08:17:04.084767362
2324.1,3,08:17:04.085096147
2324.1,1,08:17:04.085236786
2324.1,1,08:17:04.085425769
2324.1,1,08:17:04.254613327
2324.0,1,08:17:06.306806616
2324.0,3,08:17:07.036658762
2324.0,1,08:17:07.036923216
2324.0,1,08:17:07.037527804
2324.1,3,08:17:08.669420252
2324.1,1,08:17:09.906349296
2324.2,1,08:17:10.902791279
2324.2,2,08:17:10.902871118
2324.2,3,08:17:10.903149155
2324.2,1,08:17:11.220915352
2324.1,1,08:17:12.535904738
2324.3,1,08:17:16.139044323
2324.3,2,08:17:16.139169232
2324.4,2,08:17:16.139169232
2324.4,1,08:17:16.139248822
2324.4,2,08:17:16.139249907
2324.4,2,08:17:16.139296193
2324.2,1,08:17:16.317541466
2324.3,3,08:17:16.317541466
2324.2,1,08:17:19.702114853
2324.4,1,08:17:20.166331726
2324.3,3,08:17:20.166331726
2324.3,1,08:17:20.167412647
2324.2,1,08:17:22.472115737
2324.4,2,08:17:24.137938301
2324.3,2,08:17:24.155444603
2324.2,1,08:17:24.157290720
2324.2,5,08:17:24.157780544
2324.2,1,08:17:24.633028967
2324.3,1,08:17:25.301821311
2324.4,1,08:17:26.463163545
2324.2,2,08:17:28.296376845
2324.2,1,08:17:28.326482043
2324.3,1,08:17:29.514771109
2324.3,2,08:17:31.209155070
2324.3,1,08:17:33.221193843
2324.3,2,08:17:33.221497127
2324.3,2,08:17:35.064282673
2324.3,1,08:17:35.065097338
2324.2,1,08:17:36.421709423
2324.2,1,08:17:39.306421989
2324.2,1,08:17:39.306708350
2324.2,1,08:17:39.306998976
2324.1,3,08:17:42.794451087
2324.1,2,08:17:44.762995519
2324.1,3,08:17:45.610226213
2324.0,1,08:17:45.611199109
2324.0,3,08:17:45.611817708
2323.9,1,08:17:45.617591967
2323.9,1,08:17:45.617876511
2323.9,1,08:17:45.618226863
2323.9,1,08:17:46.151625801
2323.8,1,08:17:47.781080156
2323.7,1,08:17:47.781093263
2323.7,2,08:17:47.781093263
2323.7,2,08:17:47.880282500
2323.6,1,08:17:48.432263278
2323.7,1,08:17:48.599294778
2323.7,1,08:17:50.631998745
2323.6,1,08:17:51.027386390
2323.7,1,08:17:52.118708970
2323.8,1,08:17:53.222645285
2323.6,1,08:17:57.161884622
2323.6,2,08:18:00.062794074
2323.6,1,08:18:00.063394701
2323.7,3,08:18:00.583031792
2323.6,1,08:18:01.126345733
2323.5,1,08:18:01.504766933
2323.4,1,08:18:01.504778316
2323.6,2,08:18:01.649499847
2323.5,1,08:18:02.107097424
2323.5,1,08:18:02.107416618
2323.6,1,08:18:02.981448471
2323.4,5,08:18:04.911279435
2323.4,1,08:18:04.911387072
2323.4,1,08:18:04.912715716
2323.3,1,08:18:04.922899403
2323.2,1,08:18:08.046420130
2323.1,1,08:18:08.062232663
2323.0,1,08:18:09.230319071
2323.0,2,08:18:09.336834730
2323.0,1,08:18:09.653762985
2322.9,4,08:18:09.653762985
2322.9,1,08:18:09.655108722
2322.9,2,08:18:09.696077523
2323.0,3,08:18:10.680206969
2323.0,1,08:18:10.680819663
2323.0,1,08:18:10.680837570
2322.9,2,08:18:11.225111237
2322.8,1,08:18:12.576580991
2322.7,6,08:18:15.476446620
2322.5,2,08:18:15.476446620
2322.9,1,08:18:15.476446620
2322.6,9,08:18:15.476446620
2322.8,6,08:18:15.476446620
2323.0,1,08:18:15.476497456
2323.0,1,08:18:15.478623435
2322.9,7,08:18:15.478623435
2322.9,1,08:18:15.478806956
2322.8,1,08:18:15.480420216
2322.9,1,08:18:15.480722997
2322.9,2,08:18:15.481601150
2322.9,1,08:18:15.481792478
2322.9,1,08:18:15.481976274
2322.9,1,08:18:15.482005897
2322.9,1,08:18:15.482053370
2322.9,1,08:18:15.482128354
2322.9,1,08:18:15.499759806
2322.9,1,08:18:15.499976883
2322.9,1,08:18:16.586244534
2322.9,1,08:18:16.850383206
2323.0,1,08:18:17.582027739
2322.9,1,08:18:18.260631256
2322.8,1,08:18:19.404333607
2322.9,1,08:18:19.954712988
2322.9,1,08:18:19.954986696
2323.0,1,08:18:23.147313741
2323.0,8,08:18:23.149141154
2323.0,1,08:18:23.149511984
2323.0,1,08:18:23.149600113
2323.0,1,08:18:23.149670315
2323.0,1,08:18:23.149992569
2323.0,3,08:18:23.150425161
2323.0,3,08:18:23.150585039
2323.0,2,08:18:23.150867010
2323.0,1,08:18:23.150952870
2322.9,4,08:18:23.151560012
2322.9,1,08:18:23.154082223
2322.9,1,08:18:23.154395512
2322.9,1,08:18:26.129143685
2322.8,1,08:18:28.802951331
2322.8,1,08:18:28.817598316
2322.7,1,08:18:28.926837900
2322.7,1,08:18:30.445792981
2322.7,1,08:18:33.429805017
2322.7,3,08:18:33.429996461
2322.7,1,08:18:33.430060289
2322.7,1,08:18:34.085490180
2322.6,3,08:18:41.298159306
2322.6,1,08:18:41.944974538
2322.6,1,08:18:42.090602357
2322.5,1,08:18:42.245593428
2322.4,1,08:18:42.424214673
2322.4,1,08:18:43.009750004
2322.6,1,08:18:43.300497455
2322.4,1,08:18:43.675137440
2322.4,4,08:18:44.532212038
2322.3,1,08:18:44.532212038
2322.5,1,08:18:44.534509179
2322.5,3,08:18:44.536048041
2322.5,1,08:18:46.063249086
2322.5,1,08:18:46.064004448
2322.5,6,08:18:49.385583245
2322.5,4,08:18:49.385616088
2322.5,1,08:18:49.386439657
2322.5,1,08:18:49.422683548
2322.5,1,08:18:51.419659996
2322.5,1,08:18:51.480048449
2322.5,1,08:18:51.480833533
2322.5,1,08:18:51.481634129
2322.4,3,08:18:51.482248035
2322.4,1,08:18:51.488716284
2322.4,1,08:18:51.488765235
2322.3,5,08:18:51.801673134
2322.4,1,08:18:51.803166044
2322.5,1,08:18:51.943261464
2322.5,1,08:18:51.943870991
2322.5,1,08:18:52.610833019
2322.3,2,08:18:59.628146506
2322.3,1,08:19:01.125813045
2322.4,2,08:19:01.609619198
2322.4,1,08:19:01.610204131
2322.4,1,08:19:01.610331586
2322.3,1,08:19:01.611348909
2322.3,6,08:19:01.898643726
2322.3,2,08:19:01.899394913
2322.4,1,08:19:01.900290949
2322.4,1,08:19:01.900487887
2322.4,1,08:19:01.900556446
2322.4,1,08:19:01.900607308
2322.3,2,08:19:01.900685511
2322.3,1,08:19:01.900824199
2322.3,1,08:19:01.901255225
2322.3,1,08:19:06.039917512
2322.4,4,08:19:06.731415427
2322.5,1,08:19:09.110881041
2322.5,1,08:19:09.111702360
2322.4,1,08:19:09.837922737
2322.4,2,08:19:19.324265167
2322.4,1,08:19:19.325608871
2322.4,1,08:19:20.170482228
2322.5,1,08:19:20.333398687
2322.5,1,08:19:20.582272283
2322.5,1,08:19:20.582869687
2322.4,9,08:19:21.665361324
2322.4,1,08:19:21.666355741
2322.4,2,08:19:21.728249967
2322.5,2,08:19:23.487858965
2322.4,3,08:19:26.713694936
2322.4,1,08:19:26.714445787
2322.5,4,08:19:30.803254579
2322.5,1,08:19:30.805871469
2322.6,2,08:19:31.349700043
2322.6,3,08:19:31.349815857
2322.6,2,08:19:31.351049665
2322.7,3,08:19:33.959108558
2322.7,1,08:19:36.027406724
2322.7,1,08:19:36.115742781
2322.8,1,08:19:46.368575287
2322.7,1,08:19:46.370502590
2322.7,1,08:19:46.762917928
2322.6,1,08:19:47.006323349
2322.6,2,08:19:47.006561366
2322.6,1,08:19:47.007348742
2322.7,2,08:19:47.914540034
2322.6,1,08:19:49.019347325
2322.5,3,08:19:49.019636751
2322.5,1,08:19:49.048435952
2322.5,2,08:19:49.048649150
2322.5,1,08:19:49.049564365
2322.4,2,08:19:49.278527402
2322.4,1,08:19:49.279816349
2322.3,5,08:19:50.043144693
2322.2,2,08:19:50.043144693
2322.3,1,08:19:50.146716203
2322.3,1,08:19:50.146962401
2322.2,1,08:19:50.318477033
2322.2,1,08:19:55.105194950
2322.3,2,08:19:55.105194950
2322.2,4,08:19:55.105963864
2322.2,1,08:19:57.964298932
2322.1,3,08:19:57.964298932
2322.0,1,08:19:57.964317751
2322.1,4,08:19:57.964317751
2322.0,2,08:19:57.964317751
2322.1,2,08:19:58.121987716
2322.0,5,08:19:58.121987716
2322.1,1,08:19:58.122634760
2322.1,2,08:19:58.270871093
2322.2,1,08:19:59.651822126
2322.1,3,08:20:00.006824971
2322.3,2,08:20:00.007622398
2322.2,1,08:20:00.007799583
2322.2,1,08:20:00.008198255
2322.3,1,08:20:00.008238966
2322.3,1,08:20:00.015601398
2322.2,2,08:20:00.027318648
2322.2,2,08:20:00.034292037
2322.2,1,08:20:00.037319219
2322.1,1,08:20:00.037319219
2322.1,3,08:20:00.040263488
2322.2,1,08:20:00.040646586
2322.1,1,08:20:00.166680873
2322.1,1,08:20:00.288565563
2322.2,1,08:20:00.289014621
2322.1,1,08:20:00.382500134
2322.1,1,08:20:00.558098113
2322.0,3,08:20:01.117943577
2322.0,1,08:20:01.123054390
2322.0,4,08:20:01.123847582
2322.0,1,08:20:01.124057611
2322.0,1,08:20:01.124331716
2321.9,1,08:20:01.321867567
2321.9,1,08:20:01.322115681
2321.9,3,08:20:01.584411369
2321.9,1,08:20:01.585219008
2321.8,2,08:20:01.587803940
2321.8,1,08:20:01.588207721
2321.8,1,08:20:01.588380428
2321.8,1,08:20:01.619672954
2321.8,1,08:20:01.619911118
2321.8,1,08:20:02.375964753
2321.7,1,08:20:04.297551996
2321.7,2,08:20:04.545381635
2321.7,1,08:20:04.565900307
2321.8,1,08:20:05.075199891
2321.7,1,08:20:05.097550770
2321.8,1,08:20:05.144330160
2321.7,1,08:20:06.046375251
2321.6,5,08:20:06.842084553
2321.7,1,08:20:06.844296230
2321.7,1,08:20:06.847235707
2321.7,1,08:20:06.848282442
2321.6,2,08:20:06.871258761
2321.6,1,08:20:06.910345616
2321.6,1,08:20:06.911048017
2321.5,1,08:20:06.911190753
2321.4,1,08:20:06.911204049
2321.5,4,08:20:06.911255096
2321.5,2,08:20:06.954082481
2321.5,1,08:20:07.138042031
2321.5,1,08:20:07.138292968
2321.6,1,08:20:07.977734754
2321.5,4,08:20:07.978279475
2321.5,1,08:20:07.978364034
2321.5,2,08:20:07.991482590
2321.4,1,08:20:08.310921863
2321.4,2,08:20:08.311118020
2321.3,1,08:20:08.484660459
2321.3,1,08:20:08.488441372
2321.3,1,08:20:08.488966553
2321.2,1,08:20:08.581199839
2321.4,1,08:20:08.737949917
2321.4,1,08:20:09.150493055
2321.4,1,08:20:09.751312243
2321.4,3,08:20:09.751422360
2321.4,2,08:20:09.751582011
2321.4,2,08:20:09.751699562
2321.5,1,08:20:10.396568594
2321.5,2,08:20:10.438283320
2321.5,2,08:20:10.438756702
2321.5,1,08:20:10.441862620
2321.4,2,08:20:10.506224477
2321.4,1,08:20:10.506510278
2321.4,1,08:20:10.507280466
2321.5,1,08:20:10.848612282
2321.5,1,08:20:11.487046975
2321.5,2,08:20:11.526609199
2321.6,2,08:20:11.527670162
2321.6,1,08:20:11.527763770
2321.6,4,08:20:11.528184773
2321.5,1,08:20:11.567179476
2321.6,1,08:20:11.752217255
2321.6,1,08:20:11.820038587
2321.6,1,08:20:11.820507067
2321.5,1,08:20:12.099194010
2321.5,2,08:20:12.272924358
2321.6,1,08:20:12.275979962
2321.4,1,08:20:12.957302370
2321.5,2,08:20:14.336639496
2321.6,1,08:20:14.406011600
2321.6,1,08:20:14.771575197
2321.4,1,08:20:15.608813725
2321.4,2,08:20:15.791779960
2321.3,1,08:20:15.792783176
2321.3,1,08:20:15.985443091
2321.2,1,08:20:16.198716733
2321.1,2,08:20:16.591597149
2321.0,4,08:20:16.611061663
2320.9,1,08:20:16.611075151
2320.9,1,08:20:16.978034849
2320.9,5,08:20:16.982950340
2321.0,2,08:20:16.983602094
2321.0,1,08:20:17.709774289
2321.0,1,08:20:17.999793372
2321.1,1,08:20:18.104894605
2321.1,1,08:20:18.105128622
2321.1,1,08:20:18.147332608
2321.1,1,08:20:19.011265087
2321.0,2,08:20:19.066403381
2320.9,2,08:20:19.066403381
2321.1,1,08:20:19.159524905
2321.1,1,08:20:19.651604942
2321.1,1,08:20:19.841395106
2321.1,1,08:20:20.392610365
2321.1,3,08:20:21.258778004
2321.1,1,08:20:21.298576331
2320.9,3,08:20:21.617469703
2321.0,9,08:20:21.617469703
2320.9,1,08:20:21.729569373
2320.9,1,08:20:22.222358961
2320.9,2,08:20:22.653384999
2320.8,2,08:20:22.766258839
2320.9,1,08:20:22.800321208
2320.9,2,08:20:22.845120961
2320.9,1,08:20:23.426655491
2320.9,1,08:20:23.426726497
2320.9,1,08:20:23.426777644
2320.9,1,08:20:24.100447023
2320.9,1,08:20:24.462685180
2320.9,1,08:20:26.582311275
2320.9,1,08:20:27.664500252
2321.0,1,08:20:28.144175204
2320.9,1,08:20:28.682673542
2320.9,1,08:20:28.758931721
2320.9,1,08:20:28.759438446
2320.8,1,08:20:29.262927926
2321.0,1,08:20:29.570406915
2320.9,1,08:20:29.570406915
2321.0,4,08:20:31.276400412
2321.0,1,08:20:31.319033304
2321.0,1,08:20:32.610536559
2321.1,2,08:20:32.985138193
2321.1,1,08:20:32.985493214
2321.1,1,08:20:33.025470203
2321.1,1,08:20:34.086431997
2321.2,3,08:20:34.462494537
2321.2,2,08:20:34.464566687
2321.1,1,08:20:35.001040612
2321.0,1,08:20:35.034684164
2321.1,1,08:20:36.833393328
2321.0,1,08:20:37.033232512
2321.0,1,08:20:37.110355410
2321.0,1,08:20:37.713384831
2320.9,1,08:20:37.729856693
2321.0,3,08:20:38.951767080
2321.0,6,08:20:38.951845834
2321.0,1,08:20:38.951887966
2321.0,1,08:20:38.952442255
2321.0,1,08:20:38.952759987
2321.0,1,08:20:38.953074934
2321.0,1,08:20:38.954152274
2321.0,1,08:20:38.954219302
2321.1,4,08:20:38.954333250
2321.1,3,08:20:43.342651310
2321.2,2,08:20:44.047564614
2321.2,1,08:20:44.047614676
2321.2,1,08:20:44.048360534
2321.2,2,08:20:44.444979111
2321.2,1,08:20:44.445706629
2321.3,2,08:20:45.717401206
2321.3,1,08:20:45.718064835
2321.3,1,08:20:45.718400596
2321.4,8,08:20:45.719512704
2321.3,2,08:20:46.507052073
2321.3,1,08:20:46.508033676
2321.3,1,08:20:47.395672112
2321.3,1,08:20:47.427764926
2321.4,1,08:20:48.262929891
2321.3,1,08:20:49.303492314
2321.7,1,08:20:50.450399753
2321.7,1,08:20:50.451320280
2321.8,1,08:20:50.706458162
2321.8,1,08:20:50.709202707
2321.8,1,08:20:50.709945983
2321.9,5,08:20:50.721495605
2321.9,1,08:20:50.737608544
2321.8,1,08:20:50.760015639
2322.0,2,08:20:52.429698502
2322.0,1,08:20:52.430718980
2322.0,1,08:20:52.433110795
2322.0,1,08:20:52.865379391
2321.9,1,08:20:53.030892552
2322.1,1,08:20:53.160249778
2322.2,1,08:20:54.009948582
2322.1,3,08:20:54.009948582
2322.2,1,08:20:54.009961913
2322.1,1,08:20:54.010879945
2322.0,1,08:20:54.011002043
2322.0,1,08:20:54.012150723
2322.1,1,08:20:54.347468789
2322.1,1,08:20:54.419526784
2322.1,1,08:20:54.419784399
2322.0,1,08:20:54.420866251
2322.0,1,08:20:54.421532251
2322.3,1,08:20:55.127784662
2322.3,2,08:20:55.438299494
2322.3,1,08:20:55.438992897
2322.4,3,08:20:56.158942868
2322.4,1,08:20:56.159177437
2322.4,2,08:20:56.160539055
2322.4,1,08:20:56.688300930
2322.4,3,08:20:56.688834239
2322.4,1,08:20:56.688891524
2322.4,2,08:20:56.689509710
2322.5,1,08:20:56.992676645
2322.5,1,08:20:56.992689055
2322.4,1,08:20:58.091573519
2322.4,2,08:20:58.091615980
2322.5,2,08:21:00.039368679
2322.5,1,08:21:00.039627228
2322.6,3,08:21:00.042425882
2322.4,5,08:21:00.045937436
2322.5,4,08:21:00.045937436
2322.5,1,08:21:00.046570140
2322.4,1,08:21:00.109488884
2322.4,3,08:21:01.125792580
2322.3,3,08:21:01.236828501
2322.2,3,08:21:01.285715318
2322.2,1,08:21:01.313976011
2322.3,1,08:21:01.443849780
2322.3,1,08:21:01.447674504
2322.4,1,08:21:01.447838162
2322.3,1,08:21:02.039763744
2322.2,6,08:21:04.193888402
2322.1,5,08:21:04.812236100
2322.2,1,08:21:05.512793631
2322.2,3,08:21:05.513004550
2322.2,1,08:21:05.513052513
2322.2,1,08:21:05.654853670
2322.1,1,08:21:06.214743415
2322.0,1,08:21:06.519205305
2321.9,1,08:21:06.532356166
2321.9,1,08:21:06.545517616
2321.8,1,08:21:07.040772336
2321.6,1,08:21:07.434836511
2321.5,3,08:21:08.040547456
2321.6,6,08:21:08.042345093
2321.5,1,08:21:08.245974111
2321.6,1,08:21:08.434150904
2321.6,1,08:21:08.817734673
2321.6,1,08:21:08.818069298
2321.5,1,08:21:10.034451931
2321.5,1,08:21:10.034890713
2321.4,2,08:21:10.272801310
2321.5,1,08:21:10.894986883
2321.4,1,08:21:10.936621720
2321.3,2,08:21:10.977557979
2321.3,2,08:21:10.977784144
2321.3,2,08:21:10.977851482
2321.3,1,08:21:10.978078671
2321.3,1,08:21:10.978836431
2321.3,1,08:21:10.985934392
2321.3,1,08:21:11.186847545
2321.2,1,08:21:12.167660250
2321.2,1,08:21:14.000115040
2321.3,1,08:21:15.582027008
2321.3,6,08:21:15.582466015
2321.4,3,08:21:15.583491467
2321.4,1,08:21:15.583820206
2321.4,1,08:21:15.584844825
2321.3,1,08:21:15.626760762
2321.4,1,08:21:15.879768311
2321.6,3,08:21:15.899819553
2321.5,2,08:21:15.899819553
2321.5,1,08:21:15.940190048
2321.4,2,08:21:16.527585031
2321.3,2,08:21:16.977200424
2321.2,2,08:21:19.623208444
2321.2,1,08:21:19.623293556
2321.2,2,08:21:19.623377070
2321.2,4,08:21:19.623428601
2321.2,3,08:21:19.623665400
2321.2,1,08:21:19.625107493
2321.1,1,08:21:19.778591419
2321.2,1,08:21:20.148130947
2321.1,1,08:21:20.671986828
2321.1,3,08:21:21.918799308
2321.1,1,08:21:21.918945007
2321.1,1,08:21:22.661149419
2321.2,4,08:21:22.661149419
2321.2,1,08:21:22.941410647
2321.1,1,08:21:22.983627134
2321.1,1,08:21:23.074945561
2321.1,1,08:21:23.075868290
2321.2,1,08:21:23.389760680
2321.1,1,08:21:24.222284692
2321.2,1,08:21:24.382169937
2321.2,1,08:21:24.382426915
2321.2,1,08:21:24.423558555
2321.2,1,08:21:24.423828717
2321.2,2,08:21:24.695321932
2321.1,1,08:21:26.953010126
2321.1,1,08:21:27.423170033
2321.0,1,08:21:27.423652199
2321.0,1,08:21:27.424183183
2321.0,1,08:21:27.424230982
2320.9,1,08:21:27.425172563
2320.9,2,08:21:27.427165294
2320.8,1,08:21:27.440153242
2320.8,1,08:21:27.440256832
2320.8,1,08:21:27.440289239
2320.8,1,08:21:27.440374981
2320.8,1,08:21:27.444869981
2320.8,3,08:21:27.445076708
2320.8,1,08:21:27.445139689
2320.8,4,08:21:27.445761570
2320.8,1,08:21:27.445776889
2320.8,1,08:21:27.445844666
2320.8,1,08:21:27.456488929
2320.9,1,08:21:27.774560929
2320.8,1,08:21:27.882083901
2320.8,2,08:21:27.882742634
2320.9,1,08:21:27.892035705
2320.8,1,08:21:28.043810261
2320.9,1,08:21:28.291415434
2320.8,1,08:21:29.518451103
2320.8,1,08:21:29.792671686
2320.8,1,08:21:30.024777107
2320.8,1,08:21:30.025279955
2320.8,2,08:21:30.025611530
2320.8,1,08:21:30.614480697
2320.9,1,08:21:31.322623481
2320.8,1,08:21:31.517444383
2320.8,1,08:21:31.517886903
2320.8,2,08:21:31.518108016
2320.9,1,08:21:32.075229139
2320.9,2,08:21:32.075519078
2320.9,1,08:21:32.088041436
2320.9,1,08:21:32.088411255
2320.9,1,08:21:32.088545830
2321.0,1,08:21:34.621802193
2321.0,1,08:21:34.941029337
2321.1,1,08:21:36.560613043
2321.1,1,08:21:36.560899945
2321.1,1,08:21:36.561287174
2321.2,1,08:21:39.243003475
2321.3,1,08:21:40.268541260
2321.2,1,08:21:40.754131768
2321.3,1,08:21:41.656670881
2321.2,1,08:21:41.657671317
2321.2,2,08:21:42.497010919
2321.2,1,08:21:43.338617522
2321.2,2,08:21:43.339322881
2321.2,1,08:21:43.380987388
2321.1,1,08:21:44.649061080
2321.3,3,08:21:45.962196984
2321.3,1,08:21:45.962545017
2321.3,1,08:21:45.962726909
2321.3,1,08:21:45.964160566
2321.3,2,08:21:45.964398210
2321.4,3,08:21:45.964846116
2321.3,1,08:21:46.668101828
2321.4,1,08:21:47.856003668
2321.2,1,08:21:55.158601916
2321.2,1,08:21:56.181130920
2321.1,1,08:21:56.673324602
2321.2,1,08:21:57.332573924
2321.5,2,08:21:58.181370172
2321.5,1,08:21:58.727852363
2321.5,1,08:21:58.728410797
2321.6,1,08:21:58.786905933
2321.5,3,08:21:58.807367762
2321.5,1,08:21:58.807765428
2321.4,1,08:21:59.106827066
2321.3,1,08:22:00.195738540
2321.4,1,08:22:00.863760917
2321.4,1,08:22:02.020821965
2321.5,4,08:22:04.695277451
2321.5,3,08:22:04.952668737
2321.5,1,08:22:06.060290328
2321.5,1,08:22:06.060381309
2321.5,1,08:22:06.060982819
2321.5,1,08:22:06.061470099
2321.4,4,08:22:07.538532623
2321.4,1,08:22:08.029663496
2321.3,1,08:22:08.403859053
2321.3,1,08:22:08.404143593
2321.2,1,08:22:08.540371089
2321.3,1,08:22:08.810621102
2321.3,1,08:22:10.716180803
2321.3,1,08:22:10.756844991
2321.3,1,08:22:11.099774435
2321.2,1,08:22:12.881505941
2321.1,2,08:22:16.953277078
2321.1,3,08:22:16.953509440
2321.2,2,08:22:17.780103171
2321.3,1,08:22:17.938469810
2321.2,2,08:22:18.073449109
2321.2,1,08:22:18.074506221
2321.2,1,08:22:24.309251904
2321.1,1,08:22:25.827745114
2321.2,1,08:22:25.829213544
2321.3,2,08:22:27.689225528
2321.3,2,08:22:27.689441441
2321.3,3,08:22:27.689499188
2321.3,1,08:22:27.731235937
2321.3,2,08:22:28.775289751
2321.3,1,08:22:28.775826748
2321.4,7,08:22:29.626441483
2321.5,2,08:22:29.627459085
2321.4,1,08:22:29.667743549
2321.5,1,08:22:30.023711738
2321.5,1,08:22:30.024321264
2321.5,1,08:22:30.024393780
2321.5,1,08:22:30.024883589
2321.4,1,08:22:32.435463166
2321.4,1,08:22:32.446244980
2321.3,1,08:22:32.880569479
2321.2,1,08:22:34.543361547
2321.1,1,08:22:37.282083790
2321.1,1,08:22:37.288083276
2321.2,3,08:22:37.288604340
2321.2,1,08:22:37.289231418
2321.2,1,08:22:40.999158235
2321.3,2,08:22:45.025910214
2321.3,1,08:22:45.026770749
2321.3,1,08:22:45.027513618
2321.3,1,08:22:45.028336122
2321.3,2,08:22:45.028694497
2321.3,1,08:22:45.030283043
2321.2,1,08:22:46.499915349
2321.1,1,08:22:48.294862753
2321.2,2,08:22:49.502469899
2321.3,5,08:22:49.502469899
2321.3,3,08:22:49.503800659
2321.2,1,08:22:49.544138011
2321.2,1,08:22:52.199598012
2321.1,1,08:22:53.363059339
2321.0,1,08:22:56.436387501
2321.1,1,08:22:56.439744375
2321.1,8,08:23:01.847083921
2321.1,1,08:23:01.888652207
2321.1,2,08:23:03.178646739
2321.1,1,08:23:03.178867050
2321.1,1,08:23:03.178947295
2321.2,1,08:23:03.812916336
2321.2,2,08:23:04.920316316
2321.2,1,08:23:04.920440203
2321.3,1,08:23:06.664397169
2321.3,1,08:23:06.665012612
2321.2,2,08:23:08.050519536
2321.3,2,08:23:08.965859499
2321.2,1,08:23:10.063660162
2321.3,1,08:23:10.100338469
2321.4,2,08:23:10.187296385
2321.4,1,08:23:10.228372825
2321.3,1,08:23:10.847136022
2321.3,1,08:23:10.955070814
2321.3,1,08:23:11.871381032
2321.4,2,08:23:14.037016598
2321.4,1,08:23:14.077544448
2321.4,1,08:23:14.077836943
2321.5,2,08:23:14.636962037
2321.4,1,08:23:15.075426736
2321.4,1,08:23:23.853236590
2321.4,1,08:23:24.176179413
2321.4,3,08:23:24.176564588
2321.5,3,08:23:24.177536218
2321.4,1,08:23:24.216952295
2321.5,1,08:23:24.217754964
2321.5,1,08:23:24.218324537
2321.6,5,08:23:24.218986957
2321.6,1,08:23:24.219855502
2321.6,1,08:23:24.527540150
2321.7,1,08:23:25.109610614
2321.6,1,08:23:25.274153084
2321.5,2,08:23:27.705789889
2321.4,1,08:23:29.229275704
2321.5,1,08:23:31.953334327
2321.5,1,08:23:31.953702644
2321.5,1,08:23:32.246941609
2321.5,3,08:23:34.094668330
2321.5,1,08:23:34.094972664
2321.5,1,08:23:34.137012966
2321.6,1,08:23:36.275012369
2321.5,1,08:23:37.459450361
2321.6,1,08:23:37.966432366
2321.6,3,08:23:37.966734700
2321.6,1,08:23:39.290344721
2321.7,1,08:23:39.730779924
2321.7,1,08:23:39.731613819
2321.6,1,08:23:42.652367137
2321.4,5,08:23:42.955670556
2321.4,1,08:23:42.956698467
2321.5,1,08:23:43.325360688
2321.4,1,08:23:46.070253637
2321.1,1,08:23:51.081992154
2321.1,1,08:23:51.082298451
2321.1,1,08:23:51.082510171
2321.2,1,08:23:53.840018521
2321.2,1,08:23:53.840097377
2321.2,1,08:23:57.502629090
2321.2,1,08:23:57.503725019
2321.1,1,08:23:59.195015414
2321.0,2,08:23:59.223186631
2321.0,2,08:23:59.389786899
2321.0,2,08:23:59.390083728
2320.9,1,08:23:59.857927195
2320.9,1,08:23:59.886309376
2320.9,1,08:24:00.116101938
2320.8,2,08:24:00.465611723
2320.8,2,08:24:00.465884324
2320.7,1,08:24:02.235631367
2320.6,1,08:24:02.235641854
2320.5,1,08:24:02.414905502
2320.5,1,08:24:02.414920242
2320.6,1,08:24:02.415640166
2320.7,1,08:24:02.434929934
2320.7,3,08:24:02.435395828
2320.8,1,08:24:02.551916406
2320.7,1,08:24:03.110758227
2320.6,1,08:24:03.450148386
2320.6,1,08:24:03.450630035
2320.6,1,08:24:03.450857338
2320.6,1,08:24:03.451375793
2320.6,1,08:24:03.451681179
2320.6,2,08:24:03.809293556
2320.6,1,08:24:03.810103684
2320.5,1,08:24:04.137326087
2320.5,1,08:24:04.137554258
2320.5,4,08:24:04.137824906
2320.5,1,08:24:04.138238323
2320.5,1,08:24:04.138501051
2320.6,1,08:24:04.258430366
2320.6,1,08:24:04.270794296
2320.5,1,08:24:04.587573154
2320.4,1,08:24:05.571502968
2320.4,2,08:24:05.571512808
2320.4,1,08:24:05.571967547
2320.3,1,08:24:06.273848799
2320.3,1,08:24:06.273866684
2320.3,1,08:24:06.274001762
2320.3,1,08:24:06.274031651
2320.3,2,08:24:06.274131173
2320.3,1,08:24:06.274198329
2320.3,1,08:24:06.274318562
2320.3,2,08:24:06.274318562
2320.3,1,08:24:06.274350064
2320.3,1,08:24:06.274370938
2320.3,1,08:24:06.274598241
2320.4,1,08:24:06.317868290
2320.4,1,08:24:06.318123969
2320.4,3,08:24:06.318390415
2320.3,6,08:24:06.432900154
2320.2,2,08:24:06.432900154
2320.4,2,08:24:06.432900154
2320.2,1,08:24:06.432913936
2320.3,1,08:24:06.750331580
2320.3,1,08:24:06.779840583
2320.2,2,08:24:07.103252049
2320.3,1,08:24:07.104266194
2320.3,1,08:24:07.104688183
2320.2,1,08:24:07.434056259
2320.3,3,08:24:07.880989400
2320.3,2,08:24:07.881255560
2320.4,3,08:24:08.489834549
2320.4,1,08:24:08.490069293
2320.4,1,08:24:08.490298747
2320.4,1,08:24:08.802926396
2320.4,1,08:24:08.870824508
2320.4,1,08:24:08.911527453
2320.5,2,08:24:09.102743433
2320.5,1,08:24:09.121769905
2320.5,4,08:24:09.122142566
2320.5,1,08:24:09.139120747
2320.5,1,08:24:09.140120616
2320.5,3,08:24:09.496703460
2320.5,1,08:24:09.537224086
2320.3,5,08:24:10.062507439
2320.3,1,08:24:10.062999158
2320.3,1,08:24:10.063092712
2320.4,3,08:24:10.063857418
2320.4,1,08:24:10.064292278
2320.3,1,08:24:10.317835532
2320.4,1,08:24:10.318486563
2320.3,1,08:24:10.323946890
2320.4,2,08:24:10.511104223
2320.2,1,08:24:11.558297214
2320.2,2,08:24:11.558814779
2320.2,1,08:24:11.815864422
2320.1,6,08:24:12.105788906
2320.0,1,08:24:12.105810059
2320.0,3,08:24:12.105810059
2319.8,8,08:24:12.105841989
2319.9,14,08:24:12.105841989
2319.7,7,08:24:12.105841989
2320.0,21,08:24:12.105841989
2319.7,1,08:24:12.105849218
2319.6,2,08:24:12.105857041
2319.6,1,08:24:12.105857041
2319.6,3,08:24:12.105869378
2319.6,3,08:24:12.106239916
2319.5,8,08:24:12.106239916
2319.3,1,08:24:12.106239916
2319.4,8,08:24:12.106239916
2319.1,15,08:24:12.106249719
2319.3,7,08:24:12.106249719
2319.0,17,08:24:12.106249719
2318.9,12,08:24:12.106249719
2319.2,9,08:24:12.106249719
2318.9,1,08:24:12.106256218
2318.9,2,08:24:12.106256218
2318.9,1,08:24:12.106264657
2318.9,2,08:24:12.106270750
2318.9,1,08:24:12.106819301
2318.9,2,08:24:12.106828271
2318.8,12,08:24:12.106828271
2318.7,11,08:24:12.106828271
2318.7,1,08:24:12.106833049
2318.6,3,08:24:12.106848220
2318.7,1,08:24:12.106848220
2318.6,1,08:24:12.106848220
2318.6,1,08:24:12.106852832
2318.6,3,08:24:12.106870595
2318.5,13,08:24:12.106870595
2318.4,1,08:24:12.106876435
2318.4,2,08:24:12.107271576
2318.4,13,08:24:12.107280798
2318.4,1,08:24:12.107280798
2318.4,6,08:24:12.107287058
2318.3,3,08:24:12.107287058
2318.2,1,08:24:12.107297051
2318.2,2,08:24:12.107297051
2318.3,15,08:24:12.107297051
2318.2,1,08:24:12.107303564
2318.5,1,08:24:12.110368813
2318.5,2,08:24:12.110950360
2319.0,1,08:24:12.111102510
2319.0,1,08:24:12.111154459
2319.0,1,08:24:12.111302899
2319.0,1,08:24:12.111449084
2319.0,1,08:24:12.111519741
2319.0,1,08:24:12.111569278
2319.0,1,08:24:12.111592799
2319.0,1,08:24:12.111617721
2319.0,1,08:24:12.111686139
2319.0,1,08:24:12.111896549
2319.0,1,08:24:12.112256726
2319.0,1,08:24:12.112642385
2319.0,1,08:24:12.113459413
2319.0,17,08:24:12.116298247
2318.9,1,08:24:12.116915140
2318.9,1,08:24:12.117010329
2318.9,1,08:24:12.117106622
2318.8,1,08:24:12.117383543
2318.7,1,08:24:12.118974282
2318.7,1,08:24:12.120236336
2319.0,1,08:24:12.121306249
2319.0,1,08:24:12.122531736
2319.0,1,08:24:12.122587113
2319.1,1,08:24:12.122646330
2318.9,1,08:24:12.122781322
2318.9,1,08:24:12.122818123
2318.9,1,08:24:12.122939847
2319.2,6,08:24:12.125155429
2319.0,1,08:24:12.127854886
2319.0,1,08:24:12.128451538
2319.0,1,08:24:12.128574091
2319.1,1,08:24:12.128956345
2319.0,1,08:24:12.130557498
2318.9,1,08:24:12.130632866
2319.1,1,08:24:12.130891562
2318.9,1,08:24:12.131118440
2319.1,1,08:24:12.131366064
2319.2,2,08:24:12.131505033
2319.1,3,08:24:12.131505033
2319.0,1,08:24:12.133023531
2318.8,4,08:24:12.133023531
2319.1,1,08:24:12.133797012
2319.1,1,08:24:12.133899392
2319.0,1,08:24:12.135487936
2319.0,1,08:24:12.135673482
2319.0,1,08:24:12.136312045
2319.0,1,08:24:12.136457040
2319.0,2,08:24:12.136860367
2319.0,1,08:24:12.136889631
2319.0,1,08:24:12.136922941
2319.0,1,08:24:12.137029618
2319.0,1,08:24:12.137089898
2319.0,1,08:24:12.137204978
2319.0,1,08:24:12.137264909
2319.0,1,08:24:12.137298766
2319.0,1,08:24:12.137329711
2319.0,1,08:24:12.137381664
2319.0,1,08:24:12.137449374
2319.0,1,08:24:12.137535692
2319.0,1,08:24:12.137624504
2319.0,5,08:24:12.137675407
2318.9,1,08:24:12.137862278
2319.0,1,08:24:12.137862278
2318.9,1,08:24:12.138073530
2319.0,1,08:24:12.138244635
2319.0,1,08:24:12.138433845
2319.0,1,08:24:12.139128099
2318.9,3,08:24:12.139276559
2319.0,1,08:24:12.139413484
2319.0,2,08:24:12.139518593
2319.0,1,08:24:12.139682097
2319.0,1,08:24:12.139937228
2318.9,1,08:24:12.140010801
2319.0,1,08:24:12.140144923
2319.1,2,08:24:12.140144923
2319.0,1,08:24:12.140318846
2319.0,1,08:24:12.140390406
2319.0,1,08:24:12.140493333
2319.0,1,08:24:12.141203055
2319.0,1,08:24:12.141266868
2319.1,1,08:24:12.142575240
2319.1,1,08:24:12.142687451
2319.2,1,08:24:12.143725497
2319.1,1,08:24:12.157764263
2319.1,2,08:24:12.157907955
2319.0,2,08:24:12.170078632
2319.0,1,08:24:12.170314294
2319.1,3,08:24:12.174911407
2319.2,3,08:24:12.183088701
2319.2,1,08:24:12.190876116
2319.1,1,08:24:12.201251176
2319.0,1,08:24:12.221269534
2319.1,1,08:24:12.229200081
2319.1,1,08:24:12.229963556
2319.1,1,08:24:12.230081325
2319.1,1,08:24:12.231391174
2319.0,1,08:24:12.231797663
2319.0,1,08:24:12.238732599
2319.0,1,08:24:12.285225580
2319.0,1,08:24:12.285551350
2319.1,1,08:24:12.285898653
2319.1,1,08:24:12.286164767
2319.1,1,08:24:12.286245681
2319.2,1,08:24:12.286743489
2319.1,2,08:24:12.286832076
2319.1,1,08:24:12.309873679
2319.0,1,08:24:12.310261747
2319.1,1,08:24:12.310454728
2319.1,1,08:24:12.310827535
2319.0,3,08:24:12.329472899
2319.1,1,08:24:12.340110640
2319.1,1,08:24:12.340339086
2319.1,1,08:24:12.340551509
2319.2,1,08:24:12.340834763
2319.1,1,08:24:12.398786461
2319.1,1,08:24:12.399308478
2319.1,1,08:24:12.399520603
2319.0,1,08:24:12.404924415
2319.0,1,08:24:12.409347726
2319.0,1,08:24:12.420503973
2319.0,1,08:24:12.420847426
2319.0,1,08:24:12.429694759
2319.1,1,08:24:12.433406575
2319.1,1,08:24:12.439202839
2319.2,1,08:24:12.442214125
2319.2,1,08:24:12.443808708
2319.2,5,08:24:12.444543036
2319.2,1,08:24:12.445426942
2319.2,1,08:24:12.457941686
2319.3,1,08:24:12.482936317
2319.1,1,08:24:12.486592177
2319.2,1,08:24:12.521202451
2319.1,1,08:24:12.521483807
2319.1,3,08:24:12.540830398
2319.1,2,08:24:12.541167032
2319.2,1,08:24:12.541262637
2319.1,1,08:24:12.541547126
2319.1,1,08:24:12.541740967
2319.0,1,08:24:12.553626189
2319.2,1,08:24:12.561667099
2319.1,1,08:24:12.571172289
2319.2,1,08:24:12.580247233
2319.2,1,08:24:12.596167224
2319.1,1,08:24:12.634810949
2319.1,1,08:24:12.659250707
2319.1,1,08:24:12.659485097
2319.2,1,08:24:12.855155353
2319.2,3,08:24:12.855408401
2319.2,1,08:24:12.867038207
2319.3,1,08:24:13.073546626
2319.2,4,08:24:13.073546626
2319.2,2,08:24:13.074363536
2319.3,3,08:24:13.107359326
2319.2,1,08:24:13.128853878
2319.2,1,08:24:13.129184566
2319.2,1,08:24:13.129440101
2319.1,4,08:24:13.171931677
2319.2,1,08:24:13.171931677
2319.1,2,08:24:13.363569439
2319.2,1,08:24:13.584238679
2319.2,5,08:24:13.584500764
2319.1,1,08:24:13.596084934
2319.2,4,08:24:13.625881575
2319.3,1,08:24:13.714770623
2319.3,1,08:24:13.714986928
2319.3,1,08:24:13.715229625
2319.3,1,08:24:13.881554472
2319.4,1,08:24:13.881641325
2319.4,1,08:24:13.955516976
2319.3,1,08:24:13.965905317
2319.4,5,08:24:14.066220712
2319.2,1,08:24:14.079558735
2319.3,2,08:24:14.079558735
2319.3,1,08:24:14.391396532
2319.3,1,08:24:14.425051319
2319.4,1,08:24:14.888792883
2319.4,1,08:24:15.030889311
2319.2,2,08:24:15.148943566
2319.3,1,08:24:15.148943566
2319.4,1,08:24:15.772234428
2319.4,1,08:24:15.772466605
2319.5,2,08:24:16.072803946
2319.5,1,08:24:16.073146724
2319.5,3,08:24:16.073270537
2319.6,1,08:24:16.075851275
2319.5,1,08:24:16.114807600
2319.4,2,08:24:16.147882181
2319.4,1,08:24:16.283354515
2319.6,1,08:24:16.406079990
2319.4,1,08:24:16.457742699
2319.6,1,08:24:16.676943959
2319.4,1,08:24:16.681110744
2319.4,1,08:24:16.681670416
2319.4,1,08:24:16.681768904
2319.6,1,08:24:16.984059344
2319.6,1,08:24:16.998899841
2319.6,1,08:24:17.425454677
2319.6,1,08:24:18.598565308
2319.6,1,08:24:18.780288763
2319.6,1,08:24:18.780923653
2319.7,1,08:24:18.786826386
2319.7,3,08:24:19.244061164
2319.7,1,08:24:19.557541007
2319.8,1,08:24:19.605795139
2319.8,1,08:24:19.694051340
2319.7,1,08:24:20.016842174
2319.7,1,08:24:20.017055875
2319.7,2,08:24:20.223998264
2319.7,1,08:24:20.224322024
2319.6,1,08:24:20.909593698
2319.7,1,08:24:20.935923382
2319.7,2,08:24:20.936150644
2319.7,3,08:24:20.936272663
2319.8,3,08:24:21.133692631
2319.7,1,08:24:21.145520959
2319.8,1,08:24:21.199185875
2319.7,2,08:24:21.665103581
2319.6,3,08:24:21.665441469
2319.6,1,08:24:21.666392331
2319.5,4,08:24:22.116900403
2319.4,1,08:24:22.224151721
2319.4,4,08:24:22.224347796
2319.5,1,08:24:22.232790903
2319.5,2,08:24:22.427950139
2319.5,2,08:24:22.721049091
2319.4,1,08:24:23.254839386
2319.4,2,08:24:23.255063557
2319.4,1,08:24:23.255478967
2319.3,2,08:24:23.559326749
2319.3,1,08:24:23.560051615
2319.3,1,08:24:23.561709075
2319.4,1,08:24:23.730799496
2319.3,1,08:24:23.959575559
2319.2,1,08:24:24.133108133
2319.2,1,08:24:24.133763087
2319.2,1,08:24:24.284831193
2319.2,3,08:24:24.540121370
2319.2,1,08:24:24.540756209
2319.2,2,08:24:25.521969127
2319.2,1,08:24:25.522003896
2319.3,1,08:24:26.126506408
2319.3,1,08:24:26.127181484
2319.3,1,08:24:26.127255706
2319.3,2,08:24:26.127805078
2319.3,1,08:24:26.128610515
2319.3,1,08:24:26.335252174
2319.3,1,08:24:26.538692291
2319.1,4,08:24:27.222564582
2319.2,1,08:24:27.222564582
2319.3,2,08:24:27.433898779
2319.2,1,08:24:28.075617586
2319.2,1,08:24:28.075850442
2319.2,1,08:24:28.076181962
2319.2,1,08:24:28.794382169
2319.2,1,08:24:28.805668793
2319.1,1,08:24:30.192221420
2319.1,2,08:24:30.192484759
2319.0,1,08:24:30.780278039
2319.1,1,08:24:30.780748733
2319.2,10,08:24:31.065960410
2319.2,2,08:24:31.066180633
2319.2,1,08:24:31.066259856
2319.2,1,08:24:31.066427008
2319.3,1,08:24:31.066615944
2319.3,1,08:24:31.067134709
2319.3,2,08:24:31.067242152
2319.2,1,08:24:31.106814899
2319.2,1,08:24:31.198802461
2319.4,2,08:24:31.600488125
2319.3,1,08:24:31.600811651
2319.4,1,08:24:31.637725142
2319.4,3,08:24:31.637985364
2319.5,3,08:24:31.971550616
2319.4,2,08:24:31.971550616
2319.4,1,08:24:32.730653367
2319.4,1,08:24:32.731107853
2319.4,1,08:24:33.159099898
2319.4,2,08:24:33.200396877
2319.4,1,08:24:33.201020268
2319.3,1,08:24:33.384877603
2319.3,1,08:24:33.692500871
2319.5,1,08:24:33.890593244
2319.3,5,08:24:34.236993734
2319.4,1,08:24:34.238499326
2319.5,3,08:24:34.544924447
2319.6,2,08:24:34.866205263
2319.7,1,08:24:34.887821743
2319.7,1,08:24:34.890476382
2319.6,1,08:24:34.912067930
2319.7,1,08:24:35.172453581
2319.7,2,08:24:35.595395560
2319.7,3,08:24:35.595757935
2319.7,3,08:24:35.596713842
2319.7,1,08:24:35.597287662
2319.7,1,08:24:35.805802948
2319.8,1,08:24:35.806817535
2319.7,3,08:24:36.133309876
2319.7,1,08:24:36.133881993
2319.7,1,08:24:36.134304812
2319.7,1,08:24:36.451108030
2319.7,1,08:24:36.616969310
2319.7,2,08:24:36.617387120
2319.6,5,08:24:36.617387120
2319.5,1,08:24:36.617387120
2319.5,3,08:24:36.617540186
2319.4,5,08:24:36.617540186
2319.3,5,08:24:36.617633125
2319.5,1,08:24:36.620275926
2319.5,1,08:24:36.620323624
2319.5,3,08:24:36.620360374
2319.5,2,08:24:36.621330271
2319.5,1,08:24:36.621682897
2319.4,1,08:24:36.621831431
2319.5,1,08:24:36.623042175
2319.6,2,08:24:36.623986226
2319.7,2,08:24:37.831360619
2319.7,3,08:24:37.831712514
2319.8,1,08:24:37.891675469
2319.8,2,08:24:38.012255819
2319.9,1,08:24:38.565977080
2319.9,5,08:24:38.844356163
2319.9,1,08:24:38.844774661
2319.9,1,08:24:39.242563485
2319.9,1,08:24:40.158263280
2319.8,2,08:24:40.525916405
2319.8,2,08:24:40.526121279
2319.9,2,08:24:41.020172503
2319.9,1,08:24:41.020381432
2319.9,1,08:24:41.021195381
2319.9,1,08:24:41.042111180
2319.8,1,08:24:41.205520486
2319.9,1,08:24:41.593146852
2319.7,2,08:24:42.225607927
2319.7,1,08:24:42.225795895
2319.7,3,08:24:43.206512672
2319.7,2,08:24:43.207085816
2319.8,2,08:24:43.723063718
2319.8,1,08:24:43.723448391
2319.7,3,08:24:44.434631955
2319.7,1,08:24:44.435182043
2319.6,3,08:24:44.583746654
2319.6,1,08:24:44.584660411
2319.6,1,08:24:44.585428310
2319.4,1,08:24:44.866255414
2319.3,1,08:24:45.007401054
2319.3,1,08:24:45.084375252
2319.4,1,08:24:47.195180418
2319.4,2,08:24:47.195463931
2319.4,1,08:24:49.241239829
2319.5,1,08:24:49.383993246
2319.6,3,08:24:49.858336047
2319.6,4,08:24:49.859649763
2319.6,1,08:24:49.859683287
2319.6,1,08:24:49.859832845
2319.7,2,08:24:50.195370214
2319.6,1,08:24:50.646613223
2319.7,5,08:24:50.780198339
2319.6,1,08:24:53.641709937
2319.6,1,08:24:53.769155269
2319.5,1,08:24:54.078587154
2319.5,1,08:24:54.078836097
2319.4,1,08:24:54.504524703
2319.5,1,08:24:54.505270657
2319.5,1,08:24:54.505540466
2319.5,1,08:24:54.809214153
2319.5,3,08:24:54.955346244
2319.5,1,08:24:54.955730216
2319.5,1,08:24:55.028313072
2319.5,1,08:24:55.028622602
2319.6,1,08:24:55.703069808
2319.5,1,08:24:56.023012184
2319.6,1,08:24:56.452690014
2319.5,1,08:24:56.565911752
2319.4,2,08:24:56.678307188
2319.4,1,08:24:56.705014672
2319.5,2,08:24:56.879260854
2319.6,1,08:24:57.954687672
2319.7,1,08:24:57.954687672
2319.5,1,08:24:57.995197793
2319.6,1,08:24:58.433772943
2319.7,1,08:24:59.147830228
2319.6,1,08:24:59.304557087
2319.6,2,08:24:59.777058559
2319.6,2,08:24:59.828749266
2319.7,1,08:25:00.672249074
2319.7,6,08:25:00.672687448
2319.7,13,08:25:00.672983427
2319.8,4,08:25:00.766647268
2319.8,5,08:25:00.766929949
2319.7,1,08:25:01.376271941
2319.7,2,08:25:01.376443209
2319.7,2,08:25:01.377044978
2319.6,1,08:25:02.349960791
2319.6,1,08:25:02.553247298
2319.6,1,08:25:02.586714951
2319.6,2,08:25:02.587237921
2319.7,5,08:25:02.587589736
2319.8,1,08:25:02.872681736
2319.8,1,08:25:02.873065427
2319.9,2,08:25:02.916718014
2319.9,2,08:25:02.916974746
2319.9,1,08:25:03.356042615
2319.9,1,08:25:04.287237871
2319.9,1,08:25:04.390642227
2319.8,1,08:25:04.392861180
2319.9,1,08:25:04.509045154
2319.8,1,08:25:05.359637621
2319.8,1,08:25:05.440517678
2319.8,1,08:25:05.440879265
2319.8,2,08:25:06.140104654
2319.8,1,08:25:06.140378714
2319.8,1,08:25:06.140656819
2319.7,1,08:25:06.141119721
2319.8,1,08:25:07.488910468
2319.9,1,08:25:07.491616986
2319.7,1,08:25:07.508991397
2319.8,1,08:25:07.540467970
2319.9,1,08:25:08.031681553
2319.8,2,08:25:08.210633925
2319.8,1,08:25:08.211266498
2319.9,6,08:25:08.714150707
2319.9,4,08:25:08.714441526
2319.9,1,08:25:08.715567395
2319.9,1,08:25:08.716167996
2319.9,1,08:25:08.756234175
2319.9,3,08:25:10.515560240
2319.8,2,08:25:10.515560240
2319.9,1,08:25:10.516342634
2319.9,2,08:25:10.517259232
2320.0,1,08:25:10.618579009
2320.0,1,08:25:10.618602445
2320.0,1,08:25:10.618898823
2320.0,1,08:25:10.619786131
2320.0,1,08:25:10.817418621
2319.9,1,08:25:11.442889711
2319.9,1,08:25:11.789175270
2319.9,1,08:25:13.706274832
2320.0,8,08:25:15.366921991
2320.0,1,08:25:15.431110273
2320.0,1,08:25:16.203684020
2320.1,1,08:25:16.979989175
2320.1,1,08:25:16.979995786
2320.0,1,08:25:17.151435851
2320.0,1,08:25:17.417051318
2320.1,4,08:25:18.581673500
2320.1,1,08:25:18.582023370
2320.1,1,08:25:18.582050692
2320.0,2,08:25:20.382324255
2320.0,1,08:25:20.382554157
2320.1,2,08:25:20.539081732
2320.2,2,08:25:20.574909084
2320.2,1,08:25:20.575774426
2320.3,1,08:25:20.577039991
2320.4,1,08:25:20.577676106
2320.4,1,08:25:20.577721032
2320.2,1,08:25:20.615660276
2320.2,3,08:25:21.126226539
2320.2,1,08:25:21.158791805
2320.1,1,08:25:21.177785762
2320.2,1,08:25:21.282229207
2320.2,1,08:25:21.415221532
2320.3,4,08:25:21.821639397
2320.2,1,08:25:21.821639397
2320.2,1,08:25:22.145454639
2320.3,2,08:25:22.173892453
2320.4,2,08:25:22.186615151
2320.4,4,08:25:22.187269840
2320.4,1,08:25:22.187315773
2320.4,1,08:25:22.187871058
2320.4,2,08:25:22.749127811
2320.3,2,08:25:24.016492192
2320.3,1,08:25:24.016685591
2320.3,1,08:25:24.036337049
2320.4,5,08:25:25.042250250
2320.4,1,08:25:25.152513415
2320.4,1,08:25:25.152754908
2320.4,1,08:25:25.222056303
2320.4,1,08:25:25.222515359
2320.4,1,08:25:26.250919480
2320.5,1,08:25:26.797893494
2320.4,1,08:25:27.443878144
2320.4,3,08:25:27.444136027
2320.4,1,08:25:28.278152729
2320.4,1,08:25:28.285509289
2320.3,1,08:25:28.957138487
2320.3,1,08:25:29.579193215
2320.3,1,08:25:29.579510504
2320.4,1,08:25:29.851075320
2320.3,1,08:25:30.077240466
2320.4,5,08:25:30.289796086
2320.4,1,08:25:30.343925968
2320.5,7,08:25:30.426661226
2320.4,2,08:25:30.426661226
2320.4,1,08:25:32.048848721
2320.2,1,08:25:38.447532253
2320.3,2,08:25:38.465472792
2320.3,1,08:25:38.465627124
2320.3,1,08:25:38.465828216
2320.5,1,08:25:40.311959914
2320.4,1,08:25:40.426238214
2320.4,1,08:25:41.760434393
2320.4,1,08:25:41.760711842
2320.3,1,08:25:42.707999699
2320.4,3,08:25:43.369978661
2320.3,1,08:25:43.381452790
2320.3,1,08:25:44.550608644
2320.3,1,08:25:45.194456417
2320.3,1,08:25:46.416284011
2320.3,1,08:25:46.416338840
2320.3,1,08:25:46.416479218
2320.3,1,08:25:46.416563927
2320.4,1,08:25:46.800438155
2320.3,1,08:25:48.545281963
2320.3,1,08:25:48.545969855
2320.4,1,08:25:50.475797673
2320.4,2,08:25:50.932278992
2320.4,1,08:25:50.933765649
2320.5,1,08:25:51.436518562
2320.6,2,08:25:54.075375425
2320.7,1,08:25:55.048231488
2320.7,2,08:25:55.459189551
2320.7,1,08:25:55.460579547
2320.7,1,08:25:55.461287795
2320.6,1,08:25:56.070155841
2320.6,1,08:25:56.323427116
2320.5,4,08:25:56.886458483
2320.5,1,08:25:56.887493819
2320.5,1,08:25:56.889193969
2320.4,1,08:25:57.116833619
2320.4,3,08:25:57.117291531
2320.4,1,08:25:57.117325481
2320.3,3,08:25:57.156672922
2320.2,1,08:25:57.188681766
2320.2,1,08:25:57.189484972
2320.1,1,08:25:57.197795483
2320.1,1,08:25:57.285025889
2320.2,1,08:25:57.485725075
2320.2,1,08:25:58.039477618
2320.2,1,08:25:58.039850269
2320.1,1,08:25:58.099898184
2320.1,1,08:25:58.100358126
2320.1,1,08:25:58.100569663
2320.0,2,08:25:58.346046582
2319.9,1,08:25:58.346062854
2319.9,1,08:25:58.350382327
2319.9,2,08:25:58.565011488
2320.1,2,08:25:59.784718079
2320.1,1,08:25:59.784950567
2320.1,1,08:26:00.598357958
2320.0,1,08:26:01.375617089
2320.0,1,08:26:01.376523546
2320.0,1,08:26:01.406002538
2320.1,2,08:26:02.920189842
2320.1,1,08:26:02.920590694
2320.2,1,08:26:03.990153657
2320.2,1,08:26:03.990512090
2320.2,1,08:26:03.990804483
2320.3,1,08:26:04.049472348
2320.3,1,08:26:04.100864209
2320.3,2,08:26:04.101195410
2320.3,1,08:26:04.114433917
2320.3,1,08:26:04.114497409
2320.3,1,08:26:04.114609767
2320.2,1,08:26:04.325937942
2320.2,1,08:26:08.327724435
2320.2,2,08:26:08.327826302
2320.1,1,08:26:09.681031572
2320.1,2,08:26:09.681312667
2320.0,1,08:26:09.794744432
2320.0,3,08:26:09.837494126
2320.1,1,08:26:09.837494126
2320.1,3,08:26:09.878717920
2320.1,1,08:26:09.879286348
2320.1,1,08:26:09.919769801
2320.0,1,08:26:09.929478879
2319.9,1,08:26:11.005805805
2319.9,1,08:26:11.127497493
2319.9,1,08:26:11.233777209
2319.9,1,08:26:11.878324429
2319.9,1,08:26:11.878582866
2319.8,2,08:26:11.898077010
2319.8,1,08:26:12.321285041
2319.7,1,08:26:13.714074171
2319.7,1,08:26:13.715524603
2319.9,5,08:26:13.933776047
2319.9,1,08:26:13.935803394
2319.8,1,08:26:13.975705204
2319.9,1,08:26:14.030765335
2319.9,1,08:26:14.063443553
2320.0,3,08:26:14.139390800
2319.8,1,08:26:17.033923514
2319.9,1,08:26:17.034684566
2319.9,1,08:26:17.035387959
2320.0,2,08:26:17.142641057
2320.0,2,08:26:17.142862565
2320.0,2,08:26:17.142937255
2320.0,1,08:26:17.143008718
2320.0,4,08:26:17.143253024
2320.0,1,08:26:17.186730580
2320.1,2,08:26:17.251080102
2320.2,2,08:26:17.355153055
2320.2,4,08:26:17.355448814
2320.3,2,08:26:17.365262085
2320.3,1,08:26:17.394322898
2320.3,1,08:26:17.394571012
2320.4,1,08:26:17.476635193
2320.4,3,08:26:17.476889739
2320.4,1,08:26:17.516216700
2320.5,2,08:26:17.570830891
2320.5,1,08:26:17.571208181
2320.5,2,08:26:17.571317249
2320.6,2,08:26:17.664020046
2320.6,1,08:26:17.664313057
2320.6,1,08:26:17.674373781
2320.6,1,08:26:17.674640411
2320.6,2,08:26:17.770690149
2320.6,2,08:26:18.160372119
2320.6,2,08:26:18.160447349
2320.6,1,08:26:18.160548157
2320.6,1,08:26:18.160620959
2320.6,1,08:26:18.160683226
2320.6,1,08:26:18.845562221
2320.7,6,08:26:19.385395785
2320.7,1,08:26:19.387949306
2320.8,1,08:26:19.481438053
2320.9,1,08:26:19.481450086
2320.9,1,08:26:19.632127995
2320.9,1,08:26:19.655766762
2320.9,3,08:26:19.726382520
2320.9,1,08:26:19.823727630
2320.9,1,08:26:19.921015805
2320.9,1,08:26:19.921393051
2320.9,4,08:26:19.957080742
2320.9,1,08:26:20.069796843
2320.9,2,08:26:20.070018026
2320.9,1,08:26:20.137305910
2320.9,3,08:26:20.159985127
2320.9,2,08:26:20.357544788
2321.0,6,08:26:20.510531147
2321.1,2,08:26:20.693603432
2321.1,3,08:26:21.125747555
2321.1,1,08:26:21.126389741
2321.1,4,08:26:21.261880251
2321.1,1,08:26:21.262491422
2321.1,1,08:26:21.298202033
2321.0,3,08:26:21.323646944
2321.0,3,08:26:21.323899928
2321.0,1,08:26:21.324072709
2321.0,10,08:26:21.324295673
2321.0,1,08:26:21.325016865
2321.0,2,08:26:21.325712976
2321.1,1,08:26:21.383891730
2321.1,1,08:26:21.384356764
2321.1,1,08:26:21.431854627
2321.1,2,08:26:21.431923138
2321.1,1,08:26:21.464645516
2321.1,1,08:26:21.465100665
2321.1,1,08:26:21.551809450
2321.2,2,08:26:22.431804640
2321.2,2,08:26:22.529075300
2321.2,1,08:26:22.529566711
2321.1,2,08:26:22.574227550
2321.1,1,08:26:22.574358481
2321.1,1,08:26:22.574495044
2321.1,1,08:26:22.574533079
2321.1,2,08:26:22.574629146
2321.1,1,08:26:22.574655181
2321.2,2,08:26:22.638172232
2321.2,3,08:26:23.034054678
2321.1,1,08:26:23.034556548
2321.0,1,08:26:23.761061425
2321.0,1,08:26:23.761532890
2321.0,1,08:26:23.761683636
2320.9,1,08:26:23.851152247
2320.9,1,08:26:24.389388293
2320.5,3,08:26:24.668284686
2320.8,5,08:26:24.668284686
2320.4,1,08:26:24.668284686
2320.9,4,08:26:24.668284686
2320.6,6,08:26:24.668284686
2320.7,6,08:26:24.668284686
2320.7,1,08:26:24.670550911
2320.6,1,08:26:24.672532746
2320.6,1,08:26:24.673432706
2320.5,1,08:26:24.822448215
2320.5,1,08:26:24.822636420
2320.5,1,08:26:24.823229830
2320.5,1,08:26:24.823366758
2320.6,1,08:26:24.852180551
2320.7,1,08:26:25.087676798
2320.7,3,08:26:27.198318884
2320.8,3,08:26:27.198318884
2320.8,1,08:26:27.199527040
2320.7,1,08:26:28.984814083
2320.5,2,08:26:29.397172134
2320.7,1,08:26:30.025918412
2320.7,2,08:26:30.277054434
2320.8,1,08:26:33.492845159
2320.8,1,08:26:33.493512830
2320.9,1,08:26:35.651604742
2320.9,1,08:26:36.460566673
2320.9,4,08:26:36.461651203
2321.0,5,08:26:36.463792366
2321.0,1,08:26:36.473058461
2321.2,8,08:26:36.541788170
2321.1,6,08:26:36.541788170
2321.0,1,08:26:36.541788170
2321.2,1,08:26:36.547207032
2321.2,1,08:26:37.125542043
2321.2,1,08:26:37.126027665
2321.1,1,08:26:38.413177768
2321.1,2,08:26:38.413483962
2321.4,4,08:26:38.525061407
2321.3,6,08:26:38.525061407
2321.2,5,08:26:38.525061407
2321.3,1,08:26:38.527164925
2321.3,4,08:26:38.789366005
2321.3,1,08:26:40.783093571
2321.3,1,08:26:41.030313144
2321.3,1,08:26:41.030427431
2321.2,1,08:26:41.074143173
2321.2,8,08:26:41.323970928
2321.2,1,08:26:41.325358367
2321.2,1,08:26:41.325758186
2321.2,1,08:26:41.326260030
2321.1,2,08:26:42.132411162
2321.2,1,08:26:42.262476241
2321.1,1,08:26:42.919730243
2321.2,1,08:26:42.987494646
2321.1,1,08:26:43.829062353
2321.0,1,08:26:44.124592190
2321.0,1,08:26:44.999501673
2321.0,1,08:26:44.999726862
2321.1,2,08:26:45.123939170
2321.2,7,08:26:45.123939170
2321.2,1,08:26:45.126440009
2321.1,1,08:26:52.309883183
2321.1,2,08:26:52.310108282
2321.1,1,08:26:52.310178893
2321.2,1,08:26:52.336040433
2321.1,1,08:26:52.386886091
2321.0,2,08:26:54.617363378
2320.9,1,08:26:54.618583831
2321.0,3,08:26:55.878711902
2321.0,5,08:26:55.878739898
2321.1,1,08:26:55.881440813
2321.0,1,08:26:57.103655631
2321.0,2,08:26:58.073969173
2320.9,1,08:26:59.248095491
2321.0,3,08:26:59.798097222
2321.0,1,08:27:00.340527665
2321.1,2,08:27:00.871792494
2321.2,1,08:27:00.983998748
2321.3,2,08:27:01.012991834
2321.2,1,08:27:03.008521026
2321.2,1,08:27:03.991100903
2321.3,1,08:27:04.981510340
2321.3,1,08:27:04.981539872
2321.2,1,08:27:06.380161722
2321.2,2,08:27:12.868481682
2321.2,1,08:27:12.869147308
2321.2,1,08:27:17.333408488
2321.2,2,08:27:22.887602859
2321.1,1,08:27:22.893310913
2321.0,2,08:27:23.099828153
2321.0,1,08:27:23.099841721
2321.0,1,08:27:23.100377421
2321.1,1,08:27:23.677999633
2321.2,7,08:27:24.883038822
2321.1,3,08:27:24.883038822
2321.1,1,08:27:24.924562442
2321.3,2,08:27:26.912460021
2321.1,2,08:27:30.252665524
2321.2,1,08:27:30.860982052
2321.1,1,08:27:31.858403110
2321.2,2,08:27:32.938432385
2321.2,1,08:27:34.876439644
2321.2,1,08:27:35.096027920
2321.1,3,08:27:35.096027920
2321.2,2,08:27:38.439910586
2321.2,1,08:27:38.485490505
2321.2,1,08:27:38.485555386
2321.3,2,08:27:39.127761444
2321.3,4,08:27:39.128031372
2321.3,1,08:27:39.259214667
2321.3,1,08:27:39.259647540
2321.3,1,08:27:39.535362734
2321.3,1,08:27:40.777231572
2321.1,1,08:27:42.025759959
2321.1,1,08:27:43.048979755
2321.0,1,08:27:43.805651442
2321.0,2,08:27:43.805975170
2321.0,1,08:27:45.567769357
2321.1,2,08:27:46.146198886
2321.2,2,08:27:48.098309557
2321.2,2,08:27:48.098503161
2321.2,1,08:27:48.141243160
2321.1,1,08:27:50.476279119
2321.1,1,08:27:50.476470006
2321.1,1,08:27:50.478505282
2321.2,2,08:27:52.590137321
2321.2,1,08:28:00.724692794
2321.2,1,08:28:00.724880740
2321.2,1,08:28:00.724991904
2321.3,2,08:28:00.725688621
2321.2,2,08:28:01.470642246
2321.2,1,08:28:01.470872225
2321.1,3,08:28:03.720709048
2321.1,2,08:28:05.722273802
2321.0,1,08:28:10.701909421
2321.2,1,08:28:11.041276923
2321.2,1,08:28:16.837367185
2321.1,1,08:28:16.929667520
2321.2,1,08:28:17.140748371
2321.3,1,08:28:18.338859166
2321.3,3,08:28:18.339499863
2321.3,1,08:28:18.382981689
2321.3,1,08:28:18.425429459
2321.3,1,08:28:18.425477770
2321.3,1,08:28:22.264563631
2321.3,1,08:28:22.265002225
2321.4,1,08:28:23.172313850
2321.3,1,08:28:23.183823621
2321.3,1,08:28:23.184048991
2321.3,1,08:28:23.184503395
2321.2,1,08:28:30.050589330
2321.2,1,08:28:30.079808982
2321.3,1,08:28:31.332450414
2321.4,1,08:28:32.381518076
2321.4,2,08:28:35.149598010
2321.4,1,08:28:35.291147054
2321.4,1,08:28:35.338064805
2321.4,1,08:28:36.071115070
2321.3,1,08:28:38.230526616
2321.3,1,08:28:44.685858774
2321.2,1,08:28:45.837889820
2321.2,3,08:28:45.838185000
2321.2,1,08:28:46.418591668
2321.3,1,08:28:56.229218012
2321.1,1,08:29:05.325650467
2321.1,1,08:29:07.445705904
2321.3,1,08:29:10.782992141
2321.3,1,08:29:10.783007280
2321.2,1,08:29:12.595144269
2321.3,1,08:29:16.825693314
2321.2,1,08:29:16.826170324
2321.3,3,08:29:16.902220057
2321.2,1,08:29:18.749767939
2321.4,1,08:29:23.805310018
2321.4,1,08:29:23.833575812
2321.3,1,08:29:25.886358376
2321.3,1,08:29:27.841329268
2321.3,2,08:29:27.841581590
2321.3,1,08:29:27.842077763
2321.4,4,08:29:30.006673673
2321.5,2,08:29:30.155705244
2321.5,4,08:29:35.058321735
2321.6,6,08:29:35.058321735
2321.6,2,08:29:35.058890035
2321.7,1,08:29:35.059052751
2321.7,1,08:29:35.059072854
2321.6,1,08:29:35.060430836
2321.6,1,08:29:35.060470082
2321.6,1,08:29:35.061882751
2321.6,1,08:29:35.073215520
2321.5,1,08:29:35.100102781
2321.7,1,08:29:35.282145728
2321.7,1,08:29:37.075636150
2321.5,5,08:29:37.524377923
2321.5,2,08:29:38.092791793
2321.5,4,08:29:38.093240013
2321.5,1,08:29:38.093505205
2321.5,1,08:29:40.093071659
2321.6,5,08:29:40.444619847
2321.5,1,08:29:40.445266976
2321.4,1,08:29:41.145652318
2321.4,2,08:29:41.145884038
2321.4,1,08:29:41.147454213
2321.5,3,08:29:41.823926275
2321.5,1,08:29:41.824160245
2321.3,1,08:29:42.320526221
2321.3,1,08:29:42.320814485
2321.3,1,08:29:42.321545595
2321.2,2,08:29:42.905289107
2321.3,3,08:29:43.195024133
2321.3,1,08:29:43.195350691
2321.2,1,08:29:43.195520620
2321.3,2,08:29:43.660358077
2321.3,1,08:29:43.660400563
2321.3,1,08:29:43.660675318
2321.2,2,08:29:45.473158795
2321.1,1,08:29:45.473480356
2321.3,1,08:29:45.473718985
2321.4,4,08:29:49.407687975
2321.4,1,08:29:49.407949693
2321.2,1,08:29:49.408489342
2321.2,1,08:29:49.409075296
2321.3,1,08:29:49.414076773
2321.4,1,08:29:53.209751879
2321.4,1,08:29:53.210220343
2321.2,1,08:29:57.116214761
2321.2,1,08:29:57.116397356
2321.1,1,08:29:57.120136840
2321.0,2,08:29:57.131315394
2320.8,2,08:29:57.131325151
2320.9,1,08:29:57.131325151
2320.8,1,08:29:57.131341462
2320.8,1,08:29:57.301230325
2320.9,2,08:29:57.301320149
2320.9,3,08:29:58.030698100
2320.9,1,08:29:58.081377147
2320.9,2,08:29:59.591274819
2317.4,1,08:30:32.635277586
2317.4,2,08:30:32.766185308
2317.3,1,08:30:33.148740214
2317.0,1,08:30:33.402176074
2317.1,4,08:30:33.402176074
2317.2,3,08:30:33.475359557
2317.3,2,08:30:33.577791589
2317.1,5,08:30:33.661168174
2317.1,1,08:30:33.661624379
2317.0,2,08:30:33.735226500
2316.9,1,08:30:33.754799812
2316.9,4,08:30:33.754833598
2316.9,2,08:30:33.754896685
2316.9,8,08:30:33.755065904
2316.9,1,08:30:33.755134293
2316.9,8,08:30:33.755176456
2316.8,6,08:30:33.755626501
2316.8,8,08:30:33.755986403
2316.8,2,08:30:33.756037239
2316.8,8,08:30:33.756191827
2316.7,1,08:30:33.756683235
2316.7,1,08:30:33.757222024
2316.7,1,08:30:34.069308440
2316.6,2,08:30:34.069723424
2316.4,1,08:30:34.190710774
2316.5,1,08:30:34.191443284
2316.5,1,08:30:34.191483122
2316.5,1,08:30:34.239342795
2316.6,4,08:30:34.269732539
2316.7,1,08:30:34.270288807
2316.7,1,08:30:34.270760162
2316.7,3,08:30:34.271061136
2316.8,2,08:30:34.992135712
2316.8,3,08:30:34.992289334
2316.8,4,08:30:34.992476003
2316.9,1,08:30:35.081209811
2316.9,3,08:30:35.086592668
2317.1,1,08:30:35.192887653
2317.2,2,08:30:35.193824214
2317.2,2,08:30:35.234745165
2317.2,1,08:30:35.235009625
2317.2,1,08:30:35.235369303
2317.3,1,08:30:35.688734432
2317.2,1,08:30:35.803135973
2317.2,1,08:30:35.825096100
2317.1,1,08:30:35.948415526
2317.0,1,08:30:36.114556014
2316.9,1,08:30:36.239218496
2317.0,1,08:30:36.285449262
2317.1,2,08:30:36.562331130
2317.1,1,08:30:36.562612153
2317.1,1,08:30:36.582468920
2317.0,1,08:30:36.668370527
2317.1,1,08:30:36.752574699
2317.1,1,08:30:36.921999278
2317.1,1,08:30:36.922120624
2317.0,1,08:30:36.942671635
2317.1,1,08:30:36.971912069
2317.0,1,08:30:36.972403260
2317.1,1,08:30:37.262552283
2317.1,2,08:30:37.262655415
2317.3,1,08:30:37.429325877
2317.4,1,08:30:37.429325877
2317.3,1,08:30:37.430676493
2317.4,1,08:30:37.572051323
2317.4,1,08:30:37.580216697
2317.5,1,08:30:38.153801731
2317.8,2,08:30:38.158168309
2317.7,6,08:30:38.158168309
2317.5,1,08:30:38.193279783
2317.5,2,08:30:38.280118017
2317.6,3,08:30:38.310268273
2317.7,2,08:30:38.310268273
2317.7,1,08:30:38.456144830
2317.8,1,08:30:38.933294542
2317.7,1,08:30:38.949075256
2317.5,4,08:30:39.019144619
2317.5,1,08:30:39.029939415
2317.7,1,08:30:39.526471706
2317.5,1,08:30:39.590405137
2317.6,4,08:30:39.590405137
2317.8,1,08:30:39.740044682
2317.8,1,08:30:39.740386366
2317.9,1,08:30:39.792912302
2318.0,1,08:30:40.052102860
2317.9,1,08:30:40.220262883
2318.2,2,08:30:40.484089724
2318.0,1,08:30:40.536681094
2317.9,1,08:30:40.537872683
2317.8,1,08:30:40.538666407
2317.9,2,08:30:40.579419777
2317.9,2,08:30:40.579673503
2317.8,2,08:30:40.579838349
2317.9,2,08:30:40.605535623
2317.8,1,08:30:40.915896901
2317.7,4,08:30:41.018141235
2317.7,1,08:30:41.046760781
2317.7,1,08:30:41.046989003
2317.8,1,08:30:41.092147623
2317.8,1,08:30:41.092356732
2317.8,1,08:30:41.095596550
2317.7,1,08:30:41.185529063
2317.8,1,08:30:41.593315934
2317.9,1,08:30:41.750562412
2317.6,1,08:30:42.400091443
2317.6,1,08:30:43.383520310
2317.5,2,08:30:43.555166504
2317.4,1,08:30:43.568899961
2317.4,1,08:30:43.569114797
2317.5,1,08:30:43.595323170
2317.5,1,08:30:45.007612138
2317.5,2,08:30:45.007802462
2317.5,1,08:30:45.018706915
2317.7,1,08:30:45.098517766
2317.9,1,08:30:45.328001307
2317.7,1,08:30:45.509639605
2317.8,1,08:30:45.641261675
2317.8,1,08:30:45.641424575
2317.8,1,08:30:45.800455963
2317.6,1,08:30:45.957978586
2317.3,1,08:30:46.550012989
2317.4,1,08:30:46.780362520
2317.3,1,08:30:47.244907607
2317.4,1,08:30:47.268298401
2317.5,2,08:30:47.543118769
2317.4,1,08:30:47.695073808
2317.3,1,08:30:47.701350990
2317.6,1,08:30:48.027642737
2317.7,1,08:30:48.192089793
2317.7,1,08:30:48.193101730
2317.6,2,08:30:48.197082150
2317.5,1,08:30:48.857473434
2317.5,1,08:30:49.185498374
2317.5,1,08:30:49.524113079
2317.6,1,08:30:49.525874958
2317.7,1,08:30:49.589880253
2317.5,1,08:30:50.024191799
2317.5,1,08:30:50.913687070
2317.3,1,08:30:51.089513107
2317.3,2,08:30:51.202316060
2317.2,1,08:30:51.412637107
2317.2,1,08:30:51.624386010
2317.2,1,08:30:51.624466718
2317.2,1,08:30:51.624527660
2317.2,1,08:30:52.035149132
2317.2,2,08:30:52.035366688
2317.2,1,08:30:52.084775374
2317.1,2,08:30:52.085442216
2317.1,3,08:30:52.098967428
2317.0,4,08:30:52.098967428
2317.0,3,08:30:52.099812722
2316.9,2,08:30:52.100282178
2316.9,1,08:30:52.365178203
2317.0,2,08:30:52.425731541
2317.0,4,08:30:52.425910444
2317.0,2,08:30:52.425987821
2317.0,1,08:30:52.426035540
2317.0,1,08:30:52.426101061
2317.2,2,08:30:52.753626358
2317.3,1,08:30:52.979106381
2317.3,1,08:30:52.979351183
2317.2,2,08:30:53.068297523
2317.1,1,08:30:53.070477820
2317.2,1,08:30:53.085216175
2317.0,1,08:30:54.398357642
2316.9,1,08:30:54.635762484
2316.9,3,08:30:55.155196476
2316.8,1,08:30:55.613166324
2316.7,2,08:30:55.820644966
2316.8,1,08:30:56.082391421
2316.8,5,08:30:56.949895532
2316.8,1,08:30:56.963918146
2316.8,2,08:30:56.964118310
2317.0,1,08:30:57.216471085
2317.0,1,08:30:57.216505589
2317.0,7,08:30:57.259039799
2317.0,7,08:30:57.259291663
2317.0,1,08:30:57.259361047
2317.0,1,08:30:57.259398212
2317.0,2,08:30:57.259433042
2317.0,2,08:30:57.259510087
2317.0,4,08:30:57.259553597
2317.0,4,08:30:57.261272605
2317.0,1,08:30:57.261306806
2317.0,1,08:30:57.261374830
2317.0,1,08:30:57.261444176
2316.9,3,08:30:57.261512033
2316.9,1,08:30:57.261598909
2316.9,1,08:30:57.261950049
2316.8,2,08:30:57.262163455
2317.0,6,08:30:57.262356972
2316.8,2,08:30:57.262745390
2316.8,2,08:30:57.263879041
2316.7,1,08:30:57.263879041
2316.7,1,08:30:57.263910997
2316.7,1,08:30:57.263944576
2316.8,1,08:30:57.265008098
2316.9,1,08:30:57.275922870
2317.0,5,08:30:57.576880730
2316.9,1,08:30:57.577687418
2316.8,1,08:30:57.803013649
2316.8,2,08:30:57.803217151
2316.8,1,08:30:57.804562604
2316.8,2,08:30:57.804879357
2316.7,1,08:30:57.840653423
2316.7,1,08:30:57.899926047
2316.5,1,08:30:58.069176758
2316.5,2,08:30:58.069258146
2316.5,1,08:30:58.069298700
2316.5,1,08:30:58.069413768
2316.6,1,08:30:58.191418214
2316.6,1,08:30:58.239718484
2316.5,1,08:30:58.273108102
2316.5,1,08:30:58.285424768
2316.6,1,08:30:58.326995882
2316.5,2,08:30:58.326995882
2316.7,5,08:30:58.340953820
2316.6,1,08:30:58.342460192
2316.5,1,08:30:58.369683712
2316.6,2,08:30:58.483357755
2316.5,1,08:30:58.496998772
2316.7,1,08:30:58.555785505
2316.8,2,08:30:58.730461273
2316.8,1,08:30:58.941437540
2316.9,1,08:30:58.977150833
2316.5,1,08:30:59.128873682
2316.5,1,08:30:59.132165182
2316.4,1,08:30:59.132418851
2316.3,1,08:30:59.132430819
2316.4,1,08:30:59.133377420
2316.5,1,08:30:59.135068799
2316.4,1,08:30:59.208436031
2316.3,1,08:30:59.233308494
2316.2,3,08:30:59.568315244
2316.1,1,08:30:59.570451519
2316.0,4,08:30:59.571009917
2316.0,1,08:30:59.571051677
2316.0,1,08:30:59.573254775
2316.0,6,08:30:59.573470021
2316.0,2,08:30:59.573540438
2316.0,3,08:30:59.573629912
2315.9,7,08:30:59.575423128
2315.9,2,08:30:59.576491374
2315.9,1,08:30:59.576682825
2316.1,1,08:30:59.588860980
2316.1,1,08:30:59.588914939
2316.1,1,08:30:59.598318552
2316.1,1,08:30:59.635769336
2316.3,2,08:30:59.777739407
2316.2,3,08:30:59.777739407
2316.2,1,08:30:59.790374253
2316.2,1,08:30:59.874481597
2316.3,1,08:30:59.875393589
2316.3,1,08:30:59.875656033
2316.3,1,08:30:59.995483992
2316.2,1,08:31:00.015781267
2316.4,1,08:31:00.015867892
2316.2,1,08:31:00.016837790
2316.1,1,08:31:00.069007008
2316.1,2,08:31:00.069044103
2316.1,3,08:31:00.069125381
2316.1,1,08:31:00.069236545
2316.1,1,08:31:00.070042648
2316.1,1,08:31:00.070482052
2316.2,1,08:31:00.539139561
2316.1,1,08:31:00.555334081
2316.0,1,08:31:00.560651395
2316.0,1,08:31:00.612145846
2316.0,1,08:31:00.685864060
2316.1,1,08:31:00.690149176
2316.1,1,08:31:00.724574783
2316.0,2,08:31:00.724908070
2316.0,2,08:31:00.726344335
2316.1,2,08:31:00.730922222
2316.2,3,08:31:00.730922222
2316.0,1,08:31:00.760372894
2316.0,1,08:31:00.868131558
2315.9,1,08:31:00.919996119
2315.8,1,08:31:01.093147598
2315.8,1,08:31:01.097202812
2315.7,2,08:31:01.098986413
2315.7,1,08:31:01.099337053
2315.7,1,08:31:01.099499527
2315.7,1,08:31:01.104082121
2315.6,2,08:31:01.104082121
2315.6,2,08:31:01.104591527
2315.6,7,08:31:01.104628214
2315.6,2,08:31:01.104849769
2315.6,1,08:31:01.105103393
2315.5,6,08:31:01.107181428
2315.6,2,08:31:01.107181428
2315.5,1,08:31:01.107763532
2315.5,1,08:31:01.107874939
2315.6,1,08:31:01.108106628
2315.6,1,08:31:01.120982525
2315.5,1,08:31:01.145511747
2315.6,1,08:31:01.185993290
2315.7,1,08:31:01.189194609
2315.7,1,08:31:01.198613275
2315.7,1,08:31:01.311228708
2315.7,1,08:31:01.427406757
2315.7,1,08:31:01.453519727
2315.7,1,08:31:01.453869843
2315.7,1,08:31:01.459911445
2315.6,1,08:31:01.507060517
2315.4,2,08:31:01.507060517
2315.5,2,08:31:01.507060517
2315.6,1,08:31:01.507838434
2315.6,1,08:31:01.508002645
2315.8,1,08:31:01.568859989
2315.8,4,08:31:01.569062141
2315.7,3,08:31:01.940670380
2315.8,1,08:31:01.950874466
2315.8,1,08:31:01.951036380
2316.0,2,08:31:01.954798097
2316.0,1,08:31:01.955588952
2315.9,2,08:31:01.957997452
2315.9,1,08:31:02.061098965
2316.0,1,08:31:02.076893001
2315.9,1,08:31:02.147790784
2315.8,3,08:31:02.165700855
2315.9,1,08:31:02.263078881
2315.7,4,08:31:02.330597047
2315.8,1,08:31:02.351266771
2315.6,2,08:31:02.484237174
2315.6,2,08:31:02.484686926
2315.5,1,08:31:02.496168268
2315.6,1,08:31:02.522713470
2315.6,1,08:31:02.550611665
2315.6,2,08:31:02.551983981
2315.7,3,08:31:02.556425532
2315.8,6,08:31:02.556425532
2315.6,1,08:31:02.556425532
2315.7,1,08:31:03.079931189
2315.7,1,08:31:03.082403946
2315.7,2,08:31:03.083776562
2315.6,1,08:31:03.256635667
2315.6,1,08:31:03.394072796
2315.7,1,08:31:03.432106724
2315.6,1,08:31:03.696966917
2315.5,1,08:31:03.701480741
2315.5,1,08:31:03.701815904
2315.5,1,08:31:03.701864867
2315.6,1,08:31:03.999353356
2315.6,1,08:31:03.999896334
2315.5,6,08:31:03.999896334
2315.5,1,08:31:04.000148499
2315.6,1,08:31:04.000437061
2315.6,1,08:31:04.007761346
2315.7,1,08:31:04.061955382
2315.6,1,08:31:04.143478721
2315.5,1,08:31:04.185501808
2315.6,1,08:31:04.225458690
2315.5,2,08:31:04.419513988
2315.3,3,08:31:04.458243754
2315.4,5,08:31:04.458243754
2315.2,2,08:31:04.458243754
2315.5,3,08:31:04.595611976
2315.7,1,08:31:04.827512231
2315.7,7,08:31:04.827792713
2315.7,2,08:31:04.827838138
2315.7,4,08:31:04.828067033
2315.7,1,08:31:04.828179406
2315.7,1,08:31:04.828337060
2315.8,1,08:31:04.829373759
2315.8,2,08:31:04.830084055
2315.9,1,08:31:04.835209442
2316.0,1,08:31:04.855210291
2316.0,3,08:31:04.855665654
2315.9,2,08:31:04.856260185
2316.0,1,08:31:04.870350445
2316.0,1,08:31:04.939159302
2316.0,1,08:31:04.939483270
2316.0,2,08:31:04.939702612
2315.9,1,08:31:04.954769773
2316.1,2,08:31:05.015313952
2316.1,1,08:31:05.088953985
2316.1,1,08:31:05.145964067
2316.1,1,08:31:05.173629660
2315.9,2,08:31:05.212708031
2315.9,1,08:31:05.213680653
2315.9,4,08:31:05.213836060
2315.9,1,08:31:05.227591022
2315.7,3,08:31:05.277120862
2315.8,2,08:31:05.277120862
2315.9,1,08:31:05.660870427
2315.9,4,08:31:05.661111737
2315.9,1,08:31:05.661182596
2315.9,1,08:31:05.662644418
2315.9,1,08:31:05.663517472
2315.9,1,08:31:05.750634937
2315.9,1,08:31:05.985588884
2315.9,1,08:31:05.994606185
2315.8,1,08:31:06.004977488
2315.6,1,08:31:06.005921228
2315.8,2,08:31:06.041591325
2315.8,1,08:31:06.065577234
2315.9,4,08:31:06.088051689
2316.0,1,08:31:06.088051689
2316.1,1,08:31:06.197393409
2316.1,1,08:31:06.202079199
2316.1,3,08:31:06.274867842
2316.2,1,08:31:06.306715913
2316.2,1,08:31:06.309527185
2316.1,2,08:31:06.404145221
2316.2,3,08:31:06.567214298
2316.2,1,08:31:06.567513015
2316.2,1,08:31:06.689567112
2316.0,1,08:31:06.698665468
2316.1,3,08:31:06.698665468
2316.1,1,08:31:07.032386419
2316.2,4,08:31:07.078355608
2316.1,1,08:31:07.078355608
2316.0,1,08:31:07.108998672
2316.0,1,08:31:07.292450224
2316.3,2,08:31:07.311313610
2316.2,4,08:31:07.311313610
2316.1,2,08:31:07.311313610
2316.0,1,08:31:07.332523429
2316.1,1,08:31:07.363300354
2315.9,3,08:31:07.721132240
2315.8,6,08:31:07.721132240
2315.8,1,08:31:07.722894986
2315.8,1,08:31:07.723003228
2315.8,1,08:31:07.723043229
2315.8,1,08:31:07.723261153
2315.8,1,08:31:07.723388794
2315.8,1,08:31:07.723439153
2315.8,1,08:31:07.723570455
2315.8,6,08:31:07.723718458
2315.8,1,08:31:07.724433836
2315.8,1,08:31:07.725872553
2315.7,6,08:31:07.726062710
2315.8,7,08:31:07.726530531
2315.7,1,08:31:07.793168106
2315.6,2,08:31:08.053623969
2315.6,1,08:31:08.121543724
2315.7,1,08:31:08.124014532
2315.7,1,08:31:08.124300413
2315.8,2,08:31:08.178941113
2315.8,2,08:31:08.184991312
2315.8,1,08:31:08.185043559
2315.8,3,08:31:08.185191057
2315.8,8,08:31:08.185272418
2315.8,2,08:31:08.185408322
2315.8,1,08:31:08.185439109
2315.7,3,08:31:08.185622111
2315.7,2,08:31:08.185677047
2315.8,2,08:31:08.185825210
2315.8,1,08:31:08.185846797
2315.7,4,08:31:08.231966950
2315.8,1,08:31:08.447523414
2315.8,1,08:31:08.447784047
2315.8,2,08:31:08.447807848
2315.8,2,08:31:08.447896971
2315.9,3,08:31:08.448186128
2316.0,5,08:31:08.448649021
2316.0,1,08:31:08.449047909
2316.1,1,08:31:08.450682195
2316.2,1,08:31:08.461564400
2316.2,2,08:31:08.461902817
2316.2,1,08:31:08.477074997
2316.2,1,08:31:08.531628493
2316.2,1,08:31:08.531973609
2316.2,1,08:31:08.532591101
2316.2,1,08:31:08.569884164
2316.2,1,08:31:08.577455186
2316.1,3,08:31:08.610097407
2316.0,4,08:31:08.610097407
2316.2,1,08:31:08.661585942
2316.2,1,08:31:08.668632384
2316.2,2,08:31:08.814478665
2316.2,1,08:31:08.879440881
2316.3,6,08:31:08.944744873
2316.3,4,08:31:08.945020682
2316.3,1,08:31:09.072311616
2316.4,1,08:31:09.166849870
2316.5,1,08:31:09.444997800
2316.6,2,08:31:09.445011454
2316.4,2,08:31:09.576498987
2316.5,2,08:31:09.578176269
2316.4,2,08:31:09.590947367
2316.6,1,08:31:09.607910725
2316.6,1,08:31:09.607983011
2316.6,1,08:31:09.613977948
2316.6,1,08:31:09.614473663
2316.6,1,08:31:09.640342848
2316.7,3,08:31:09.640457954
2316.7,1,08:31:09.664476309
2316.8,1,08:31:09.666608419
2316.8,1,08:31:09.673720722
2316.8,1,08:31:09.718591526
2316.9,1,08:31:09.734689951
2316.8,4,08:31:09.737253700
2316.7,1,08:31:09.737253700
2316.7,2,08:31:09.737926429
2316.7,1,08:31:09.738378739
2316.8,1,08:31:09.741712183
2316.9,1,08:31:09.777717654
2316.9,1,08:31:09.830867170
2316.9,1,08:31:09.831348578
2317.0,1,08:31:09.853204498
2317.0,1,08:31:09.854259367
2317.0,3,08:31:09.854526995
2317.1,1,08:31:09.879483611
2317.1,2,08:31:09.879492962
2317.2,3,08:31:09.879492962
2317.3,5,08:31:09.879492962
2317.3,2,08:31:09.881346263
2317.1,2,08:31:09.881726821
2317.1,1,08:31:09.882554147
2317.1,2,08:31:09.882795771
2317.2,1,08:31:09.883624296
2317.2,1,08:31:09.888642999
2317.1,1,08:31:10.016342046
2317.0,1,08:31:10.106663293
2317.2,1,08:31:10.106943113
2317.0,1,08:31:10.107024247
2317.1,4,08:31:10.111783303
2317.0,1,08:31:10.112400288
2317.0,1,08:31:10.112712931
2317.1,1,08:31:10.130104788
2317.1,1,08:31:10.130157527
2317.2,2,08:31:10.133497064
2317.2,2,08:31:10.139481280
2317.1,1,08:31:10.139855531
2317.1,1,08:31:10.140214066
2317.0,2,08:31:10.140602627
2317.0,1,08:31:10.161103548
2317.2,1,08:31:10.235046319
2317.2,1,08:31:10.258538768
2317.1,1,08:31:10.353642825
2317.1,1,08:31:10.355403571
2317.2,1,08:31:10.355542975
2317.2,1,08:31:10.478350948
2317.1,3,08:31:10.597331410
2317.2,1,08:31:10.704020589
2317.3,4,08:31:10.704020589
2317.2,1,08:31:10.790880725
2317.2,1,08:31:10.791117866
2317.3,1,08:31:10.809994501
2317.3,2,08:31:10.890785814
2317.3,1,08:31:10.890841015
2317.2,3,08:31:10.930890392
2317.1,4,08:31:10.955021732
2317.1,3,08:31:10.955419580
2317.2,1,08:31:11.124584454
2317.0,2,08:31:11.244571610
2316.9,9,08:31:11.252248867
2316.8,1,08:31:11.253388427
2316.8,1,08:31:11.253627971
2316.8,1,08:31:11.260647591
2316.9,1,08:31:11.300793706
2316.8,1,08:31:11.307603145
2316.7,1,08:31:11.334764203
2316.7,1,08:31:11.335042039
2316.8,1,08:31:11.359421850
2316.8,1,08:31:11.365595008
2317.0,4,08:31:11.377464951
2316.9,1,08:31:11.378041421
2316.9,1,08:31:11.378155135
2316.8,3,08:31:11.379133411
2316.9,1,08:31:11.379364919
2316.8,1,08:31:11.389812861
2317.0,2,08:31:11.504624705
2316.9,3,08:31:11.504624705
2316.9,1,08:31:11.738539194
2316.7,1,08:31:12.118687982
2316.6,1,08:31:12.119862179
2316.5,1,08:31:12.234185551
2316.6,4,08:31:12.430167384
2316.6,4,08:31:12.539974619
2316.5,2,08:31:12.778018787
2316.6,1,08:31:12.788819797
2316.6,1,08:31:12.832260980
2316.6,2,08:31:12.855590338
2316.7,2,08:31:12.877411599
2316.7,1,08:31:12.877775116
2316.8,5,08:31:12.878055493
2316.7,1,08:31:12.878171306
2316.7,1,08:31:12.890451851
2316.6,5,08:31:12.966040488
2316.6,2,08:31:13.099401585
2316.4,2,08:31:13.232969863
2316.4,1,08:31:13.353819937
2316.4,1,08:31:13.354246660
2316.4,6,08:31:13.543043100
2316.2,1,08:31:13.784250564
2316.3,1,08:31:13.784553540
2316.2,1,08:31:13.785237569
2316.3,1,08:31:13.806254532
2316.1,1,08:31:13.833149130
2316.1,1,08:31:13.862584303
2316.2,1,08:31:14.228713840
2316.1,2,08:31:14.527622683
2316.0,2,08:31:14.535788786
2316.0,5,08:31:14.540021083
2315.9,1,08:31:14.850932170
2315.9,1,08:31:14.881240788
2316.1,2,08:31:15.290163394
2316.1,1,08:31:15.290221041
2316.1,2,08:31:15.290425400
2316.1,1,08:31:15.290500467
2316.0,3,08:31:15.365188033
2315.9,1,08:31:15.368503912
2315.9,1,08:31:15.368693829
2316.0,3,08:31:15.427978377
2316.0,1,08:31:15.428257652
2316.0,1,08:31:15.428405111
2315.9,1,08:31:15.746566709
2315.8,1,08:31:15.749967705
2315.8,3,08:31:15.750757493
2316.0,1,08:31:15.830365346
2316.0,1,08:31:15.830719360
2315.9,2,08:31:16.047257987
2315.8,2,08:31:16.193362756
2315.8,2,08:31:16.193995942
2315.8,4,08:31:16.195344297
2315.9,1,08:31:16.624948957
2315.9,1,08:31:16.784728461
2315.9,1,08:31:16.784927601
2316.0,5,08:31:16.785212182
2316.0,1,08:31:16.798286381
2315.9,1,08:31:17.254551737
2315.9,2,08:31:17.260760073
2315.8,1,08:31:17.264597865
2315.8,1,08:31:17.265298663
2315.9,1,08:31:17.265675451
2316.0,1,08:31:17.320069958
2316.1,1,08:31:17.473860242
2315.9,1,08:31:17.546433885
2315.9,1,08:31:17.619609086
2316.1,1,08:31:17.957191909
2316.1,2,08:31:17.957546185
2316.0,1,08:31:18.253184761
2316.0,1,08:31:18.376737272
2315.9,8,08:31:18.585727700
2315.9,1,08:31:18.591294411
2315.9,1,08:31:18.601772986
2315.9,1,08:31:18.630743600
2315.9,1,08:31:18.674118337
2315.8,1,08:31:19.003374504
2315.9,1,08:31:19.211539045
2315.8,1,08:31:20.177876003
2315.8,1,08:31:20.178461954
2315.7,1,08:31:20.178598370
2315.7,1,08:31:20.178614689
2315.8,1,08:31:20.178758524
2315.8,1,08:31:20.178939113
2315.7,2,08:31:20.403345879
2315.7,1,08:31:20.601522092
2315.6,3,08:31:20.692475181
2315.5,2,08:31:20.803205927
2315.6,1,08:31:20.803610587
2315.6,1,08:31:20.804235019
2315.7,1,08:31:20.804339260
2315.8,1,08:31:20.965981473
2315.6,1,08:31:21.068130171
2315.6,1,08:31:21.068407556
2315.5,1,08:31:21.123795759
2315.5,2,08:31:21.125551663
2315.5,1,08:31:21.125788772
2315.5,2,08:31:21.125962974
2315.5,1,08:31:21.126045366
2315.5,1,08:31:21.126325119
2315.6,2,08:31:21.321365268
2315.7,3,08:31:21.321365268
2315.7,1,08:31:21.793177440
2315.7,2,08:31:21.876939852
2315.8,4,08:31:21.929594086
2315.7,1,08:31:21.929594086
2315.9,2,08:31:22.063313705
2315.8,3,08:31:22.063313705
2315.9,1,08:31:22.064209567
2315.9,1,08:31:22.087219101
2316.0,2,08:31:22.087219101
2315.8,2,08:31:22.266736981
2315.6,4,08:31:22.317685049
2315.6,1,08:31:22.508330339
2315.7,3,08:31:22.663558332
2315.8,2,08:31:22.663558332
2315.8,1,08:31:23.033701400
2315.8,3,08:31:23.342398025
2315.9,2,08:31:23.342398025
2315.8,3,08:31:23.914516379
2315.9,3,08:31:23.957063769
2315.8,2,08:31:23.957063769
2315.8,1,08:31:24.272457343
2315.9,5,08:31:24.297391470
2316.0,3,08:31:24.359243567
2316.1,3,08:31:24.512776987
2316.2,2,08:31:24.512776987
2316.0,1,08:31:24.635095251
2316.1,1,08:31:24.760072944
2316.1,1,08:31:24.901692395
2316.0,2,08:31:24.933822330
2316.1,1,08:31:25.098365869
2315.9,1,08:31:25.185369542
2316.0,2,08:31:25.250972753
2315.9,2,08:31:25.250972753
2315.9,1,08:31:25.843381200
2315.9,1,08:31:25.843580729
2315.7,2,08:31:26.015414626
2315.8,3,08:31:26.015414626
2315.8,1,08:31:26.066934998
2315.8,1,08:31:26.364481863
2315.7,4,08:31:26.665761157
2315.8,2,08:31:26.665841328
2315.8,4,08:31:26.785226480
2315.8,2,08:31:27.645246663
2315.8,1,08:31:27.645320434
2315.9,3,08:31:27.668103707
2315.8,1,08:31:27.699055397
2315.9,1,08:31:29.014343793
2315.9,1,08:31:29.079000891
2316.0,5,08:31:29.515736769
2316.0,3,08:31:29.516037268
2316.0,1,08:31:29.516071697
2316.0,1,08:31:29.557009115
2316.1,1,08:31:29.591903461
2316.0,1,08:31:29.691544166
2315.9,3,08:31:30.073780288
2315.8,2,08:31:30.073780288
2316.0,1,08:31:30.141831073
2316.2,1,08:31:30.243945067
2316.0,5,08:31:30.281976580
2315.9,1,08:31:30.367755535
2315.8,5,08:31:30.528181893
2315.8,1,08:31:30.815460923
2315.8,1,08:31:31.070701420
2315.7,1,08:31:31.250845897
2315.6,1,08:31:31.452734910
2315.6,4,08:31:31.946014890
2315.6,2,08:31:31.946310487
2315.5,2,08:31:31.970505638
2315.6,1,08:31:32.243900983
2315.5,2,08:31:32.767161915
2315.4,1,08:31:32.809617481
2315.4,7,08:31:32.809724824
2315.4,1,08:31:32.846375406
2315.5,1,08:31:32.850929628
2315.6,1,08:31:33.045815978
2315.6,1,08:31:33.334266183
2315.6,1,08:31:33.334472718
2315.6,2,08:31:33.381670280
2315.6,8,08:31:33.382237923
2315.5,3,08:31:33.384643245
2315.4,3,08:31:33.388760550
2315.4,1,08:31:33.606745759
2315.6,1,08:31:33.639977055
2315.6,1,08:31:33.876434226
2315.6,1,08:31:33.876904991
2315.7,2,08:31:33.876904991
2315.8,1,08:31:33.904901052
2315.8,1,08:31:33.905462804
2315.7,1,08:31:33.916496575
2315.7,1,08:31:33.957479773
2315.6,2,08:31:33.981851316
2315.6,1,08:31:33.982118775
2315.6,2,08:31:33.983701702
2316.2,6,08:31:34.115037051
2316.4,5,08:31:34.115037051
2315.9,9,08:31:34.115037051
2315.7,6,08:31:34.115037051
2316.3,9,08:31:34.115037051
2315.8,4,08:31:34.115037051
2316.1,5,08:31:34.115037051
2316.0,6,08:31:34.115037051
2315.9,1,08:31:34.117636179
2315.9,1,08:31:34.117680506
2316.1,1,08:31:34.117718228
2316.0,1,08:31:34.120911703
2316.2,1,08:31:34.127633288
2316.1,1,08:31:34.135818765
2316.0,1,08:31:34.136788382
2316.0,1,08:31:34.156202814
2316.2,1,08:31:34.239409354
2316.0,1,08:31:34.364163406
2316.1,1,08:31:34.446002057
2316.1,2,08:31:34.446286661
2316.2,1,08:31:34.473261199
2316.2,1,08:31:34.473515572
2316.1,3,08:31:34.807705233
2316.1,1,08:31:34.948234977
2316.1,1,08:31:34.948558637
2315.9,4,08:31:35.072265790
2315.9,1,08:31:35.072843226
2315.9,1,08:31:35.073232545
2316.0,1,08:31:35.211286248
2316.0,1,08:31:35.261740173
2316.2,1,08:31:35.641119154
2316.2,7,08:31:35.641392635
2316.1,2,08:31:35.641533662
2316.2,1,08:31:35.641636403
2316.2,1,08:31:35.642270195
2316.1,1,08:31:35.865792588
2316.1,1,08:31:35.866017616
2316.1,2,08:31:35.867475470
2316.1,1,08:31:35.867855743
2316.0,1,08:31:36.484490824
2316.0,2,08:31:36.484716070
2316.0,1,08:31:36.484750759
2316.0,1,08:31:36.484939219
2315.9,2,08:31:36.532638837
2316.1,1,08:31:36.580241542
2316.1,2,08:31:36.769037408
2316.2,1,08:31:37.179402077
2316.1,1,08:31:37.400274992
2316.1,1,08:31:37.400476353
2316.2,2,08:31:37.417433775
2316.1,1,08:31:37.564727455
2316.3,1,08:31:37.577326210
2316.3,1,08:31:37.577388417
2316.3,1,08:31:37.577593464
2316.3,1,08:31:37.592430040
2316.2,1,08:31:37.619573814
2316.4,2,08:31:37.877395016
2316.3,1,08:31:37.907648628
2316.2,4,08:31:37.907648628
2316.3,2,08:31:38.701830018
2316.4,3,08:31:38.701830018
2316.3,1,08:31:38.742592706
2316.5,1,08:31:38.763061837
2316.5,3,08:31:38.763455122
2316.5,1,08:31:38.764707410
2316.4,1,08:31:38.785898056
2316.5,1,08:31:39.041489773
2316.5,1,08:31:39.049186152
2316.3,1,08:31:39.141853382
2316.2,1,08:31:39.143324330
2316.1,4,08:31:39.334315185
2316.2,5,08:31:39.374677083
2316.0,1,08:31:39.582267876
2316.1,3,08:31:39.773333894
2316.2,5,08:31:39.773333894
2316.0,2,08:31:39.773333894
2316.0,1,08:31:39.828371297
2316.0,1,08:31:39.828765247
2316.1,4,08:31:40.007585688
2316.0,1,08:31:40.007585688
2316.0,2,08:31:40.028554862
2316.0,1,08:31:40.038851104
2316.0,1,08:31:40.056310520
2316.1,1,08:31:40.511241887
2316.1,1,08:31:40.647709057
2316.1,1,08:31:40.647943627
2316.3,2,08:31:40.783233458
2316.2,2,08:31:40.783233458
2316.1,1,08:31:40.783233458
2316.0,2,08:31:40.839172658
2316.0,2,08:31:41.219271888
2316.1,1,08:31:41.605689534
2316.1,2,08:31:41.605945789
2316.2,1,08:31:41.682916042
2316.1,1,08:31:41.706782652
2316.3,1,08:31:41.881120326
2316.4,2,08:31:41.881130578
2316.5,3,08:31:41.881130578
2316.4,1,08:31:41.882645646
2316.6,2,08:31:42.035076754
2316.5,3,08:31:42.035076754
2316.4,3,08:31:42.074726879
2316.7,5,08:31:42.401325869
2316.5,2,08:31:42.401325869
2316.6,3,08:31:42.401325869
2316.5,1,08:31:42.402528178
2316.4,2,08:31:42.403807273
2316.4,1,08:31:42.404272853
2316.4,1,08:31:42.404532138
2316.6,3,08:31:42.782175506
2316.7,2,08:31:42.782175506
2316.6,3,08:31:43.005145872
2316.6,1,08:31:43.046621756
2316.6,1,08:31:43.085190630
2316.7,1,08:31:43.131417616
2316.7,2,08:31:43.132090049
2316.7,1,08:31:43.135166031
2316.6,1,08:31:43.150483078
2316.6,2,08:31:43.150728232
2316.8,2,08:31:43.222393332
2316.7,3,08:31:43.222393332
2316.7,2,08:31:43.334918651
2316.6,2,08:31:43.335926943
2316.7,1,08:31:43.455176626
2316.5,11,08:31:44.070013699
2316.4,1,08:31:44.071390661
2316.3,1,08:31:44.247039953
2316.4,1,08:31:44.376937029
2316.4,1,08:31:44.493648210
2316.4,1,08:31:44.493885793
2316.6,7,08:31:44.776113365
2316.5,3,08:31:44.776113365
2316.7,1,08:31:44.837252807
2316.7,1,08:31:45.053724292
2316.7,1,08:31:45.054349778
2316.5,4,08:31:45.186726649
2316.4,3,08:31:45.853480685
2316.5,1,08:31:45.853593494
2316.4,1,08:31:45.881119871
2316.6,3,08:31:46.003565979
2316.5,2,08:31:46.003565979
2316.4,2,08:31:46.004469163
2316.4,1,08:31:46.004743325
2316.5,1,08:31:46.102481350
2316.5,1,08:31:46.194695770
2316.6,2,08:31:46.542568308
2316.7,3,08:31:46.845189742
2316.7,2,08:31:47.071481996
2316.8,2,08:31:47.075536084
2316.8,2,08:31:47.075584030
2316.9,1,08:31:47.075688548
2316.9,5,08:31:47.076127920
2316.9,3,08:31:47.076161629
2316.9,8,08:31:47.076342964
2317.1,1,08:31:47.287816366
2317.0,4,08:31:47.287816366
2317.1,1,08:31:47.287829919
2317.1,3,08:31:47.287829919
2317.1,2,08:31:47.287829919
2316.9,5,08:31:47.322343008
2316.9,1,08:31:47.322916972
2317.0,1,08:31:47.707985201
2316.8,12,08:31:48.186214076
2316.7,3,08:31:48.186881322
2316.9,5,08:31:48.353156951
2316.8,1,08:31:49.437920647
2316.7,1,08:31:49.448679520
2316.9,1,08:31:49.567187761
2316.9,1,08:31:49.627126390
2317.0,1,08:31:49.775266895
2316.9,4,08:31:49.775266895
2316.9,1,08:31:50.485844413
2317.0,3,08:31:50.523398463
2317.1,7,08:31:50.523398463
2316.9,4,08:31:50.534910700
2316.7,2,08:31:50.793963066
2316.6,1,08:31:51.017775445
2316.7,2,08:31:51.802044234
2317.1,4,08:31:52.285441536
2317.0,1,08:31:52.286720814
2317.1,1,08:31:52.460539898
2317.1,1,08:31:52.461114303
2317.2,4,08:31:52.484370145
2317.2,1,08:31:52.486279976
2317.2,1,08:31:52.487450988
2317.2,1,08:31:52.488580288
2317.3,2,08:31:52.489044700
2317.2,1,08:31:52.489068422
2317.4,1,08:31:52.507298497
2317.4,2,08:31:52.536094780
2317.4,1,08:31:52.654031016
2317.4,1,08:31:52.675373249
2317.4,1,08:31:52.728909091
2317.4,1,08:31:53.110099975
2317.5,1,08:31:53.221701866
2317.5,1,08:31:53.399054052
2317.3,1,08:31:53.410167485
2317.5,3,08:31:53.627616979
2317.5,1,08:31:53.723429206
2317.6,5,08:31:53.744998391
2317.6,1,08:31:53.745147057
2317.7,1,08:31:53.882761736
2317.6,1,08:31:53.883230433
2317.6,2,08:31:53.883490602
2317.6,1,08:31:54.503564600
2317.5,1,08:31:54.769233863
2317.5,1,08:31:54.769279279
2317.6,1,08:31:54.938997175
2317.6,2,08:31:54.939037471
2317.6,1,08:31:54.943733417
2317.7,3,08:31:54.943847147
2317.6,1,08:31:54.944111451
2317.5,1,08:31:55.271069224
2317.5,1,08:31:55.272151710
2317.4,1,08:31:55.311953808
2317.4,1,08:31:55.312388687
2317.3,2,08:31:55.436725069
2317.3,1,08:31:55.492788876
2317.5,2,08:31:55.606827527
2317.6,3,08:31:55.606827527
2317.4,1,08:31:55.699141992
2317.5,1,08:31:55.738700780
2317.5,1,08:31:55.755554872
2317.5,1,08:31:55.852795135
2317.5,1,08:31:56.877199730
2317.6,1,08:31:57.347198964
2317.5,1,08:31:57.777639428
2317.4,1,08:31:58.070147470
2317.6,2,08:31:58.117180148
2317.4,1,08:31:58.117180148
2317.5,2,08:31:58.117180148
2317.3,1,08:31:58.688100369
2317.3,2,08:31:58.745423169
2317.4,1,08:31:58.747107305
2317.2,2,08:31:59.085713737
2317.3,1,08:31:59.111831250
2317.2,1,08:31:59.503472920
2317.4,2,08:31:59.503472920
2317.3,3,08:31:59.503472920
2317.1,1,08:32:00.024508099
2317.0,1,08:32:00.064322211
2317.0,1,08:32:00.064334183
2317.0,2,08:32:00.065406643
