price,volume,timestamp
2366.4,1,09:30:00.077898503
2366.3,1,09:30:00.120223208
2366.3,1,09:30:00.131285600
2366.3,1,09:30:00.131553394
2366.2,1,09:30:00.287312839
2366.2,1,09:30:00.287465792
2366.2,3,09:30:00.287574335
2366.2,1,09:30:00.300000519
2366.2,1,09:30:00.300300422
2366.2,1,09:30:00.363800872
2366.1,1,09:30:00.365330916
2366.0,1,09:30:00.378715243
2366.0,1,09:30:00.378962986
2366.0,1,09:30:00.379024885
2366.0,1,09:30:00.379027364
2366.0,1,09:30:00.379120080
2366.0,1,09:30:00.379311598
2366.0,1,09:30:00.379504846
2366.0,1,09:30:00.379652029
2366.1,1,09:30:00.381974855
2366.1,1,09:30:00.426776669
2366.1,1,09:30:00.426830497
2366.1,1,09:30:00.427486207
2366.1,1,09:30:00.509990899
2366.2,1,09:30:00.512161819
2366.1,4,09:30:00.613810852
2366.1,1,09:30:00.615179248
2366.0,1,09:30:00.615773958
2366.0,3,09:30:00.615909279
2366.0,1,09:30:00.793646928
2366.0,1,09:30:00.794942058
2366.1,2,09:30:00.829628525
2366.0,1,09:30:00.863999656
2366.0,1,09:30:00.864084745
2366.0,1,09:30:00.993396671
2366.1,1,09:30:01.100973457
2366.1,1,09:30:01.118416576
2366.1,1,09:30:01.867877509
2366.0,1,09:30:02.046400060
2365.8,5,09:30:02.107581695
2365.7,5,09:30:02.111676824
2365.6,1,09:30:02.111694533
2365.6,1,09:30:02.123036244
2365.6,2,09:30:02.133418597
2365.5,1,09:30:02.150641139
2365.5,2,09:30:02.150655855
2365.1,5,09:30:02.150655855
2365.2,19,09:30:02.150655855
2365.3,15,09:30:02.150655855
2365.4,9,09:30:02.150655855
2365.1,1,09:30:02.151087868
2365.1,1,09:30:02.151096194
2365.1,3,09:30:02.151096194
2365.1,1,09:30:02.151105078
2365.0,1,09:30:02.151105078
2365.0,1,09:30:02.151242549
2365.0,1,09:30:02.151250396
2365.3,1,09:30:02.152816514
2365.3,1,09:30:02.157353149
2365.3,1,09:30:02.158516091
2365.3,1,09:30:02.159261968
2365.3,1,09:30:02.159685382
2365.4,3,09:30:02.163049916
2365.4,2,09:30:02.163352608
2365.4,1,09:30:02.168591510
2365.4,1,09:30:02.168958970
2365.4,1,09:30:02.169209238
2365.4,1,09:30:02.169864702
2365.4,1,09:30:02.170532381
2365.5,1,09:30:02.177231300
2365.5,1,09:30:02.190092474
2365.6,1,09:30:02.202646538
2365.6,1,09:30:02.202681063
2365.7,1,09:30:02.224681890
2365.8,5,09:30:02.225760440
2365.9,8,09:30:02.227256742
2365.9,1,09:30:02.228332303
2366.0,3,09:30:02.228595254
2365.9,1,09:30:02.228845043
2365.9,1,09:30:02.228889476
2365.9,1,09:30:02.229508836
2365.9,1,09:30:02.229680598
2365.9,1,09:30:02.231023010
2366.0,2,09:30:02.231058646
2366.0,1,09:30:02.231271124
2366.0,3,09:30:02.231953959
2365.9,2,09:30:02.232746066
2365.8,2,09:30:02.234333329
2365.9,1,09:30:02.234333329
2366.0,2,09:30:02.234877289
2366.0,4,09:30:02.235072592
2365.9,1,09:30:02.235276142
2366.0,1,09:30:02.236245096
2366.0,1,09:30:02.236666250
2366.0,1,09:30:02.249723969
2366.0,1,09:30:02.250297177
2366.0,1,09:30:02.263356230
2365.9,1,09:30:02.294298067
2365.9,1,09:30:02.326825736
2365.9,1,09:30:02.326903597
2365.9,1,09:30:02.364624398
2365.9,1,09:30:02.413041354
2366.0,1,09:30:02.670398528
2365.9,1,09:30:02.690613081
2366.0,1,09:30:02.755825866
2366.1,1,09:30:02.765573310
2366.1,1,09:30:02.767762503
2366.0,2,09:30:02.767762503
2366.1,1,09:30:03.017058755
2366.1,1,09:30:03.236963578
2366.0,2,09:30:03.471925705
2365.9,1,09:30:03.734089146
2365.8,1,09:30:03.794035101
2365.8,1,09:30:03.794411876
2365.8,1,09:30:03.794479109
2365.7,8,09:30:04.028992529
2365.6,1,09:30:04.034728380
2365.5,1,09:30:04.101458957
2365.7,2,09:30:04.286853728
2365.7,1,09:30:04.286946325
2365.7,1,09:30:04.303208668
2365.7,3,09:30:04.481599966
2365.6,1,09:30:04.642144107
2365.6,1,09:30:04.703467360
2365.7,1,09:30:04.923271887
2365.5,1,09:30:05.157601496
2365.4,1,09:30:05.170320716
2365.4,1,09:30:05.217784688
2365.4,2,09:30:05.292987706
2365.5,1,09:30:05.588687481
2365.5,1,09:30:05.588810405
2365.4,1,09:30:05.596907499
2365.4,2,09:30:05.853590979
2365.3,4,09:30:06.072555572
2365.3,1,09:30:06.089786076
2365.3,1,09:30:06.090066411
2365.4,1,09:30:06.095003310
2365.3,1,09:30:07.682235433
2365.3,1,09:30:07.682747431
2365.1,2,09:30:07.917329800
2365.2,1,09:30:07.918381827
2365.2,1,09:30:07.929410609
2365.2,3,09:30:08.093755118
2365.1,2,09:30:08.095110743
2365.1,1,09:30:08.096498195
2365.0,3,09:30:08.097564756
2365.0,1,09:30:08.098955323
2365.1,2,09:30:08.101622199
2365.1,1,09:30:08.177093754
2365.2,2,09:30:08.371356328
2365.1,4,09:30:08.484179739
2365.0,8,09:30:08.484179739
2364.9,11,09:30:08.484179739
2364.9,1,09:30:08.485468277
2364.9,1,09:30:08.485739787
2364.9,1,09:30:08.485821439
2364.9,4,09:30:08.485899198
2364.9,1,09:30:08.488445927
2365.0,1,09:30:08.489541402
2365.0,1,09:30:08.489708035
2365.0,1,09:30:08.489930748
2365.0,1,09:30:08.492273262
2365.0,2,09:30:08.498069677
2365.1,3,09:30:08.505268729
2365.1,1,09:30:08.505835692
2365.2,1,09:30:08.634092677
2365.0,1,09:30:08.716514083
2365.1,1,09:30:08.716878407
2365.2,1,09:30:08.912503907
2365.2,1,09:30:09.065536885
2365.2,1,09:30:09.065742246
2365.2,1,09:30:09.112441241
2365.2,1,09:30:09.112542955
2365.1,2,09:30:09.396625899
2365.1,1,09:30:09.688235712
2365.2,2,09:30:09.948547685
2365.2,1,09:30:09.961135785
2365.2,1,09:30:09.966260025
2365.2,2,09:30:10.036671828
2365.2,1,09:30:10.036883668
2365.3,3,09:30:10.454483096
2365.3,1,09:30:10.454746496
2365.2,1,09:30:10.932192067
2365.3,1,09:30:10.996713099
2365.1,1,09:30:11.344010722
2365.2,1,09:30:11.459193780
2365.2,1,09:30:11.609363969
2365.2,1,09:30:11.612137938
2365.3,1,09:30:11.627637581
2365.2,1,09:30:11.828823449
2365.2,1,09:30:12.102103126
2365.2,1,09:30:12.102216920
2365.0,1,09:30:12.428671622
2365.0,1,09:30:12.428858188
2364.9,5,09:30:12.491366505
2364.8,2,09:30:12.495999719
2364.9,1,09:30:12.707063899
2365.0,1,09:30:13.008603608
2364.9,1,09:30:13.149510134
2365.0,1,09:30:13.207886984
2365.0,1,09:30:13.499808229
2365.0,1,09:30:13.502747280
2364.9,4,09:30:14.014872333
2365.0,1,09:30:14.015861041
2365.0,1,09:30:14.328735850
2365.0,4,09:30:14.329180092
2365.0,1,09:30:14.354760966
2364.9,1,09:30:15.241119079
2364.9,2,09:30:15.262484127
2365.0,2,09:30:15.583493228
2365.0,1,09:30:15.590710445
2365.1,3,09:30:15.729745732
2364.9,1,09:30:16.706555412
2365.0,4,09:30:16.706555412
2365.1,1,09:30:16.707802558
2365.2,6,09:30:16.823592382
2365.3,1,09:30:16.866613711
2365.3,7,09:30:16.866932911
2365.3,1,09:30:16.867032602
2365.3,1,09:30:16.867104373
2365.3,1,09:30:16.867230638
2365.2,6,09:30:16.971219454
2365.2,1,09:30:16.971891048
2365.3,1,09:30:17.093826009
2365.1,2,09:30:17.281572701
2365.1,1,09:30:17.435678108
2365.2,2,09:30:17.444473402
2365.2,1,09:30:17.445476606
2365.0,1,09:30:18.183366992
2365.0,1,09:30:18.275325307
2365.0,1,09:30:18.345002348
2365.1,1,09:30:19.055124291
2365.2,9,09:30:19.411392271
2365.3,6,09:30:19.411392271
2365.3,2,09:30:19.412418539
2365.3,1,09:30:19.413901599
2365.3,1,09:30:19.414683804
2365.3,1,09:30:19.415863866
2365.1,1,09:30:19.967936050
2365.1,1,09:30:19.974029990
2365.1,1,09:30:20.335904716
2365.0,1,09:30:20.636773656
2365.0,1,09:30:21.494476961
2365.0,2,09:30:21.777857820
2364.9,3,09:30:21.777857820
2365.0,1,09:30:21.778697850
2364.9,1,09:30:21.798169708
2364.9,1,09:30:21.798858061
2364.9,1,09:30:22.124862487
2364.9,1,09:30:22.126421584
2364.9,1,09:30:22.126499608
2364.9,1,09:30:22.126743232
2364.9,1,09:30:22.127101338
2365.0,1,09:30:22.226624838
2365.1,1,09:30:22.604193947
2365.1,1,09:30:22.695063788
2365.0,1,09:30:24.241904581
2365.0,1,09:30:24.712436633
2365.1,4,09:30:24.975612538
2365.2,3,09:30:25.339651054
2365.3,2,09:30:25.339651054
2365.3,1,09:30:25.339663829
2365.2,1,09:30:25.340639174
2365.2,1,09:30:25.341271392
2365.1,2,09:30:25.545215957
2365.0,2,09:30:25.756524641
2365.0,7,09:30:25.960682303
2364.9,3,09:30:27.136567611
2364.6,1,09:30:27.361776233
2364.6,2,09:30:27.362129146
2364.6,2,09:30:27.363114455
2364.6,1,09:30:27.363579575
2364.6,1,09:30:27.377513664
2364.7,1,09:30:27.392626685
2364.7,1,09:30:27.392821371
2364.6,2,09:30:28.683000207
2364.6,1,09:30:28.702084841
2364.6,1,09:30:28.942069805
2364.7,3,09:30:28.943351079
2364.7,2,09:30:28.949618184
2364.7,2,09:30:29.659609644
2364.7,2,09:30:29.660546325
2364.7,1,09:30:29.660826876
2364.7,1,09:30:29.668891721
2364.6,1,09:30:29.681497550
2364.7,1,09:30:30.103021598
2364.7,1,09:30:30.254221890
2364.7,1,09:30:30.254421664
2364.6,1,09:30:30.483825999
2364.5,1,09:30:30.494688073
2364.4,7,09:30:30.494699901
2364.3,7,09:30:30.494699901
2364.5,1,09:30:30.494699901
2364.4,1,09:30:30.497169227
2364.5,1,09:30:30.499035498
2364.4,1,09:30:30.514810795
2364.6,1,09:30:30.516759801
2364.7,1,09:30:30.556535149
2364.6,1,09:30:31.266594862
2364.7,1,09:30:31.337150477
2364.7,1,09:30:31.337336756
2364.6,1,09:30:32.134983867
2364.6,1,09:30:32.135935368
2364.7,1,09:30:32.155053526
2364.8,1,09:30:32.374145502
2364.8,1,09:30:32.374161570
2364.8,2,09:30:32.374347315
2364.8,1,09:30:33.033887005
2364.8,1,09:30:33.294909333
2364.8,3,09:30:33.681769015
2364.7,1,09:30:34.265140769
2364.8,1,09:30:35.394989261
2364.8,1,09:30:35.395219147
2364.9,1,09:30:35.435018735
2364.9,1,09:30:35.523935670
2364.9,1,09:30:35.524997564
2365.0,3,09:30:35.659542211
2364.9,1,09:30:35.793362648
2364.9,1,09:30:35.798181612
2364.9,1,09:30:35.798506329
2365.1,1,09:30:36.968872849
2365.1,2,09:30:36.969094495
2365.2,2,09:30:37.585121684
2365.2,3,09:30:38.488084415
2365.2,1,09:30:38.493464575
2365.2,1,09:30:38.813586438
2365.1,7,09:30:40.346892402
2365.2,1,09:30:40.623546221
2365.2,1,09:30:40.639074822
2365.2,1,09:30:41.008744311
2365.2,1,09:30:41.014525118
2365.2,1,09:30:41.097621175
2365.3,1,09:30:41.097816030
2365.3,2,09:30:41.098872855
2365.4,1,09:30:41.123520273
2365.4,2,09:30:41.123909177
2365.5,1,09:30:41.188348463
2365.5,1,09:30:41.188623124
2365.5,3,09:30:41.188865699
2365.5,1,09:30:41.189015385
2365.5,1,09:30:41.189488921
2365.5,1,09:30:41.191231964
2365.7,1,09:30:41.480708598
2365.6,1,09:30:41.481308921
2365.6,1,09:30:41.481494896
2365.6,1,09:30:41.520436928
2365.7,3,09:30:41.571754636
2365.8,1,09:30:41.602524472
2365.8,1,09:30:41.602536124
2365.7,1,09:30:41.618833181
2365.8,1,09:30:41.619377730
2365.9,2,09:30:41.722429191
2365.9,3,09:30:41.836918769
2365.9,2,09:30:42.586453955
2365.9,1,09:30:42.586535983
2365.9,2,09:30:42.586994120
2365.9,2,09:30:42.666093065
2365.9,1,09:30:42.666609175
2365.9,1,09:30:42.921650400
2365.7,1,09:30:43.104790349
2365.7,1,09:30:43.105094560
2365.6,1,09:30:43.117626751
2365.6,1,09:30:43.117799222
2365.6,1,09:30:43.118245013
2365.7,1,09:30:43.736001362
2365.6,1,09:30:45.139526360
2365.5,1,09:30:45.405525116
2365.5,1,09:30:45.406587989
2365.6,1,09:30:45.647459501
2365.7,1,09:30:45.650681780
2365.8,1,09:30:46.382827510
2365.8,1,09:30:46.383235339
2365.8,2,09:30:46.425676098
2365.8,5,09:30:46.796360234
2365.7,1,09:30:47.026977002
2365.8,1,09:30:47.275662618
2365.6,4,09:30:48.270779929
2365.6,1,09:30:48.270843237
2365.6,2,09:30:48.270937257
2365.6,1,09:30:48.271389974
2365.6,1,09:30:48.271690398
2365.7,4,09:30:48.273040883
2365.7,1,09:30:48.280967695
2365.5,10,09:30:48.445683920
2365.4,3,09:30:49.466337152
2365.4,3,09:30:50.006340917
2365.5,1,09:30:50.469072015
2365.5,3,09:30:50.469426969
2365.4,3,09:30:50.469725720
2365.4,1,09:30:50.470684646
2365.3,4,09:30:51.310238500
2365.3,2,09:30:51.310488746
2365.3,1,09:30:51.312593365
2365.3,2,09:30:51.314124842
2365.3,3,09:30:51.361552194
2365.3,2,09:30:51.361637853
2365.4,5,09:30:51.579562049
2365.3,8,09:30:51.585559718
2365.4,1,09:30:51.588325486
2365.3,1,09:30:52.388746639
2365.2,3,09:30:52.432484278
2365.2,1,09:30:52.433425459
2365.2,1,09:30:52.434334235
2365.2,2,09:30:52.680371153
2365.1,1,09:30:53.032743415
2365.1,1,09:30:53.155529656
2365.0,3,09:30:53.824121762
2364.9,2,09:30:54.298363806
2364.9,1,09:30:54.299044014
2364.9,1,09:30:54.603278292
2364.8,2,09:30:54.625565122
2364.9,5,09:30:55.093245333
2364.9,2,09:30:55.093877367
2364.9,1,09:30:55.645712228
2364.9,1,09:30:55.646394453
2364.8,1,09:30:56.163444492
2364.7,1,09:30:57.140525078
2364.7,1,09:30:57.140549481
2364.6,2,09:30:57.416549203
2364.6,1,09:30:57.430498866
2364.5,4,09:30:57.666083975
2364.4,1,09:30:59.006107477
2364.4,1,09:30:59.019298571
2364.3,1,09:30:59.685599699
2364.5,1,09:31:00.005972691
2364.3,3,09:31:00.015061151
2364.4,1,09:31:00.016231984
2364.4,1,09:31:00.290820792
2364.5,1,09:31:00.531793303
2364.5,4,09:31:00.531916102
2364.5,2,09:31:00.779619521
2364.5,2,09:31:00.779867708
2364.6,2,09:31:00.913373706
2364.6,3,09:31:00.913593199
2364.6,2,09:31:00.913681555
2364.6,1,09:31:00.919525020
2364.6,1,09:31:00.919773141
2364.5,1,09:31:01.020190363
2364.5,2,09:31:01.300318274
2364.6,2,09:31:01.373227225
2364.6,2,09:31:01.725819247
2364.6,1,09:31:01.725889556
2364.7,2,09:31:01.986806846
2364.7,1,09:31:01.987106449
2364.7,1,09:31:01.988346311
2364.7,1,09:31:01.988402408
2364.6,1,09:31:03.032104640
2364.6,2,09:31:03.032206363
2364.3,2,09:31:03.078835998
2364.2,2,09:31:03.096749536
2364.2,1,09:31:03.096771251
2364.2,4,09:31:03.096993390
2364.2,2,09:31:03.098877601
2364.2,1,09:31:03.098916908
2364.2,1,09:31:03.099602297
2364.3,2,09:31:03.108671981
2364.4,1,09:31:03.138223578
2364.4,1,09:31:03.138425841
2364.4,1,09:31:03.306760970
2364.4,1,09:31:03.307044973
2364.6,1,09:31:03.544855190
2364.5,2,09:31:03.597800013
2364.5,3,09:31:04.564813737
2364.5,1,09:31:04.566412599
2364.5,1,09:31:04.566456136
2364.7,5,09:31:04.907423252
2364.7,2,09:31:05.345010083
2364.7,1,09:31:05.710091489
2364.6,2,09:31:06.359074614
2364.8,1,09:31:06.691421142
2364.8,2,09:31:06.691921690
2364.9,1,09:31:06.724827044
2364.9,1,09:31:06.725708396
2364.9,1,09:31:07.153817535
2365.0,1,09:31:07.383444981
2365.0,3,09:31:07.383789381
2365.1,1,09:31:07.423525753
2365.1,2,09:31:07.423618728
2365.1,1,09:31:07.423817458
2365.1,1,09:31:07.423920344
2365.1,1,09:31:07.424082173
2365.2,1,09:31:07.783246885
2365.2,1,09:31:07.842522774
2365.3,1,09:31:08.312439930
2365.2,3,09:31:09.936377413
2365.1,1,09:31:09.937143201
2365.1,1,09:31:10.101816921
2365.0,1,09:31:10.406648001
2364.9,1,09:31:10.595481961
2365.0,1,09:31:11.274238329
2364.9,1,09:31:11.584340239
2364.9,1,09:31:11.584499503
2365.0,2,09:31:11.594790699
2365.0,1,09:31:11.599840663
2365.0,1,09:31:11.600043586
2365.0,1,09:31:11.600533814
2365.1,1,09:31:11.756388104
2365.0,2,09:31:11.790530725
2364.9,1,09:31:11.790530725
2365.0,1,09:31:11.838950455
2365.1,2,09:31:12.046113332
2365.1,1,09:31:12.086902155
2365.0,1,09:31:12.456797502
2365.0,1,09:31:12.796469061
2365.0,1,09:31:13.818179095
2365.0,1,09:31:13.818409151
2365.0,1,09:31:13.818625469
2364.9,3,09:31:13.993349886
2365.0,2,09:31:14.113357168
2365.1,1,09:31:14.157215441
2365.1,2,09:31:14.202897825
2365.2,1,09:31:14.340956447
2365.2,1,09:31:14.363057478
2365.2,1,09:31:14.365839125
2365.2,1,09:31:14.366179352
2365.2,2,09:31:14.570075975
2365.3,2,09:31:14.570075975
2365.2,1,09:31:14.756395554
2365.2,1,09:31:14.996760755
2365.2,2,09:31:15.369919503
2365.2,1,09:31:15.564601496
2365.2,2,09:31:16.017285940
2365.3,2,09:31:16.270898454
2365.3,1,09:31:16.490267087
2365.3,1,09:31:16.490468972
2365.3,1,09:31:16.524892995
2365.3,1,09:31:16.524935745
2365.3,1,09:31:16.704844753
2365.4,1,09:31:16.972536109
2365.3,1,09:31:17.652895589
2365.4,9,09:31:17.660697199
2365.5,1,09:31:17.660697199
2365.4,1,09:31:17.662603011
2365.4,1,09:31:18.946519461
2365.5,1,09:31:18.946760442
2365.4,1,09:31:18.947001429
2365.4,1,09:31:18.947055616
2365.5,4,09:31:18.958716993
2365.4,1,09:31:19.227842694
2365.5,1,09:31:19.718925011
2365.5,1,09:31:19.718990318
2365.6,1,09:31:19.731685338
2365.6,1,09:31:19.910764012
2365.5,1,09:31:20.853975712
2365.6,3,09:31:20.854381240
2365.5,1,09:31:20.928186033
2365.5,2,09:31:21.213168214
2365.2,1,09:31:22.395116926
2365.1,1,09:31:23.164123271
2365.1,2,09:31:23.164539085
2365.1,3,09:31:23.556408497
2365.1,1,09:31:23.556475350
2365.1,1,09:31:23.557408729
2365.2,1,09:31:24.208069819
2365.2,1,09:31:26.094099128
2365.2,1,09:31:26.097753468
2365.2,1,09:31:26.098093180
2365.0,4,09:31:26.547462705
2365.1,1,09:31:26.706225274
2365.0,2,09:31:27.364944431
2364.9,1,09:31:27.366380012
2364.9,2,09:31:27.366668601
2364.9,1,09:31:27.919283017
2364.8,3,09:31:29.019230827
2364.8,1,09:31:29.019725922
2364.8,1,09:31:29.019864626
2364.9,1,09:31:29.086201838
2364.9,1,09:31:29.444600970
2364.9,1,09:31:29.921665847
2364.9,1,09:31:30.241777392
2365.0,1,09:31:30.245859845
2365.0,1,09:31:30.246320398
2365.1,2,09:31:30.524352381
2365.2,1,09:31:30.585669812
2365.2,2,09:31:30.585867159
2365.2,1,09:31:30.585973137
2365.2,1,09:31:30.968005202
2365.2,4,09:31:31.553557790
2365.3,1,09:31:31.605706514
2365.3,1,09:31:31.658960739
2365.3,1,09:31:32.530839732
2365.3,1,09:31:32.531012309
2365.2,2,09:31:32.835608078
2365.2,1,09:31:32.835872393
2365.3,1,09:31:32.978261327
2365.3,1,09:31:33.033426812
2365.4,4,09:31:33.086896905
2365.4,2,09:31:33.087181152
2365.4,1,09:31:33.087243950
2365.4,1,09:31:33.088485350
2365.3,3,09:31:33.207923965
2365.3,1,09:31:33.243921226
2365.3,1,09:31:33.244252794
2365.1,1,09:31:34.614581260
2365.0,3,09:31:34.717277797
2364.9,1,09:31:35.015391585
2364.8,1,09:31:35.189918573
2364.9,5,09:31:35.429757611
2365.0,4,09:31:35.577012408
2365.0,1,09:31:36.573171304
2365.0,1,09:31:36.573238828
2365.0,1,09:31:36.573541376
2365.0,1,09:31:36.573687580
2365.0,1,09:31:36.574612495
2365.1,1,09:31:36.601627904
2365.1,4,09:31:36.602193643
2365.1,1,09:31:36.602783508
2365.2,1,09:31:36.660250857
2365.2,1,09:31:37.411672973
2365.2,5,09:31:38.576115124
2365.3,2,09:31:38.954658799
2365.4,11,09:31:38.954658799
2365.5,1,09:31:38.960138295
2365.5,1,09:31:39.015005430
2365.5,1,09:31:39.015045990
2365.4,1,09:31:39.399800947
2365.5,1,09:31:39.584509896
2365.5,1,09:31:39.866083312
2365.5,1,09:31:40.525638859
2365.5,1,09:31:40.525916852
2365.5,1,09:31:40.526079982
2365.4,1,09:31:40.600122940
2365.4,1,09:31:40.753119414
2365.4,1,09:31:40.753331293
2365.4,1,09:31:40.753367745
2365.4,3,09:31:40.753403346
2365.4,4,09:31:40.753453379
2365.3,1,09:31:41.094211395
2365.5,3,09:31:41.774489101
2365.4,1,09:31:41.774816371
2365.4,1,09:31:41.774847217
2365.4,1,09:31:41.774922717
2365.5,2,09:31:41.784579504
2365.6,1,09:31:41.858456477
2365.6,1,09:31:41.858560572
2365.6,1,09:31:41.858648062
2365.6,1,09:31:41.882578452
2365.6,2,09:31:41.926584056
2365.5,1,09:31:42.175091816
2365.5,1,09:31:42.177053311
2365.6,1,09:31:42.477442457
2365.6,1,09:31:43.612347479
2365.7,1,09:31:43.612347479
2365.7,6,09:31:43.907064934
2365.6,2,09:31:44.006509523
2365.6,1,09:31:45.002227566
2365.5,2,09:31:45.220149938
2365.4,1,09:31:45.220163804
2365.7,5,09:31:45.323179837
2365.6,14,09:31:45.323179837
2365.5,6,09:31:45.323179837
2365.7,1,09:31:47.331254702
2365.7,1,09:31:47.331536103
2365.8,3,09:31:48.633103938
2365.9,1,09:31:48.783590267
2365.9,5,09:31:48.885812442
2365.9,1,09:31:49.042704813
2366.0,9,09:31:49.605501725
2365.9,1,09:31:49.605501725
2365.9,2,09:31:49.606901683
2365.9,1,09:31:49.929269303
2366.0,1,09:31:49.982093836
2366.0,1,09:31:49.982295584
2365.9,1,09:31:50.376307879
2366.0,1,09:31:50.545537144
2365.9,2,09:31:50.790933798
2365.8,1,09:31:51.492571755
2365.8,6,09:31:51.492602677
2365.8,1,09:31:51.492680119
2365.8,2,09:31:51.492697655
2365.7,1,09:31:51.494765831
2365.8,2,09:31:51.565664363
2365.8,1,09:31:51.615983762
2365.9,2,09:31:52.756553372
2366.0,1,09:31:53.213207168
2365.8,1,09:31:53.403215805
2365.8,1,09:31:53.805954277
2365.8,2,09:31:53.902514133
2365.8,1,09:31:53.902588285
2365.8,1,09:31:53.905481592
2365.9,5,09:31:54.822436562
2365.8,1,09:31:54.823584961
2365.6,1,09:31:55.022275846
2365.6,2,09:31:55.517097578
2365.5,1,09:31:55.826664333
2365.5,1,09:31:56.584497630
2365.5,1,09:31:57.157327075
2365.6,1,09:31:57.253846231
2365.6,1,09:31:57.772391083
2365.6,2,09:31:57.772426755
2365.7,1,09:31:58.475104629
2365.8,1,09:31:58.477169845
2365.8,1,09:31:58.477437476
2365.7,2,09:31:58.484102138
2365.7,1,09:31:58.772620662
2365.6,1,09:31:59.450635041
2365.5,1,09:32:00.086039287
2365.5,1,09:32:00.086214004
2365.4,1,09:32:00.605760274
2365.4,2,09:32:00.606044885
2365.4,1,09:32:01.217345571
2365.5,1,09:32:01.351115505
2365.5,1,09:32:01.388059792
2365.5,1,09:32:01.440951789
2365.4,1,09:32:01.626926235
2365.4,1,09:32:01.722924683
2365.6,10,09:32:04.429957793
2365.5,7,09:32:04.429957793
2365.5,1,09:32:04.431887518
2365.6,1,09:32:04.432325716
2365.7,3,09:32:04.462716844
2365.7,1,09:32:04.894628666
2365.8,1,09:32:06.004441084
2365.9,1,09:32:06.591808151
2365.9,1,09:32:06.592145227
2365.8,1,09:32:07.545203342
2366.0,1,09:32:08.236316960
2366.0,1,09:32:08.236369742
2366.0,2,09:32:08.236854161
2366.1,1,09:32:08.692138024
2366.1,2,09:32:08.692393319
2366.1,2,09:32:08.692518598
2366.1,2,09:32:08.692724154
2366.1,1,09:32:08.883062728
2366.1,1,09:32:10.374674683
2366.2,2,09:32:10.711535637
2366.3,1,09:32:10.711550767
2366.2,1,09:32:10.711663553
2366.1,3,09:32:10.720673485
2366.1,1,09:32:10.720757337
2366.1,1,09:32:10.720858163
2366.3,1,09:32:10.733569970
2366.3,1,09:32:10.774438263
2366.1,1,09:32:10.783863225
2366.0,1,09:32:11.545687023
2366.0,1,09:32:12.774967377
2366.0,1,09:32:12.775639896
2365.9,2,09:32:13.310597910
2365.9,1,09:32:13.310905538
2366.0,1,09:32:14.269914616
2365.9,1,09:32:14.524561304
2365.8,1,09:32:14.529464098
2365.8,2,09:32:14.529681843
2365.8,1,09:32:14.656393667
2365.8,1,09:32:15.005766334
2365.8,1,09:32:15.069574273
2365.8,1,09:32:15.099333660
2365.7,1,09:32:15.111368164
2365.7,2,09:32:15.195238565
2365.6,3,09:32:16.330284754
2365.6,1,09:32:16.330407663
2365.6,1,09:32:16.331548483
2365.7,5,09:32:16.396061433
2365.6,1,09:32:16.396869703
2365.6,2,09:32:16.397187632
2365.5,1,09:32:16.688175017
2365.5,2,09:32:16.688298632
2365.5,1,09:32:16.958622024
2365.4,1,09:32:17.964990449
2365.4,1,09:32:17.965271414
2365.5,1,09:32:18.076478149
2365.5,2,09:32:18.077305484
2365.5,1,09:32:18.077764538
2365.5,1,09:32:18.132071301
2365.5,1,09:32:18.133180427
2365.6,1,09:32:18.181094656
2365.6,1,09:32:18.182415228
2365.6,1,09:32:18.283830533
2365.6,2,09:32:20.009949016
2365.5,3,09:32:20.010152239
2365.6,1,09:32:20.095199658
2365.6,1,09:32:20.545605777
2365.6,1,09:32:20.557105545
2365.5,2,09:32:21.175251818
2365.6,3,09:32:21.565727488
2365.7,1,09:32:21.651765286
2365.8,1,09:32:21.692721299
2365.8,1,09:32:21.693537501
2365.7,1,09:32:21.808461791
2365.7,1,09:32:23.164952225
2365.7,1,09:32:23.985402440
2365.5,3,09:32:24.606004210
2365.4,2,09:32:24.614225536
2365.4,2,09:32:24.826952072
2365.4,1,09:32:25.547017909
2365.4,2,09:32:26.197728938
2365.4,1,09:32:26.197861804
2365.4,1,09:32:26.896828763
2365.4,1,09:32:27.184778408
2365.5,1,09:32:29.138305569
2365.5,1,09:32:29.977763322
2365.5,1,09:32:30.285825383
2365.8,1,09:32:30.792340836
2365.7,1,09:32:30.851559324
2365.7,1,09:32:32.234782649
2365.8,1,09:32:32.633896400
2365.9,4,09:32:32.643758439
2365.9,1,09:32:32.645142768
2365.9,1,09:32:32.645945933
2365.9,1,09:32:32.646010241
2365.9,1,09:32:32.646080681
2365.9,1,09:32:32.646396755
2366.0,2,09:32:34.114205121
2366.0,1,09:32:34.114279845
2366.0,1,09:32:34.114454854
2366.1,2,09:32:36.067871666
2366.3,1,09:32:36.102040492
2366.4,1,09:32:36.102338655
2366.2,4,09:32:36.208740436
2366.2,1,09:32:36.210324251
2366.3,1,09:32:36.936086189
2366.2,3,09:32:37.087274074
2366.3,1,09:32:37.751666846
2366.2,1,09:32:37.752355301
2366.2,1,09:32:37.752432611
2366.2,1,09:32:37.752745903
2366.1,3,09:32:38.413593420
2366.0,1,09:32:38.542039433
2365.9,1,09:32:38.800365341
2366.0,3,09:32:38.863834959
2365.9,1,09:32:39.111502961
2366.1,1,09:32:39.681077904
2366.0,1,09:32:40.591385984
2366.0,1,09:32:40.591948481
2366.1,3,09:32:40.591948481
2366.1,1,09:32:40.607113629
2366.1,1,09:32:40.845579290
2366.1,1,09:32:40.845795170
2366.2,2,09:32:40.976965946
2366.1,2,09:32:40.976965946
2366.1,1,09:32:41.085965997
2366.2,1,09:32:42.139772107
2366.4,1,09:32:43.125362726
2366.3,1,09:32:43.547056502
2366.3,2,09:32:44.268011136
2366.3,2,09:32:44.268287708
2366.4,1,09:32:46.005779213
2366.4,2,09:32:46.006561312
2366.4,1,09:32:46.006602750
2366.4,1,09:32:46.614724312
2366.5,3,09:32:47.623685092
2366.6,1,09:32:47.623699208
2366.6,2,09:32:47.623699208
2366.6,2,09:32:47.626890415
2366.6,1,09:32:47.627705334
2366.5,3,09:32:47.814551105
2366.4,1,09:32:47.834018518
2366.4,1,09:32:48.555447303
2366.4,1,09:32:48.895070219
2366.5,2,09:32:49.230388273
2366.4,2,09:32:49.650099447
2366.3,1,09:32:49.769272453
2366.3,2,09:32:49.769460105
2366.4,1,09:32:49.939046526
2366.3,2,09:32:50.424120120
2366.3,3,09:32:50.913427957
2366.3,2,09:32:52.100444577
2366.3,1,09:32:52.100566596
2366.4,1,09:32:52.100997741
2366.3,1,09:32:52.101251218
2366.4,3,09:32:52.161894789
2366.4,1,09:32:52.162133092
2366.2,1,09:32:52.734666185
2366.1,3,09:32:52.899683427
2366.0,2,09:32:53.185107360
2366.0,1,09:32:54.605808446
2365.9,1,09:32:55.101738631
2365.8,1,09:32:56.002137189
2365.7,1,09:32:56.251253395
2365.7,4,09:32:56.251535477
2365.8,1,09:32:56.461795706
2365.7,1,09:32:56.678588792
2365.7,1,09:32:56.678981951
2365.8,1,09:32:57.182732786
2365.9,5,09:32:57.710025063
2365.9,1,09:32:57.711369622
2365.9,1,09:32:57.712460245
2365.8,1,09:32:58.217849418
2365.8,2,09:32:58.290813652
2365.7,2,09:33:00.397802266
2365.8,1,09:33:00.485522292
2365.8,1,09:33:00.486219548
2365.7,2,09:33:00.819955196
2365.7,1,09:33:00.858251123
2365.7,4,09:33:01.505737966
2365.8,1,09:33:01.523572364
2365.9,1,09:33:01.647907636
2365.9,1,09:33:01.648529891
2365.8,2,09:33:01.649292902
2365.9,1,09:33:01.649292902
2365.9,1,09:33:01.649373200
2365.8,2,09:33:01.649373200
2365.8,1,09:33:01.652693641
2365.8,2,09:33:02.178044984
2365.7,6,09:33:02.434239237
2365.7,2,09:33:02.596682526
2365.7,1,09:33:03.477205305
2365.7,1,09:33:03.477397210
2365.7,1,09:33:03.477759895
2365.8,1,09:33:03.789070823
2365.9,1,09:33:04.541912157
2365.9,1,09:33:04.985874910
2365.9,2,09:33:06.322622507
2365.9,2,09:33:06.715135856
2365.9,1,09:33:08.125981107
2365.8,2,09:33:09.242009369
2365.7,1,09:33:09.726502673
2365.7,1,09:33:10.525530842
2365.7,3,09:33:10.834195372
2365.7,3,09:33:11.603892603
2365.6,2,09:33:11.603892603
2365.6,1,09:33:11.603907618
2365.6,2,09:33:11.783207873
2365.8,1,09:33:12.440116391
2365.8,1,09:33:12.440256845
2365.9,1,09:33:12.449187220
2365.9,1,09:33:12.571235151
2365.9,1,09:33:12.571501672
2365.9,1,09:33:12.571541439
2365.8,6,09:33:12.571870940
2365.8,1,09:33:12.577578050
2365.8,1,09:33:12.577775462
2365.8,1,09:33:13.757469062
2365.9,2,09:33:15.585147821
2365.9,1,09:33:15.585374760
2366.1,4,09:33:15.641296834
2366.2,1,09:33:15.955108968
2366.3,1,09:33:16.018480560
2366.5,1,09:33:16.108541957
2366.6,3,09:33:16.606543216
2366.6,1,09:33:16.606663848
2366.6,1,09:33:16.608519777
2366.6,1,09:33:16.608906649
2366.5,2,09:33:17.598286923
2366.5,1,09:33:17.599072647
2366.5,1,09:33:17.599540356
2366.5,1,09:33:17.600569708
2366.6,2,09:33:17.833529337
2366.4,1,09:33:18.593231818
2366.4,1,09:33:18.593410810
2366.3,1,09:33:18.595105382
2366.3,1,09:33:19.098393331
2366.3,1,09:33:19.140075534
2366.3,1,09:33:19.926241294
2366.4,1,09:33:20.005011175
2366.4,2,09:33:20.005715826
2366.4,1,09:33:20.007507756
2366.4,1,09:33:20.007545117
2366.4,1,09:33:20.008494150
2366.3,3,09:33:20.707295582
2366.2,1,09:33:21.644865213
2366.1,1,09:33:22.584098025
2366.3,3,09:33:23.022251230
2366.3,1,09:33:23.022280139
2366.3,1,09:33:23.022427985
2366.3,3,09:33:23.022988037
2366.3,1,09:33:23.023079744
2366.4,2,09:33:23.024024696
2366.3,1,09:33:23.024283154
2366.3,1,09:33:23.024308841
2366.3,1,09:33:23.024334125
2366.3,1,09:33:23.024360824
2366.4,1,09:33:23.025122260
2366.4,1,09:33:23.025162293
2366.4,1,09:33:23.025292078
2366.3,1,09:33:23.025610939
2366.3,1,09:33:23.027273199
2366.2,1,09:33:23.318684453
2366.3,1,09:33:23.527947699
2366.2,9,09:33:23.527947699
2366.3,7,09:33:24.468970793
2366.4,3,09:33:24.468970793
2366.5,4,09:33:26.954141099
2366.4,1,09:33:27.783205629
2366.4,3,09:33:27.783730941
2366.3,1,09:33:28.737098858
2366.5,10,09:33:28.982517339
2366.5,1,09:33:29.669068364
2366.6,1,09:33:30.006166233
2366.6,3,09:33:30.565712341
2366.6,2,09:33:30.565882927
2366.6,3,09:33:30.565959056
2366.6,2,09:33:30.566054866
2366.7,2,09:33:30.644446975
2366.6,1,09:33:30.645184148
2366.5,1,09:33:31.294308120
2366.6,1,09:33:32.825482445
2366.6,1,09:33:32.825627917
2366.6,1,09:33:32.845534388
2366.6,1,09:33:34.837308218
2366.7,3,09:33:34.839185573
2366.7,1,09:33:34.839394192
2366.7,1,09:33:34.839695632
2366.7,1,09:33:35.437049600
2366.8,1,09:33:35.651673871
2366.8,19,09:33:36.026271494
2367.0,1,09:33:36.652305277
2367.0,1,09:33:36.654165842
2367.0,1,09:33:36.840563262
2367.1,1,09:33:36.893524146
2367.1,1,09:33:36.894779496
2367.1,1,09:33:36.895178749
2367.1,1,09:33:36.895726306
2367.2,1,09:33:36.929730840
2367.1,1,09:33:37.006438660
2367.0,1,09:33:37.077577908
2366.9,2,09:33:37.809237555
2367.0,1,09:33:37.929951474
2366.8,1,09:33:38.344221120
2366.9,2,09:33:38.979447476
2366.9,2,09:33:38.980083704
2366.9,1,09:33:38.980937133
2366.7,2,09:33:39.599644779
2366.7,1,09:33:39.713723789
2366.8,7,09:33:40.352439118
2366.8,1,09:33:40.545876527
2366.8,2,09:33:40.554254343
2366.8,2,09:33:40.649280188
2366.8,2,09:33:40.649708407
2366.7,3,09:33:41.594158999
2366.8,1,09:33:41.997345485
2366.5,4,09:33:45.810340402
2366.4,1,09:33:46.000063159
2366.3,2,09:33:46.376346477
2366.3,1,09:33:46.376397921
2366.2,2,09:33:47.396694728
2366.2,1,09:33:48.695392281
2366.2,3,09:33:48.797148803
2366.2,2,09:33:49.226845804
2366.3,1,09:33:49.566758921
2366.3,1,09:33:49.618551439
2366.4,2,09:33:50.200609156
2366.4,1,09:33:50.280140657
2366.5,1,09:33:50.505571659
2366.5,1,09:33:50.505938636
2366.5,1,09:33:50.506472228
2366.6,1,09:33:51.131901756
2366.6,1,09:33:51.673574177
2366.6,2,09:33:52.213074873
2366.6,2,09:33:52.486685509
2366.6,2,09:33:52.487053648
2366.5,2,09:33:52.581103049
2366.6,3,09:33:52.593148734
2366.5,2,09:33:54.184409324
2366.6,1,09:33:55.585118449
2366.7,1,09:33:55.673744812
2366.9,1,09:33:58.498762081
2367.0,3,09:33:58.674054699
2367.1,2,09:33:59.089527785
2367.1,1,09:33:59.089631003
2367.2,1,09:33:59.240531820
2367.2,1,09:33:59.241067956
2367.1,1,09:33:59.498847124
2367.1,1,09:33:59.499049028
2367.2,1,09:34:00.168140912
2367.2,1,09:34:00.208072401
2367.3,3,09:34:00.526056848
2367.3,1,09:34:00.527591546
2367.3,1,09:34:00.528112376
2367.4,1,09:34:00.664260886
2367.5,1,09:34:00.975414181
2367.5,1,09:34:00.978350449
2367.6,3,09:34:01.058473814
2367.7,1,09:34:01.058487844
2367.6,2,09:34:01.058487844
2367.6,2,09:34:01.059812246
2367.6,1,09:34:01.059969170
2367.6,1,09:34:01.169482450
2367.6,1,09:34:02.263627800
2367.7,1,09:34:02.545575068
2367.5,1,09:34:03.312068308
2367.5,1,09:34:03.312254777
2367.5,1,09:34:03.313274227
2367.5,1,09:34:03.313314494
2367.5,1,09:34:03.314673437
2367.4,2,09:34:03.393027229
2367.4,1,09:34:03.393194032
2367.4,1,09:34:03.584830838
2367.4,1,09:34:03.585001910
2367.4,1,09:34:04.068307372
2367.5,1,09:34:04.151351642
2367.5,2,09:34:04.454484391
2367.5,1,09:34:04.456138533
2367.7,1,09:34:04.525748168
2367.7,1,09:34:04.526281628
2367.6,1,09:34:04.533080348
2367.7,1,09:34:04.691808903
2367.8,1,09:34:04.691808903
2367.7,1,09:34:05.234397515
2367.7,2,09:34:05.711783466
2367.8,3,09:34:05.884184199
2367.9,2,09:34:06.037443320
2367.9,1,09:34:06.038639814
2367.9,1,09:34:06.050575309
2368.0,1,09:34:06.230136366
2368.0,1,09:34:06.230151380
2367.9,1,09:34:06.230605221
2367.9,1,09:34:06.230863780
2367.9,1,09:34:07.346272773
2367.8,3,09:34:08.062281353
2367.8,1,09:34:08.117885624
2367.9,1,09:34:08.473729049
2367.9,1,09:34:08.773907885
2367.8,1,09:34:10.420430719
2367.9,1,09:34:10.658168596
2367.9,3,09:34:11.000645785
2367.9,1,09:34:11.001036846
2367.8,4,09:34:11.001663153
2367.8,1,09:34:11.002810379
2367.7,1,09:34:11.331493700
2367.7,1,09:34:11.439786336
2367.7,1,09:34:11.439869860
2367.7,1,09:34:11.756589684
2367.7,1,09:34:12.488972994
2367.7,1,09:34:12.489563317
2367.8,4,09:34:13.145244426
2368.1,8,09:34:13.578969624
2368.0,13,09:34:13.578969624
2367.9,4,09:34:13.578969624
2368.1,1,09:34:13.579034188
2368.1,1,09:34:14.612871040
2368.0,1,09:34:14.990947343
2368.0,1,09:34:14.991337280
2368.1,8,09:34:15.484176914
2368.1,1,09:34:16.418955086
2368.1,1,09:34:16.418981185
2368.1,1,09:34:16.419044863
2368.1,1,09:34:16.419181890
2368.1,1,09:34:16.419554435
2368.2,8,09:34:17.336509707
2368.3,2,09:34:17.336509707
2368.3,1,09:34:17.574481906
2368.3,1,09:34:17.737591635
2368.4,2,09:34:19.234590725
2368.4,1,09:34:19.236035878
2368.5,1,09:34:19.425069855
2368.3,1,09:34:20.195491577
2368.4,2,09:34:20.780704045
2368.4,1,09:34:20.780999689
2368.4,1,09:34:20.933437108
2368.4,1,09:34:21.426913352
2368.4,1,09:34:21.427383186
2368.4,1,09:34:21.427903513
2368.3,2,09:34:21.611222026
2368.4,1,09:34:21.614466786
2368.5,1,09:34:21.787100474
2368.5,2,09:34:22.795347729
2368.5,2,09:34:22.909158829
2368.5,1,09:34:23.633243318
2368.5,1,09:34:23.736641029
2368.4,2,09:34:25.505243614
2368.4,1,09:34:25.507917514
2368.5,1,09:34:26.331720872
2368.5,1,09:34:26.332079839
2368.6,1,09:34:26.762735578
2368.5,2,09:34:27.216457621
2368.5,1,09:34:27.217245877
2368.6,3,09:34:27.463148857
2368.5,2,09:34:27.463148857
2368.5,1,09:34:28.131568270
2368.5,1,09:34:28.132027521
2368.4,2,09:34:28.132952007
2368.3,1,09:34:28.767630429
2368.3,2,09:34:28.767991745
2368.3,1,09:34:28.771425728
2368.2,2,09:34:29.203855237
2368.1,1,09:34:29.224554197
2368.1,1,09:34:29.224611352
2368.1,1,09:34:29.584929701
2368.2,1,09:34:29.903690319
2368.2,1,09:34:29.988315525
2368.2,1,09:34:30.086522242
2368.2,1,09:34:30.087363881
2368.3,1,09:34:30.327934826
2368.3,1,09:34:30.328230569
2368.3,1,09:34:30.328369993
2368.3,1,09:34:30.329134709
2368.3,2,09:34:30.525716188
2368.3,1,09:34:30.525796635
2368.3,1,09:34:30.526729901
2368.3,1,09:34:30.527056996
2368.3,1,09:34:30.746531159
2368.3,3,09:34:30.871742859
2368.2,4,09:34:30.871742859
2368.4,5,09:34:31.653086454
2368.5,6,09:34:31.730151054
2368.5,2,09:34:31.730200239
2368.5,1,09:34:31.730480632
2368.5,2,09:34:31.731141048
2368.4,1,09:34:31.805685659
2368.3,1,09:34:32.201834029
2368.3,1,09:34:32.488696814
2368.4,2,09:34:33.852918805
2368.4,1,09:34:34.383635602
2368.4,1,09:34:34.866613843
2368.5,1,09:34:40.162234038
2368.6,2,09:34:40.836759928
2368.6,1,09:34:40.921051878
2368.6,1,09:34:41.545112216
2368.6,1,09:34:41.545408039
2368.7,3,09:34:41.707516850
2368.6,3,09:34:41.725753412
2368.8,1,09:34:41.895171050
2368.7,1,09:34:42.358241821
2368.8,2,09:34:42.587471079
2368.8,1,09:34:42.587550594
2368.8,1,09:34:42.587653712
2368.8,3,09:34:42.587926988
2368.7,2,09:34:42.915165157
2368.8,1,09:34:42.915548973
2368.8,1,09:34:42.916094817
2368.8,1,09:34:42.916237892
2368.8,1,09:34:42.916350675
2368.7,1,09:34:43.604885256
2368.7,1,09:34:43.880606734
2368.7,1,09:34:45.005940391
2368.7,1,09:34:45.255554695
2368.7,1,09:34:45.546591172
2368.8,1,09:34:45.800094664
2368.8,1,09:34:45.873023744
2368.9,1,09:34:46.870658375
2369.0,1,09:34:46.870675709
2368.9,2,09:34:46.870675709
2368.9,1,09:34:46.871475220
2368.9,1,09:34:46.871946420
2368.9,1,09:34:46.879228237
2368.9,1,09:34:46.879602253
2369.0,2,09:34:46.888765994
2369.1,1,09:34:46.972945011
2369.0,4,09:34:46.974708701
2368.9,2,09:34:46.981518950
2368.9,1,09:34:47.359317077
2368.9,1,09:34:47.359432520
2368.9,1,09:34:47.360480260
2369.0,2,09:34:48.024238083
2369.1,1,09:34:48.024238083
2369.0,1,09:34:48.024681500
2369.0,1,09:34:48.126392074
2369.0,1,09:34:48.164406605
2369.0,1,09:34:49.584894195
2369.0,3,09:34:49.585125908
2369.0,1,09:34:49.586373389
2369.0,1,09:34:49.586841789
2369.0,1,09:34:50.329899048
2369.1,1,09:34:50.330879890
2369.0,1,09:34:50.339119157
2368.9,1,09:34:50.727682574
2369.0,3,09:34:51.144445385
2368.9,1,09:34:51.145536857
2368.9,1,09:34:51.145588361
2368.9,1,09:34:51.145775543
2368.9,5,09:34:51.145824123
2368.9,1,09:34:51.145865667
2368.9,1,09:34:51.167364365
2368.8,1,09:34:51.167787110
2368.8,1,09:34:51.454900227
2368.8,1,09:34:51.455740596
2368.9,1,09:34:52.088112187
2369.1,4,09:34:52.171799166
2369.1,1,09:34:52.627581842
2369.2,1,09:34:53.122462351
2369.1,1,09:34:53.432197840
2369.1,1,09:34:53.449335894
2369.0,3,09:34:53.452916401
2369.0,1,09:34:53.454073343
2369.1,1,09:34:53.646477192
2369.2,1,09:34:54.375479207
2369.2,1,09:34:54.454359290
2369.2,2,09:34:54.454651704
2369.3,1,09:34:54.844977850
2369.3,3,09:34:55.723248957
2369.3,1,09:34:55.724785731
2369.3,1,09:34:55.725001444
2369.3,2,09:34:55.754385834
2369.4,4,09:34:55.996835473
2369.4,1,09:34:55.997033596
2369.5,1,09:34:56.000576356
2369.4,1,09:34:56.280652411
2369.3,1,09:34:57.185430589
2369.4,4,09:34:57.484083931
2369.3,1,09:34:57.484934875
2369.3,2,09:34:57.485155964
2369.3,1,09:34:58.506266628
2369.5,2,09:34:58.573175606
2369.5,3,09:34:58.573709619
2369.5,2,09:34:58.574548271
2369.4,1,09:34:58.600511522
2369.4,1,09:34:59.322425524
2369.4,1,09:34:59.322470408
2369.4,1,09:34:59.325132624
2369.3,1,09:34:59.726976513
2369.4,1,09:35:00.243412449
2369.4,1,09:35:00.243749356
2369.5,1,09:35:00.700413009
2369.5,1,09:35:01.018471748
2369.5,3,09:35:01.018772653
2369.4,1,09:35:01.020739336
2369.4,1,09:35:01.034747855
2369.4,2,09:35:01.214055163
2369.4,1,09:35:01.214545461
2369.4,1,09:35:01.214938745
2369.4,1,09:35:01.409212889
2369.5,2,09:35:01.421061332
2369.6,3,09:35:01.421061332
2369.4,1,09:35:02.365616084
2369.4,1,09:35:03.152462075
2369.4,1,09:35:03.596610377
2369.4,1,09:35:03.993197389
2369.5,1,09:35:05.071335240
2369.3,1,09:35:06.030709636
2369.2,1,09:35:06.184036310
2369.2,2,09:35:06.184180834
2369.2,2,09:35:06.184570756
2369.2,2,09:35:06.184659900
2369.1,1,09:35:06.197855311
2369.3,2,09:35:06.221320539
2369.3,1,09:35:06.221790788
2369.3,1,09:35:06.480735414
2369.4,1,09:35:06.718866056
2369.2,1,09:35:07.174660359
2369.1,1,09:35:07.217125761
2369.2,1,09:35:07.594209445
2369.0,2,09:35:08.738419994
2369.0,1,09:35:08.946082947
2368.9,7,09:35:09.461136184
2368.9,1,09:35:09.461151382
2369.0,3,09:35:09.605945121
2369.0,3,09:35:09.606335644
2369.0,2,09:35:10.680987387
2369.0,1,09:35:11.029431574
2368.9,1,09:35:11.029431574
2368.9,1,09:35:11.083567586
2369.0,2,09:35:12.194031487
2368.9,1,09:35:12.404230861
2368.9,1,09:35:12.404391270
2368.7,1,09:35:13.550709238
2368.6,1,09:35:13.550725626
2368.7,1,09:35:13.550993442
2368.7,1,09:35:13.551373584
2368.7,1,09:35:13.551893370
2368.8,3,09:35:13.553636298
2368.8,1,09:35:13.568335797
2368.9,1,09:35:13.589989856
2368.9,1,09:35:13.590266908
2368.8,1,09:35:14.561888843
2368.9,1,09:35:14.947742540
2369.0,2,09:35:14.991592670
2369.0,2,09:35:14.991781334
2369.0,1,09:35:15.811548330
2369.0,1,09:35:16.633049359
2369.0,1,09:35:17.740800415
2369.1,1,09:35:18.149887044
2369.1,2,09:35:18.248259019
2369.0,1,09:35:19.475273362
2369.0,2,09:35:19.637437823
2369.0,1,09:35:19.891886043
2368.9,2,09:35:20.545563411
2368.9,1,09:35:21.053748230
2369.0,1,09:35:21.602171122
2368.9,2,09:35:22.103595388
2368.9,2,09:35:22.325011778
2369.0,1,09:35:22.327371745
2369.0,3,09:35:22.494192810
2369.0,1,09:35:22.494770013
2369.0,1,09:35:22.495139511
2368.9,2,09:35:23.934250280
2368.9,1,09:35:24.443859314
2368.8,2,09:35:24.452673994
2368.7,1,09:35:24.587252901
2368.7,1,09:35:24.587294495
2368.7,1,09:35:24.594654417
2368.9,3,09:35:24.595680338
2368.9,3,09:35:24.596183506
2369.0,1,09:35:24.598877641
2369.0,2,09:35:24.599035708
2369.0,2,09:35:24.607780288
2369.0,1,09:35:24.721593829
2369.0,1,09:35:24.721828099
2368.9,1,09:35:24.739788569
2369.0,1,09:35:24.818031929
2369.0,1,09:35:25.733135994
2369.1,1,09:35:26.548502127
2369.1,1,09:35:26.994113582
2369.2,2,09:35:27.690907449
2369.2,3,09:35:28.357674749
2369.2,1,09:35:28.712181036
2369.3,1,09:35:29.039623085
2369.3,3,09:35:29.039726643
2369.3,1,09:35:29.112791784
2369.3,1,09:35:29.112979660
2369.4,1,09:35:29.575055830
2369.4,1,09:35:29.624406763
2369.3,3,09:35:29.630178437
2369.3,1,09:35:30.079151081
2369.3,1,09:35:30.079186886
2369.2,2,09:35:30.356362260
2369.3,1,09:35:30.545659287
2369.3,2,09:35:30.546186366
2369.2,2,09:35:30.573373561
2369.2,1,09:35:30.573574838
2369.2,1,09:35:30.763046926
2369.4,5,09:35:31.561041157
2369.4,2,09:35:31.561550847
2369.5,3,09:35:32.539567143
2369.6,2,09:35:32.557714496
2369.6,1,09:35:32.958024198
2369.7,1,09:35:32.976843634
2369.8,1,09:35:33.016926093
2369.8,1,09:35:33.017328434
2369.8,5,09:35:33.017361932
2369.8,2,09:35:33.018812384
2369.7,1,09:35:33.564545309
2369.9,2,09:35:33.916470020
2369.8,4,09:35:33.917227393
2369.8,1,09:35:33.917487379
2369.8,2,09:35:34.205410819
2369.7,1,09:35:34.588085769
2369.7,3,09:35:34.588355118
2369.7,1,09:35:34.700654649
2369.7,1,09:35:34.732905030
2369.7,4,09:35:35.891488835
2369.8,3,09:35:35.891606402
2369.7,1,09:35:35.892185210
2369.7,1,09:35:35.892392418
2369.7,1,09:35:35.892521135
2369.8,2,09:35:36.303099701
2369.8,1,09:35:36.373422101
2369.9,2,09:35:36.432561932
2369.9,2,09:35:36.485849702
2369.9,1,09:35:36.651116861
2369.9,1,09:35:36.651340511
2369.9,1,09:35:36.689633149
2369.9,1,09:35:37.478163816
2369.8,1,09:35:38.087963463
2369.8,2,09:35:38.089180979
2369.8,1,09:35:38.090386040
2369.9,1,09:35:38.151925790
2369.9,1,09:35:38.152358419
2369.9,1,09:35:38.155095921
2370.0,5,09:35:39.072369436
2370.0,1,09:35:39.072420855
2370.0,1,09:35:39.082571981
2370.1,1,09:35:39.099776418
2370.0,1,09:35:39.693624551
2370.1,5,09:35:40.242515354
2370.2,5,09:35:40.242515354
2370.1,2,09:35:40.573379243
2370.1,1,09:35:40.577698258
2370.1,1,09:35:40.577942762
2370.2,1,09:35:40.816426904
2369.9,8,09:35:41.687134025
2370.0,3,09:35:41.687134025
2369.8,11,09:35:41.687134025
2369.9,1,09:35:41.807580206
2369.9,1,09:35:41.808019757
2370.0,2,09:35:41.905290988
2369.9,1,09:35:41.905917042
2369.9,1,09:35:41.905983181
2369.9,1,09:35:41.906232309
2369.8,1,09:35:41.994443210
2369.8,1,09:35:42.229675901
2369.8,1,09:35:42.410691570
2369.9,1,09:35:42.482827871
2369.9,1,09:35:42.492959637
2369.9,1,09:35:42.523362806
2370.0,15,09:35:42.676413759
2370.1,7,09:35:42.676413759
2369.9,3,09:35:42.676413759
2369.9,1,09:35:42.678546208
2370.0,1,09:35:42.679280037
2369.9,4,09:35:42.679781608
2369.9,1,09:35:42.744848062
2370.0,1,09:35:42.803916655
2369.9,1,09:35:42.804490300
2370.0,1,09:35:43.111300315
2370.1,1,09:35:43.222237001
2370.2,1,09:35:43.776119957
2370.2,1,09:35:43.776154323
2370.2,3,09:35:43.779003663
2370.2,2,09:35:43.781791429
2370.3,2,09:35:43.917200605
2370.2,1,09:35:43.917609645
2370.2,1,09:35:43.917830769
2370.2,1,09:35:43.929217821
2370.3,1,09:35:43.929247991
2370.3,1,09:35:43.930333306
2370.3,1,09:35:43.958076102
2370.3,1,09:35:43.958572445
2370.3,3,09:35:44.656883608
2370.2,1,09:35:44.715395585
2370.2,1,09:35:44.861067119
2370.2,1,09:35:44.862255022
2370.3,1,09:35:45.134658899
2370.4,5,09:35:45.315891486
2370.3,1,09:35:45.316730975
2370.3,1,09:35:45.318158514
2370.4,1,09:35:45.690292092
2370.4,3,09:35:45.690375117
2370.4,2,09:35:45.691908790
2370.3,1,09:35:46.004129524
2370.4,3,09:35:46.145072790
2370.4,1,09:35:46.153596716
2370.5,5,09:35:46.154320343
2370.5,1,09:35:46.154524440
2370.5,2,09:35:46.155734109
2370.5,2,09:35:46.156078558
2370.5,1,09:35:46.199497989
2370.5,1,09:35:46.200044758
2370.5,2,09:35:46.220936900
2370.5,3,09:35:46.375282265
2370.4,2,09:35:46.442101056
2370.5,1,09:35:47.157152311
2370.5,1,09:35:47.157520277
2370.5,1,09:35:47.157602577
2370.5,1,09:35:47.157869103
2370.6,2,09:35:47.159409442
2370.6,1,09:35:47.159889966
2370.5,1,09:35:47.181856450
2370.5,1,09:35:47.182446392
2370.5,1,09:35:47.182676035
2370.5,1,09:35:48.163493246
2370.6,2,09:35:48.196742929
2370.5,1,09:35:48.433332213
2370.4,1,09:35:48.530821104
2370.4,2,09:35:48.531062971
2370.4,1,09:35:48.532118633
2370.4,1,09:35:48.532172658
2370.4,3,09:35:48.600498632
2370.4,1,09:35:48.630589556
2370.4,1,09:35:48.687207819
2370.4,1,09:35:48.687901849
2370.5,1,09:35:49.294894049
2370.5,2,09:35:49.295130010
2370.5,1,09:35:49.295322362
2370.5,1,09:35:49.296362767
2370.6,1,09:35:49.307728468
2370.7,4,09:35:49.316051621
2370.7,2,09:35:49.317875463
2370.7,1,09:35:49.356327847
2370.7,1,09:35:49.470165969
2370.7,1,09:35:49.470802044
2370.7,3,09:35:50.415248124
2370.7,1,09:35:50.685506804
2370.7,1,09:35:50.685807114
2370.8,2,09:35:51.085259225
2370.8,1,09:35:51.087628431
2370.6,13,09:35:51.213578966
2370.7,10,09:35:51.213578966
2370.6,1,09:35:51.215367360
2370.6,1,09:35:51.215600183
2370.6,1,09:35:51.215908219
2370.6,1,09:35:51.215967273
2370.6,1,09:35:51.217008686
2370.8,1,09:35:51.315711730
2370.8,1,09:35:51.316072146
2370.7,1,09:35:51.326826065
2370.9,1,09:35:51.328574103
2370.9,10,09:35:51.381559726
2371.0,1,09:35:51.429635591
2371.0,1,09:35:51.437457223
2371.0,1,09:35:51.445541543
2371.0,1,09:35:51.545028512
2371.1,1,09:35:51.630938351
2371.1,6,09:35:51.802381355
2371.2,3,09:35:51.802381355
2371.1,1,09:35:52.116305929
2371.1,1,09:35:52.116556091
2371.0,3,09:35:52.595352071
2371.1,1,09:35:52.661225507
2371.1,1,09:35:52.763592267
2370.9,6,09:35:52.913887559
2370.8,4,09:35:53.016023930
2370.8,1,09:35:53.016812890
2370.8,1,09:35:53.597244093
2370.7,2,09:35:54.021332640
2370.7,2,09:35:54.044256403
2370.8,2,09:35:54.044256403
2370.7,1,09:35:54.046779661
2370.6,1,09:35:54.072143417
2370.8,2,09:35:54.248529332
2370.7,1,09:35:54.261234200
2370.5,11,09:35:54.428536548
2370.6,7,09:35:54.428536548
2370.5,7,09:35:54.430302328
2370.4,5,09:35:54.476253061
2370.4,1,09:35:54.632294873
2370.4,1,09:35:54.632568888
2370.4,1,09:35:54.657833656
2370.5,1,09:35:54.757148121
2370.4,3,09:35:54.889955333
2370.4,1,09:35:54.941209944
2370.4,1,09:35:55.564399184
2370.4,1,09:35:55.592789273
2370.5,2,09:35:55.624878549
2370.3,1,09:35:55.742017662
2370.3,1,09:35:55.833191695
2370.2,2,09:35:55.833191695
2370.3,1,09:35:55.834473839
2370.4,1,09:35:55.891321345
2370.4,1,09:35:56.335835029
2370.5,2,09:35:56.350728083
2370.5,3,09:35:57.223199836
2370.4,1,09:35:57.679570015
2370.4,1,09:35:58.136386206
2370.5,2,09:35:58.329087247
2370.4,6,09:35:58.348813972
2370.2,4,09:35:58.348813972
2370.3,10,09:35:58.348813972
2370.5,1,09:35:58.348975403
2370.5,3,09:35:59.129522120
2370.4,5,09:35:59.129522120
2370.4,1,09:35:59.131178076
2370.6,2,09:35:59.686352602
2370.7,1,09:36:00.006358644
2370.7,1,09:36:00.007005217
2370.7,4,09:36:00.007176941
2370.6,1,09:36:00.007498833
2370.5,1,09:36:00.208990228
2370.5,1,09:36:01.780402051
2370.5,1,09:36:01.780651308
2370.6,1,09:36:01.842290343
2370.6,3,09:36:02.194150285
2370.6,2,09:36:02.194439152
2370.6,1,09:36:02.312994335
2370.6,1,09:36:02.313530449
2370.6,1,09:36:02.321554816
2370.6,1,09:36:02.321757923
2370.7,3,09:36:02.497627247
2370.7,1,09:36:02.962571080
2370.7,2,09:36:02.962650469
2370.7,1,09:36:02.964617371
2370.7,1,09:36:03.248666392
2370.7,1,09:36:04.094450441
2370.7,1,09:36:04.094857505
2370.7,1,09:36:05.026609077
2370.7,1,09:36:05.378252148
2370.7,1,09:36:05.378330505
2370.7,1,09:36:05.812272216
2370.7,1,09:36:06.838645039
2370.6,2,09:36:06.845036382
2370.5,2,09:36:06.845612795
2370.5,5,09:36:06.849638107
2370.6,1,09:36:06.850650547
2370.6,1,09:36:06.851059026
2370.7,1,09:36:07.468469941
2370.6,1,09:36:08.679445420
2370.6,2,09:36:08.679687642
2370.6,1,09:36:09.043904161
2370.7,2,09:36:09.971422076
2370.8,5,09:36:09.973613227
2370.8,1,09:36:09.974017113
2370.8,1,09:36:09.975013034
2370.8,1,09:36:09.975230827
2370.9,1,09:36:09.986886454
2370.9,1,09:36:09.990203929
2370.9,4,09:36:10.002782320
2371.0,2,09:36:10.028837861
2371.1,2,09:36:10.178093520
2371.2,2,09:36:10.361339864
2371.2,3,09:36:10.361495953
2371.2,1,09:36:10.361589485
2371.2,1,09:36:10.361648712
2371.2,1,09:36:10.362021241
2371.3,1,09:36:10.367219815
2371.2,1,09:36:10.427519272
2371.2,1,09:36:10.607912989
2371.2,1,09:36:10.608269681
2371.2,1,09:36:10.644069493
2371.1,1,09:36:10.921043042
2371.2,2,09:36:11.289944525
2371.2,1,09:36:11.440572799
2371.2,1,09:36:11.446970323
2371.2,2,09:36:11.648087035
2371.2,1,09:36:11.648477961
2371.2,1,09:36:11.866382180
2371.3,2,09:36:11.987857552
2371.3,1,09:36:11.987889293
2371.4,5,09:36:11.989347079
2371.4,1,09:36:11.995347648
2371.4,1,09:36:11.995592129
2371.5,1,09:36:12.005797058
2371.5,1,09:36:12.015119197
2371.5,1,09:36:12.015339919
2371.5,3,09:36:12.040594313
2371.6,1,09:36:12.063637654
2371.5,1,09:36:12.205744042
2371.5,1,09:36:12.521103701
2371.4,1,09:36:12.791708329
2371.3,1,09:36:13.064621204
2371.4,2,09:36:13.102931832
2371.5,1,09:36:13.120577039
2371.6,2,09:36:13.171501063
2371.3,6,09:36:13.886730208
2371.3,4,09:36:13.887002540
2371.3,1,09:36:14.012276441
2371.3,1,09:36:14.146464051
2371.2,1,09:36:14.218122669
2371.3,2,09:36:14.275545026
2371.3,1,09:36:14.276044703
2371.1,1,09:36:14.831104548
2371.1,1,09:36:15.156435717
2371.1,1,09:36:15.181854949
2371.0,1,09:36:15.371270608
2371.0,1,09:36:15.389934830
2371.0,1,09:36:15.520711218
2370.8,1,09:36:15.940060090
2370.9,2,09:36:15.940060090
2370.9,1,09:36:15.941333177
2370.9,1,09:36:15.941601983
2370.8,1,09:36:15.995075031
2370.8,1,09:36:16.243384103
2370.9,2,09:36:16.648399517
2370.9,1,09:36:16.649046909
2370.9,1,09:36:16.700698735
2370.9,1,09:36:16.700869768
2370.8,1,09:36:17.062438954
2370.8,5,09:36:17.757555594
2370.8,5,09:36:17.758235890
2370.7,4,09:36:17.790574262
2370.8,1,09:36:17.927296026
2370.9,1,09:36:19.090418261
2371.0,1,09:36:19.218792244
2371.1,1,09:36:19.478228397
2371.0,1,09:36:19.478720104
2371.1,1,09:36:19.491013059
2371.1,5,09:36:19.491300070
2371.2,1,09:36:19.491605857
2371.1,1,09:36:19.606693143
2371.1,2,09:36:19.606902459
2371.0,3,09:36:19.608573338
2371.0,1,09:36:19.825734813
2371.0,1,09:36:20.097193065
2371.0,1,09:36:20.329298671
2370.8,3,09:36:21.087899283
2370.8,1,09:36:21.087957284
2370.8,1,09:36:21.288913489
2370.8,1,09:36:21.303066820
2370.8,1,09:36:21.303338669
2371.0,1,09:36:21.957678899
2371.0,1,09:36:22.096842854
2371.0,1,09:36:22.097059991
2371.1,1,09:36:22.107149903
2371.1,1,09:36:22.132637530
2371.2,1,09:36:22.137466635
2371.1,2,09:36:22.206104085
2371.1,1,09:36:22.321159976
2371.1,1,09:36:22.499979484
2371.0,2,09:36:23.201549252
2370.9,5,09:36:23.203608713
2370.8,5,09:36:23.203608713
2370.8,1,09:36:24.097265002
2370.8,1,09:36:24.336094409
2370.8,1,09:36:24.336316375
2370.9,2,09:36:24.459598875
2370.9,1,09:36:24.591794087
2370.8,1,09:36:25.003666910
2370.8,1,09:36:25.655818971
2370.8,1,09:36:25.656009935
2370.7,2,09:36:25.659511939
2370.7,1,09:36:25.659519122
2370.7,1,09:36:25.662106314
2370.8,1,09:36:27.803619469
2370.8,1,09:36:27.803742786
2370.8,1,09:36:27.803960908
2370.9,1,09:36:27.864297931
2370.8,1,09:36:28.750721302
2370.8,1,09:36:29.340528736
2370.7,1,09:36:29.419537358
2370.7,1,09:36:30.273602386
2370.7,1,09:36:30.792581139
2370.8,1,09:36:31.157942802
2370.8,2,09:36:31.428956223
2370.8,4,09:36:31.454495963
2370.8,1,09:36:31.455267991
2370.8,1,09:36:31.456793171
2370.8,1,09:36:31.686350464
2370.8,1,09:36:32.257580761
2370.7,2,09:36:32.914406374
2370.6,1,09:36:32.929480095
2370.6,1,09:36:32.930491040
2370.6,1,09:36:33.096030988
2370.5,1,09:36:33.141509386
2370.5,2,09:36:33.141846487
2370.5,1,09:36:33.142008619
2370.5,3,09:36:33.142184138
2370.5,2,09:36:33.192149517
2370.5,1,09:36:33.201844695
2370.5,1,09:36:33.202363059
2370.5,1,09:36:33.273098732
2370.5,1,09:36:33.273397763
2370.4,1,09:36:33.318358016
2370.4,1,09:36:33.364983000
2370.4,1,09:36:33.369098917
2370.4,1,09:36:33.507812785
2370.5,3,09:36:33.510874462
2370.4,1,09:36:33.592477528
2370.5,1,09:36:33.983025158
2370.3,1,09:36:34.082729453
2370.3,1,09:36:34.082745406
2370.3,2,09:36:34.082745406
2370.5,2,09:36:34.707613991
2370.5,1,09:36:34.708327327
2370.5,1,09:36:34.814764553
2370.6,1,09:36:34.867691691
2370.6,1,09:36:34.910254367
2370.6,1,09:36:34.936882820
2370.7,1,09:36:35.004537226
2370.8,1,09:36:35.144258969
2370.7,3,09:36:35.870019730
2370.6,7,09:36:35.870019730
2370.6,1,09:36:35.962788751
2370.5,1,09:36:36.204017508
2370.5,1,09:36:36.308222017
2370.4,1,09:36:36.452784398
2370.2,1,09:36:37.402445898
2370.2,1,09:36:37.430670396
2370.3,1,09:36:37.865267277
2370.3,1,09:36:38.156830296
2370.3,1,09:36:38.197519852
2370.4,1,09:36:38.246915715
2370.5,2,09:36:38.494641383
2370.4,1,09:36:38.495774993
2370.4,1,09:36:38.496037583
2370.4,1,09:36:38.507019504
2370.4,1,09:36:38.512246057
2370.3,1,09:36:38.987007378
2370.2,1,09:36:39.507184006
2370.2,1,09:36:39.507438487
2370.2,1,09:36:39.508294355
2370.2,1,09:36:39.523541567
2370.1,1,09:36:39.756167287
2370.2,2,09:36:39.981383211
2370.2,1,09:36:40.063335871
2370.2,2,09:36:40.462913806
2370.1,2,09:36:40.774651517
2370.2,1,09:36:40.774651517
2370.3,1,09:36:40.920935970
2370.5,1,09:36:41.280025920
2370.5,1,09:36:41.280133023
2370.6,1,09:36:41.281488142
2370.5,2,09:36:41.575334879
2370.4,1,09:36:42.250767783
2370.4,2,09:36:42.251229459
2370.2,1,09:36:42.275920383
2370.3,2,09:36:42.275920383
2370.3,1,09:36:42.276812951
2370.2,1,09:36:42.485671847
2370.2,2,09:36:42.485684027
2370.1,2,09:36:42.502468925
2370.1,4,09:36:42.752762611
2370.3,1,09:36:43.400348641
2370.3,2,09:36:43.400446941
2370.3,4,09:36:43.401120100
2370.2,1,09:36:43.403729820
2370.3,1,09:36:43.423438790
2370.5,1,09:36:44.433892068
2370.4,3,09:36:44.499458163
2370.3,3,09:36:44.524584554
2370.2,1,09:36:44.525812724
2370.2,2,09:36:44.526322978
2370.2,1,09:36:44.717026732
2370.1,7,09:36:45.105065776
2370.2,3,09:36:45.105065776
2370.2,1,09:36:45.341731090
2370.2,1,09:36:45.342054333
2370.1,1,09:36:45.540118459
2370.1,1,09:36:45.570299547
2369.9,1,09:36:45.595659866
2369.8,2,09:36:45.595672221
2369.9,1,09:36:45.736953590
2370.0,1,09:36:45.855647011
2369.9,1,09:36:45.874788638
2369.8,4,09:36:46.290474530
2369.7,6,09:36:46.290474530
2369.7,1,09:36:46.290491832
2369.8,1,09:36:46.292126311
2369.8,1,09:36:46.463372494
2369.8,1,09:36:46.463907897
2369.5,1,09:36:46.834984110
2369.4,1,09:36:46.834995947
2369.4,4,09:36:46.893901456
2369.5,2,09:36:47.033580218
2369.4,1,09:36:47.098984006
2369.5,1,09:36:47.332395553
2369.7,1,09:36:47.486223452
2369.8,1,09:36:47.523332895
2369.8,1,09:36:47.526357235
2369.8,1,09:36:47.526885188
2369.8,1,09:36:47.532138858
2369.7,3,09:36:47.569049086
2369.7,1,09:36:47.569127517
2369.7,1,09:36:47.569758416
2369.8,1,09:36:47.915918250
2369.7,2,09:36:47.915918250
2369.6,1,09:36:47.923140558
2369.6,1,09:36:48.864150905
2369.6,1,09:36:48.864541873
2369.5,1,09:36:48.933686149
2369.5,1,09:36:49.437134512
2369.5,1,09:36:49.551305881
2369.4,1,09:36:49.551357386
2369.3,4,09:36:49.713117840
2369.4,1,09:36:49.713117840
2369.3,1,09:36:49.713131232
2369.4,1,09:36:49.714244257
2369.4,1,09:36:49.785157467
2369.3,1,09:36:49.946051845
2369.4,1,09:36:49.946389520
2369.4,1,09:36:50.111856628
2369.3,1,09:36:50.139375528
2369.3,1,09:36:50.575334170
2369.4,1,09:36:50.753495816
2369.3,1,09:36:50.753495816
2369.3,1,09:36:50.753531203
2369.4,1,09:36:50.911065878
2369.6,2,09:36:51.015249453
2369.6,1,09:36:51.023012005
2369.6,2,09:36:51.225550362
2369.5,1,09:36:51.249834423
2369.5,2,09:36:51.250206808
2369.5,1,09:36:51.251316604
2369.5,1,09:36:51.251517443
2369.5,1,09:36:51.845703244
2369.4,2,09:36:51.963113858
2369.3,1,09:36:51.995618403
2369.4,3,09:36:52.008521910
2369.3,5,09:36:52.207970389
2369.3,2,09:36:52.208833728
2369.4,1,09:36:52.283274258
2369.3,5,09:36:52.625636262
2369.4,3,09:36:52.805352162
2369.5,1,09:36:52.938799358
2369.3,1,09:36:53.460132517
2369.2,4,09:36:53.799172426
2369.2,1,09:36:53.800229266
2369.1,1,09:36:54.763130781
2369.0,1,09:36:54.763141379
2369.1,1,09:36:54.763622346
2369.1,1,09:36:55.356066410
2369.1,1,09:36:55.769709305
2369.2,1,09:36:56.166169674
2369.2,2,09:36:56.166620322
2369.3,1,09:36:56.489356707
2369.3,1,09:36:56.490016640
2369.3,2,09:36:56.490071422
2369.2,1,09:36:56.925354720
2369.1,1,09:36:56.944960675
2369.1,5,09:36:56.945057150
2369.2,1,09:36:57.141421528
2369.3,1,09:36:57.989338349
2369.4,1,09:36:58.326631201
2369.4,1,09:36:58.649438101
2369.5,1,09:36:58.661798324
2369.5,1,09:36:58.927050356
2369.5,1,09:36:58.977370336
2369.4,5,09:36:59.066305207
2369.3,2,09:36:59.079997659
2369.1,1,09:36:59.420345075
2369.2,1,09:36:59.957551960
2369.2,1,09:37:00.108263138
2369.1,1,09:37:00.676293866
2369.0,1,09:37:00.733712960
2369.0,1,09:37:01.489997959
2369.0,1,09:37:01.490232347
2369.1,2,09:37:01.502612831
2369.1,1,09:37:01.505790527
2369.0,2,09:37:01.567714717
2368.9,1,09:37:01.576687346
2368.9,1,09:37:01.683191171
2369.0,1,09:37:01.867455915
2369.0,2,09:37:01.966232305
2369.0,1,09:37:02.018769083
2369.0,1,09:37:02.536552575
2368.9,1,09:37:02.570804854
2368.9,1,09:37:02.575130391
2369.0,4,09:37:02.609909230
2369.0,1,09:37:02.625008886
2369.0,1,09:37:02.625536973
2369.1,1,09:37:02.864254231
2369.1,2,09:37:02.998859115
2369.2,3,09:37:04.125660543
2369.0,1,09:37:04.915076042
2368.7,1,09:37:05.254090471
2368.6,1,09:37:06.426928771
2368.7,1,09:37:06.891111904
2368.7,1,09:37:07.012344522
2368.6,1,09:37:07.013095248
2368.6,1,09:37:07.269577005
2368.7,2,09:37:08.090652507
2368.6,1,09:37:08.315618759
2368.6,2,09:37:08.703425790
2368.6,1,09:37:08.817703782
2368.5,1,09:37:09.055609238
2368.6,2,09:37:09.064836970
2368.6,1,09:37:10.352028986
2368.6,1,09:37:10.352560904
2368.7,1,09:37:11.685902286
2368.7,1,09:37:11.686910454
2368.7,1,09:37:11.687224335
2368.6,1,09:37:12.266208424
2368.6,1,09:37:12.654904309
2368.7,1,09:37:13.738711182
2368.8,4,09:37:13.739912329
2368.8,2,09:37:13.768647145
2368.7,2,09:37:13.783358251
2368.8,1,09:37:14.964948711
2368.9,1,09:37:15.006090155
2368.8,1,09:37:15.064518789
2368.8,1,09:37:15.097245296
2368.9,1,09:37:15.158138300
2368.8,1,09:37:15.158482566
2368.9,1,09:37:15.255291504
2368.9,1,09:37:15.288390565
2368.7,1,09:37:15.325948053
2368.7,1,09:37:15.898239884
2368.7,2,09:37:15.898312142
2368.7,1,09:37:15.898439379
2368.9,1,09:37:16.483080491
2368.8,2,09:37:17.084488020
2368.8,1,09:37:17.084798762
2368.8,1,09:37:17.085143518
2368.9,1,09:37:17.176571947
2368.9,2,09:37:17.179023402
2368.9,1,09:37:17.180231964
2368.9,1,09:37:17.229986493
2368.9,1,09:37:17.230450836
2369.0,1,09:37:17.242329389
2369.0,1,09:37:17.242342886
2369.0,1,09:37:17.294148936
2369.0,1,09:37:17.294610981
2369.0,1,09:37:17.295443823
2369.0,1,09:37:17.505361279
2369.0,1,09:37:17.505729028
2369.0,1,09:37:18.271554690
2369.0,1,09:37:19.402741338
2369.0,1,09:37:19.402950555
2369.0,1,09:37:19.404002912
2369.0,1,09:37:19.992559133
2368.9,2,09:37:20.405611841
2368.9,1,09:37:20.405663737
2368.9,2,09:37:20.405745789
2369.1,2,09:37:21.243773797
2369.2,1,09:37:21.247621827
2369.3,1,09:37:21.465008332
2369.4,1,09:37:21.477588046
2369.4,1,09:37:21.477602491
2369.3,1,09:37:21.490885121
2369.3,1,09:37:22.074159696
2369.4,1,09:37:22.162981916
2369.4,2,09:37:22.163228603
2369.4,3,09:37:22.416374245
2369.3,1,09:37:22.416374245
2369.5,3,09:37:22.752494966
2369.5,3,09:37:22.752813680
2369.5,2,09:37:22.753022814
2369.5,6,09:37:22.946956478
2369.5,1,09:37:23.528706463
2369.4,1,09:37:23.599934229
2369.5,1,09:37:23.975390678
2369.6,4,09:37:23.975496791
2369.7,1,09:37:23.976777212
2369.7,3,09:37:23.976847974
2369.7,1,09:37:24.016702942
2369.6,1,09:37:24.017940299
2369.4,1,09:37:25.228104114
2369.3,3,09:37:25.790011558
2369.4,1,09:37:25.892121424
2369.4,2,09:37:25.908117763
2369.4,1,09:37:25.930596540
2369.5,1,09:37:26.503420811
2369.5,1,09:37:26.503746927
2369.4,1,09:37:26.614566391
2369.3,3,09:37:26.618540060
2369.3,1,09:37:26.669995724
2369.2,1,09:37:26.690712629
2369.1,1,09:37:26.716064705
2369.1,2,09:37:26.716120779
2369.1,1,09:37:26.716425765
2369.1,1,09:37:26.734380137
2369.1,1,09:37:27.016557116
2369.2,1,09:37:27.018071097
2369.2,1,09:37:27.018763542
2369.2,2,09:37:27.904213413
2369.3,4,09:37:27.904871853
2369.1,1,09:37:28.079962229
2369.1,3,09:37:28.081596498
2369.1,1,09:37:29.375305851
2368.8,6,09:37:31.590007572
2368.7,3,09:37:31.590007572
2368.8,1,09:37:31.596820128
2368.9,1,09:37:32.328926485
2368.9,1,09:37:32.674865579
2368.7,8,09:37:33.364535540
2368.6,2,09:37:33.364535540
2368.7,1,09:37:33.366452290
2368.7,1,09:37:33.366842565
2368.6,1,09:37:34.763868536
2368.5,2,09:37:34.764001460
2368.6,1,09:37:34.764001460
2368.6,1,09:37:34.764917526
2368.5,1,09:37:34.778482129
2368.5,2,09:37:34.821001105
2368.5,1,09:37:34.848771147
2368.4,1,09:37:35.196533045
2368.4,2,09:37:35.259493638
2368.4,1,09:37:35.376175466
2368.4,2,09:37:35.487353177
2368.5,2,09:37:35.488323180
2368.5,1,09:37:35.490033480
2368.5,1,09:37:35.492505930
2368.4,1,09:37:35.648598034
2368.4,1,09:37:35.649712504
2368.5,8,09:37:35.956693618
2368.6,2,09:37:35.956693618
2368.6,3,09:37:36.124014040
2368.6,1,09:37:36.248427889
2368.4,1,09:37:36.391181193
2368.4,1,09:37:36.520446413
2368.4,3,09:37:36.520546553
2368.3,2,09:37:36.520729808
2368.4,3,09:37:36.520729808
2368.3,3,09:37:36.520743284
2368.4,1,09:37:36.523270605
2368.4,1,09:37:36.563701664
2368.3,1,09:37:36.843000887
2368.3,1,09:37:36.940148338
2368.3,2,09:37:37.120763733
2368.1,2,09:37:37.589201619
2368.1,1,09:37:37.589214252
2368.2,1,09:37:37.591174564
2368.1,1,09:37:37.594345678
2368.2,1,09:37:37.604060078
2368.1,1,09:37:37.604760928
2368.2,1,09:37:38.896502191
2368.1,1,09:37:39.107613995
2368.1,1,09:37:39.387524082
2368.1,1,09:37:39.387810919
2368.1,2,09:37:39.437438470
2368.0,1,09:37:39.483796742
2368.0,3,09:37:39.483809187
2368.1,2,09:37:39.825344655
2368.2,1,09:37:40.758382117
2368.2,1,09:37:42.451327870
2368.2,2,09:37:43.553676226
2368.1,3,09:37:45.221834884
2368.1,1,09:37:45.222428322
2368.2,1,09:37:45.259255170
2368.2,1,09:37:46.252203576
2368.2,1,09:37:46.736704310
2368.0,14,09:37:48.190152299
2367.9,2,09:37:48.192099408
2367.8,1,09:37:48.192108684
2367.8,1,09:37:48.192121110
2367.9,1,09:37:48.193340153
2367.9,1,09:37:48.193608443
2367.9,3,09:37:48.193876028
2367.9,1,09:37:48.194454588
2367.9,1,09:37:48.194675645
2367.8,3,09:37:48.256707713
2367.7,16,09:37:48.306177782
2367.7,1,09:37:48.306493273
2367.6,2,09:37:48.309292271
2367.7,1,09:37:48.511470349
2367.5,1,09:37:48.515980354
2367.5,1,09:37:48.539136054
2367.5,2,09:37:48.671678156
2367.6,1,09:37:48.672194366
2367.7,2,09:37:50.020051520
2367.7,1,09:37:50.034376010
2367.7,1,09:37:50.145887395
2367.7,1,09:37:50.146420030
2367.7,1,09:37:50.147212011
2367.8,1,09:37:50.592975198
2367.8,1,09:37:50.593031138
2367.9,1,09:37:50.603589831
2367.9,1,09:37:50.603828513
2367.9,2,09:37:50.604106923
2367.9,1,09:37:51.600191432
2367.9,3,09:37:51.627046206
2368.0,7,09:37:51.627046206
2368.0,1,09:37:52.233393222
2367.9,1,09:37:52.597500448
2367.9,1,09:37:52.598666709
2367.9,1,09:37:53.246142450
2368.1,1,09:37:54.181701569
2368.2,2,09:37:54.355941599
2368.2,1,09:37:54.355941599
2368.2,2,09:37:54.356050673
2368.2,1,09:37:54.357186824
2368.2,1,09:37:54.357293645
2368.3,1,09:37:54.416007474
2368.3,1,09:37:54.416018209
2368.3,1,09:37:54.416303127
2368.3,1,09:37:54.416356421
2368.3,3,09:37:54.416375580
2368.3,1,09:37:54.419047634
2368.3,1,09:37:54.419157024
2368.3,2,09:37:54.629427490
2368.3,1,09:37:54.630624439
2368.4,2,09:37:54.938502588
2368.4,1,09:37:54.959814304
2368.4,2,09:37:54.960469431
2368.3,2,09:37:55.293158781
2368.2,2,09:37:57.653606056
2368.3,1,09:37:59.440436620
2368.4,1,09:37:59.597352972
2368.5,1,09:37:59.839234797
2368.4,2,09:38:01.446002497
2368.4,1,09:38:01.446077129
2368.3,1,09:38:02.145090667
2368.4,3,09:38:03.279145240
2368.3,1,09:38:03.910859189
2368.3,1,09:38:04.348531370
2368.4,1,09:38:05.324167812
2368.4,1,09:38:05.324375134
2368.4,1,09:38:05.468073206
2368.3,1,09:38:05.564447635
2368.5,1,09:38:05.859122213
2368.4,1,09:38:05.938217564
2368.3,1,09:38:06.644666855
2368.2,3,09:38:06.719726192
2368.2,2,09:38:06.719901530
2368.4,3,09:38:07.809193729
2368.4,2,09:38:07.809292160
2368.4,1,09:38:08.812274984
2368.3,1,09:38:08.890091010
2368.2,1,09:38:09.314470926
2368.2,1,09:38:09.314686962
2368.2,1,09:38:09.345766913
2368.2,1,09:38:09.345957445
2368.2,1,09:38:09.365922411
2368.2,2,09:38:09.772319006
2368.2,1,09:38:09.773015327
2368.1,1,09:38:09.789747789
2368.1,1,09:38:09.789955899
2367.9,9,09:38:13.560204910
2367.9,1,09:38:13.562162147
2368.0,1,09:38:13.613778639
2368.0,1,09:38:13.614254004
2368.0,1,09:38:13.614732167
2368.0,1,09:38:13.637754833
2368.1,1,09:38:13.712189671
2368.1,1,09:38:13.712399829
2368.0,3,09:38:13.807016368
2368.0,7,09:38:13.807068379
2368.0,3,09:38:13.807269864
2367.9,1,09:38:14.004820734
2367.8,1,09:38:14.033845544
2367.8,2,09:38:14.099516625
2367.8,1,09:38:14.313188517
2367.9,2,09:38:14.584197167
2368.1,1,09:38:15.169160223
2368.0,2,09:38:15.759771069
2367.8,1,09:38:16.852603996
2367.8,1,09:38:16.866876252
2367.7,1,09:38:17.856137733
2367.6,1,09:38:18.086390335
2367.6,2,09:38:18.086477886
2367.6,2,09:38:18.088090885
2367.7,1,09:38:18.092629389
2367.6,1,09:38:18.193808432
2367.7,1,09:38:19.727201599
2367.6,2,09:38:20.098232295
2367.5,1,09:38:24.159467288
2367.5,2,09:38:24.159672697
2367.4,1,09:38:24.210030521
2367.4,1,09:38:24.523256662
2367.4,1,09:38:24.523327882
2367.4,1,09:38:24.523467210
2367.4,1,09:38:24.523537359
2367.3,6,09:38:24.525081473
2367.3,1,09:38:24.526213985
2367.3,1,09:38:24.526446947
2367.4,1,09:38:24.528010153
2367.4,1,09:38:24.528275128
2367.4,2,09:38:24.528367571
2367.4,1,09:38:24.528509894
2367.3,1,09:38:24.592448264
2367.3,1,09:38:25.304121256
2367.3,1,09:38:25.406027949
2367.2,4,09:38:26.601719058
2367.3,2,09:38:28.021946410
2367.2,1,09:38:28.117802986
2367.2,1,09:38:29.113812187
2367.3,1,09:38:29.686564205
2367.3,1,09:38:30.006573128
2367.3,1,09:38:30.007093129
2367.3,1,09:38:30.516629845
2367.3,1,09:38:30.516861946
2367.4,4,09:38:33.364732996
2367.3,2,09:38:33.438169188
2367.3,4,09:38:33.438719585
2367.5,1,09:38:35.948573059
2367.5,2,09:38:35.948835183
2367.5,3,09:38:35.948920387
2367.5,2,09:38:36.405226448
2367.5,1,09:38:36.405398163
2367.5,1,09:38:36.407852670
2367.4,1,09:38:36.613808789
2367.4,1,09:38:37.837524093
2367.5,1,09:38:37.837881210
2367.6,3,09:38:37.850425882
2367.6,1,09:38:37.857861949
2367.6,2,09:38:39.261849465
2367.4,3,09:38:40.805559498
2367.5,5,09:38:40.805559498
2367.4,1,09:38:41.284306892
2367.3,1,09:38:41.361979398
2367.2,1,09:38:41.581755073
2367.2,1,09:38:41.766162013
2367.2,1,09:38:41.766463882
2367.1,1,09:38:43.924162181
2367.1,1,09:38:43.924233268
2367.0,1,09:38:45.290176257
2367.0,1,09:38:45.740461128
2366.9,2,09:38:46.751064534
2366.7,2,09:38:47.306989093
2366.6,1,09:38:47.670228696
2366.5,1,09:38:47.832639130
2366.4,1,09:38:47.869296275
2366.4,1,09:38:48.170896294
2366.5,1,09:38:48.174301665
2366.7,1,09:38:48.197404254
2366.6,9,09:38:48.197404254
2366.6,1,09:38:48.602328697
2366.5,1,09:38:48.602713405
2366.5,2,09:38:48.603455260
2366.4,1,09:38:48.606319049
2366.4,1,09:38:48.606495104
2366.5,1,09:38:48.710191445
2366.5,1,09:38:49.414923264
2366.5,1,09:38:49.414973754
2366.6,16,09:38:49.607568200
2366.6,2,09:38:49.607624108
2366.6,1,09:38:49.607900472
2366.6,5,09:38:49.608004027
2366.7,2,09:38:49.609721840
2366.7,1,09:38:49.610657133
2366.7,1,09:38:49.610876798
2366.7,1,09:38:50.100485144
2366.7,1,09:38:50.113374834
2366.7,1,09:38:50.165895965
2366.8,1,09:38:51.307104552
2366.4,4,09:38:52.671148768
2366.4,1,09:38:52.672390527
2366.4,2,09:38:52.677095303
2366.4,1,09:38:53.335480982
2366.5,1,09:38:53.484863689
2366.3,2,09:38:53.865971589
2366.3,1,09:38:54.072507817
2366.2,1,09:38:54.224840778
2366.3,1,09:38:54.452808752
2366.2,1,09:38:55.172483553
2366.2,1,09:38:55.401558314
2366.2,1,09:38:55.402108847
2366.3,2,09:38:56.112829572
2366.2,1,09:38:56.126316128
2366.3,1,09:38:56.126927363
2366.3,1,09:38:56.295845633
2366.3,1,09:38:56.549028680
2366.3,1,09:38:57.070100051
2366.3,1,09:38:58.865030379
2366.4,3,09:38:59.128968391
2366.4,1,09:38:59.129299414
2366.4,1,09:38:59.607116069
2366.4,2,09:38:59.877027854
2366.4,1,09:38:59.877952641
2366.5,2,09:39:00.060620960
2366.5,1,09:39:00.060681547
2366.5,3,09:39:00.060681547
2366.5,3,09:39:00.060793827
2366.6,2,09:39:00.061836556
2366.7,1,09:39:00.463265930
2366.7,2,09:39:00.463282807
2366.7,2,09:39:00.463435342
2366.7,1,09:39:00.465373706
2366.7,1,09:39:00.465493460
2366.7,1,09:39:00.465577330
2366.8,1,09:39:00.543319242
2366.7,3,09:39:00.588067298
2366.6,4,09:39:00.589378249
2366.5,3,09:39:00.590869415
2366.6,3,09:39:00.615652973
2366.6,2,09:39:00.615966993
2366.5,1,09:39:00.729788271
2366.6,1,09:39:01.302742623
2366.6,1,09:39:01.303454484
2366.6,1,09:39:01.692967558
2366.6,1,09:39:01.693464666
2366.7,1,09:39:01.746509110
2366.8,3,09:39:01.924079511
2366.8,1,09:39:01.924680192
2366.8,1,09:39:01.945605759
2366.8,1,09:39:02.070187157
2366.9,1,09:39:02.378692915
2366.9,1,09:39:03.504211282
2366.8,1,09:39:03.572277940
2366.7,1,09:39:03.587938778
2366.8,4,09:39:03.610955897
2366.7,5,09:39:03.764192022
2366.7,1,09:39:03.766635726
2366.7,1,09:39:03.874810838
2366.7,1,09:39:03.875478437
2366.8,1,09:39:03.931455979
2366.9,1,09:39:03.965732571
2367.0,1,09:39:04.233377968
2367.1,1,09:39:04.233392956
2367.0,1,09:39:04.297790978
2367.2,2,09:39:04.619126905
2367.2,1,09:39:04.855581962
2367.1,1,09:39:05.578296080
2367.1,1,09:39:05.597329639
2367.2,1,09:39:05.623874315
2367.2,1,09:39:05.624097112
2367.3,1,09:39:05.681866489
2367.3,5,09:39:06.676581105
2367.2,5,09:39:06.676581105
2367.2,1,09:39:06.678221411
2367.1,2,09:39:07.163642787
2367.0,1,09:39:07.248093500
2367.1,1,09:39:07.342119351
2367.1,1,09:39:07.342502773
2367.1,1,09:39:07.943136594
2367.2,7,09:39:07.984439900
2367.2,1,09:39:08.276182239
2367.1,1,09:39:08.276954076
2367.1,1,09:39:08.277252882
2367.2,1,09:39:08.628228190
2367.2,1,09:39:09.601791439
2367.2,1,09:39:10.204043447
2367.3,2,09:39:11.439965877
2367.3,4,09:39:12.919932941
2367.4,1,09:39:13.051910474
2367.3,5,09:39:13.620922984
2367.3,1,09:39:14.172685363
2367.2,2,09:39:16.104066691
2367.2,2,09:39:16.104246592
2367.2,2,09:39:16.104275495
2367.2,2,09:39:16.104302769
2367.2,1,09:39:16.104338088
2367.2,1,09:39:16.104469525
2367.2,1,09:39:16.104505009
2367.2,1,09:39:16.198493601
2367.1,1,09:39:16.266829893
2367.1,1,09:39:16.266879686
2367.1,1,09:39:16.298005907
2367.1,1,09:39:16.349068541
2367.2,1,09:39:16.350537944
2367.2,1,09:39:16.362548058
2367.2,1,09:39:16.417134749
2367.1,1,09:39:17.096843168
2367.0,3,09:39:17.137044594
2367.1,1,09:39:17.148265336
2367.1,2,09:39:17.148465622
2367.1,3,09:39:18.476772759
2367.1,3,09:39:18.510892150
2367.1,1,09:39:18.511176072
2367.1,1,09:39:18.970233981
2367.2,3,09:39:19.588076373
2367.1,1,09:39:19.625981063
2367.0,1,09:39:19.636912263
2367.0,1,09:39:19.637108116
2367.0,1,09:39:19.729910695
2367.1,1,09:39:19.754416123
2367.1,1,09:39:20.128104266
2367.1,1,09:39:20.129506006
2367.0,1,09:39:20.198473398
2366.9,1,09:39:20.240432918
2367.0,1,09:39:20.335943805
2366.8,1,09:39:20.688149781
2366.8,1,09:39:20.688783829
2366.8,1,09:39:20.736386640
2366.9,1,09:39:21.057915399
2366.9,1,09:39:21.209736862
2366.9,1,09:39:22.279851544
2367.0,1,09:39:22.344531057
2367.0,1,09:39:22.345818580
2367.1,2,09:39:22.379670545
2367.0,1,09:39:22.542969915
2367.0,1,09:39:22.543001129
2366.9,1,09:39:22.629309455
2367.2,1,09:39:23.593090898
2367.1,2,09:39:24.550614369
2367.1,1,09:39:24.550824239
2367.0,1,09:39:24.551818688
2366.9,1,09:39:30.106403964
2367.0,1,09:39:30.117129805
2367.0,1,09:39:32.134026463
2366.9,1,09:39:32.134026463
2367.2,1,09:39:34.215375458
2367.2,1,09:39:36.881241628
2367.1,1,09:39:37.381257904
2367.1,1,09:39:38.241226132
2367.3,1,09:39:40.630990556
2367.3,2,09:39:40.631172751
2367.3,1,09:39:40.698047490
2367.3,1,09:39:40.698285395
2367.3,1,09:39:40.824618022
2367.5,2,09:39:42.190334626
2367.2,1,09:39:44.504971587
2367.3,1,09:39:45.006314662
2367.3,1,09:39:50.071126102
2367.3,3,09:39:52.583154349
2367.2,1,09:39:53.355313020
2367.1,1,09:39:53.372045066
2367.1,1,09:39:53.372240305
2367.0,8,09:39:53.386596053
2366.9,3,09:39:53.428807638
2366.8,1,09:39:53.443259382
2366.8,1,09:39:53.454221565
2366.9,6,09:39:53.545611057
2367.0,7,09:39:53.546973449
2367.1,1,09:39:53.574801254
2367.1,1,09:39:53.575075333
2367.0,1,09:39:53.603470830
2367.1,1,09:39:53.605092741
2367.1,1,09:39:53.656194122
2367.1,1,09:39:53.656378980
2367.0,1,09:39:53.657912202
2367.0,1,09:39:53.663937645
2367.0,1,09:39:53.666575982
2367.0,1,09:39:53.749502727
2367.0,1,09:39:55.437898710
2367.1,2,09:39:55.572018710
2367.0,1,09:39:55.706019433
2367.1,1,09:39:55.802452266
2367.2,2,09:39:55.939311194
2367.1,1,09:39:58.244516956
2366.9,1,09:40:00.006395842
2366.9,1,09:40:00.006564426
2366.8,2,09:40:00.111886537
2366.9,1,09:40:00.128052517
2367.0,2,09:40:00.256837862
2367.0,1,09:40:00.258357009
2367.0,5,09:40:00.870923004
2367.0,1,09:40:00.924855042
2367.0,1,09:40:00.924886720
2367.0,3,09:40:01.101694544
2367.0,2,09:40:01.102185762
2367.0,1,09:40:01.370792652
2366.9,1,09:40:01.906947137
2366.9,1,09:40:02.254312700
2366.8,1,09:40:02.508152106
2366.7,1,09:40:02.531789635
2366.7,1,09:40:02.532624653
2366.6,1,09:40:02.780375006
2366.7,1,09:40:02.820327110
2366.7,1,09:40:03.609018313
2366.5,4,09:40:04.012323340
2366.7,1,09:40:04.210062565
2366.7,2,09:40:04.210284432
2366.7,1,09:40:04.305110435
2366.7,1,09:40:04.305153754
2366.6,1,09:40:04.532036652
2366.7,1,09:40:04.658927500
2366.7,2,09:40:05.339013638
2366.7,1,09:40:06.659603190
2366.6,1,09:40:07.005135977
2366.6,1,09:40:07.144350949
2366.6,1,09:40:07.145139771
2366.6,2,09:40:07.344926374
2366.6,1,09:40:07.345193550
2366.5,1,09:40:07.416045906
2366.6,1,09:40:08.453898494
2366.6,1,09:40:08.462955224
2366.6,2,09:40:08.463318969
2366.6,1,09:40:08.463883975
2366.7,1,09:40:08.651295430
2366.7,1,09:40:08.868173718
2366.7,1,09:40:08.868852174
2366.7,1,09:40:08.869098003
2366.6,3,09:40:08.869355063
2366.6,3,09:40:08.869493498
2366.6,1,09:40:08.869844674
2366.6,1,09:40:08.870333227
2366.6,1,09:40:08.922298254
2366.7,1,09:40:10.265331860
2366.6,2,09:40:10.608743074
2366.8,1,09:40:10.769632425
2366.8,2,09:40:10.769884305
2366.7,2,09:40:10.944447139
2366.7,1,09:40:11.518470793
2366.7,1,09:40:11.575542495
2366.8,1,09:40:11.766205909
2366.8,1,09:40:11.874145835
2366.9,1,09:40:12.582280197
2366.8,2,09:40:12.582280197
2366.8,1,09:40:12.583524510
2366.8,1,09:40:14.550606981
2366.8,1,09:40:15.126701598
2366.7,1,09:40:15.997142914
2366.7,1,09:40:16.026360769
2366.6,1,09:40:16.432485246
2366.5,1,09:40:16.435251016
2366.4,4,09:40:16.527404305
2366.4,1,09:40:16.527940040
2366.4,1,09:40:16.528284668
2366.4,1,09:40:16.578276601
2366.4,2,09:40:16.578963975
2366.3,1,09:40:16.582189778
2366.2,3,09:40:16.583537411
2366.2,3,09:40:16.583591830
2366.2,1,09:40:16.583841145
2366.2,1,09:40:16.592515445
2366.2,1,09:40:16.592571078
2366.2,1,09:40:16.593580554
2366.2,1,09:40:16.596811451
2366.2,1,09:40:16.597020988
2366.2,1,09:40:16.680553503
2366.2,1,09:40:16.714550629
2366.2,1,09:40:16.714607702
2366.3,3,09:40:16.747073343
2366.4,1,09:40:16.817566442
2366.4,2,09:40:17.466403265
2366.3,1,09:40:17.879093778
2366.3,1,09:40:18.561708289
2366.3,1,09:40:18.648512738
2366.3,1,09:40:18.770836608
2366.2,3,09:40:19.136218311
2366.1,1,09:40:19.154282973
2366.1,2,09:40:19.521727613
2366.0,9,09:40:19.606079572
2366.1,1,09:40:19.606079572
2366.1,1,09:40:19.606809234
2366.1,1,09:40:19.606993642
2366.2,5,09:40:19.607973242
2366.3,1,09:40:20.078148020
2366.4,2,09:40:20.959264070
2366.4,2,09:40:21.140743769
2366.4,1,09:40:21.355859844
2366.4,1,09:40:21.387632570
2366.4,1,09:40:21.387811642
2366.5,2,09:40:21.708550881
2366.5,1,09:40:21.725608876
2366.5,2,09:40:21.726081996
2366.5,1,09:40:21.726124918
2366.4,2,09:40:22.053410108
2366.4,1,09:40:22.053467009
2366.5,2,09:40:24.567273075
2366.6,1,09:40:24.885870395
2366.4,4,09:40:24.971089920
2366.5,1,09:40:26.002928827
2366.6,2,09:40:26.904197234
2366.6,1,09:40:27.530586470
2366.7,1,09:40:27.551007120
2366.6,4,09:40:27.801795607
2366.6,1,09:40:27.802862845
2366.5,1,09:40:28.017590892
2366.5,2,09:40:28.085128487
2366.5,2,09:40:28.539091367
2366.5,1,09:40:28.811358962
2366.5,1,09:40:28.812261698
2366.4,1,09:40:30.160319382
2366.3,3,09:40:30.645975222
2366.2,1,09:40:30.659236897
2366.3,1,09:40:31.005484805
2366.4,1,09:40:31.145324055
2366.3,1,09:40:31.487078583
2366.4,3,09:40:32.064410072
2366.4,1,09:40:32.137412822
2366.5,3,09:40:36.046109483
2366.6,1,09:40:36.048321240
2366.6,1,09:40:36.050743382
2366.5,1,09:40:36.053067281
2366.5,1,09:40:36.054515701
2366.5,1,09:40:36.126041688
2366.6,1,09:40:38.550885509
2366.6,1,09:40:38.551136698
2366.5,1,09:40:39.352974859
2366.5,1,09:40:39.388122195
2366.7,1,09:40:39.906839290
2366.8,1,09:40:39.920456223
2366.9,1,09:40:40.847716066
2366.9,1,09:40:40.849129320
2366.9,1,09:40:42.570437987
2366.9,1,09:40:43.521513685
2367.0,1,09:40:44.342260712
2367.1,2,09:40:44.684672701
2367.1,1,09:40:45.093795803
2367.1,3,09:40:45.093875500
2367.1,1,09:40:45.094935297
2367.2,1,09:40:45.944652366
2367.3,4,09:40:46.022768402
2367.2,2,09:40:46.417588967
2367.1,1,09:40:47.275439730
2367.0,1,09:40:47.399522098
2366.9,2,09:40:48.235774031
2366.9,1,09:40:48.235817985
2367.0,1,09:40:48.885494361
2366.9,1,09:40:49.251340021
2367.0,1,09:40:50.250381105
2367.0,1,09:40:50.250500810
2367.0,1,09:40:50.251255600
2367.0,1,09:40:50.317977949
2367.1,1,09:40:50.318797719
2367.1,1,09:40:50.319034929
2367.2,1,09:40:50.839020027
2367.2,1,09:40:50.839697574
2367.2,1,09:40:51.331108429
2367.3,1,09:40:54.183831615
2367.2,1,09:40:54.729662810
2367.2,1,09:40:56.319831361
2367.1,1,09:40:56.400331467
2367.1,1,09:40:56.645380462
2367.1,1,09:40:56.645577068
2367.1,1,09:40:56.736956250
2367.1,1,09:40:56.737279815
2367.0,1,09:40:57.223798067
2367.0,2,09:40:57.223821345
2367.0,1,09:40:57.223993050
2367.0,1,09:40:57.284407014
2367.1,2,09:40:57.470408844
2367.2,1,09:40:57.882061743
2367.1,1,09:40:57.882599574
2366.9,1,09:41:01.130975437
2366.8,1,09:41:01.615088654
2366.8,1,09:41:01.615492886
2366.8,1,09:41:01.794420884
2366.8,1,09:41:01.800698671
2366.8,1,09:41:02.502821871
2366.8,2,09:41:02.521983256
2366.8,2,09:41:02.874804926
2366.7,1,09:41:03.035042819
2366.7,1,09:41:03.184154395
2366.7,4,09:41:04.255311432
2366.7,1,09:41:04.636115309
2366.9,1,09:41:04.956362964
2366.8,1,09:41:05.680822903
2366.6,6,09:41:06.376912467
2366.5,1,09:41:07.816137168
2366.5,1,09:41:07.817562317
2366.6,1,09:41:07.855272528
2366.7,1,09:41:10.190279653
2366.7,1,09:41:10.193359292
2366.8,1,09:41:12.763187177
2366.9,1,09:41:12.953946898
2366.9,2,09:41:13.196686525
2366.9,1,09:41:13.465262778
2367.0,3,09:41:15.891776773
2367.2,1,09:41:17.993118835
2367.3,2,09:41:18.107856686
2367.3,2,09:41:18.111477688
2367.2,2,09:41:18.124553494
2367.1,3,09:41:18.126449842
2367.1,1,09:41:18.126814540
2367.2,1,09:41:18.262880191
2367.3,1,09:41:18.264262654
2367.2,1,09:41:18.309648379
2367.3,2,09:41:19.590717730
2367.4,1,09:41:19.611013173
2367.4,2,09:41:19.611241510
2367.4,3,09:41:19.611323007
2367.4,5,09:41:19.611389722
2367.4,1,09:41:19.612697434
2367.3,1,09:41:19.747681454
2367.3,1,09:41:20.066687410
2367.3,1,09:41:20.082128310
2367.4,1,09:41:20.101347024
2367.4,1,09:41:20.405101978
2367.4,1,09:41:20.405267876
2367.4,2,09:41:20.405457675
2367.4,1,09:41:20.405733018
2367.4,2,09:41:20.542305630
2367.4,1,09:41:20.566359747
2367.4,2,09:41:20.566624626
2367.4,1,09:41:20.605556835
2367.3,1,09:41:21.278998166
2367.3,1,09:41:21.279642723
2367.2,1,09:41:21.798084260
2367.3,1,09:41:21.798287951
2367.3,1,09:41:21.826960449
2367.4,1,09:41:22.984309368
2367.4,1,09:41:23.038903918
2367.5,2,09:41:23.079920288
2367.5,2,09:41:23.080084979
2367.8,1,09:41:24.202261421
2367.8,1,09:41:24.202371919
2367.9,1,09:41:24.252881209
2367.8,1,09:41:24.253357142
2367.8,2,09:41:24.254240149
2367.9,1,09:41:24.265765481
2367.9,1,09:41:24.402905507
2367.9,1,09:41:24.581748750
2368.0,1,09:41:25.153504668
2368.0,2,09:41:25.165644855
2368.0,1,09:41:25.165692820
2368.0,3,09:41:25.748026629
2368.1,1,09:41:26.220546822
2368.0,1,09:41:26.221370375
2368.0,1,09:41:26.221585425
2368.0,1,09:41:26.273358044
2368.1,1,09:41:27.522183954
2368.2,2,09:41:27.550618236
2368.2,1,09:41:28.169716284
2368.1,1,09:41:28.997053479
2368.2,1,09:41:28.998134793
2368.2,1,09:41:29.007323862
2368.2,1,09:41:30.007006419
2368.2,2,09:41:30.633697785
2368.3,1,09:41:31.390762806
2368.3,1,09:41:31.426725473
2368.4,1,09:41:31.525682219
2368.4,1,09:41:31.527534196
2368.4,1,09:41:31.605013619
2368.3,1,09:41:31.632430706
2368.3,1,09:41:31.723787533
2368.4,1,09:41:31.756412088
2368.4,1,09:41:31.763271468
2368.4,4,09:41:32.276782662
2368.4,1,09:41:32.277192342
2368.4,1,09:41:32.572859410
2368.2,1,09:41:32.731882251
2368.3,1,09:41:33.400001554
2368.3,1,09:41:33.407616939
2368.4,1,09:41:33.770920185
2368.2,1,09:41:34.038738946
2368.2,1,09:41:34.039943763
2368.3,1,09:41:34.040710473
2368.5,1,09:41:34.175589552
2368.5,1,09:41:34.282474925
2368.4,2,09:41:34.303874300
2368.4,1,09:41:35.240990915
2368.4,1,09:41:35.803600213
2368.5,1,09:41:36.031623859
2368.4,2,09:41:36.239769008
2368.4,1,09:41:36.327307556
2368.3,1,09:41:36.857100992
2368.3,1,09:41:36.857588086
2368.4,1,09:41:36.857847839
2368.4,1,09:41:36.858881324
2368.4,1,09:41:37.664573099
2368.4,1,09:41:38.426928020
2368.4,1,09:41:39.011068945
2368.3,1,09:41:39.250176470
2368.5,1,09:41:40.392569317
2368.4,1,09:41:40.649832888
2368.5,1,09:41:40.663902707
2368.4,2,09:41:41.046649113
2368.4,2,09:41:41.115438016
2368.5,1,09:41:41.116607256
2368.4,2,09:41:41.121166356
2368.5,1,09:41:41.145690594
2368.4,1,09:41:41.463383631
2368.4,1,09:41:41.489830738
2368.4,1,09:41:41.535636233
2368.4,2,09:41:41.610005345
2368.4,1,09:41:41.611043833
2368.4,1,09:41:41.611082899
2368.3,1,09:41:41.631957477
2368.3,1,09:41:41.636048951
2368.3,5,09:41:41.636383178
2368.2,1,09:41:41.637368495
2368.3,1,09:41:41.637704127
2368.2,1,09:41:41.638331263
2368.2,3,09:41:41.639187936
2368.1,1,09:41:41.642375360
2368.1,3,09:41:41.671419126
2368.1,2,09:41:41.671598365
2368.1,2,09:41:41.672633650
2368.1,1,09:41:41.673164518
2368.1,1,09:41:41.681763156
2368.1,1,09:41:41.682088791
2368.0,3,09:41:41.695354763
2368.0,1,09:41:41.695647566
2368.0,1,09:41:41.697430115
2367.9,1,09:41:41.697935613
2367.9,2,09:41:41.698138676
2367.9,1,09:41:41.708496187
2367.9,1,09:41:41.708744496
2368.0,2,09:41:41.767546081
2368.1,5,09:41:41.775952128
2368.1,1,09:41:41.777051402
2368.1,1,09:41:41.777119147
2368.1,1,09:41:41.778119500
2368.0,1,09:41:41.788328900
2368.1,1,09:41:41.788779024
2368.1,1,09:41:41.789342127
2368.1,1,09:41:41.808880200
2368.1,1,09:41:41.809118138
2368.0,2,09:41:41.898059815
2368.0,2,09:41:41.899307082
2367.9,1,09:41:41.899772611
2367.9,1,09:41:41.900289728
2367.9,2,09:41:41.900683797
2367.9,2,09:41:41.902100850
2367.8,1,09:41:41.912913340
2367.8,4,09:41:41.913238065
2367.7,2,09:41:41.937988511
2367.7,2,09:41:41.938175695
2367.8,1,09:41:42.083293496
2367.8,2,09:41:42.210725132
2367.9,1,09:41:42.212482271
2367.9,1,09:41:42.299982390
2367.9,2,09:41:42.585332490
2367.9,1,09:41:42.706460888
2368.0,1,09:41:43.100656792
2367.9,1,09:41:43.291526487
2367.9,1,09:41:43.518598371
2368.0,1,09:41:43.824577411
2368.1,2,09:41:44.420386940
2368.0,3,09:41:44.446414625
2368.1,1,09:41:44.691153309
2368.0,1,09:41:45.071918530
2368.0,1,09:41:45.072219480
2368.0,1,09:41:45.072467761
2368.0,1,09:41:45.257939359
2368.0,1,09:41:45.258243526
2367.9,2,09:41:46.167566258
2367.9,1,09:41:47.086657326
2367.9,1,09:41:47.087388407
2367.9,1,09:41:47.109943296
2368.0,1,09:41:47.124161672
2367.9,1,09:41:47.984804900
2367.8,1,09:41:47.985025775
2367.7,2,09:41:48.975140572
2367.7,1,09:41:48.975154604
2367.6,1,09:41:51.842034905
2367.4,1,09:41:53.073617047
2367.5,1,09:41:53.083901162
2367.5,2,09:41:54.089402130
2367.5,1,09:41:54.089715839
2367.4,1,09:41:54.508301082
2367.5,1,09:41:54.508805047
2367.5,1,09:41:54.508990990
2367.4,1,09:41:54.887396181
2367.5,1,09:41:55.225185112
2367.4,1,09:41:55.785607928
2367.4,1,09:41:57.036686698
2367.3,1,09:41:57.229511372
2367.1,1,09:41:57.589383769
2367.1,1,09:41:57.750433833
2367.1,1,09:41:57.814097535
2367.0,2,09:41:58.430858740
2367.1,1,09:41:58.500685794
2367.0,1,09:41:58.994571230
2367.0,1,09:41:59.545295610
2367.1,2,09:41:59.884961924
2367.0,5,09:42:00.009011218
2367.0,1,09:42:00.613939102
2367.1,1,09:42:00.616964414
2367.0,1,09:42:00.813257010
2367.1,1,09:42:01.184861407
2367.0,1,09:42:01.788203804
2367.0,1,09:42:01.936100174
2367.0,2,09:42:02.229678574
2367.1,1,09:42:02.536617925
2366.9,1,09:42:02.882915661
2367.0,1,09:42:03.006245394
2367.0,1,09:42:03.006588252
2367.0,1,09:42:03.578693382
2367.1,4,09:42:03.651412041
2367.2,2,09:42:04.001781790
2367.3,2,09:42:04.083404197
2367.3,1,09:42:04.083570031
2367.4,1,09:42:04.307871014
2367.2,1,09:42:04.835265304
2367.1,2,09:42:07.030821187
2367.0,1,09:42:07.536819411
2366.9,2,09:42:08.327095616
2367.0,2,09:42:08.327861494
2367.0,2,09:42:08.328118540
2367.0,1,09:42:08.328682567
2366.9,1,09:42:09.075486358
2367.0,1,09:42:10.367049199
2367.0,1,09:42:10.367402342
2367.0,1,09:42:10.866646938
2367.0,1,09:42:11.163612069
2367.0,1,09:42:11.425194209
2366.9,1,09:42:11.599987095
2366.9,1,09:42:12.494644440
2366.9,1,09:42:12.495050314
2366.9,1,09:42:12.495671965
2366.8,1,09:42:12.577282323
2366.7,1,09:42:12.577294288
2366.8,2,09:42:12.578579194
2366.8,1,09:42:14.736349352
2366.9,1,09:42:18.661276271
2366.8,1,09:42:18.914451395
2366.9,1,09:42:19.270723420
2366.9,1,09:42:19.271495989
2366.9,1,09:42:19.315233038
2366.9,1,09:42:20.346551382
2366.7,1,09:42:20.462017017
2366.9,1,09:42:21.126413053
2366.9,1,09:42:22.382046674
2366.8,2,09:42:23.767461486
2366.8,1,09:42:23.767814348
2366.8,1,09:42:26.541284575
2367.0,1,09:42:27.541801767
2367.1,5,09:42:28.061341442
2367.1,1,09:42:28.061354107
2367.1,1,09:42:28.061752330
2367.2,1,09:42:28.110869836
2367.2,1,09:42:28.111137486
2367.2,1,09:42:28.176119426
2367.3,1,09:42:28.410991011
2367.4,3,09:42:29.516887915
2367.4,1,09:42:29.516900636
2367.3,3,09:42:29.924663997
2367.3,4,09:42:30.085721417
2367.1,5,09:42:32.305666337
2367.0,1,09:42:32.535685196
2367.2,1,09:42:34.019118845
2367.3,1,09:42:35.591095820
2367.3,1,09:42:35.591341594
2367.3,1,09:42:35.592020350
2367.2,1,09:42:35.593552906
2367.4,1,09:42:37.545368568
2367.4,2,09:42:37.545421209
2367.3,1,09:42:37.585618567
2367.4,1,09:42:38.844243113
2367.3,1,09:42:40.238784497
2367.4,1,09:42:41.373043762
2367.2,1,09:42:41.849119705
2367.2,1,09:42:44.094236698
2367.2,1,09:42:44.094516796
2367.3,3,09:42:45.672284052
2367.4,4,09:42:46.366588412
2367.3,1,09:42:47.656551791
2367.3,5,09:42:48.622980269
2367.3,1,09:42:48.625531186
2367.3,1,09:42:48.626594481
2367.3,1,09:42:48.627960576
2367.4,3,09:42:51.405640044
2367.3,1,09:42:51.551903924
2367.4,1,09:42:54.856531111
2367.3,1,09:42:56.307769707
2367.2,1,09:42:56.896561892
2367.4,5,09:42:58.656265682
2367.4,1,09:42:58.657450270
2367.4,1,09:42:58.658926904
2367.4,1,09:42:58.763027913
2367.4,1,09:42:58.763410868
2367.3,2,09:42:58.943147303
2367.2,1,09:42:59.000244668
2367.2,1,09:42:59.000329723
2367.2,1,09:42:59.000478923
2367.2,2,09:42:59.000511279
2367.2,1,09:43:00.006410120
2367.0,2,09:43:00.420581025
2367.0,1,09:43:00.420661923
2366.9,1,09:43:00.849442539
2366.9,2,09:43:02.353328046
2366.8,1,09:43:02.357816283
2366.8,1,09:43:02.359027011
2366.7,2,09:43:03.349111234
2366.6,1,09:43:03.425426059
2366.5,1,09:43:03.446076882
2366.5,1,09:43:03.446088738
2366.5,4,09:43:03.446360171
2366.5,1,09:43:03.446603309
2366.4,1,09:43:04.306643626
2366.4,2,09:43:04.928924216
2366.4,3,09:43:05.249421528
2366.5,1,09:43:05.565908898
2366.4,1,09:43:06.743432513
2366.5,2,09:43:06.775686611
2366.5,2,09:43:06.775855705
2366.5,2,09:43:06.775972446
2366.5,2,09:43:06.776068195
2366.5,1,09:43:06.957536398
2366.6,6,09:43:08.430925227
2366.6,2,09:43:08.431041680
2366.7,1,09:43:08.442505532
2366.8,1,09:43:09.329504393
2366.9,1,09:43:13.570940111
2366.7,1,09:43:14.571663373
2366.7,1,09:43:17.896302848
2366.7,1,09:43:18.858126160
2366.8,2,09:43:19.047663929
2366.7,4,09:43:19.355997037
2366.6,1,09:43:20.728507223
2366.6,1,09:43:20.729212021
2366.7,1,09:43:21.078696934
2366.8,6,09:43:21.108044953
2366.9,1,09:43:21.110111059
2367.0,2,09:43:21.135487422
2367.0,1,09:43:21.277727075
2367.0,1,09:43:22.401160713
2367.0,1,09:43:23.545801162
2367.0,2,09:43:24.058266464
2367.1,1,09:43:24.902040994
2367.1,2,09:43:24.909549997
2367.2,1,09:43:25.620126842
2367.2,1,09:43:25.620797403
2367.2,1,09:43:26.833678555
2367.1,1,09:43:28.314928377
2367.1,1,09:43:29.828577510
2367.2,4,09:43:30.064110355
2367.1,2,09:43:31.839660086
2367.2,2,09:43:32.258633945
2367.3,1,09:43:33.290775010
2367.3,1,09:43:34.463889099
2367.2,1,09:43:35.345190446
2367.2,3,09:43:37.075366332
2367.2,1,09:43:37.723038331
2367.3,2,09:43:38.435576403
2367.1,1,09:43:39.933755448
2367.1,1,09:43:39.934095243
2367.0,4,09:43:41.038147413
2366.9,1,09:43:41.766370598
2366.9,2,09:43:41.766969541
2367.0,2,09:43:42.521368109
2366.9,1,09:43:42.533919002
2366.9,1,09:43:42.850052355
2366.9,1,09:43:44.646409952
2366.9,1,09:43:46.162958994
2366.9,1,09:43:46.164346817
2366.9,1,09:43:46.164576601
2367.0,2,09:43:48.253774272
2367.1,2,09:43:48.323911206
2367.1,2,09:43:48.324345650
2367.4,6,09:43:49.224634282
2367.3,1,09:43:49.224634282
2367.5,11,09:43:49.224634282
2367.5,7,09:43:49.225923968
2367.5,1,09:43:49.559893648
2367.3,1,09:43:51.356988638
2367.4,1,09:43:52.735683332
2367.6,4,09:43:53.908889773
2367.5,2,09:43:53.908889773
2367.8,1,09:43:54.093892771
2367.7,2,09:43:54.882846735
2367.7,1,09:43:54.882971141
2367.7,1,09:43:54.883527549
2367.9,1,09:43:56.528364604
2368.0,2,09:43:56.528364604
2368.0,1,09:43:56.528380933
2367.9,1,09:43:57.598649879
2367.9,1,09:43:57.598991391
2367.9,1,09:43:59.530184518
2364.0,11,09:45:00.015748480
2363.9,1,09:45:00.015748480
2364.2,1,09:45:00.015842460
2363.4,7,09:45:00.016250365
2363.3,7,09:45:00.016250365
2363.3,2,09:45:00.016256820
2364.2,1,09:45:00.017255349
2363.8,1,09:45:00.017255349
2363.3,22,09:45:00.017647699
2363.5,2,09:45:00.017647699
2363.3,3,09:45:00.018816510
2363.7,1,09:45:00.019312962
2363.9,1,09:45:00.019400509
2363.2,2,09:45:00.019771515
2363.3,2,09:45:00.019771515
2363.8,1,09:45:00.020148115
2363.4,2,09:45:00.020270859
2363.5,1,09:45:00.020270859
2363.2,2,09:45:00.020270859
2363.1,3,09:45:00.020443157
2363.1,1,09:45:00.020450534
2363.4,2,09:45:00.024738316
2363.1,1,09:45:00.024842977
2363.0,3,09:45:00.025129437
2363.7,1,09:45:00.025816360
2363.2,1,09:45:00.025816360
2363.3,1,09:45:00.026707517
2362.7,1,09:45:00.027875288
2362.6,1,09:45:00.030881432
2362.5,1,09:45:00.030888530
2362.5,1,09:45:00.030958246
2362.5,1,09:45:00.034568005
2362.6,2,09:45:00.034568005
2362.5,3,09:45:00.034662784
2362.5,12,09:45:00.034677828
2363.2,1,09:45:00.036986569
2362.5,7,09:45:00.037484755
2362.5,9,09:45:00.037834429
2362.4,1,09:45:00.037834429
2363.0,1,09:45:00.039293412
2362.2,1,09:45:00.050155846
2362.3,2,09:45:00.050155846
2362.1,9,09:45:00.050168272
2362.0,1,09:45:00.050168272
2362.0,2,09:45:00.050176576
2362.0,5,09:45:00.050184010
2362.0,1,09:45:00.050184010
2362.1,1,09:45:00.056032652
2362.0,9,09:45:00.059172184
2362.1,1,09:45:00.060190928
2362.6,1,09:45:00.063516637
2362.6,1,09:45:00.065429152
2361.9,5,09:45:00.072911389
2361.8,1,09:45:00.072924413
2361.8,1,09:45:00.073728996
2361.7,1,09:45:00.073942946
2362.0,2,09:45:00.091091007
2361.5,1,09:45:00.106413325
2361.5,1,09:45:00.106586724
2361.5,1,09:45:00.109002277
2361.3,5,09:45:00.125883794
2361.2,1,09:45:00.126320383
2361.1,2,09:45:00.133177958
2361.0,1,09:45:00.135842501
2361.0,1,09:45:00.135854072
2361.2,1,09:45:00.139265994
2361.0,4,09:45:00.140899950
2361.0,1,09:45:00.141252725
2360.8,1,09:45:00.141533217
2360.9,3,09:45:00.147214407
2360.6,1,09:45:00.147586261
2360.5,2,09:45:00.152950526
2360.5,3,09:45:00.153194883
2360.4,6,09:45:00.153446168
2360.5,12,09:45:00.153516841
2360.7,1,09:45:00.165223196
2360.7,1,09:45:00.165929005
2360.6,1,09:45:00.166448993
2360.7,1,09:45:00.166757270
2360.8,1,09:45:00.166808108
2360.9,1,09:45:00.167455718
2361.0,3,09:45:00.167803903
2360.9,1,09:45:00.167841671
2360.8,1,09:45:00.169850147
2361.1,1,09:45:00.172254480
2361.1,1,09:45:00.180137112
2360.3,8,09:45:00.181568194
2360.4,2,09:45:00.181568194
2360.9,1,09:45:00.187367175
2360.9,1,09:45:00.187551262
2361.0,1,09:45:00.228227874
2361.1,2,09:45:00.230454962
2361.3,2,09:45:00.231191876
2361.3,2,09:45:00.231516526
2361.2,1,09:45:00.231816113
2361.4,1,09:45:00.232934353
2361.7,1,09:45:00.241649792
2361.7,1,09:45:00.253227098
2361.7,1,09:45:00.263273274
2361.7,1,09:45:00.264714929
2361.7,1,09:45:00.269646807
2361.5,1,09:45:00.270335379
2361.3,1,09:45:00.270677936
2361.2,2,09:45:00.270750750
2361.2,1,09:45:00.270792440
2361.2,1,09:45:00.270977545
2361.1,2,09:45:00.271043690
2361.7,1,09:45:00.273145771
2361.7,1,09:45:00.281306534
2361.2,2,09:45:00.300618824
2361.1,2,09:45:00.301106047
2361.5,1,09:45:00.308486764
2361.5,1,09:45:00.308575224
2361.6,1,09:45:00.308575224
2361.6,1,09:45:00.308612115
2361.1,1,09:45:00.310686185
2361.7,1,09:45:00.317067329
2361.1,1,09:45:00.318446038
2361.7,1,09:45:00.330472162
2361.6,1,09:45:00.335691573
2361.6,1,09:45:00.336931518
2361.8,1,09:45:00.340379200
2362.0,1,09:45:00.354126949
2362.0,1,09:45:00.356707629
2362.2,1,09:45:00.363420099
2362.3,1,09:45:00.370649855
2362.5,1,09:45:00.373371756
2362.7,1,09:45:00.377116368
2362.3,2,09:45:00.382553420
2362.2,1,09:45:00.383067837
2362.8,1,09:45:00.385026004
2362.8,1,09:45:00.387927605
2362.4,1,09:45:00.448464925
2362.4,1,09:45:00.449234642
2362.2,2,09:45:00.449579610
2362.1,5,09:45:00.449961966
2362.2,1,09:45:00.449961966
2362.2,1,09:45:00.450213501
2362.8,1,09:45:00.451369223
2362.8,1,09:45:00.462409484
2362.9,1,09:45:00.468590206
2363.0,1,09:45:00.477679311
2363.0,1,09:45:00.484501353
2363.0,1,09:45:00.484558928
2363.0,1,09:45:00.498986135
2362.6,4,09:45:00.576930724
2362.9,1,09:45:00.583847760
2362.6,1,09:45:00.583959586
2362.7,1,09:45:00.639914818
2363.0,2,09:45:00.713675576
2363.1,1,09:45:00.746582526
2362.6,1,09:45:00.764494880
2362.6,2,09:45:00.793528677
2362.6,6,09:45:00.793755981
2362.5,1,09:45:00.806619037
2362.9,1,09:45:00.855293863
2362.4,2,09:45:00.861350180
2362.9,1,09:45:00.866024072
2362.4,1,09:45:00.872891070
2362.4,1,09:45:00.892757935
2362.8,1,09:45:00.902538442
2362.4,1,09:45:00.968963104
2362.4,1,09:45:00.969837131
2362.4,1,09:45:00.994851695
2362.4,1,09:45:00.995077876
2362.6,1,09:45:00.996254485
2362.6,1,09:45:01.005089981
2362.8,1,09:45:01.016437256
2362.6,5,09:45:01.094577919
2362.8,1,09:45:01.207473439
2362.5,1,09:45:01.217008121
2362.4,1,09:45:01.224581476
2362.3,5,09:45:01.226207224
2362.1,1,09:45:01.243846885
2362.1,1,09:45:01.256835843
2362.4,1,09:45:01.260870274
2362.1,1,09:45:01.273960601
2362.4,1,09:45:01.274140608
2362.2,1,09:45:01.293044326
2362.2,1,09:45:01.293555507
2362.3,1,09:45:01.299279648
2362.1,1,09:45:01.447171888
2362.4,2,09:45:01.464260478
2362.4,1,09:45:01.464971482
2362.4,1,09:45:01.465528184
2362.6,1,09:45:01.639981696
2362.7,1,09:45:01.683028546
2362.8,1,09:45:01.683062265
2362.7,1,09:45:01.683462334
2362.7,1,09:45:01.683524288
2362.4,1,09:45:01.698365412
2362.4,1,09:45:01.763281928
2362.3,2,09:45:01.763281928
2362.3,1,09:45:01.859732043
2362.3,1,09:45:01.860288688
2362.2,1,09:45:01.860352391
2362.2,2,09:45:01.875318727
2362.3,1,09:45:01.875493160
2362.1,4,09:45:01.937445574
2362.0,1,09:45:01.937659241
2361.9,1,09:45:01.954978290
2361.8,1,09:45:01.954978290
2362.2,2,09:45:02.050639705
2362.0,1,09:45:02.069415542
2362.3,2,09:45:02.128537647
2362.2,1,09:45:02.128537647
2362.1,1,09:45:02.167179023
2362.2,1,09:45:02.167179023
2362.3,2,09:45:02.167179023
2361.9,1,09:45:02.207555974
2361.9,1,09:45:02.207723680
2362.0,1,09:45:02.207845573
2361.9,1,09:45:02.207956612
2362.1,1,09:45:02.253411431
2362.2,1,09:45:02.254615971
2362.1,2,09:45:02.254615971
2362.1,1,09:45:02.343214960
2362.1,2,09:45:02.396528732
2362.2,1,09:45:02.396782637
2362.2,1,09:45:02.396864962
2362.2,1,09:45:02.396934093
2362.1,1,09:45:02.397119486
2362.2,1,09:45:02.407827544
2362.3,1,09:45:02.407933435
2362.3,1,09:45:02.421337423
2362.3,1,09:45:02.421443377
2362.2,2,09:45:02.421531299
2362.1,1,09:45:02.435923576
2362.3,3,09:45:02.451068284
2362.3,1,09:45:02.451338312
2362.3,1,09:45:02.473091303
2362.1,1,09:45:02.481825562
2362.4,2,09:45:02.564741785
2362.4,1,09:45:02.564804829
2362.5,4,09:45:02.565094435
2362.6,3,09:45:02.565394985
2362.4,1,09:45:02.586309166
2362.4,1,09:45:02.586358207
2362.3,1,09:45:02.609913226
2362.3,1,09:45:02.619348174
2362.6,3,09:45:02.634712771
2362.3,1,09:45:02.636069890
2362.6,1,09:45:02.690476307
2362.3,1,09:45:02.738181014
2362.6,2,09:45:02.739576706
2362.7,1,09:45:02.739576706
2362.2,1,09:45:02.742150160
2362.3,1,09:45:02.764595492
2362.3,1,09:45:02.779388014
2362.2,1,09:45:02.806333919
2362.5,2,09:45:02.822622836
2362.6,1,09:45:02.822866336
2362.5,1,09:45:02.822967253
2362.5,1,09:45:02.823013487
2362.6,1,09:45:02.823390996
2362.5,1,09:45:02.824497279
2362.6,1,09:45:02.825694677
2362.3,1,09:45:03.020492980
2362.2,1,09:45:03.020782183
2362.2,2,09:45:03.021142863
2362.4,1,09:45:03.021666614
2362.3,1,09:45:03.022921919
2362.3,1,09:45:03.026665966
2362.4,1,09:45:03.118095874
2362.3,1,09:45:03.118479350
2362.3,1,09:45:03.118719685
2362.3,1,09:45:03.177369365
2362.2,1,09:45:03.177575571
2362.3,1,09:45:03.200139093
2362.1,1,09:45:03.297524415
2362.1,1,09:45:03.297796350
2362.1,1,09:45:03.298052205
2362.2,2,09:45:03.376703856
2362.0,1,09:45:03.420214287
2362.2,1,09:45:03.526646359
2362.3,5,09:45:03.528925416
2362.0,1,09:45:03.529481968
2362.3,1,09:45:03.991958609
2362.2,1,09:45:04.006781266
2362.3,1,09:45:04.030448081
2362.4,1,09:45:04.047413981
2362.4,3,09:45:04.047648025
2362.5,1,09:45:04.048011555
2362.5,2,09:45:04.048215210
2362.3,1,09:45:04.099920945
2362.3,1,09:45:04.309853763
2362.2,2,09:45:04.310101855
2362.1,1,09:45:04.310398395
2362.0,1,09:45:04.381662540
2362.0,2,09:45:04.573944993
2362.0,1,09:45:04.574040764
2362.1,2,09:45:04.577417646
2362.2,1,09:45:04.578380126
2362.3,30,09:45:04.722840378
2362.4,3,09:45:04.723267631
2362.4,1,09:45:04.723448189
2362.5,1,09:45:04.723677218
2362.5,1,09:45:04.723754838
2362.6,1,09:45:04.724268519
2362.7,1,09:45:04.944487401
2362.6,2,09:45:05.049092083
2362.5,1,09:45:05.090910884
2362.4,1,09:45:05.135754023
2362.6,1,09:45:05.157873418
2362.5,2,09:45:05.192971301
2362.5,1,09:45:05.202330199
2362.5,1,09:45:05.203494466
2362.2,1,09:45:05.273083550
2362.1,1,09:45:05.331439502
2362.0,1,09:45:05.363878646
2362.2,1,09:45:05.430240852
2362.1,1,09:45:05.534203044
2362.0,1,09:45:05.534361729
2362.2,1,09:45:05.534891426
2362.0,1,09:45:05.599515960
2362.1,2,09:45:05.616254806
2362.1,1,09:45:05.734149499
2361.9,1,09:45:05.741379984
2362.0,2,09:45:05.950471455
2362.1,1,09:45:05.950516934
2361.8,1,09:45:06.019366317
2361.7,4,09:45:06.067653359
2361.6,3,09:45:06.067653359
2361.6,1,09:45:06.067966751
2361.6,1,09:45:06.069838117
2361.8,1,09:45:06.082537176
2361.9,1,09:45:06.082904911
2362.0,1,09:45:06.082990660
2361.9,1,09:45:06.086911965
2362.0,1,09:45:06.088533821
2362.0,2,09:45:06.139696051
2362.0,1,09:45:06.469958530
2362.0,1,09:45:06.592245658
2361.9,1,09:45:06.929051795
2361.8,2,09:45:06.988306364
2361.8,1,09:45:06.988549969
2361.5,1,09:45:07.116001473
2361.9,2,09:45:07.171080694
2362.0,3,09:45:07.171622630
2362.0,1,09:45:07.243371855
2362.0,1,09:45:07.367517542
2362.1,2,09:45:07.375516089
2362.2,1,09:45:07.422475983
2362.1,1,09:45:07.422570625
2362.1,1,09:45:07.422833949
2362.0,1,09:45:07.434496039
2361.8,1,09:45:07.623884223
2361.7,2,09:45:07.969760831
2362.0,1,09:45:08.076034010
2362.0,1,09:45:08.143266360
2362.0,1,09:45:08.849866723
2362.0,1,09:45:08.850407739
2362.2,1,09:45:08.924927533
2362.2,1,09:45:08.924939594
2362.3,1,09:45:08.929297151
2362.2,1,09:45:08.929717751
2362.3,1,09:45:08.942527625
2362.4,2,09:45:08.979202064
2362.4,1,09:45:08.984080086
2362.5,1,09:45:09.050029796
2362.6,1,09:45:09.050041937
2362.5,3,09:45:09.050041937
2362.3,1,09:45:09.050174676
2362.5,1,09:45:09.050302534
2362.6,2,09:45:09.060693160
2362.5,4,09:45:09.083726121
2362.5,1,09:45:09.097722627
2362.7,2,09:45:09.168556977
2362.8,1,09:45:09.232809001
2362.9,1,09:45:09.232809001
2362.9,1,09:45:09.232821593
2362.7,3,09:45:09.238680044
2362.7,1,09:45:09.341823244
2362.9,1,09:45:09.483490777
2363.0,1,09:45:09.582738508
2363.0,2,09:45:09.582981473
2362.9,1,09:45:09.583087945
2362.9,1,09:45:09.725660520
2362.9,1,09:45:09.725722131
2362.8,7,09:45:09.726478062
2363.0,1,09:45:09.928241818
2362.9,1,09:45:09.928968583
2362.9,1,09:45:10.005693369
2362.8,1,09:45:10.065361957
2362.8,3,09:45:10.065560870
2362.8,2,09:45:10.065621975
2362.9,1,09:45:10.386484926
2362.7,2,09:45:10.773431162
2362.8,2,09:45:10.773992248
2362.7,1,09:45:10.782284181
2362.6,1,09:45:10.787663272
2362.6,1,09:45:10.787719040
2362.6,1,09:45:10.961489588
2362.7,3,09:45:11.009786660
2362.8,2,09:45:11.143059068
2362.9,1,09:45:11.152114565
2363.0,1,09:45:11.259304031
2363.1,1,09:45:11.302508086
2363.1,1,09:45:11.302596209
2363.1,1,09:45:11.349881434
2363.1,1,09:45:11.395232287
2363.1,1,09:45:11.395740947
2363.3,3,09:45:11.496539108
2363.3,1,09:45:11.497081821
2363.3,1,09:45:11.497380188
2363.2,2,09:45:11.501307224
2363.2,1,09:45:11.523859768
2363.0,1,09:45:11.991664467
2363.3,3,09:45:12.036948575
2363.4,2,09:45:12.036948575
2363.0,1,09:45:12.053014166
2363.0,1,09:45:12.092362248
2363.4,6,09:45:12.181045148
2363.8,3,09:45:12.181045148
2363.7,3,09:45:12.181045148
2363.2,3,09:45:12.181045148
2363.3,5,09:45:12.181045148
2363.5,5,09:45:12.181045148
2363.6,5,09:45:12.181045148
2363.6,1,09:45:12.182853280
2363.4,1,09:45:12.183036001
2363.4,1,09:45:12.183748642
2363.2,1,09:45:12.191402287
2363.3,1,09:45:12.191402287
2363.1,1,09:45:12.197594217
2363.1,1,09:45:12.197926005
2363.2,1,09:45:12.198685164
2363.3,2,09:45:12.218533980
2363.3,1,09:45:12.237385758
2363.3,1,09:45:12.262723462
2363.2,2,09:45:12.320349380
2363.1,2,09:45:12.340000711
2363.0,1,09:45:12.542583958
2362.9,1,09:45:12.546817013
2362.9,1,09:45:12.547034205
2362.9,1,09:45:12.595025888
2363.0,1,09:45:12.654650791
2363.2,1,09:45:13.072319740
