bidVolume,bidPrice,askVolume,askPrice,timestamp
13,5061.0,19,5061.5,10:00:00.007848864
2,5061.25,19,5061.5,10:00:00.007920301
5,5061.25,19,5061.5,10:00:00.007933518
6,5061.25,19,5061.5,10:00:00.007943045
7,5061.25,19,5061.5,10:00:00.007953321
8,5061.25,19,5061.5,10:00:00.007959023
12,5061.25,19,5061.5,10:00:00.007969251
12,5061.25,19,5061.5,10:00:00.007996755
12,5061.25,20,5061.5,10:00:00.008002406
10,5061.25,20,5061.5,10:00:00.008129117
10,5061.25,21,5061.5,10:00:00.008129117
11,5061.25,21,5061.5,10:00:00.008129117
11,5061.25,13,5061.5,10:00:00.008129117
11,5061.25,14,5061.5,10:00:00.008134383
11,5061.25,15,5061.5,10:00:00.008210433
10,5061.25,15,5061.5,10:00:00.008257090
6,5061.25,15,5061.5,10:00:00.008269564
6,5061.25,15,5061.5,10:00:00.008388782
6,5061.25,15,5061.5,10:00:00.008515534
6,5061.25,15,5061.5,10:00:00.008515534
6,5061.25,14,5061.5,10:00:00.008652992
6,5061.25,15,5061.5,10:00:00.008676231
5,5061.25,15,5061.5,10:00:00.008910745
5,5061.25,16,5061.5,10:00:00.008965927
6,5061.25,16,5061.5,10:00:00.009079294
5,5061.25,16,5061.5,10:00:00.010937109
3,5061.25,16,5061.5,10:00:00.010996272
2,5061.25,16,5061.5,10:00:00.011017927
21,5061.0,16,5061.5,10:00:00.011165255
21,5061.0,16,5061.5,10:00:00.011165255
21,5061.0,25,5061.5,10:00:00.011221566
21,5061.0,32,5061.5,10:00:00.011467792
21,5061.0,31,5061.5,10:00:00.017314981
22,5061.0,31,5061.5,10:00:00.017796009
22,5061.0,31,5061.5,10:00:00.029554606
1,5061.25,31,5061.5,10:00:00.034432488
22,5061.0,31,5061.5,10:00:00.034633749
22,5061.0,31,5061.5,10:00:00.034633749
15,5061.0,31,5061.5,10:00:00.034638232
27,5061.0,31,5061.5,10:00:00.035379499
28,5061.0,31,5061.5,10:00:00.035480020
28,5061.0,24,5061.5,10:00:00.035486960
1,5061.25,24,5061.5,10:00:00.035688389
1,5061.25,24,5061.5,10:00:00.035800618
2,5061.25,24,5061.5,10:00:00.035806541
2,5061.25,24,5061.5,10:00:00.035899611
2,5061.25,24,5061.5,10:00:00.045143712
3,5061.25,24,5061.5,10:00:00.049210268
3,5061.25,24,5061.5,10:00:00.051796243
2,5061.25,24,5061.5,10:00:00.051853962
2,5061.25,24,5061.5,10:00:00.051895960
2,5061.25,24,5061.5,10:00:00.058719042
1,5061.25,24,5061.5,10:00:00.060130315
27,5061.0,24,5061.5,10:00:00.060305886
27,5061.0,24,5061.5,10:00:00.060305886
1,5061.25,24,5061.5,10:00:00.060305886
1,5061.25,31,5061.5,10:00:00.060399450
27,5061.0,31,5061.5,10:00:00.060495180
27,5061.0,31,5061.5,10:00:00.060495180
27,5061.0,1,5061.25,10:00:00.060495180
27,5061.0,2,5061.25,10:00:00.060503302
27,5061.0,1,5061.25,10:00:00.060722526
27,5061.0,31,5061.5,10:00:00.060722526
27,5061.0,31,5061.5,10:00:00.060722526
27,5061.0,1,5061.25,10:00:00.060722526
27,5061.0,1,5061.25,10:00:00.060722526
27,5061.0,30,5061.5,10:00:00.060811478
27,5061.0,30,5061.5,10:00:00.060811478
27,5061.0,31,5061.5,10:00:00.060820649
27,5061.0,30,5061.5,10:00:00.060877514
27,5061.0,32,5061.5,10:00:00.060955563
27,5061.0,31,5061.5,10:00:00.060961173
27,5061.0,29,5061.5,10:00:00.061090740
27,5061.0,28,5061.5,10:00:00.061317465
27,5061.0,29,5061.5,10:00:00.061361568
28,5061.0,29,5061.5,10:00:00.063210156
28,5061.0,1,5061.25,10:00:00.063651314
28,5061.0,2,5061.25,10:00:00.063660239
28,5061.0,1,5061.25,10:00:00.063668284
28,5061.0,29,5061.5,10:00:00.063673801
28,5061.0,29,5061.5,10:00:00.063673801
28,5061.0,1,5061.25,10:00:00.063792209
28,5061.0,2,5061.25,10:00:00.063797726
28,5061.0,2,5061.25,10:00:00.063886851
28,5061.0,1,5061.25,10:00:00.063995644
28,5061.0,1,5061.25,10:00:00.063995644
28,5061.0,29,5061.5,10:00:00.063995644
28,5061.0,29,5061.5,10:00:00.063995644
28,5061.0,28,5061.5,10:00:00.063995644
28,5061.0,30,5061.5,10:00:00.064054755
28,5061.0,31,5061.5,10:00:00.064094036
28,5061.0,29,5061.5,10:00:00.064260123
28,5061.0,30,5061.5,10:00:00.064388135
12,5061.25,30,5061.5,10:00:00.068484061
12,5061.25,30,5061.5,10:00:00.068484061
13,5061.25,30,5061.5,10:00:00.068583580
13,5061.25,30,5061.5,10:00:00.068590261
14,5061.25,30,5061.5,10:00:00.068603465
15,5061.25,30,5061.5,10:00:00.068608073
15,5061.25,31,5061.5,10:00:00.068710801
15,5061.25,31,5061.5,10:00:00.068929289
14,5061.25,31,5061.5,10:00:00.069031285
14,5061.25,31,5061.5,10:00:00.069036110
13,5061.25,31,5061.5,10:00:00.069121904
13,5061.25,31,5061.5,10:00:00.070609652
14,5061.25,31,5061.5,10:00:00.071879259
14,5061.25,31,5061.5,10:00:00.071879259
15,5061.25,31,5061.5,10:00:00.071987642
15,5061.25,30,5061.5,10:00:00.072096169
15,5061.25,36,5061.5,10:00:00.076358578
14,5061.25,36,5061.5,10:00:00.076463438
14,5061.25,36,5061.5,10:00:00.079350715
9,5061.25,36,5061.5,10:00:00.081300194
14,5061.0,36,5061.5,10:00:00.081543012
14,5061.0,36,5061.5,10:00:00.081543012
14,5061.0,2,5061.25,10:00:00.081550794
14,5061.0,3,5061.25,10:00:00.081662250
14,5061.0,4,5061.25,10:00:00.081669722
14,5061.0,5,5061.25,10:00:00.081677050
14,5061.0,6,5061.25,10:00:00.081785100
14,5061.0,6,5061.25,10:00:00.081791369
14,5061.0,7,5061.25,10:00:00.081885502
14,5061.0,7,5061.25,10:00:00.081909800
13,5061.0,7,5061.25,10:00:00.082165652
13,5061.0,7,5061.25,10:00:00.082181895
13,5061.0,8,5061.25,10:00:00.082353668
13,5061.0,8,5061.25,10:00:00.085024612
13,5061.0,6,5061.25,10:00:00.088277660
15,5061.0,6,5061.25,10:00:00.088387876
15,5061.0,6,5061.25,10:00:00.089537173
15,5061.0,5,5061.25,10:00:00.092008202
14,5061.0,5,5061.25,10:00:00.092415030
14,5061.0,4,5061.25,10:00:00.095658724
14,5061.0,4,5061.25,10:00:00.101721025
14,5061.0,3,5061.25,10:00:00.103193650
15,5061.0,3,5061.25,10:00:00.103295275
16,5061.0,3,5061.25,10:00:00.103302785
16,5061.0,1,5061.25,10:00:00.103524610
15,5061.0,1,5061.25,10:00:00.103615463
15,5061.0,36,5061.5,10:00:00.103706003
15,5061.0,36,5061.5,10:00:00.103706003
13,5061.0,36,5061.5,10:00:00.103801515
12,5061.0,36,5061.5,10:00:00.103890608
12,5061.0,34,5061.5,10:00:00.103931194
12,5061.0,35,5061.5,10:00:00.103974747
11,5061.0,35,5061.5,10:00:00.104234791
11,5061.0,1,5061.25,10:00:00.104312943
11,5061.0,2,5061.25,10:00:00.104424814
11,5061.0,3,5061.25,10:00:00.104433313
11,5061.0,3,5061.25,10:00:00.104519587
11,5061.0,3,5061.25,10:00:00.107183222
11,5061.0,3,5061.25,10:00:00.111723108
11,5061.0,10,5061.25,10:00:00.151466876
34,5060.75,10,5061.25,10:00:00.151721560
34,5060.75,10,5061.25,10:00:00.151721560
34,5060.75,11,5061.25,10:00:00.151721560
25,5060.75,11,5061.25,10:00:00.151721560
25,5060.75,12,5061.25,10:00:00.151721560
25,5060.75,2,5061.0,10:00:00.151775416
25,5060.75,2,5061.0,10:00:00.151843517
25,5060.75,2,5061.0,10:00:00.151876788
23,5060.75,2,5061.0,10:00:00.151882926
23,5060.75,3,5061.0,10:00:00.151888388
23,5060.75,1,5061.0,10:00:00.152060207
23,5060.75,13,5061.25,10:00:00.152060207
23,5060.75,13,5061.25,10:00:00.152060207
23,5060.75,1,5061.0,10:00:00.152060207
23,5060.75,1,5061.0,10:00:00.152060207
20,5060.75,1,5061.0,10:00:00.152295213
21,5060.75,1,5061.0,10:00:00.152295213
21,5060.75,1,5061.0,10:00:00.152295213
21,5060.75,17,5061.25,10:00:00.152295213
21,5060.75,17,5061.25,10:00:00.152295213
21,5060.75,1,5061.0,10:00:00.152317280
21,5060.75,1,5061.0,10:00:00.152518619
21,5060.75,1,5061.0,10:00:00.152632583
21,5060.75,19,5061.25,10:00:00.153921582
1,5061.0,19,5061.25,10:00:00.153921582
1,5061.0,19,5061.25,10:00:00.153921582
1,5061.0,19,5061.25,10:00:00.154023289
2,5061.0,19,5061.25,10:00:00.154032361
1,5061.0,19,5061.25,10:00:00.154197507
1,5061.0,16,5061.25,10:00:00.154328873
30,5060.75,16,5061.25,10:00:00.160041667
30,5060.75,16,5061.25,10:00:00.160041667
30,5060.75,1,5061.0,10:00:00.162224699
31,5060.75,1,5061.0,10:00:00.162243448
31,5060.75,4,5061.0,10:00:00.162274393
31,5060.75,4,5061.0,10:00:00.162319395
22,5060.75,4,5061.0,10:00:00.162331223
22,5060.75,3,5061.0,10:00:00.162465293
22,5060.75,2,5061.0,10:00:00.162465293
22,5060.75,3,5061.0,10:00:00.162465293
22,5060.75,4,5061.0,10:00:00.162465293
22,5060.75,5,5061.0,10:00:00.162518705
22,5060.75,1,5061.0,10:00:00.162687116
22,5060.75,16,5061.25,10:00:00.162880639
22,5060.75,16,5061.25,10:00:00.162880639
30,5060.75,16,5061.25,10:00:00.165164208
30,5060.75,3,5061.0,10:00:00.166989195
30,5060.75,16,5061.25,10:00:00.167185939
30,5060.75,16,5061.25,10:00:00.167185939
22,5060.75,16,5061.25,10:00:00.167199919
19,5060.75,16,5061.25,10:00:00.171316940
19,5060.75,18,5061.25,10:00:00.172911116
19,5060.75,17,5061.25,10:00:00.175276709
19,5060.75,17,5061.25,10:00:00.196052005
19,5060.75,19,5061.25,10:00:00.201083745
19,5060.75,22,5061.25,10:00:00.229181166
19,5060.75,22,5061.25,10:00:00.249426537
18,5060.75,22,5061.25,10:00:00.264345122
18,5060.75,19,5061.25,10:00:00.272435378
18,5060.75,20,5061.25,10:00:00.283596867
18,5060.75,21,5061.25,10:00:00.285410580
18,5060.75,21,5061.25,10:00:00.285843335
19,5060.75,21,5061.25,10:00:00.310294480
19,5060.75,20,5061.25,10:00:00.334623403
17,5060.75,20,5061.25,10:00:00.353097428
17,5060.75,1,5061.0,10:00:00.353169975
17,5060.75,20,5061.25,10:00:00.353378405
17,5060.75,20,5061.25,10:00:00.353378405
17,5060.75,1,5061.0,10:00:00.353378405
17,5060.75,1,5061.0,10:00:00.353384037
17,5060.75,1,5061.0,10:00:00.353793744
17,5060.75,2,5061.0,10:00:00.357662840
17,5060.75,2,5061.0,10:00:00.377250675
17,5060.75,20,5061.25,10:00:00.407340066
17,5060.75,20,5061.25,10:00:00.407340066
17,5060.75,19,5061.25,10:00:00.420893305
15,5060.75,19,5061.25,10:00:00.434402393
15,5060.75,17,5061.25,10:00:00.465166911
23,5060.75,17,5061.25,10:00:00.506371799
23,5060.75,17,5061.25,10:00:00.509772741
23,5060.75,10,5061.25,10:00:00.527910210
1,5061.0,10,5061.25,10:00:00.527915411
3,5061.0,10,5061.25,10:00:00.527947635
4,5061.0,10,5061.25,10:00:00.527961204
4,5061.0,9,5061.25,10:00:00.528013505
5,5061.0,9,5061.25,10:00:00.528018718
5,5061.0,8,5061.25,10:00:00.528029509
7,5061.0,8,5061.25,10:00:00.528041679
8,5061.0,8,5061.25,10:00:00.528052732
7,5061.0,8,5061.25,10:00:00.528211670
6,5061.0,8,5061.25,10:00:00.528211670
7,5061.0,8,5061.25,10:00:00.528211670
8,5061.0,8,5061.25,10:00:00.528216789
8,5061.0,39,5061.5,10:00:00.528344023
8,5061.0,39,5061.5,10:00:00.528344023
9,5061.0,39,5061.5,10:00:00.528518680
9,5061.0,40,5061.5,10:00:00.528553599
9,5061.0,38,5061.5,10:00:00.528571638
7,5061.0,38,5061.5,10:00:00.528705564
8,5061.0,38,5061.5,10:00:00.529005221
8,5061.0,37,5061.5,10:00:00.530540558
8,5061.0,37,5061.5,10:00:00.530540558
8,5061.0,38,5061.5,10:00:00.530648515
8,5061.0,38,5061.5,10:00:00.568677016
8,5061.0,38,5061.5,10:00:00.568783793
13,5061.0,38,5061.5,10:00:00.589210032
20,5061.0,38,5061.5,10:00:00.589311205
20,5061.0,39,5061.5,10:00:00.590002444
13,5061.0,39,5061.5,10:00:00.618817252
13,5061.0,39,5061.5,10:00:00.625754400
13,5061.0,39,5061.5,10:00:00.625759709
13,5061.0,39,5061.5,10:00:00.625860278
13,5061.0,38,5061.5,10:00:00.640884491
15,5061.0,38,5061.5,10:00:00.641398472
16,5061.0,38,5061.5,10:00:00.641408837
16,5061.0,39,5061.5,10:00:00.656011043
16,5061.0,39,5061.5,10:00:00.656011043
23,5061.0,39,5061.5,10:00:00.665059823
23,5061.0,32,5061.5,10:00:00.673010434
23,5061.0,31,5061.5,10:00:00.673450431
23,5061.0,31,5061.5,10:00:00.673450431
23,5061.0,31,5061.5,10:00:00.706667420
23,5061.0,30,5061.5,10:00:00.749145848
22,5061.0,30,5061.5,10:00:00.764743074
1,5061.25,30,5061.5,10:00:00.765313073
1,5061.25,29,5061.5,10:00:00.765416870
3,5061.25,29,5061.5,10:00:00.765427828
3,5061.25,29,5061.5,10:00:00.765427828
2,5061.25,29,5061.5,10:00:00.765589437
3,5061.25,29,5061.5,10:00:00.765589437
4,5061.25,29,5061.5,10:00:00.765589437
3,5061.25,29,5061.5,10:00:00.765630439
2,5061.25,29,5061.5,10:00:00.765630439
2,5061.25,29,5061.5,10:00:00.765630439
2,5061.25,29,5061.5,10:00:00.765637720
26,5061.0,29,5061.5,10:00:00.765805355
26,5061.0,29,5061.5,10:00:00.765805355
1,5061.25,29,5061.5,10:00:00.765805355
1,5061.25,29,5061.5,10:00:00.765805355
1,5061.25,29,5061.5,10:00:00.765809429
1,5061.25,29,5061.5,10:00:00.765815182
1,5061.25,28,5061.5,10:00:00.765831768
24,5061.0,28,5061.5,10:00:00.774338036
24,5061.0,28,5061.5,10:00:00.774338036
24,5061.0,29,5061.5,10:00:00.825654621
24,5061.0,30,5061.5,10:00:00.825757364
24,5061.0,30,5061.5,10:00:00.842327061
24,5061.0,29,5061.5,10:00:00.869299140
26,5061.0,29,5061.5,10:00:00.869695888
25,5061.0,29,5061.5,10:00:00.902286426
23,5061.0,29,5061.5,10:00:00.919788469
24,5061.0,29,5061.5,10:00:00.919894858
24,5061.0,36,5061.5,10:00:00.965496843
17,5061.0,36,5061.5,10:00:00.978079321
14,5061.0,36,5061.5,10:00:00.978203237
14,5061.0,38,5061.5,10:00:01.009912999
21,5061.0,38,5061.5,10:00:01.022159179
21,5061.0,31,5061.5,10:00:01.022165247
14,5061.0,31,5061.5,10:00:01.033762549
14,5061.0,38,5061.5,10:00:01.048760832
13,5061.0,38,5061.5,10:00:01.048865045
12,5061.0,38,5061.5,10:00:01.048967860
12,5061.0,1,5061.25,10:00:01.073908613
12,5061.0,38,5061.5,10:00:01.073998270
12,5061.0,38,5061.5,10:00:01.073998270
12,5061.0,39,5061.5,10:00:01.074008032
12,5061.0,1,5061.25,10:00:01.074049105
12,5061.0,2,5061.25,10:00:01.074061829
12,5061.0,3,5061.25,10:00:01.074068904
12,5061.0,2,5061.25,10:00:01.074100623
12,5061.0,2,5061.25,10:00:01.074155514
12,5061.0,2,5061.25,10:00:01.075310664
12,5061.0,2,5061.25,10:00:01.081684709
12,5061.0,42,5061.5,10:00:01.081909107
12,5061.0,42,5061.5,10:00:01.081909107
13,5061.0,42,5061.5,10:00:01.082011096
13,5061.0,40,5061.5,10:00:01.082021608
13,5061.0,37,5061.5,10:00:01.082160475
13,5061.0,36,5061.5,10:00:01.085127764
13,5061.0,1,5061.25,10:00:01.092650028
13,5061.0,1,5061.25,10:00:01.092650028
13,5061.0,36,5061.5,10:00:01.092852083
13,5061.0,36,5061.5,10:00:01.092852083
19,5061.0,36,5061.5,10:00:01.100002460
26,5061.0,36,5061.5,10:00:01.100410318
26,5061.0,29,5061.5,10:00:01.100420581
27,5061.0,29,5061.5,10:00:01.100521965
27,5061.0,29,5061.5,10:00:01.103476776
25,5061.0,29,5061.5,10:00:01.112017375
18,5061.0,29,5061.5,10:00:01.112377564
18,5061.0,29,5061.5,10:00:01.113081291
18,5061.0,29,5061.5,10:00:01.156858119
18,5061.0,29,5061.5,10:00:01.167754431
17,5061.0,29,5061.5,10:00:01.172642447
17,5061.0,29,5061.5,10:00:01.227560303
17,5061.0,29,5061.5,10:00:01.227571218
17,5061.0,29,5061.5,10:00:01.227578636
17,5061.0,29,5061.5,10:00:01.227585775
17,5061.0,29,5061.5,10:00:01.227590799
17,5061.0,29,5061.5,10:00:01.227605037
17,5061.0,29,5061.5,10:00:01.227612957
17,5061.0,29,5061.5,10:00:01.227639564
17,5061.0,29,5061.5,10:00:01.227645814
17,5061.0,30,5061.5,10:00:01.237744831
17,5061.0,37,5061.5,10:00:01.239028252
16,5061.0,37,5061.5,10:00:01.293932934
16,5061.0,1,5061.25,10:00:01.293997130
16,5061.0,37,5061.5,10:00:01.294214057
16,5061.0,37,5061.5,10:00:01.294214057
16,5061.0,1,5061.25,10:00:01.294214057
16,5061.0,2,5061.25,10:00:01.294214057
16,5061.0,2,5061.25,10:00:01.294214057
16,5061.0,2,5061.25,10:00:01.294214057
16,5061.0,1,5061.25,10:00:01.294447860
16,5061.0,39,5061.5,10:00:01.294447860
16,5061.0,39,5061.5,10:00:01.294447860
16,5061.0,36,5061.5,10:00:01.294456880
16,5061.0,34,5061.5,10:00:01.305394048
17,5061.0,34,5061.5,10:00:01.305474927
18,5061.0,34,5061.5,10:00:01.306044784
25,5061.0,34,5061.5,10:00:01.307048590
25,5061.0,27,5061.5,10:00:01.307054978
25,5061.0,26,5061.5,10:00:01.309264206
25,5061.0,33,5061.5,10:00:01.332926843
18,5061.0,33,5061.5,10:00:01.332932920
18,5061.0,34,5061.5,10:00:01.333027466
17,5061.0,34,5061.5,10:00:01.336565826
16,5061.0,34,5061.5,10:00:01.358827055
16,5061.0,35,5061.5,10:00:01.359055572
16,5061.0,29,5061.5,10:00:01.366334970
16,5061.0,29,5061.5,10:00:01.366334970
16,5061.0,30,5061.5,10:00:01.378197020
23,5061.0,30,5061.5,10:00:01.429477101
23,5061.0,23,5061.5,10:00:01.429486128
16,5061.0,23,5061.5,10:00:01.430901999
16,5061.0,4,5061.25,10:00:01.430996357
17,5061.0,4,5061.25,10:00:01.431002712
17,5061.0,4,5061.25,10:00:01.431101786
10,5061.0,4,5061.25,10:00:01.431111239
10,5061.0,30,5061.5,10:00:01.431213638
10,5061.0,30,5061.5,10:00:01.431213638
10,5061.0,1,5061.25,10:00:01.431227552
10,5061.0,2,5061.25,10:00:01.431227552
10,5061.0,2,5061.25,10:00:01.431227552
10,5061.0,2,5061.25,10:00:01.431291124
10,5061.0,30,5061.5,10:00:01.431451127
10,5061.0,30,5061.5,10:00:01.431451127
10,5061.0,34,5061.5,10:00:01.431451127
10,5061.0,30,5061.5,10:00:01.431610033
10,5061.0,30,5061.5,10:00:01.454607945
10,5061.0,30,5061.5,10:00:01.454614224
10,5061.0,30,5061.5,10:00:01.454628065
10,5061.0,30,5061.5,10:00:01.454635361
10,5061.0,30,5061.5,10:00:01.454645928
10,5061.0,30,5061.5,10:00:01.454656888
10,5061.0,30,5061.5,10:00:01.454663890
10,5061.0,30,5061.5,10:00:01.454669052
10,5061.0,30,5061.5,10:00:01.454674776
10,5061.0,30,5061.5,10:00:01.501357235
10,5061.0,30,5061.5,10:00:01.501467407
10,5061.0,30,5061.5,10:00:01.526830359
17,5061.0,30,5061.5,10:00:01.550305672
17,5061.0,23,5061.5,10:00:01.550311918
5,5061.25,23,5061.5,10:00:01.563078490
5,5061.25,22,5061.5,10:00:01.563088083
5,5061.25,21,5061.5,10:00:01.563199958
6,5061.25,21,5061.5,10:00:01.563211766
2,5061.25,21,5061.5,10:00:01.563357949
3,5061.25,21,5061.5,10:00:01.563357949
3,5061.25,20,5061.5,10:00:01.563357949
3,5061.25,20,5061.5,10:00:01.563357949
2,5061.25,20,5061.5,10:00:01.563458334
1,5061.25,20,5061.5,10:00:01.563606946
1,5061.25,20,5061.5,10:00:01.563606946
1,5061.25,20,5061.5,10:00:01.563621729
1,5061.25,20,5061.5,10:00:01.568397579
2,5061.25,20,5061.5,10:00:01.571288002
1,5061.25,20,5061.5,10:00:01.666637338
1,5061.25,20,5061.5,10:00:01.759189791
1,5061.25,20,5061.5,10:00:01.759311499
1,5061.25,13,5061.5,10:00:01.763001541
20,5061.0,13,5061.5,10:00:01.763197379
20,5061.0,13,5061.5,10:00:01.763197379
3,5061.25,13,5061.5,10:00:01.763197379
4,5061.25,13,5061.5,10:00:01.763197379
5,5061.25,13,5061.5,10:00:01.763197379
9,5061.25,13,5061.5,10:00:01.763197379
10,5061.25,13,5061.5,10:00:01.763213651
11,5061.25,13,5061.5,10:00:01.763222742
11,5061.25,14,5061.5,10:00:01.763292896
12,5061.25,14,5061.5,10:00:01.763331842
13,5061.25,14,5061.5,10:00:01.763338303
13,5061.25,15,5061.5,10:00:01.763848509
9,5061.25,15,5061.5,10:00:01.763857315
8,5061.25,15,5061.5,10:00:01.763864765
10,5061.25,15,5061.5,10:00:01.763883783
11,5061.25,15,5061.5,10:00:01.763896548
11,5061.25,14,5061.5,10:00:01.763950786
11,5061.25,14,5061.5,10:00:01.765167249
11,5061.25,14,5061.5,10:00:01.765167249
11,5061.25,15,5061.5,10:00:01.765283056
11,5061.25,15,5061.5,10:00:01.765388930
11,5061.25,15,5061.5,10:00:01.765396130
12,5061.25,15,5061.5,10:00:01.817937414
12,5061.25,35,5061.75,10:00:01.818445299
12,5061.25,35,5061.75,10:00:01.818445299
13,5061.25,35,5061.75,10:00:01.818543916
13,5061.25,35,5061.75,10:00:01.818591402
13,5061.25,35,5061.75,10:00:01.818598487
15,5061.25,35,5061.75,10:00:01.818664882
15,5061.25,35,5061.75,10:00:01.818709114
15,5061.25,35,5061.75,10:00:01.818709114
15,5061.25,35,5061.75,10:00:01.818719018
15,5061.25,35,5061.75,10:00:01.818719018
15,5061.25,30,5061.75,10:00:01.820249797
21,5061.25,30,5061.75,10:00:01.826487449
21,5061.25,30,5061.75,10:00:01.836574773
21,5061.25,30,5061.75,10:00:01.836574773
21,5061.25,30,5061.75,10:00:01.890202463
15,5061.25,30,5061.75,10:00:01.917444884
14,5061.25,30,5061.75,10:00:01.917548266
14,5061.25,30,5061.75,10:00:01.976444456
14,5061.25,30,5061.75,10:00:01.987333485
14,5061.25,30,5061.75,10:00:01.987411422
14,5061.25,30,5061.75,10:00:01.987420991
13,5061.25,30,5061.75,10:00:01.990799456
19,5061.25,30,5061.75,10:00:02.005578935
19,5061.25,12,5061.5,10:00:02.008862668
19,5061.25,13,5061.5,10:00:02.009073969
19,5061.25,14,5061.5,10:00:02.009073969
19,5061.25,13,5061.5,10:00:02.009286789
19,5061.25,4,5061.5,10:00:02.009286789
19,5061.25,3,5061.5,10:00:02.009322018
20,5061.25,3,5061.5,10:00:02.009336089
20,5061.25,4,5061.5,10:00:02.009336089
20,5061.25,3,5061.5,10:00:02.009341814
20,5061.25,4,5061.5,10:00:02.009346924
20,5061.25,3,5061.5,10:00:02.009462539
20,5061.25,2,5061.5,10:00:02.009576551
20,5061.25,1,5061.5,10:00:02.009679529
20,5061.25,2,5061.5,10:00:02.009688595
20,5061.25,2,5061.5,10:00:02.013675799
20,5061.25,2,5061.5,10:00:02.014885737
20,5061.25,2,5061.5,10:00:02.017460720
20,5061.25,3,5061.5,10:00:02.017578886
19,5061.25,3,5061.5,10:00:02.019462011
19,5061.25,3,5061.5,10:00:02.024577295
13,5061.25,3,5061.5,10:00:02.026534730
13,5061.25,9,5061.5,10:00:02.026656320
13,5061.25,10,5061.5,10:00:02.026664954
11,5061.25,10,5061.5,10:00:02.026743829
11,5061.25,11,5061.5,10:00:02.026764424
11,5061.25,12,5061.5,10:00:02.026868955
11,5061.25,12,5061.5,10:00:02.031082361
11,5061.25,12,5061.5,10:00:02.031415385
11,5061.25,11,5061.5,10:00:02.036998852
11,5061.25,10,5061.5,10:00:02.037152410
11,5061.25,11,5061.5,10:00:02.041666639
11,5061.25,10,5061.5,10:00:02.041682642
11,5061.25,10,5061.5,10:00:02.041970651
10,5061.25,10,5061.5,10:00:02.042168377
10,5061.25,11,5061.5,10:00:02.042790585
10,5061.25,11,5061.5,10:00:02.045554311
10,5061.25,11,5061.5,10:00:02.045968463
10,5061.25,11,5061.5,10:00:02.131811504
11,5061.25,11,5061.5,10:00:02.201726566
12,5061.25,11,5061.5,10:00:02.204663879
12,5061.25,10,5061.5,10:00:02.204749001
13,5061.25,10,5061.5,10:00:02.216442834
13,5061.25,10,5061.5,10:00:02.216442834
13,5061.25,11,5061.5,10:00:02.253370827
12,5061.25,11,5061.5,10:00:02.253381304
10,5061.25,11,5061.5,10:00:02.265137794
11,5061.25,11,5061.5,10:00:02.313775181
11,5061.25,11,5061.5,10:00:02.313775181
11,5061.25,10,5061.5,10:00:02.313871833
10,5061.25,10,5061.5,10:00:02.313919649
11,5061.25,10,5061.5,10:00:02.313964213
10,5061.25,10,5061.5,10:00:02.314008818
10,5061.25,11,5061.5,10:00:02.329764051
20,5061.0,11,5061.5,10:00:02.339142129
20,5061.0,11,5061.5,10:00:02.339142129
20,5061.0,1,5061.25,10:00:02.339171387
20,5061.0,1,5061.25,10:00:02.339238799
20,5061.0,1,5061.25,10:00:02.339251260
20,5061.0,2,5061.25,10:00:02.339303546
20,5061.0,2,5061.25,10:00:02.339394895
20,5061.0,2,5061.25,10:00:02.339404991
21,5061.0,2,5061.25,10:00:02.341382996
21,5061.0,17,5061.5,10:00:02.341801114
21,5061.0,17,5061.5,10:00:02.341801114
20,5061.0,17,5061.5,10:00:02.347070509
20,5061.0,17,5061.5,10:00:02.347934453
20,5061.0,17,5061.5,10:00:02.350965865
6,5061.25,17,5061.5,10:00:02.356996063
7,5061.25,17,5061.5,10:00:02.357101077
8,5061.25,17,5061.5,10:00:02.357110347
9,5061.25,17,5061.5,10:00:02.360039152
9,5061.25,17,5061.5,10:00:02.360039152
9,5061.25,14,5061.5,10:00:02.370240445
9,5061.25,25,5061.5,10:00:02.405159819
7,5061.25,25,5061.5,10:00:02.405368096
5,5061.25,25,5061.5,10:00:02.405368096
20,5061.0,25,5061.5,10:00:02.405572586
20,5061.0,25,5061.5,10:00:02.405572586
20,5061.0,23,5061.5,10:00:02.428650126
20,5061.0,24,5061.5,10:00:02.428753873
20,5061.0,25,5061.5,10:00:02.428761844
21,5061.0,25,5061.5,10:00:02.428874818
14,5061.0,25,5061.5,10:00:02.434154094
14,5061.0,1,5061.25,10:00:02.434236745
14,5061.0,2,5061.25,10:00:02.434257433
14,5061.0,3,5061.25,10:00:02.434343521
14,5061.0,3,5061.25,10:00:02.434799716
14,5061.0,2,5061.25,10:00:02.434914051
14,5061.0,1,5061.25,10:00:02.435015769
15,5061.0,1,5061.25,10:00:02.442366566
16,5061.0,1,5061.25,10:00:02.442473400
12,5061.0,1,5061.25,10:00:02.446594088
13,5061.0,1,5061.25,10:00:02.446697979
14,5061.0,1,5061.25,10:00:02.446787328
14,5061.0,2,5061.25,10:00:02.454729504
14,5061.0,29,5061.5,10:00:02.543227107
14,5061.0,29,5061.5,10:00:02.543227107
14,5061.0,25,5061.5,10:00:02.543442096
15,5061.0,25,5061.5,10:00:02.553912909
15,5061.0,25,5061.5,10:00:02.556829045
15,5061.0,25,5061.5,10:00:02.560526009
15,5061.0,25,5061.5,10:00:02.580583940
15,5061.0,25,5061.5,10:00:02.580592957
15,5061.0,25,5061.5,10:00:02.580605294
15,5061.0,25,5061.5,10:00:02.580611483
15,5061.0,25,5061.5,10:00:02.580684230
15,5061.0,25,5061.5,10:00:02.586147489
15,5061.0,25,5061.5,10:00:02.588053492
15,5061.0,25,5061.5,10:00:02.590565616
15,5061.0,25,5061.5,10:00:02.590573511
15,5061.0,25,5061.5,10:00:02.590591079
15,5061.0,25,5061.5,10:00:02.590597185
15,5061.0,25,5061.5,10:00:02.590603598
15,5061.0,25,5061.5,10:00:02.600557581
15,5061.0,25,5061.5,10:00:02.600567764
15,5061.0,25,5061.5,10:00:02.600575751
15,5061.0,25,5061.5,10:00:02.600583387
15,5061.0,25,5061.5,10:00:02.606195621
15,5061.0,25,5061.5,10:00:02.606310513
15,5061.0,25,5061.5,10:00:02.611206433
15,5061.0,25,5061.5,10:00:02.731814696
15,5061.0,25,5061.5,10:00:02.731925808
16,5061.0,25,5061.5,10:00:02.783146549
16,5061.0,25,5061.5,10:00:02.783488426
16,5061.0,25,5061.5,10:00:02.787529455
16,5061.0,25,5061.5,10:00:02.789496480
16,5061.0,22,5061.5,10:00:02.840505304
17,5061.0,22,5061.5,10:00:02.840713299
19,5061.0,22,5061.5,10:00:02.841155720
19,5061.0,22,5061.5,10:00:03.051554089
18,5061.0,22,5061.5,10:00:03.071793473
18,5061.0,22,5061.5,10:00:03.140739325
18,5061.0,20,5061.5,10:00:03.207797250
18,5061.0,20,5061.5,10:00:03.292832034
18,5061.0,20,5061.5,10:00:03.368488639
17,5061.0,20,5061.5,10:00:03.380945226
17,5061.0,1,5061.25,10:00:03.413950023
17,5061.0,20,5061.5,10:00:03.414164121
17,5061.0,20,5061.5,10:00:03.414164121
17,5061.0,20,5061.5,10:00:03.414283716
20,5061.0,20,5061.5,10:00:03.464168210
20,5061.0,25,5061.5,10:00:03.464174376
20,5061.0,26,5061.5,10:00:03.464276997
20,5061.0,26,5061.5,10:00:03.502218908
20,5061.0,1,5061.25,10:00:03.511118972
20,5061.0,1,5061.25,10:00:03.511225925
20,5061.0,2,5061.25,10:00:03.511236888
20,5061.0,3,5061.25,10:00:03.511246332
21,5061.0,3,5061.25,10:00:03.511272425
21,5061.0,2,5061.25,10:00:03.511364856
21,5061.0,2,5061.25,10:00:03.511490273
20,5061.0,2,5061.25,10:00:03.522482434
20,5061.0,3,5061.25,10:00:03.530726526
20,5061.0,2,5061.25,10:00:03.530936604
20,5061.0,2,5061.25,10:00:03.593609987
20,5061.0,2,5061.25,10:00:03.593771347
20,5061.0,2,5061.25,10:00:03.593937164
20,5061.0,31,5061.5,10:00:03.662400022
20,5061.0,31,5061.5,10:00:03.662400022
20,5061.0,27,5061.5,10:00:03.662602183
20,5061.0,27,5061.5,10:00:03.668938384
20,5061.0,27,5061.5,10:00:03.668938384
20,5061.0,11,5061.25,10:00:03.805845486
20,5061.0,10,5061.25,10:00:03.806063491
20,5061.0,11,5061.25,10:00:03.806063491
20,5061.0,12,5061.25,10:00:03.806063491
20,5061.0,13,5061.25,10:00:03.806063491
21,5061.0,13,5061.25,10:00:03.806063491
23,5061.0,13,5061.25,10:00:03.806163803
24,5061.0,13,5061.25,10:00:03.806277971
24,5061.0,3,5061.25,10:00:03.806778134
24,5061.0,3,5061.25,10:00:03.806778134
24,5061.0,37,5061.5,10:00:03.807021727
24,5061.0,37,5061.5,10:00:03.807021727
22,5061.0,37,5061.5,10:00:03.807151515
22,5061.0,37,5061.5,10:00:03.807537251
22,5061.0,10,5061.25,10:00:03.807543408
22,5061.0,10,5061.25,10:00:03.807543408
22,5061.0,11,5061.25,10:00:03.807645205
22,5061.0,7,5061.25,10:00:03.807743934
22,5061.0,8,5061.25,10:00:03.807743934
22,5061.0,7,5061.25,10:00:03.807957878
22,5061.0,6,5061.25,10:00:03.807957878
22,5061.0,5,5061.25,10:00:03.807957878
22,5061.0,27,5061.5,10:00:03.808021434
22,5061.0,27,5061.5,10:00:03.808021434
22,5061.0,28,5061.5,10:00:03.836648850
22,5061.0,28,5061.5,10:00:03.886780178
22,5061.0,28,5061.5,10:00:03.886882289
22,5061.0,28,5061.5,10:00:03.886891560
22,5061.0,28,5061.5,10:00:03.886899678
21,5061.0,28,5061.5,10:00:03.997073959
21,5061.0,27,5061.5,10:00:04.012564685
21,5061.0,27,5061.5,10:00:04.019583337
21,5061.0,27,5061.5,10:00:04.024593782
22,5061.0,27,5061.5,10:00:04.049197251
21,5061.0,27,5061.5,10:00:04.049387104
21,5061.0,26,5061.5,10:00:04.125252632
21,5061.0,26,5061.5,10:00:04.140142645
21,5061.0,26,5061.5,10:00:04.140149218
21,5061.0,26,5061.5,10:00:04.140155839
21,5061.0,26,5061.5,10:00:04.140166124
21,5061.0,26,5061.5,10:00:04.140177474
21,5061.0,26,5061.5,10:00:04.140188223
21,5061.0,26,5061.5,10:00:04.140235943
21,5061.0,26,5061.5,10:00:04.140254621
21,5061.0,26,5061.5,10:00:04.140262548
21,5061.0,26,5061.5,10:00:04.140274708
21,5061.0,26,5061.5,10:00:04.140288126
21,5061.0,26,5061.5,10:00:04.140294101
21,5061.0,26,5061.5,10:00:04.160063040
21,5061.0,26,5061.5,10:00:04.160078151
21,5061.0,26,5061.5,10:00:04.164851527
21,5061.0,26,5061.5,10:00:04.171531515
1,5061.25,26,5061.5,10:00:04.190535547
21,5061.0,26,5061.5,10:00:04.190762905
21,5061.0,26,5061.5,10:00:04.190762905
1,5061.25,26,5061.5,10:00:04.190762905
1,5061.25,26,5061.5,10:00:04.190762905
1,5061.25,26,5061.5,10:00:04.190850551
20,5061.0,26,5061.5,10:00:04.190861650
20,5061.0,26,5061.5,10:00:04.190861650
20,5061.0,2,5061.25,10:00:04.191015262
18,5061.0,2,5061.25,10:00:04.191151428
17,5061.0,2,5061.25,10:00:04.191256427
18,5061.0,2,5061.25,10:00:04.193489913
18,5061.0,26,5061.5,10:00:04.199918443
18,5061.0,26,5061.5,10:00:04.199918443
17,5061.0,26,5061.5,10:00:04.200054011
18,5061.0,26,5061.5,10:00:04.241305950
18,5061.0,26,5061.5,10:00:04.352034130
18,5061.0,25,5061.5,10:00:04.418552276
20,5061.0,25,5061.5,10:00:04.419066683
20,5061.0,26,5061.5,10:00:04.419243835
21,5061.0,26,5061.5,10:00:04.472666250
22,5061.0,26,5061.5,10:00:04.472782787
1,5061.25,26,5061.5,10:00:04.486866217
1,5061.25,26,5061.5,10:00:04.486866217
3,5061.25,26,5061.5,10:00:04.486978014
2,5061.25,26,5061.5,10:00:04.487085092
21,5061.0,26,5061.5,10:00:04.487188070
21,5061.0,26,5061.5,10:00:04.487188070
1,5061.25,26,5061.5,10:00:04.487188070
1,5061.25,26,5061.5,10:00:04.487188070
20,5061.0,26,5061.5,10:00:04.487328540
20,5061.0,1,5061.25,10:00:04.487328540
20,5061.0,1,5061.25,10:00:04.487328540
18,5061.0,1,5061.25,10:00:04.487426385
18,5061.0,26,5061.5,10:00:04.487544884
18,5061.0,26,5061.5,10:00:04.487544884
18,5061.0,26,5061.5,10:00:04.498899115
18,5061.0,26,5061.5,10:00:04.504744509
18,5061.0,26,5061.5,10:00:04.547370899
19,5061.0,26,5061.5,10:00:04.615623472
19,5061.0,28,5061.5,10:00:04.617103976
25,5061.0,28,5061.5,10:00:04.629713312
25,5061.0,28,5061.5,10:00:04.663003448
25,5061.0,28,5061.5,10:00:04.667738600
26,5060.75,28,5061.5,10:00:04.686526007
25,5060.5,28,5061.5,10:00:04.686526007
28,5060.25,28,5061.5,10:00:04.686526007
52,5060.0,28,5061.5,10:00:04.686526007
52,5059.75,28,5061.5,10:00:04.686526007
65,5059.5,28,5061.5,10:00:04.686526007
62,5059.25,28,5061.5,10:00:04.686526007
119,5059.0,28,5061.5,10:00:04.686526007
67,5058.75,28,5061.5,10:00:04.686526007
41,5058.5,28,5061.5,10:00:04.686526007
41,5058.5,28,5061.5,10:00:04.686526007
41,5058.5,28,5061.5,10:00:04.686526007
41,5058.5,28,5061.5,10:00:04.686526007
41,5058.5,28,5061.5,10:00:04.686526007
41,5058.5,28,5061.5,10:00:04.686526007
41,5058.5,28,5061.5,10:00:04.686526007
41,5058.5,28,5061.5,10:00:04.686526007
41,5058.5,28,5061.5,10:00:04.686526007
41,5058.5,28,5061.5,10:00:04.686526007
41,5058.5,1,5061.0,10:00:04.686538589
41,5058.5,2,5061.0,10:00:04.686538589
41,5058.5,2,5061.0,10:00:04.686538589
41,5058.5,2,5061.0,10:00:04.686538589
41,5058.5,4,5061.0,10:00:04.686538589
41,5058.5,4,5061.0,10:00:04.686551469
41,5058.5,10,5060.25,10:00:04.687165914
41,5058.5,10,5060.25,10:00:04.687165914
41,5058.5,10,5060.25,10:00:04.687165914
41,5058.5,10,5060.25,10:00:04.687165914
41,5058.5,10,5060.25,10:00:04.687175652
41,5058.5,10,5060.25,10:00:04.687175652
39,5058.5,10,5060.25,10:00:04.687182928
39,5058.5,10,5060.25,10:00:04.687622495
39,5058.5,10,5060.25,10:00:04.687622495
39,5058.5,10,5060.25,10:00:04.687622495
39,5058.5,10,5060.25,10:00:04.687622495
39,5058.5,10,5060.25,10:00:04.687622495
39,5058.5,10,5060.25,10:00:04.687622495
39,5058.5,10,5060.25,10:00:04.687622495
39,5058.5,10,5060.25,10:00:04.687622495
39,5058.5,10,5060.25,10:00:04.687622495
39,5058.5,10,5060.25,10:00:04.687622495
39,5058.5,10,5060.25,10:00:04.687622495
39,5058.5,142,5060.25,10:00:04.687622495
39,5058.5,142,5060.25,10:00:04.687628256
39,5058.5,142,5060.25,10:00:04.687640828
39,5058.5,142,5060.25,10:00:04.687653594
39,5058.5,142,5060.25,10:00:04.687659834
1,5059.75,142,5060.25,10:00:04.687668107
1,5059.75,142,5060.25,10:00:04.687684583
1,5059.75,142,5060.25,10:00:04.687722766
1,5059.75,143,5060.25,10:00:04.687722766
1,5059.75,143,5060.25,10:00:04.687722766
1,5059.75,143,5060.25,10:00:04.687722766
1,5059.75,143,5060.25,10:00:04.687722766
1,5059.75,143,5060.25,10:00:04.687722766
1,5059.75,143,5060.25,10:00:04.687731941
1,5059.75,143,5060.25,10:00:04.687800090
1,5059.75,143,5060.25,10:00:04.687800090
1,5059.75,143,5060.25,10:00:04.687812739
1,5059.75,143,5060.25,10:00:04.687823706
1,5059.75,143,5060.25,10:00:04.687823706
1,5059.75,143,5060.25,10:00:04.687834487
3,5058.75,143,5060.25,10:00:04.688187835
3,5058.75,3,5059.25,10:00:04.688187835
3,5058.75,3,5059.25,10:00:04.688187835
3,5058.75,3,5059.25,10:00:04.688187835
3,5058.75,3,5059.25,10:00:04.688254755
3,5058.75,3,5059.25,10:00:04.688254755
3,5058.75,3,5059.25,10:00:04.688254755
3,5058.75,2,5059.25,10:00:04.688426793
3,5058.75,143,5060.25,10:00:04.688561984
3,5058.75,137,5060.25,10:00:04.688561984
3,5058.75,137,5060.25,10:00:04.688561984
3,5058.75,137,5060.25,10:00:04.688607619
3,5058.75,137,5060.25,10:00:04.688607619
3,5058.75,137,5060.25,10:00:04.688607619
3,5058.75,137,5060.25,10:00:04.688607619
3,5058.75,137,5060.25,10:00:04.688607619
3,5058.75,137,5060.25,10:00:04.688607619
3,5058.75,137,5060.25,10:00:04.688607619
3,5058.75,137,5060.25,10:00:04.688614115
3,5058.75,137,5060.25,10:00:04.688629204
3,5058.75,137,5060.25,10:00:04.688629204
3,5058.75,137,5060.25,10:00:04.688629204
3,5058.75,137,5060.25,10:00:04.688629204
3,5058.75,137,5060.25,10:00:04.688637258
3,5058.75,137,5060.25,10:00:04.688658475
3,5058.75,137,5060.25,10:00:04.688658475
3,5058.75,137,5060.25,10:00:04.688658475
3,5058.75,3,5059.0,10:00:04.688892028
3,5058.75,3,5059.0,10:00:04.688892028
3,5058.75,4,5059.0,10:00:04.688892028
3,5058.75,2,5059.0,10:00:04.688892028
3,5058.75,2,5059.0,10:00:04.688892028
3,5058.75,2,5059.0,10:00:04.688892028
3,5058.75,2,5059.0,10:00:04.688892028
4,5058.75,2,5059.0,10:00:04.688892028
4,5058.75,2,5059.0,10:00:04.688916573
4,5058.75,2,5059.0,10:00:04.688916573
4,5058.75,2,5059.0,10:00:04.688916573
4,5058.75,2,5059.0,10:00:04.688916573
5,5058.75,2,5059.0,10:00:04.688916573
5,5058.75,2,5059.0,10:00:04.688916573
5,5058.75,2,5059.0,10:00:04.688916573
5,5058.75,2,5059.0,10:00:04.688916573
5,5058.75,2,5059.0,10:00:04.688916573
5,5058.75,2,5059.0,10:00:04.688916573
5,5058.75,2,5059.0,10:00:04.688916573
5,5058.75,2,5059.0,10:00:04.688937578
5,5058.75,2,5059.0,10:00:04.688937578
5,5058.75,2,5059.0,10:00:04.688937578
5,5058.75,2,5059.0,10:00:04.688937578
5,5058.75,2,5059.0,10:00:04.688937578
5,5058.75,2,5059.0,10:00:04.688937578
5,5058.75,2,5059.0,10:00:04.688937578
5,5058.75,2,5059.0,10:00:04.688937578
5,5058.75,2,5059.0,10:00:04.688937578
5,5058.75,2,5059.0,10:00:04.688944439
5,5058.75,2,5059.0,10:00:04.688944439
5,5058.75,2,5059.0,10:00:04.688972600
5,5058.75,2,5059.0,10:00:04.688972600
5,5058.75,2,5059.0,10:00:04.688972600
5,5058.75,2,5059.0,10:00:04.688972600
5,5058.75,2,5059.0,10:00:04.688972600
5,5058.75,2,5059.0,10:00:04.688972600
5,5058.75,2,5059.0,10:00:04.688972600
5,5058.75,2,5059.0,10:00:04.688972600
5,5058.75,2,5059.0,10:00:04.688972600
5,5058.75,2,5059.0,10:00:04.688973492
5,5058.75,2,5059.0,10:00:04.689006438
5,5058.75,2,5059.0,10:00:04.689006438
5,5058.75,2,5059.0,10:00:04.689006438
5,5058.75,2,5059.0,10:00:04.689006438
5,5058.75,2,5059.0,10:00:04.689006438
5,5058.75,2,5059.0,10:00:04.689006438
5,5058.75,2,5059.0,10:00:04.689006438
5,5058.75,2,5059.0,10:00:04.689006438
7,5058.75,2,5059.0,10:00:04.689006438
7,5058.75,2,5059.0,10:00:04.689006438
7,5058.75,2,5059.0,10:00:04.689016514
7,5058.75,2,5059.0,10:00:04.689016514
7,5058.75,2,5059.0,10:00:04.689029424
7,5058.75,2,5059.0,10:00:04.689029424
7,5058.75,2,5059.0,10:00:04.689057305
7,5058.75,2,5059.0,10:00:04.689057305
7,5058.75,2,5059.0,10:00:04.689057305
7,5058.75,2,5059.0,10:00:04.689057305
7,5058.75,2,5059.0,10:00:04.689057305
7,5058.75,2,5059.0,10:00:04.689057305
7,5058.75,2,5059.0,10:00:04.689057305
7,5058.75,2,5059.0,10:00:04.689071376
7,5058.75,2,5059.0,10:00:04.689071376
7,5058.75,2,5059.0,10:00:04.689093661
7,5058.75,2,5059.0,10:00:04.689106704
7,5058.75,2,5059.0,10:00:04.689133127
7,5058.75,2,5059.0,10:00:04.689135924
7,5058.75,2,5059.0,10:00:04.689206710
7,5058.75,2,5059.0,10:00:04.689249642
7,5058.75,2,5059.0,10:00:04.689261778
7,5058.75,2,5059.0,10:00:04.689279107
7,5058.75,2,5059.0,10:00:04.689295197
7,5058.75,2,5059.0,10:00:04.689304651
7,5058.75,2,5059.0,10:00:04.689319224
7,5058.75,1,5059.75,10:00:04.690212814
7,5058.75,1,5059.75,10:00:04.690212814
7,5058.75,1,5059.75,10:00:04.690212814
7,5058.75,1,5059.75,10:00:04.690212814
8,5058.75,1,5059.75,10:00:04.690365870
8,5058.75,2,5059.25,10:00:04.690365870
8,5058.75,2,5059.25,10:00:04.690365870
8,5058.75,2,5059.25,10:00:04.690365870
8,5058.75,2,5059.25,10:00:04.690365870
8,5058.75,1,5059.25,10:00:04.690365870
8,5058.75,1,5059.25,10:00:04.690365870
8,5058.75,1,5059.25,10:00:04.690365870
8,5058.75,1,5059.25,10:00:04.690365870
8,5058.75,8,5059.5,10:00:04.690527292
8,5058.75,8,5059.5,10:00:04.690527292
8,5058.75,8,5059.5,10:00:04.690527292
8,5058.75,9,5059.5,10:00:04.690553322
8,5058.75,9,5059.5,10:00:04.690553322
8,5058.75,9,5059.5,10:00:04.690553322
8,5058.75,9,5059.5,10:00:04.690553322
8,5058.75,9,5059.5,10:00:04.690553322
3,5059.25,9,5059.5,10:00:04.690553322
6,5059.25,9,5059.5,10:00:04.690553322
6,5059.25,11,5059.5,10:00:04.690553322
6,5059.25,11,5059.5,10:00:04.690554678
6,5059.25,11,5059.5,10:00:04.690567418
6,5059.25,11,5059.5,10:00:04.690575105
6,5059.25,11,5059.5,10:00:04.690599410
6,5059.25,11,5059.5,10:00:04.690599410
6,5059.25,11,5059.5,10:00:04.690599410
6,5059.25,9,5059.5,10:00:04.690599410
6,5059.25,9,5059.5,10:00:04.690599410
6,5059.25,9,5059.5,10:00:04.690599410
6,5059.25,9,5059.5,10:00:04.690599410
6,5059.25,9,5059.5,10:00:04.690599410
6,5059.25,9,5059.5,10:00:04.690599410
6,5059.25,9,5059.5,10:00:04.690952610
1,5059.0,9,5059.5,10:00:04.690952610
1,5059.0,1,5059.25,10:00:04.690952610
1,5059.0,1,5059.25,10:00:04.690952610
1,5059.0,9,5059.5,10:00:04.690952610
1,5059.0,9,5059.5,10:00:04.690952610
1,5059.0,9,5059.5,10:00:04.690960896
1,5059.0,9,5059.5,10:00:04.690960896
1,5059.0,9,5059.5,10:00:04.690968307
1,5059.0,9,5059.5,10:00:04.690968307
1,5059.0,9,5059.5,10:00:04.690978304
1,5059.0,9,5059.5,10:00:04.690978304
1,5059.0,12,5059.5,10:00:04.690992202
1,5059.0,12,5059.5,10:00:04.690992202
1,5059.0,12,5059.5,10:00:04.690992202
1,5059.0,1,5059.25,10:00:04.690992202
1,5059.0,1,5059.25,10:00:04.690992202
1,5059.0,1,5059.25,10:00:04.691283421
1,5059.0,1,5059.25,10:00:04.691283421
1,5059.0,1,5059.25,10:00:04.691283421
1,5059.0,1,5059.25,10:00:04.691283421
1,5059.0,1,5059.25,10:00:04.691283421
1,5059.0,1,5059.25,10:00:04.691283421
3,5059.0,1,5059.25,10:00:04.691283421
3,5059.0,1,5059.25,10:00:04.691283421
3,5059.0,1,5059.25,10:00:04.691283421
3,5059.0,1,5059.25,10:00:04.691283421
2,5059.0,1,5059.25,10:00:04.691283421
2,5059.0,1,5059.25,10:00:04.691283421
2,5059.0,12,5059.5,10:00:04.691385678
2,5059.0,12,5059.5,10:00:04.691385678
2,5059.0,12,5059.5,10:00:04.691385678
2,5059.0,12,5059.5,10:00:04.691385678
2,5059.0,12,5059.5,10:00:04.691385678
2,5059.0,12,5059.5,10:00:04.691385678
2,5059.0,12,5059.5,10:00:04.691385678
2,5059.0,12,5059.5,10:00:04.691385678
2,5059.0,12,5059.5,10:00:04.691385678
2,5059.0,11,5059.5,10:00:04.691398191
2,5059.0,11,5059.5,10:00:04.691398191
2,5059.0,11,5059.5,10:00:04.691398191
2,5059.0,8,5059.5,10:00:04.691398191
2,5059.0,1,5059.5,10:00:04.691398191
2,5059.0,1,5059.5,10:00:04.691398191
2,5059.0,1,5059.5,10:00:04.691403743
2,5059.0,1,5059.5,10:00:04.691413510
2,5059.0,1,5059.5,10:00:04.691413510
2,5059.0,1,5059.5,10:00:04.691588822
2,5059.0,1,5059.5,10:00:04.691588822
2,5059.0,1,5059.5,10:00:04.691588822
2,5059.0,4,5059.75,10:00:04.691588822
2,5059.0,4,5059.75,10:00:04.691588822
2,5059.0,4,5059.75,10:00:04.691604448
2,5059.0,4,5059.75,10:00:04.691604448
2,5059.0,4,5059.75,10:00:04.691604448
3,5059.0,4,5059.75,10:00:04.691604448
3,5059.0,3,5059.75,10:00:04.691604448
3,5059.0,6,5059.75,10:00:04.691604448
2,5059.25,6,5059.75,10:00:04.691604448
2,5059.25,6,5059.75,10:00:04.691604448
2,5059.25,3,5059.75,10:00:04.691604448
2,5059.25,3,5059.75,10:00:04.691613910
2,5059.25,4,5059.75,10:00:04.691613910
4,5059.25,4,5059.75,10:00:04.691623251
4,5059.25,4,5059.75,10:00:04.691623251
4,5059.25,12,5059.75,10:00:04.691623251
4,5059.25,12,5059.75,10:00:04.691649249
4,5059.25,12,5059.75,10:00:04.691649249
4,5059.25,12,5059.75,10:00:04.691649249
4,5059.25,12,5059.75,10:00:04.691649249
4,5059.25,12,5059.75,10:00:04.691649249
4,5059.25,1,5059.5,10:00:04.691649249
4,5059.25,1,5059.5,10:00:04.691649249
4,5059.25,1,5059.5,10:00:04.691649249
4,5059.25,1,5059.5,10:00:04.691649249
4,5059.25,1,5059.5,10:00:04.691649249
4,5059.25,1,5059.5,10:00:04.691649249
4,5059.25,1,5059.5,10:00:04.691649249
4,5059.25,1,5059.5,10:00:04.691649249
3,5059.25,1,5059.5,10:00:04.691912985
2,5059.25,1,5059.5,10:00:04.691912985
2,5059.25,12,5059.75,10:00:04.691912985
2,5059.25,12,5059.75,10:00:04.691912985
1,5059.25,12,5059.75,10:00:04.691964871
1,5059.25,15,5059.75,10:00:04.691973540
1,5059.25,15,5059.75,10:00:04.691983458
1,5059.25,15,5059.75,10:00:04.691983458
1,5059.25,15,5059.75,10:00:04.691983458
1,5059.25,15,5059.75,10:00:04.691983458
1,5059.25,15,5059.75,10:00:04.691998532
1,5059.25,14,5059.75,10:00:04.692125163
1,5059.5,14,5059.75,10:00:04.692125163
1,5059.5,14,5059.75,10:00:04.692125163
1,5059.5,11,5059.75,10:00:04.692125163
1,5059.5,11,5059.75,10:00:04.692125163
1,5059.5,11,5059.75,10:00:04.692125163
1,5059.5,11,5059.75,10:00:04.692125163
1,5059.5,11,5059.75,10:00:04.692125163
1,5059.5,10,5059.75,10:00:04.692125163
1,5059.5,10,5059.75,10:00:04.692135501
1,5059.5,11,5059.75,10:00:04.692290468
1,5059.5,11,5059.75,10:00:04.692290468
1,5059.5,11,5059.75,10:00:04.692290468
1,5059.5,11,5059.75,10:00:04.692290468
1,5059.5,11,5059.75,10:00:04.692290468
5,5059.25,11,5059.75,10:00:04.692290468
5,5059.25,11,5059.75,10:00:04.692290468
5,5059.25,11,5059.75,10:00:04.692296290
1,5059.5,11,5059.75,10:00:04.692312747
2,5059.5,11,5059.75,10:00:04.692312747
3,5059.5,11,5059.75,10:00:04.692312747
3,5059.5,11,5059.75,10:00:04.692312747
3,5059.5,11,5059.75,10:00:04.692312747
5,5059.5,11,5059.75,10:00:04.692312747
5,5059.5,11,5059.75,10:00:04.692312747
6,5059.5,11,5059.75,10:00:04.692318568
6,5059.5,12,5059.75,10:00:04.692327822
5,5059.5,12,5059.75,10:00:04.692445630
5,5059.5,11,5059.75,10:00:04.692445630
5,5059.5,11,5059.75,10:00:04.692445630
5,5059.5,3,5059.75,10:00:04.692445630
5,5059.5,3,5059.75,10:00:04.692445630
7,5059.5,3,5059.75,10:00:04.692445630
7,5059.5,3,5059.75,10:00:04.692445630
6,5059.5,3,5059.75,10:00:04.692569559
7,5059.5,3,5059.75,10:00:04.692569559
7,5059.5,3,5059.75,10:00:04.692569559
9,5059.5,3,5059.75,10:00:04.692569559
9,5059.5,3,5059.75,10:00:04.692569559
9,5059.5,24,5060.0,10:00:04.692569559
9,5059.5,24,5060.0,10:00:04.692569559
9,5059.5,24,5060.0,10:00:04.692569559
9,5059.5,24,5060.0,10:00:04.692672130
8,5059.5,24,5060.0,10:00:04.692672130
4,5059.5,24,5060.0,10:00:04.692672130
5,5059.5,24,5060.0,10:00:04.692672130
3,5059.5,24,5060.0,10:00:04.692705424
3,5059.5,1,5059.75,10:00:04.692764129
3,5059.5,24,5060.0,10:00:04.692764129
3,5059.5,24,5060.0,10:00:04.692764129
4,5059.5,24,5060.0,10:00:04.692764129
4,5059.5,24,5060.0,10:00:04.692780840
4,5059.5,24,5060.0,10:00:04.692780840
4,5059.5,24,5060.0,10:00:04.692780840
4,5059.5,24,5060.0,10:00:04.692780840
4,5059.5,24,5060.0,10:00:04.692780840
4,5059.5,23,5060.0,10:00:04.692780840
4,5059.5,23,5060.0,10:00:04.692780840
1,5059.75,23,5060.0,10:00:04.692780840
1,5059.75,24,5060.0,10:00:04.692810277
1,5059.75,24,5060.0,10:00:04.692816824
1,5059.75,24,5060.0,10:00:04.692816824
1,5059.75,24,5060.0,10:00:04.692823342
3,5059.75,24,5060.0,10:00:04.692883130
3,5059.75,24,5060.0,10:00:04.692883130
2,5059.75,24,5060.0,10:00:04.693028032
1,5059.75,24,5060.0,10:00:04.693028032
3,5059.5,24,5060.0,10:00:04.693069586
3,5059.5,24,5060.0,10:00:04.693069586
3,5059.5,24,5060.0,10:00:04.693069586
3,5059.5,24,5060.0,10:00:04.693077392
3,5059.5,24,5060.0,10:00:04.693077392
3,5059.5,24,5060.0,10:00:04.693077392
3,5059.5,24,5060.0,10:00:04.693077392
3,5059.5,25,5060.0,10:00:04.693131659
3,5059.5,25,5060.0,10:00:04.693201037
3,5059.5,25,5060.0,10:00:04.693572020
11,5059.25,25,5060.0,10:00:04.693825587
11,5059.25,4,5059.5,10:00:04.693825587
11,5059.25,4,5059.5,10:00:04.693825587
11,5059.25,4,5059.5,10:00:04.693825587
11,5059.25,4,5059.5,10:00:04.693924241
11,5059.25,1,5059.75,10:00:04.694029838
11,5059.25,1,5059.75,10:00:04.694029838
11,5059.25,1,5059.5,10:00:04.694051518
10,5059.25,1,5059.5,10:00:04.694051518
10,5059.25,1,5059.5,10:00:04.694056660
10,5059.25,1,5059.75,10:00:04.694151891
10,5059.25,1,5059.75,10:00:04.694151891
7,5059.25,1,5059.75,10:00:04.694151891
7,5059.25,1,5059.5,10:00:04.694151891
7,5059.25,1,5059.5,10:00:04.694151891
7,5059.25,1,5059.5,10:00:04.694151891
7,5059.25,1,5059.5,10:00:04.694151891
7,5059.25,3,5059.75,10:00:04.694231931
7,5059.25,3,5059.75,10:00:04.694231931
7,5059.25,3,5059.75,10:00:04.694231931
7,5059.25,4,5059.75,10:00:04.694231931
7,5059.25,4,5059.75,10:00:04.694231931
7,5059.25,4,5059.75,10:00:04.694267660
7,5059.25,6,5059.75,10:00:04.694275141
7,5059.25,7,5059.75,10:00:04.694280242
7,5059.25,4,5059.75,10:00:04.694445887
8,5059.25,4,5059.75,10:00:04.694511131
8,5059.25,3,5059.75,10:00:04.694511131
1,5059.5,3,5059.75,10:00:04.694517121
1,5059.5,3,5059.75,10:00:04.694536245
1,5059.5,3,5059.75,10:00:04.694542888
2,5059.5,3,5059.75,10:00:04.694549275
3,5059.5,3,5059.75,10:00:04.694556680
5,5059.5,3,5059.75,10:00:04.694565019
5,5059.5,3,5059.75,10:00:04.694574703
5,5059.5,4,5059.75,10:00:04.694588050
5,5059.5,26,5060.0,10:00:04.694876939
5,5059.5,26,5060.0,10:00:04.694876939
5,5059.5,1,5059.75,10:00:04.694876939
5,5059.5,1,5059.75,10:00:04.694876939
5,5059.5,26,5060.0,10:00:04.694876939
5,5059.5,26,5060.0,10:00:04.694876939
5,5059.5,1,5059.75,10:00:04.694876939
5,5059.5,1,5059.75,10:00:04.694880505
5,5059.5,26,5060.0,10:00:04.694978410
5,5059.5,26,5060.0,10:00:04.694978410
6,5059.5,26,5060.0,10:00:04.694987917
4,5059.5,26,5060.0,10:00:04.695040674
3,5059.5,26,5060.0,10:00:04.695052460
6,5059.25,26,5060.0,10:00:04.695310349
6,5059.25,7,5059.5,10:00:04.695310349
6,5059.25,7,5059.5,10:00:04.695310349
6,5059.25,7,5059.5,10:00:04.695310349
6,5059.25,17,5059.5,10:00:04.695310349
6,5059.25,17,5059.5,10:00:04.695310349
6,5059.25,24,5059.5,10:00:04.695310349
6,5059.25,24,5059.5,10:00:04.695310349
6,5059.25,28,5059.5,10:00:04.695310349
6,5059.25,28,5059.5,10:00:04.695310349
5,5059.25,28,5059.5,10:00:04.695310349
5,5059.25,28,5059.5,10:00:04.695310349
5,5059.25,27,5059.5,10:00:04.695310349
5,5059.25,27,5059.5,10:00:04.695317191
5,5059.25,27,5059.5,10:00:04.695335579
5,5059.25,27,5059.5,10:00:04.695337832
5,5059.25,27,5059.5,10:00:04.695421881
5,5059.25,28,5059.5,10:00:04.695432969
5,5059.25,29,5059.5,10:00:04.695455284
5,5059.25,27,5059.5,10:00:04.695553391
5,5059.25,27,5059.5,10:00:04.695553391
5,5059.25,27,5059.5,10:00:04.695553391
5,5059.25,28,5059.5,10:00:04.695557705
5,5059.25,27,5059.5,10:00:04.695639962
4,5059.25,27,5059.5,10:00:04.695639962
4,5059.25,6,5059.75,10:00:04.695845519
4,5059.25,6,5059.75,10:00:04.695845519
4,5059.25,6,5059.75,10:00:04.695854040
2,5059.25,6,5059.75,10:00:04.695863014
2,5059.25,6,5059.75,10:00:04.695863014
1,5059.5,6,5059.75,10:00:04.695931751
2,5059.5,6,5059.75,10:00:04.695937284
4,5059.5,6,5059.75,10:00:04.695948993
4,5059.5,6,5059.75,10:00:04.695954538
4,5059.5,6,5059.75,10:00:04.695997106
4,5059.5,7,5059.75,10:00:04.696007653
4,5059.5,8,5059.75,10:00:04.696200031
2,5059.5,8,5059.75,10:00:04.696265498
3,5059.5,8,5059.75,10:00:04.696318280
3,5059.5,7,5059.75,10:00:04.696454015
2,5059.5,7,5059.75,10:00:04.696454015
3,5059.5,7,5059.75,10:00:04.696517980
4,5059.5,7,5059.75,10:00:04.696527817
2,5059.25,7,5059.75,10:00:04.696704656
2,5059.25,7,5059.75,10:00:04.696704656
2,5059.25,1,5059.5,10:00:04.696704656
2,5059.25,1,5059.5,10:00:04.696704656
1,5059.25,1,5059.5,10:00:04.696704656
8,5059.25,1,5059.5,10:00:04.696716368
8,5059.25,8,5059.75,10:00:04.696795359
8,5059.25,8,5059.75,10:00:04.696795359
8,5059.25,6,5059.75,10:00:04.696882531
8,5059.25,6,5059.75,10:00:04.696882531
8,5059.25,6,5059.75,10:00:04.696882531
8,5059.25,7,5059.75,10:00:04.696882531
1,5059.5,7,5059.75,10:00:04.696950642
1,5059.5,7,5059.75,10:00:04.697162387
11,5059.25,7,5059.75,10:00:04.697261580
11,5059.25,7,5059.75,10:00:04.697261580
12,5059.25,7,5059.75,10:00:04.697357892
9,5059.25,7,5059.75,10:00:04.697481008
9,5059.25,7,5059.75,10:00:04.697510698
9,5059.25,7,5059.75,10:00:04.697993287
9,5059.25,8,5059.75,10:00:04.697999184
9,5059.25,8,5059.75,10:00:04.698051330
9,5059.25,8,5059.75,10:00:04.698459959
8,5059.25,8,5059.75,10:00:04.699443571
7,5059.25,8,5059.75,10:00:04.700330793
7,5059.25,1,5059.5,10:00:04.700377152
1,5059.25,1,5059.5,10:00:04.700406465
1,5059.25,2,5059.5,10:00:04.700423656
1,5059.25,3,5059.5,10:00:04.700491430
1,5059.25,4,5059.5,10:00:04.700501449
1,5059.25,3,5059.5,10:00:04.700595816
7,5059.0,3,5059.5,10:00:04.700595816
7,5059.0,3,5059.5,10:00:04.700595816
7,5059.0,8,5059.75,10:00:04.700731861
7,5059.0,8,5059.75,10:00:04.700731861
7,5059.0,1,5059.5,10:00:04.700731861
8,5059.0,1,5059.5,10:00:04.700731861
8,5059.0,2,5059.5,10:00:04.700831562
7,5059.0,2,5059.5,10:00:04.700840640
7,5059.0,1,5059.5,10:00:04.700860289
6,5059.0,1,5059.5,10:00:04.700989344
5,5059.0,1,5059.5,10:00:04.701155297
5,5059.0,1,5059.5,10:00:04.701155297
5,5059.0,1,5059.5,10:00:04.701155297
5,5059.0,1,5059.5,10:00:04.701155297
5,5059.0,8,5059.75,10:00:04.701258508
5,5059.0,8,5059.75,10:00:04.701258508
5,5059.0,1,5059.5,10:00:04.701268870
5,5059.0,8,5059.75,10:00:04.701367880
5,5059.0,8,5059.75,10:00:04.701367880
5,5059.0,1,5059.25,10:00:04.701378059
7,5059.0,1,5059.25,10:00:04.701492932
7,5059.0,1,5059.25,10:00:04.701500401
9,5059.0,1,5059.25,10:00:04.701522289
9,5059.0,2,5059.25,10:00:04.701532126
9,5059.0,1,5059.25,10:00:04.701626938
9,5059.0,1,5059.25,10:00:04.701626938
9,5059.0,1,5059.5,10:00:04.701749299
9,5059.0,1,5059.5,10:00:04.701749299
9,5059.0,8,5059.75,10:00:04.701749299
9,5059.0,8,5059.75,10:00:04.701749299
9,5059.0,1,5059.5,10:00:04.701779149
7,5059.0,1,5059.5,10:00:04.701818237
1,5059.25,1,5059.5,10:00:04.701831409
1,5059.25,1,5059.5,10:00:04.701836654
1,5059.25,1,5059.5,10:00:04.701836654
1,5059.25,2,5059.5,10:00:04.701910300
1,5059.25,2,5059.5,10:00:04.701919369
1,5059.25,2,5059.5,10:00:04.701931798
1,5059.25,3,5059.5,10:00:04.702023624
1,5059.25,3,5059.5,10:00:04.702032405
1,5059.25,3,5059.5,10:00:04.702144373
1,5059.25,3,5059.5,10:00:04.702144373
1,5059.25,3,5059.5,10:00:04.702283028
1,5059.25,3,5059.5,10:00:04.702291303
1,5059.25,4,5059.5,10:00:04.702551036
1,5059.25,4,5059.5,10:00:04.702562935
1,5059.25,4,5059.5,10:00:04.702562935
1,5059.25,4,5059.5,10:00:04.702575811
1,5059.25,8,5059.75,10:00:04.702811038
1,5059.25,8,5059.75,10:00:04.702811038
2,5059.25,8,5059.75,10:00:04.703462511
3,5059.25,8,5059.75,10:00:04.703572615
4,5059.25,8,5059.75,10:00:04.703749883
6,5059.25,8,5059.75,10:00:04.703762728
7,5059.25,8,5059.75,10:00:04.703844346
6,5059.25,8,5059.75,10:00:04.703953174
7,5059.25,8,5059.75,10:00:04.703953174
8,5059.25,8,5059.75,10:00:04.704279266
8,5059.25,8,5059.75,10:00:04.704474978
8,5059.25,8,5059.75,10:00:04.705000567
8,5059.25,7,5059.75,10:00:04.705884515
9,5059.25,7,5059.75,10:00:04.705987589
9,5059.25,8,5059.75,10:00:04.707463286
9,5059.25,8,5059.75,10:00:04.707463286
9,5059.25,10,5059.75,10:00:04.707469593
9,5059.25,10,5059.75,10:00:04.707469593
9,5059.25,10,5059.75,10:00:04.708049112
15,5059.25,10,5059.75,10:00:04.710422875
15,5059.25,10,5059.75,10:00:04.712143205
15,5059.25,10,5059.75,10:00:04.712143205
15,5059.25,10,5059.75,10:00:04.712150116
15,5059.25,10,5059.75,10:00:04.712339099
15,5059.25,10,5059.75,10:00:04.712378972
15,5059.25,10,5059.75,10:00:04.712550799
16,5059.25,10,5059.75,10:00:04.714804803
17,5059.25,10,5059.75,10:00:04.714993959
17,5059.25,11,5059.75,10:00:04.716094858
17,5059.25,10,5059.75,10:00:04.716511772
17,5059.25,4,5059.75,10:00:04.716753646
4,5059.5,4,5059.75,10:00:04.716831811
5,5059.5,4,5059.75,10:00:04.716846925
6,5059.5,4,5059.75,10:00:04.716856874
11,5059.5,4,5059.75,10:00:04.716864394
12,5059.5,4,5059.75,10:00:04.716871859
12,5059.5,2,5059.75,10:00:04.716885316
12,5059.5,2,5059.75,10:00:04.716885316
12,5059.5,3,5059.75,10:00:04.716898574
15,5059.5,3,5059.75,10:00:04.716958568
17,5059.5,3,5059.75,10:00:04.716964930
17,5059.5,26,5060.0,10:00:04.717101026
17,5059.5,26,5060.0,10:00:04.717101026
18,5059.5,26,5060.0,10:00:04.717101026
18,5059.5,26,5060.0,10:00:04.717148589
18,5059.5,26,5060.0,10:00:04.717148589
18,5059.5,26,5060.0,10:00:04.717159464
18,5059.5,24,5060.0,10:00:04.717212327
18,5059.5,23,5060.0,10:00:04.717217934
18,5059.5,23,5060.0,10:00:04.717217934
18,5059.5,8,5059.75,10:00:04.717223662
18,5059.5,8,5059.75,10:00:04.717252133
18,5059.5,9,5059.75,10:00:04.717349620
15,5059.5,9,5059.75,10:00:04.717461359
13,5059.5,9,5059.75,10:00:04.717475043
13,5059.5,11,5059.75,10:00:04.717482304
13,5059.5,11,5059.75,10:00:04.717482304
13,5059.5,11,5059.75,10:00:04.717722907
13,5059.5,11,5059.75,10:00:04.717722907
12,5059.5,11,5059.75,10:00:04.718241629
12,5059.5,12,5059.75,10:00:04.718337873
12,5059.5,13,5059.75,10:00:04.718346222
7,5059.5,13,5059.75,10:00:04.718514888
3,5059.5,13,5059.75,10:00:04.718514888
2,5059.5,13,5059.75,10:00:04.718514888
2,5059.5,14,5059.75,10:00:04.718514888
18,5059.25,14,5059.75,10:00:04.718695295
18,5059.25,14,5059.75,10:00:04.718695295
18,5059.25,15,5059.75,10:00:04.718707075
18,5059.25,15,5059.75,10:00:04.718707075
18,5059.25,5,5059.5,10:00:04.718786129
18,5059.25,6,5059.5,10:00:04.718906544
18,5059.25,8,5059.5,10:00:04.718913261
18,5059.25,9,5059.5,10:00:04.718923271
18,5059.25,16,5059.5,10:00:04.718934813
18,5059.25,11,5059.5,10:00:04.719033091
17,5059.25,11,5059.5,10:00:04.719033091
11,5059.25,11,5059.5,10:00:04.719033091
11,5059.25,11,5059.5,10:00:04.719033091
11,5059.25,10,5059.5,10:00:04.719116753
11,5059.25,12,5059.5,10:00:04.719116753
11,5059.25,12,5059.5,10:00:04.719116753
11,5059.25,1,5059.5,10:00:04.719274983
11,5059.25,13,5059.75,10:00:04.719451506
11,5059.25,13,5059.75,10:00:04.719451506
2,5059.5,13,5059.75,10:00:04.719459813
2,5059.5,13,5059.75,10:00:04.719470392
2,5059.5,12,5059.75,10:00:04.719470392
2,5059.5,12,5059.75,10:00:04.719470392
2,5059.5,12,5059.75,10:00:04.719477240
2,5059.5,12,5059.75,10:00:04.719522476
2,5059.5,14,5059.75,10:00:04.720041792
2,5059.5,14,5059.75,10:00:04.720591806
1,5059.5,14,5059.75,10:00:04.720692250
1,5059.5,13,5059.75,10:00:04.720802127
12,5059.25,13,5059.75,10:00:04.720808576
12,5059.25,13,5059.75,10:00:04.720808576
12,5059.25,12,5059.75,10:00:04.721545064
12,5059.25,12,5059.75,10:00:04.721560072
12,5059.25,12,5059.75,10:00:04.721597625
1,5059.5,12,5059.75,10:00:04.721647882
1,5059.5,12,5059.75,10:00:04.721705035
1,5059.5,12,5059.75,10:00:04.721753295
12,5059.25,12,5059.75,10:00:04.721762147
12,5059.25,12,5059.75,10:00:04.721762147
15,5059.25,12,5059.75,10:00:04.721838785
15,5059.25,12,5059.75,10:00:04.721884789
13,5059.25,12,5059.75,10:00:04.722676537
13,5059.25,13,5059.75,10:00:04.722775121
12,5059.25,13,5059.75,10:00:04.722780932
11,5059.25,13,5059.75,10:00:04.723380221
11,5059.25,1,5059.5,10:00:04.725700639
11,5059.25,13,5059.75,10:00:04.725912948
11,5059.25,13,5059.75,10:00:04.725912948
11,5059.25,1,5059.5,10:00:04.725970133
11,5059.25,13,5059.75,10:00:04.725970133
11,5059.25,13,5059.75,10:00:04.725970133
11,5059.25,14,5059.75,10:00:04.726035125
11,5059.25,1,5059.5,10:00:04.726041023
11,5059.25,14,5059.75,10:00:04.726874967
11,5059.25,14,5059.75,10:00:04.726874967
11,5059.25,15,5059.75,10:00:04.727216490
11,5059.25,15,5059.75,10:00:04.727221451
1,5059.5,15,5059.75,10:00:04.729390669
1,5059.5,15,5059.75,10:00:04.729398576
11,5059.25,15,5059.75,10:00:04.729618251
11,5059.25,15,5059.75,10:00:04.729618251
11,5059.25,15,5059.75,10:00:04.729838648
11,5059.25,8,5059.5,10:00:04.733179663
10,5059.25,8,5059.5,10:00:04.733298808
9,5059.25,8,5059.5,10:00:04.733305048
8,5059.25,8,5059.5,10:00:04.733317647
8,5059.25,9,5059.5,10:00:04.733322927
6,5059.25,9,5059.5,10:00:04.733792354
6,5059.25,15,5059.75,10:00:04.733923640
6,5059.25,15,5059.75,10:00:04.733923640
6,5059.25,1,5059.5,10:00:04.733923640
6,5059.25,3,5059.5,10:00:04.733923640
6,5059.25,3,5059.5,10:00:04.733923640
6,5059.25,13,5059.75,10:00:04.733977018
6,5059.25,13,5059.75,10:00:04.733977018
6,5059.25,14,5059.75,10:00:04.733986259
5,5059.25,14,5059.75,10:00:04.733986259
8,5059.25,14,5059.75,10:00:04.734511697
10,5059.25,14,5059.75,10:00:04.734520583
9,5059.25,14,5059.75,10:00:04.734547918
9,5059.25,14,5059.75,10:00:04.740340278
9,5059.25,14,5059.75,10:00:04.743419121
9,5059.25,14,5059.75,10:00:04.744081195
15,5059.25,14,5059.75,10:00:04.744143405
15,5059.25,14,5059.75,10:00:04.752091376
15,5059.25,14,5059.75,10:00:04.752372505
15,5059.25,14,5059.75,10:00:04.752423776
15,5059.25,14,5059.75,10:00:04.752430471
15,5059.25,14,5059.75,10:00:04.752441358
15,5059.25,14,5059.75,10:00:04.752466699
15,5059.25,14,5059.75,10:00:04.754168266
1,5059.5,14,5059.75,10:00:04.754215774
1,5059.5,13,5059.75,10:00:04.754239301
15,5059.25,13,5059.75,10:00:04.754428585
15,5059.25,13,5059.75,10:00:04.754428585
15,5059.25,12,5059.75,10:00:04.754428585
16,5059.25,12,5059.75,10:00:04.754428585
16,5059.25,2,5059.5,10:00:04.754554338
16,5059.25,12,5059.75,10:00:04.755734454
16,5059.25,12,5059.75,10:00:04.755734454
1,5059.5,12,5059.75,10:00:04.755734454
3,5059.5,12,5059.75,10:00:04.756148395
4,5059.5,12,5059.75,10:00:04.756159122
6,5059.5,12,5059.75,10:00:04.756220634
5,5059.5,12,5059.75,10:00:04.756321308
5,5059.5,13,5059.75,10:00:04.756334272
5,5059.5,12,5059.75,10:00:04.756334272
6,5059.5,12,5059.75,10:00:04.756334272
7,5059.5,12,5059.75,10:00:04.756453960
8,5059.5,12,5059.75,10:00:04.757590854
8,5059.5,7,5059.75,10:00:04.757839646
8,5059.5,4,5059.75,10:00:04.757919455
8,5059.5,22,5060.0,10:00:04.758082643
8,5059.5,22,5060.0,10:00:04.758082643
11,5059.5,22,5060.0,10:00:04.758082643
13,5059.5,22,5060.0,10:00:04.758082643
14,5059.5,22,5060.0,10:00:04.758082643
13,5059.5,22,5060.0,10:00:04.758179227
13,5059.5,21,5060.0,10:00:04.758185083
13,5059.5,21,5060.0,10:00:04.758185083
14,5059.5,21,5060.0,10:00:04.758192837
15,5059.5,21,5060.0,10:00:04.758248419
16,5059.5,21,5060.0,10:00:04.758426003
23,5059.5,21,5060.0,10:00:04.758613911
23,5059.5,22,5060.0,10:00:04.760101026
23,5059.5,23,5060.0,10:00:04.760218036
23,5059.5,22,5060.0,10:00:04.760224731
23,5059.5,22,5060.0,10:00:04.761740710
16,5059.5,22,5060.0,10:00:04.763644332
16,5059.5,23,5060.0,10:00:04.763760648
16,5059.5,23,5060.0,10:00:04.764858779
16,5059.5,23,5060.0,10:00:04.764964784
16,5059.5,23,5060.0,10:00:04.766866132
16,5059.5,23,5060.0,10:00:04.766873194
16,5059.5,23,5060.0,10:00:04.766971983
16,5059.5,23,5060.0,10:00:04.768264298
16,5059.5,23,5060.0,10:00:04.768276902
16,5059.5,23,5060.0,10:00:04.768289972
16,5059.5,23,5060.0,10:00:04.768297060
16,5059.5,23,5060.0,10:00:04.768343269
16,5059.5,24,5060.0,10:00:04.768363916
16,5059.5,25,5060.0,10:00:04.768407545
15,5059.5,25,5060.0,10:00:04.770239896
14,5059.5,25,5060.0,10:00:04.770248744
15,5059.5,25,5060.0,10:00:04.770617570
15,5059.5,25,5060.0,10:00:04.771322986
15,5059.5,25,5060.0,10:00:04.771428787
15,5059.5,24,5060.0,10:00:04.771913062
15,5059.5,21,5060.0,10:00:04.772115521
15,5059.5,24,5060.0,10:00:04.772115521
15,5059.5,27,5060.0,10:00:04.772115521
15,5059.5,28,5060.0,10:00:04.772246410
16,5059.5,28,5060.0,10:00:04.772401600
16,5059.5,28,5060.0,10:00:04.772601908
18,5059.5,28,5060.0,10:00:04.773271816
18,5059.5,29,5060.0,10:00:04.774549109
16,5059.5,29,5060.0,10:00:04.774562700
16,5059.5,29,5060.0,10:00:04.783664371
16,5059.5,29,5060.0,10:00:04.783699892
15,5059.5,29,5060.0,10:00:04.792546294
15,5059.5,29,5060.0,10:00:04.792645676
16,5059.5,29,5060.0,10:00:04.793055486
16,5059.5,8,5059.75,10:00:04.796137250
16,5059.5,9,5059.75,10:00:04.796163980
16,5059.5,11,5059.75,10:00:04.796279596
16,5059.5,11,5059.75,10:00:04.796279596
13,5059.5,11,5059.75,10:00:04.796293861
15,5059.5,11,5059.75,10:00:04.796298668
13,5059.5,11,5059.75,10:00:04.796304850
13,5059.5,12,5059.75,10:00:04.796311289
13,5059.5,13,5059.75,10:00:04.796324662
13,5059.5,12,5059.75,10:00:04.798035906
13,5059.5,11,5059.75,10:00:04.800308742
13,5059.5,10,5059.75,10:00:04.800991809
13,5059.5,9,5059.75,10:00:04.801350981
15,5059.5,9,5059.75,10:00:04.801926730
9,5059.5,9,5059.75,10:00:04.803954179
9,5059.5,10,5059.75,10:00:04.804064965
10,5059.5,10,5059.75,10:00:04.804072079
8,5059.5,10,5059.75,10:00:04.804221909
8,5059.5,9,5059.75,10:00:04.804221909
9,5059.5,9,5059.75,10:00:04.804221909
8,5059.5,9,5059.75,10:00:04.804308980
8,5059.5,8,5059.75,10:00:04.804729631
8,5059.5,8,5059.75,10:00:04.806089428
9,5059.5,8,5059.75,10:00:04.806146149
10,5059.5,8,5059.75,10:00:04.806243815
10,5059.5,10,5059.75,10:00:04.814977374
17,5059.5,10,5059.75,10:00:04.815023832
17,5059.5,10,5059.75,10:00:04.815084925
21,5059.5,10,5059.75,10:00:04.815090397
21,5059.5,2,5059.75,10:00:04.815274014
24,5059.5,2,5059.75,10:00:04.815274014
26,5059.5,2,5059.75,10:00:04.815274014
26,5059.5,28,5060.0,10:00:04.815386848
26,5059.5,28,5060.0,10:00:04.815386848
1,5059.75,28,5060.0,10:00:04.815396496
8,5059.75,28,5060.0,10:00:04.815396496
8,5059.75,28,5060.0,10:00:04.815396496
7,5059.75,28,5060.0,10:00:04.815515158
7,5059.75,28,5060.0,10:00:04.815525478
7,5059.75,28,5060.0,10:00:04.815541644
7,5059.75,27,5060.0,10:00:04.815565367
7,5059.75,26,5060.0,10:00:04.815570384
11,5059.75,26,5060.0,10:00:04.815582372
11,5059.75,26,5060.0,10:00:04.815582372
11,5059.75,25,5060.0,10:00:04.815589594
7,5059.75,25,5060.0,10:00:04.815741134
7,5059.75,25,5060.0,10:00:04.815741134
8,5059.75,25,5060.0,10:00:04.815741134
9,5059.75,25,5060.0,10:00:04.815741134
7,5059.75,25,5060.0,10:00:04.815741134
8,5059.75,25,5060.0,10:00:04.815749240
8,5059.75,25,5060.0,10:00:04.815749240
6,5059.75,25,5060.0,10:00:04.815843993
6,5059.75,25,5060.0,10:00:04.815843993
5,5059.75,25,5060.0,10:00:04.815843993
23,5059.5,25,5060.0,10:00:04.815914008
23,5059.5,25,5060.0,10:00:04.815914008
1,5059.75,25,5060.0,10:00:04.817952471
1,5059.75,27,5060.0,10:00:04.818067699
1,5059.75,25,5060.0,10:00:04.818627776
2,5059.75,25,5060.0,10:00:04.818729440
2,5059.75,24,5060.0,10:00:04.819443544
2,5059.75,24,5060.0,10:00:04.819443544
1,5059.75,24,5060.0,10:00:04.819653145
23,5059.5,24,5060.0,10:00:04.823501949
23,5059.5,24,5060.0,10:00:04.823501949
23,5059.5,1,5059.75,10:00:04.823501949
23,5059.5,24,5060.0,10:00:04.823501949
23,5059.5,24,5060.0,10:00:04.823501949
23,5059.5,25,5060.0,10:00:04.823546382
23,5059.5,25,5060.0,10:00:04.823546382
23,5059.5,23,5060.0,10:00:04.823596799
23,5059.5,22,5060.0,10:00:04.823677043
23,5059.5,22,5060.0,10:00:04.823677043
23,5059.5,24,5060.0,10:00:04.828870105
23,5059.5,1,5059.75,10:00:04.828951412
23,5059.5,2,5059.75,10:00:04.828970360
23,5059.5,1,5059.75,10:00:04.829199517
23,5059.5,24,5060.0,10:00:04.829199517
23,5059.5,24,5060.0,10:00:04.829199517
23,5059.5,25,5060.0,10:00:04.829315445
22,5059.5,25,5060.0,10:00:04.830647267
22,5059.5,7,5059.75,10:00:04.830998187
22,5059.5,8,5059.75,10:00:04.831103216
22,5059.5,9,5059.75,10:00:04.831112387
22,5059.5,2,5059.75,10:00:04.831159396
22,5059.5,25,5060.0,10:00:04.831381347
22,5059.5,25,5060.0,10:00:04.831381347
22,5059.5,25,5060.0,10:00:04.839895384
22,5059.5,25,5060.0,10:00:04.839902692
22,5059.5,25,5060.0,10:00:04.840002752
22,5059.5,25,5060.0,10:00:04.840722520
22,5059.5,24,5060.0,10:00:04.841487703
22,5059.5,23,5060.0,10:00:04.841678047
22,5059.5,24,5060.0,10:00:04.841678047
22,5059.5,26,5060.0,10:00:04.851923693
22,5059.5,26,5060.0,10:00:04.859443112
24,5059.5,26,5060.0,10:00:04.862946984
24,5059.5,26,5060.0,10:00:04.867055659
24,5059.5,34,5060.0,10:00:04.871186514
24,5059.5,27,5060.0,10:00:04.877640490
24,5059.5,26,5060.0,10:00:04.877798916
24,5059.5,26,5060.0,10:00:04.879689709
24,5059.5,26,5060.0,10:00:04.879695399
24,5059.5,26,5060.0,10:00:04.879797728
28,5059.5,26,5060.0,10:00:04.888342063
28,5059.5,25,5060.0,10:00:04.895641721
30,5059.5,25,5060.0,10:00:04.915954757
31,5059.5,25,5060.0,10:00:04.916054728
1,5059.75,25,5060.0,10:00:04.919032871
2,5059.75,25,5060.0,10:00:04.919044257
2,5059.75,24,5060.0,10:00:04.919134172
31,5059.5,24,5060.0,10:00:04.919472154
31,5059.5,24,5060.0,10:00:04.919472154
31,5059.5,1,5059.75,10:00:04.919578952
31,5059.5,2,5059.75,10:00:04.919585247
31,5059.5,2,5059.75,10:00:04.920176276
31,5059.5,1,5059.75,10:00:04.920291171
31,5059.5,23,5060.0,10:00:04.920291171
31,5059.5,23,5060.0,10:00:04.920291171
31,5059.5,1,5059.75,10:00:04.920298711
31,5059.5,1,5059.75,10:00:04.920305773
30,5059.5,1,5059.75,10:00:04.920313995
30,5059.5,1,5059.75,10:00:04.920313995
29,5059.5,1,5059.75,10:00:04.920323307
29,5059.5,1,5059.75,10:00:04.920323307
29,5059.5,24,5060.0,10:00:04.920403763
29,5059.5,24,5060.0,10:00:04.920403763
29,5059.5,25,5060.0,10:00:04.920418636
29,5059.5,24,5060.0,10:00:04.923313296
29,5059.5,25,5060.0,10:00:04.933854386
30,5059.5,25,5060.0,10:00:04.938443252
30,5059.5,25,5060.0,10:00:04.947967226
30,5059.5,25,5060.0,10:00:04.958436008
30,5059.5,25,5060.0,10:00:04.958549216
30,5059.5,25,5060.0,10:00:04.961886500
30,5059.5,25,5060.0,10:00:04.961886500
30,5059.5,26,5060.0,10:00:04.965085291
30,5059.5,27,5060.0,10:00:04.965195462
30,5059.5,27,5060.0,10:00:04.986876623
30,5059.5,27,5060.0,10:00:04.986977710
30,5059.5,27,5060.0,10:00:04.989213944
28,5059.5,27,5060.0,10:00:04.990450391
28,5059.5,27,5060.0,10:00:05.001082983
28,5059.5,27,5060.0,10:00:05.001089370
28,5059.5,27,5060.0,10:00:05.001211183
28,5059.5,27,5060.0,10:00:05.001219449
28,5059.5,27,5060.0,10:00:05.001226182
28,5059.5,27,5060.0,10:00:05.001239107
28,5059.5,27,5060.0,10:00:05.001259677
28,5059.5,27,5060.0,10:00:05.001271043
28,5059.5,27,5060.0,10:00:05.001276922
28,5059.5,27,5060.0,10:00:05.001287546
28,5059.5,27,5060.0,10:00:05.001502556
28,5059.5,27,5060.0,10:00:05.001512278
28,5059.5,27,5060.0,10:00:05.001518054
28,5059.5,27,5060.0,10:00:05.007714685
29,5059.5,27,5060.0,10:00:05.015991802
27,5059.5,27,5060.0,10:00:05.016615824
27,5059.5,1,5059.75,10:00:05.028737860
27,5059.5,1,5059.75,10:00:05.028744923
27,5059.5,26,5060.0,10:00:05.028950883
27,5059.5,26,5060.0,10:00:05.028950883
27,5059.5,1,5059.75,10:00:05.028961462
27,5059.5,26,5060.0,10:00:05.029022372
27,5059.5,26,5060.0,10:00:05.029022372
27,5059.5,26,5060.0,10:00:05.029022372
22,5059.5,26,5060.0,10:00:05.029840059
23,5059.5,26,5060.0,10:00:05.029942461
24,5059.5,26,5060.0,10:00:05.030043826
24,5059.5,26,5060.0,10:00:05.037240614
25,5059.5,26,5060.0,10:00:05.037249581
25,5059.5,26,5060.0,10:00:05.037355478
25,5059.5,26,5060.0,10:00:05.039109542
25,5059.5,26,5060.0,10:00:05.039148742
25,5059.5,26,5060.0,10:00:05.039218712
25,5059.5,26,5060.0,10:00:05.043749213
25,5059.5,26,5060.0,10:00:05.043871401
25,5059.5,26,5060.0,10:00:05.043891731
25,5059.5,26,5060.0,10:00:05.043972312
25,5059.5,26,5060.0,10:00:05.058821341
25,5059.5,26,5060.0,10:00:05.088770095
25,5059.5,26,5060.0,10:00:05.146803070
25,5059.5,26,5060.0,10:00:05.146915619
25,5059.5,26,5060.0,10:00:05.167551207
25,5059.5,26,5060.0,10:00:05.167650892
25,5059.5,26,5060.0,10:00:05.195542126
25,5059.5,26,5060.0,10:00:05.195643501
25,5059.5,26,5060.0,10:00:05.196415325
25,5059.5,26,5060.0,10:00:05.203732778
25,5059.5,26,5060.0,10:00:05.203732778
1,5059.75,26,5060.0,10:00:05.204803321
1,5059.75,25,5060.0,10:00:05.204907823
1,5059.75,25,5060.0,10:00:05.204907823
1,5059.75,24,5060.0,10:00:05.204919432
1,5059.75,23,5060.0,10:00:05.204930898
25,5059.5,23,5060.0,10:00:05.205057505
25,5059.5,23,5060.0,10:00:05.205057505
28,5059.5,23,5060.0,10:00:05.205057505
28,5059.5,22,5060.0,10:00:05.205094473
27,5059.5,22,5060.0,10:00:05.205119475
27,5059.5,2,5059.75,10:00:05.205186487
27,5059.5,1,5059.75,10:00:05.205423567
27,5059.5,22,5060.0,10:00:05.205423567
27,5059.5,22,5060.0,10:00:05.205423567
29,5059.5,22,5060.0,10:00:05.205433005
26,5059.5,22,5060.0,10:00:05.205433005
26,5059.5,1,5059.75,10:00:05.205467360
24,5059.5,1,5059.75,10:00:05.205472919
24,5059.5,22,5060.0,10:00:05.205607107
24,5059.5,22,5060.0,10:00:05.205607107
24,5059.5,23,5060.0,10:00:05.205607107
24,5059.5,23,5060.0,10:00:05.205607107
24,5059.5,23,5060.0,10:00:05.205607107
26,5059.5,23,5060.0,10:00:05.206040543
26,5059.5,23,5060.0,10:00:05.206040543
27,5059.5,23,5060.0,10:00:05.206052671
27,5059.5,23,5060.0,10:00:05.206052671
27,5059.5,23,5060.0,10:00:05.234067105
27,5059.5,23,5060.0,10:00:05.234718327
27,5059.5,24,5060.0,10:00:05.240207337
27,5059.5,25,5060.0,10:00:05.240312786
27,5059.5,25,5060.0,10:00:05.250082702
27,5059.5,25,5060.0,10:00:05.250082702
27,5059.5,25,5060.0,10:00:05.250089889
27,5059.5,25,5060.0,10:00:05.250404401
27,5059.5,25,5060.0,10:00:05.250404401
27,5059.5,25,5060.0,10:00:05.250424993
27,5059.5,25,5060.0,10:00:05.250432171
27,5059.5,25,5060.0,10:00:05.260422779
28,5059.5,25,5060.0,10:00:05.260988438
30,5059.5,25,5060.0,10:00:05.261024922
31,5059.5,25,5060.0,10:00:05.261125782
31,5059.5,25,5060.0,10:00:05.271250911
31,5059.5,25,5060.0,10:00:05.271250911
31,5059.5,26,5060.0,10:00:05.271269394
31,5059.5,26,5060.0,10:00:05.271352791
31,5059.5,26,5060.0,10:00:05.271361284
31,5059.5,26,5060.0,10:00:05.272020314
31,5059.5,26,5060.0,10:00:05.273347890
30,5059.5,26,5060.0,10:00:05.277066503
30,5059.5,26,5060.0,10:00:05.289023637
30,5059.5,26,5060.0,10:00:05.289138097
30,5059.5,26,5060.0,10:00:05.289152216
30,5059.5,26,5060.0,10:00:05.290128283
30,5059.5,6,5059.75,10:00:05.291046542
30,5059.5,6,5059.75,10:00:05.291147917
30,5059.5,4,5059.75,10:00:05.291257321
30,5059.5,5,5059.75,10:00:05.291257321
30,5059.5,6,5059.75,10:00:05.291257321
30,5059.5,2,5059.75,10:00:05.291494094
30,5059.5,26,5060.0,10:00:05.291502951
30,5059.5,26,5060.0,10:00:05.291502951
28,5059.5,26,5060.0,10:00:05.291956871
28,5059.5,26,5060.0,10:00:05.291956871
27,5059.5,26,5060.0,10:00:05.292005614
27,5059.5,26,5060.0,10:00:05.292005614
27,5059.5,26,5060.0,10:00:05.306655624
27,5059.5,1,5059.75,10:00:05.318144646
27,5059.5,7,5059.75,10:00:05.318187610
27,5059.5,6,5059.75,10:00:05.318344875
27,5059.5,7,5059.75,10:00:05.318344875
27,5059.5,8,5059.75,10:00:05.318344875
27,5059.5,2,5059.75,10:00:05.328627341
27,5059.5,1,5059.75,10:00:05.328753702
27,5059.5,26,5060.0,10:00:05.328874547
27,5059.5,26,5060.0,10:00:05.328874547
27,5059.5,1,5059.75,10:00:05.328874547
27,5059.5,2,5059.75,10:00:05.328988829
27,5059.5,2,5059.75,10:00:05.331648221
27,5059.5,2,5059.75,10:00:05.347798924
27,5059.5,7,5059.75,10:00:05.362463790
27,5059.5,8,5059.75,10:00:05.362470199
26,5059.5,8,5059.75,10:00:05.362580541
26,5059.5,9,5059.75,10:00:05.362591722
26,5059.5,8,5059.75,10:00:05.362684562
25,5059.5,8,5059.75,10:00:05.362692466
25,5059.5,9,5059.75,10:00:05.362701177
25,5059.5,8,5059.75,10:00:05.372821439
26,5059.5,8,5059.75,10:00:05.372911152
26,5059.5,3,5059.75,10:00:05.373016287
26,5059.5,3,5059.75,10:00:05.383653087
26,5059.5,3,5059.75,10:00:05.396812335
26,5059.5,27,5060.0,10:00:05.397064293
26,5059.5,27,5060.0,10:00:05.397064293
26,5059.5,27,5060.0,10:00:05.448922621
24,5059.5,27,5060.0,10:00:05.454336301
24,5059.5,27,5060.0,10:00:05.454686968
24,5059.5,27,5060.0,10:00:05.454698517
22,5059.5,27,5060.0,10:00:05.454703669
22,5059.5,27,5060.0,10:00:05.455424550
22,5059.5,27,5060.0,10:00:05.463026269
22,5059.5,28,5060.0,10:00:05.464544509
22,5059.5,29,5060.0,10:00:05.464651274
22,5059.5,29,5060.0,10:00:05.468053487
22,5059.5,29,5060.0,10:00:05.468059788
22,5059.5,29,5060.0,10:00:05.473057052
22,5059.5,29,5060.0,10:00:05.473064262
22,5059.5,29,5060.0,10:00:05.478069410
22,5059.5,29,5060.0,10:00:05.483083860
22,5059.5,29,5060.0,10:00:05.498118256
22,5059.5,29,5060.0,10:00:05.498238639
22,5059.5,29,5060.0,10:00:05.499088967
22,5059.5,29,5060.0,10:00:05.499383885
22,5059.5,29,5060.0,10:00:05.499410350
21,5059.5,29,5060.0,10:00:05.505546410
21,5059.5,29,5060.0,10:00:05.515253767
21,5059.5,29,5060.0,10:00:05.515355023
22,5059.5,29,5060.0,10:00:05.542384074
22,5059.5,29,5060.0,10:00:05.544918448
22,5059.5,29,5060.0,10:00:05.545049116
22,5059.5,29,5060.0,10:00:05.557167230
22,5059.5,29,5060.0,10:00:05.557167230
22,5059.5,29,5060.0,10:00:05.580107423
22,5059.5,29,5060.0,10:00:05.590347028
22,5059.5,29,5060.0,10:00:05.590355303
21,5059.5,29,5060.0,10:00:05.594390991
21,5059.5,29,5060.0,10:00:05.604057752
21,5059.5,1,5059.75,10:00:05.625893217
23,5059.5,1,5059.75,10:00:05.626004681
23,5059.5,29,5060.0,10:00:05.626128373
23,5059.5,29,5060.0,10:00:05.626128373
23,5059.5,1,5059.75,10:00:05.626128373
23,5059.5,29,5060.0,10:00:05.626196686
23,5059.5,29,5060.0,10:00:05.626196686
23,5059.5,29,5060.0,10:00:05.632501584
23,5059.5,29,5060.0,10:00:05.632501584
21,5059.5,29,5060.0,10:00:05.632611851
20,5059.5,29,5060.0,10:00:05.659957984
20,5059.5,28,5060.0,10:00:05.662254993
20,5059.5,29,5060.0,10:00:05.683281452
20,5059.5,29,5060.0,10:00:05.686438863
20,5059.5,29,5060.0,10:00:05.686929091
20,5059.5,29,5060.0,10:00:05.687894601
21,5059.5,29,5060.0,10:00:05.691418832
20,5059.5,29,5060.0,10:00:05.695875124
21,5059.5,29,5060.0,10:00:05.702575630
20,5059.5,29,5060.0,10:00:05.727104480
19,5059.5,29,5060.0,10:00:05.739657472
19,5059.5,29,5060.0,10:00:05.748429016
19,5059.5,6,5059.75,10:00:05.749876958
19,5059.5,7,5059.75,10:00:05.749883134
18,5059.5,7,5059.75,10:00:05.749980061
18,5059.5,8,5059.75,10:00:05.749989729
18,5059.5,9,5059.75,10:00:05.750000583
18,5059.5,9,5059.75,10:00:05.750328670
18,5059.5,9,5059.75,10:00:05.750328670
19,5059.5,9,5059.75,10:00:05.757392086
19,5059.5,3,5059.75,10:00:05.757399910
19,5059.5,2,5059.75,10:00:05.757408153
21,5059.5,2,5059.75,10:00:05.757499307
21,5059.5,1,5059.75,10:00:05.757618631
23,5059.5,1,5059.75,10:00:05.758099528
23,5059.5,1,5059.75,10:00:05.758099528
24,5059.5,1,5059.75,10:00:05.758134012
24,5059.5,1,5059.75,10:00:05.758134012
25,5059.5,1,5059.75,10:00:05.758200208
26,5059.5,1,5059.75,10:00:05.758301064
26,5059.5,29,5060.0,10:00:05.758517735
26,5059.5,29,5060.0,10:00:05.758517735
26,5059.5,29,5060.0,10:00:05.758780533
26,5059.5,28,5060.0,10:00:05.776136809
26,5059.5,29,5060.0,10:00:05.776136809
26,5059.5,29,5060.0,10:00:05.776136809
25,5059.5,29,5060.0,10:00:05.791027999
25,5059.5,29,5060.0,10:00:05.791056784
24,5059.5,29,5060.0,10:00:05.791965020
24,5059.5,3,5059.75,10:00:05.792059185
24,5059.5,4,5059.75,10:00:05.792173629
24,5059.5,4,5059.75,10:00:05.792278617
24,5059.5,5,5059.75,10:00:05.792284847
24,5059.5,6,5059.75,10:00:05.792294348
23,5059.5,6,5059.75,10:00:05.792391972
23,5059.5,11,5059.75,10:00:05.793334932
23,5059.5,12,5059.75,10:00:05.793434006
22,5059.5,12,5059.75,10:00:05.793572188
22,5059.5,11,5059.75,10:00:05.803551263
22,5059.5,6,5059.75,10:00:05.803670583
20,5059.5,6,5059.75,10:00:05.804013957
21,5059.5,6,5059.75,10:00:05.804270366
21,5059.5,6,5059.75,10:00:05.809323411
21,5059.5,6,5059.75,10:00:05.815268876
21,5059.5,6,5059.75,10:00:05.815268876
21,5059.5,6,5059.75,10:00:05.827607572
21,5059.5,11,5059.75,10:00:05.833805969
21,5059.5,11,5059.75,10:00:05.833968200
20,5059.5,11,5059.75,10:00:05.847115774
20,5059.5,11,5059.75,10:00:05.853783559
18,5059.5,11,5059.75,10:00:05.854134267
20,5059.5,11,5059.75,10:00:05.854560704
20,5059.5,11,5059.75,10:00:05.855674432
20,5059.5,11,5059.75,10:00:05.863178414
20,5059.5,11,5059.75,10:00:05.863633764
21,5059.5,11,5059.75,10:00:05.863788131
21,5059.5,6,5059.75,10:00:05.863891683
21,5059.5,5,5059.75,10:00:05.867469365
27,5059.5,5,5059.75,10:00:05.867494914
27,5059.5,5,5059.75,10:00:05.867627832
27,5059.5,5,5059.75,10:00:05.867875222
27,5059.5,5,5059.75,10:00:05.872247545
27,5059.5,5,5059.75,10:00:05.872247545
21,5059.5,5,5059.75,10:00:05.874271630
21,5059.5,6,5059.75,10:00:05.874378652
21,5059.5,5,5059.75,10:00:05.874385660
20,5059.5,5,5059.75,10:00:05.874465525
21,5059.5,5,5059.75,10:00:05.879000993
21,5059.5,5,5059.75,10:00:05.879603053
21,5059.5,5,5059.75,10:00:05.879603053
21,5059.5,5,5059.75,10:00:05.880061158
21,5059.5,5,5059.75,10:00:05.880245938
21,5059.5,5,5059.75,10:00:05.883298193
21,5059.5,5,5059.75,10:00:05.883298193
21,5059.5,5,5059.75,10:00:05.892623782
20,5059.5,5,5059.75,10:00:05.894479749
20,5059.5,6,5059.75,10:00:05.894573454
20,5059.5,6,5059.75,10:00:05.896057170
20,5059.5,6,5059.75,10:00:05.899765415
20,5059.5,6,5059.75,10:00:05.899765415
20,5059.5,5,5059.75,10:00:05.911042410
21,5059.5,5,5059.75,10:00:05.911134853
20,5059.5,5,5059.75,10:00:05.914710644
20,5059.5,6,5059.75,10:00:05.914741607
20,5059.5,11,5059.75,10:00:05.914752040
20,5059.5,11,5059.75,10:00:05.915058660
21,5059.5,11,5059.75,10:00:05.928422952
21,5059.5,10,5059.75,10:00:05.928429474
21,5059.5,5,5059.75,10:00:05.928436002
21,5059.5,5,5059.75,10:00:05.933506697
21,5059.5,5,5059.75,10:00:05.933506697
21,5059.5,6,5059.75,10:00:05.934023004
20,5059.5,6,5059.75,10:00:05.934031312
22,5059.5,6,5059.75,10:00:05.934393265
22,5059.5,6,5059.75,10:00:05.934510408
22,5059.5,5,5059.75,10:00:05.934701895
28,5059.5,5,5059.75,10:00:05.934844259
28,5059.5,6,5059.75,10:00:05.941766117
28,5059.5,7,5059.75,10:00:05.941774636
22,5059.5,7,5059.75,10:00:05.941783097
22,5059.5,12,5059.75,10:00:05.954522658
22,5059.5,12,5059.75,10:00:05.955631776
22,5059.5,13,5059.75,10:00:05.963518793
21,5059.5,13,5059.75,10:00:05.963793765
21,5059.5,14,5059.75,10:00:05.963793765
21,5059.5,13,5059.75,10:00:05.963793765
21,5059.5,14,5059.75,10:00:05.963831740
21,5059.5,13,5059.75,10:00:05.963886502
21,5059.5,14,5059.75,10:00:05.963893629
21,5059.5,14,5059.75,10:00:05.964000501
21,5059.5,15,5059.75,10:00:05.964345555
21,5059.5,15,5059.75,10:00:05.964881413
21,5059.5,15,5059.75,10:00:05.964881413
21,5059.5,15,5059.75,10:00:05.968884680
21,5059.5,15,5059.75,10:00:05.968909650
21,5059.5,15,5059.75,10:00:05.969229267
21,5059.5,15,5059.75,10:00:05.969229267
21,5059.5,15,5059.75,10:00:05.969872440
21,5059.5,15,5059.75,10:00:05.969872440
20,5059.5,15,5059.75,10:00:05.971800912
20,5059.5,15,5059.75,10:00:05.977542467
20,5059.5,15,5059.75,10:00:05.996239488
20,5059.5,15,5059.75,10:00:05.996280775
20,5059.5,15,5059.75,10:00:05.997083841
19,5059.5,15,5059.75,10:00:06.010166911
19,5059.5,16,5059.75,10:00:06.010263492
19,5059.5,17,5059.75,10:00:06.010273390
19,5059.5,17,5059.75,10:00:06.011033824
18,5059.5,17,5059.75,10:00:06.016098112
16,5059.5,17,5059.75,10:00:06.016327788
14,5059.5,17,5059.75,10:00:06.016327788
14,5059.5,17,5059.75,10:00:06.016327788
12,5059.5,17,5059.75,10:00:06.016372636
9,5059.5,17,5059.75,10:00:06.016448008
7,5059.5,17,5059.75,10:00:06.016448008
2,5059.5,17,5059.75,10:00:06.016518790
1,5059.5,17,5059.75,10:00:06.016568724
16,5059.25,17,5059.75,10:00:06.016568724
16,5059.25,17,5059.75,10:00:06.016568724
16,5059.25,18,5059.75,10:00:06.016591604
16,5059.25,19,5059.75,10:00:06.016591604
16,5059.25,1,5059.5,10:00:06.016596503
16,5059.25,2,5059.5,10:00:06.016606612
16,5059.25,2,5059.5,10:00:06.016653330
13,5059.25,2,5059.5,10:00:06.016680239
13,5059.25,2,5059.5,10:00:06.016686159
13,5059.25,3,5059.5,10:00:06.016696623
11,5059.25,3,5059.5,10:00:06.016718726
11,5059.25,3,5059.5,10:00:06.016729670
11,5059.25,3,5059.5,10:00:06.016744372
11,5059.25,4,5059.5,10:00:06.016749815
11,5059.25,4,5059.5,10:00:06.016749815
11,5059.25,4,5059.5,10:00:06.016761204
11,5059.25,5,5059.5,10:00:06.016774615
11,5059.25,7,5059.5,10:00:06.016815240
11,5059.25,7,5059.5,10:00:06.016824184
11,5059.25,8,5059.5,10:00:06.016865139
11,5059.25,6,5059.5,10:00:06.017064298
11,5059.25,8,5059.5,10:00:06.017064298
11,5059.25,8,5059.5,10:00:06.017123722
11,5059.25,3,5059.5,10:00:06.017282920
11,5059.25,2,5059.5,10:00:06.017475586
11,5059.25,2,5059.5,10:00:06.017548756
11,5059.25,2,5059.5,10:00:06.017706497
11,5059.25,2,5059.5,10:00:06.017706497
11,5059.25,2,5059.5,10:00:06.018287045
11,5059.25,22,5059.75,10:00:06.030986678
11,5059.25,22,5059.75,10:00:06.030986678
1,5059.5,22,5059.75,10:00:06.031318413
2,5059.5,22,5059.75,10:00:06.031425992
1,5059.5,22,5059.75,10:00:06.031529550
11,5059.25,22,5059.75,10:00:06.031694261
11,5059.25,22,5059.75,10:00:06.031694261
11,5059.25,22,5059.75,10:00:06.040357949
11,5059.25,22,5059.75,10:00:06.040357949
11,5059.25,22,5059.75,10:00:06.042829410
11,5059.25,22,5059.75,10:00:06.042829410
11,5059.25,22,5059.75,10:00:06.042835589
11,5059.25,22,5059.75,10:00:06.042942460
11,5059.25,22,5059.75,10:00:06.042958618
11,5059.25,23,5059.75,10:00:06.044451280
11,5059.25,23,5059.75,10:00:06.044451280
11,5059.25,24,5059.75,10:00:06.044571528
11,5059.25,1,5059.5,10:00:06.044580040
11,5059.25,2,5059.5,10:00:06.044832970
11,5059.25,2,5059.5,10:00:06.045520053
11,5059.25,3,5059.5,10:00:06.045629047
11,5059.25,3,5059.5,10:00:06.045999013
11,5059.25,3,5059.5,10:00:06.048697432
11,5059.25,3,5059.5,10:00:06.049397094
5,5059.25,3,5059.5,10:00:06.056407539
5,5059.25,3,5059.5,10:00:06.063943586
5,5059.25,4,5059.5,10:00:06.065549167
5,5059.25,5,5059.5,10:00:06.065670517
5,5059.25,6,5059.5,10:00:06.065772227
5,5059.25,7,5059.5,10:00:06.065782829
5,5059.25,13,5059.5,10:00:06.065884908
4,5059.25,13,5059.5,10:00:06.065924234
3,5059.25,13,5059.5,10:00:06.065972603
3,5059.25,13,5059.5,10:00:06.069727773
3,5059.25,13,5059.5,10:00:06.069895699
3,5059.25,13,5059.5,10:00:06.070584276
3,5059.25,13,5059.5,10:00:06.070680202
3,5059.25,13,5059.5,10:00:06.076856413
3,5059.25,13,5059.5,10:00:06.076957051
15,5059.0,13,5059.5,10:00:06.077592629
15,5059.0,1,5059.25,10:00:06.077592629
15,5059.0,1,5059.25,10:00:06.077592629
14,5059.0,1,5059.25,10:00:06.077695805
14,5059.0,13,5059.5,10:00:06.077800096
14,5059.0,13,5059.5,10:00:06.077800096
14,5059.0,14,5059.5,10:00:06.077815482
13,5059.0,14,5059.5,10:00:06.077815482
13,5059.0,14,5059.5,10:00:06.077822148
13,5059.0,1,5059.25,10:00:06.077822148
13,5059.0,1,5059.25,10:00:06.077826525
13,5059.0,15,5059.5,10:00:06.077982656
13,5059.0,15,5059.5,10:00:06.077982656
13,5059.0,17,5059.5,10:00:06.077982656
13,5059.0,15,5059.5,10:00:06.077989815
1,5059.25,15,5059.5,10:00:06.078066856
3,5059.25,15,5059.5,10:00:06.078170481
1,5059.25,15,5059.5,10:00:06.078543541
1,5059.25,15,5059.5,10:00:06.079219062
1,5059.25,15,5059.5,10:00:06.079219062
1,5059.25,15,5059.5,10:00:06.082084640
1,5059.25,15,5059.5,10:00:06.100046835
1,5059.25,14,5059.5,10:00:06.100272587
1,5059.25,14,5059.5,10:00:06.105517883
13,5059.0,14,5059.5,10:00:06.116961599
13,5059.0,14,5059.5,10:00:06.116961599
14,5059.0,14,5059.5,10:00:06.117063892
14,5059.0,15,5059.5,10:00:06.117073086
14,5059.0,15,5059.5,10:00:06.117330035
15,5059.0,15,5059.5,10:00:06.122903456
16,5059.0,15,5059.5,10:00:06.123073348
17,5059.0,15,5059.5,10:00:06.123178655
17,5059.0,15,5059.5,10:00:06.133976419
17,5059.0,15,5059.5,10:00:06.138324084
1,5059.25,15,5059.5,10:00:06.143430933
2,5059.25,15,5059.5,10:00:06.143440926
1,5059.25,15,5059.5,10:00:06.143517049
2,5059.25,15,5059.5,10:00:06.143548724
2,5059.25,14,5059.5,10:00:06.143558977
1,5059.25,14,5059.5,10:00:06.143841318
1,5059.25,14,5059.5,10:00:06.146060054
16,5059.0,14,5059.5,10:00:06.167897452
16,5059.0,14,5059.5,10:00:06.167897452
16,5059.0,15,5059.5,10:00:06.168006727
16,5059.0,15,5059.5,10:00:06.180617689
16,5059.0,15,5059.5,10:00:06.185377861
16,5059.0,15,5059.5,10:00:06.185384182
16,5059.0,15,5059.5,10:00:06.190675198
16,5059.0,15,5059.5,10:00:06.190675198
16,5059.0,19,5059.5,10:00:06.191177313
16,5059.0,19,5059.5,10:00:06.195764900
16,5059.0,19,5059.5,10:00:06.208519951
16,5059.0,19,5059.5,10:00:06.208541590
16,5059.0,19,5059.5,10:00:06.208627610
1,5059.25,19,5059.5,10:00:06.209267854
2,5059.25,19,5059.5,10:00:06.246090200
2,5059.25,18,5059.5,10:00:06.246314204
2,5059.25,18,5059.5,10:00:06.246378225
2,5059.25,18,5059.5,10:00:06.246421288
3,5059.25,18,5059.5,10:00:06.246438837
4,5059.25,18,5059.5,10:00:06.247260953
5,5059.25,18,5059.5,10:00:06.247362955
6,5059.25,18,5059.5,10:00:06.247461085
11,5059.25,18,5059.5,10:00:06.253140620
11,5059.25,12,5059.5,10:00:06.253147625
11,5059.25,11,5059.5,10:00:06.253250683
12,5059.25,11,5059.5,10:00:06.253329011
12,5059.25,11,5059.5,10:00:06.253329011
12,5059.25,11,5059.5,10:00:06.255610452
7,5059.25,11,5059.5,10:00:06.258187208
6,5059.25,11,5059.5,10:00:06.258284238
6,5059.25,11,5059.5,10:00:06.266629715
6,5059.25,11,5059.5,10:00:06.266629715
6,5059.25,9,5059.5,10:00:06.269437205
6,5059.25,10,5059.5,10:00:06.276911740
5,5059.25,10,5059.5,10:00:06.277767222
5,5059.25,16,5059.5,10:00:06.292471087
4,5059.25,16,5059.5,10:00:06.292589941
4,5059.25,21,5059.5,10:00:06.292601941
4,5059.25,21,5059.5,10:00:06.297634807
4,5059.25,21,5059.5,10:00:06.297634807
4,5059.25,21,5059.5,10:00:06.298562925
8,5059.25,21,5059.5,10:00:06.309060788
9,5059.25,21,5059.5,10:00:06.388044194
15,5059.0,21,5059.5,10:00:06.388719336
15,5059.0,21,5059.5,10:00:06.388719336
15,5059.0,2,5059.25,10:00:06.388734706
9,5059.0,2,5059.25,10:00:06.388734706
9,5059.0,3,5059.25,10:00:06.388753768
9,5059.0,3,5059.25,10:00:06.388782022
9,5059.0,3,5059.25,10:00:06.388782022
9,5059.0,3,5059.25,10:00:06.388819241
9,5059.0,3,5059.25,10:00:06.389323142
9,5059.0,3,5059.25,10:00:06.389323142
9,5059.0,3,5059.25,10:00:06.389333321
9,5059.0,1,5059.25,10:00:06.389465700
9,5059.0,1,5059.25,10:00:06.389465700
9,5059.0,6,5059.25,10:00:06.389465700
8,5059.0,6,5059.25,10:00:06.389465700
8,5059.0,5,5059.25,10:00:06.389549464
8,5059.0,6,5059.25,10:00:06.389549464
8,5059.0,6,5059.25,10:00:06.389549464
8,5059.0,6,5059.25,10:00:06.389549464
8,5059.0,6,5059.25,10:00:06.389549464
8,5059.0,6,5059.25,10:00:06.389549464
8,5059.0,6,5059.25,10:00:06.389549464
8,5059.0,5,5059.25,10:00:06.389639207
8,5059.0,2,5059.25,10:00:06.389677647
8,5059.0,3,5059.25,10:00:06.389677647
8,5059.0,26,5059.5,10:00:06.390273335
8,5059.0,26,5059.5,10:00:06.390273335
13,5059.0,26,5059.5,10:00:06.390273335
1,5059.25,26,5059.5,10:00:06.390379247
2,5059.25,26,5059.5,10:00:06.390389315
2,5059.25,25,5059.5,10:00:06.390399222
6,5059.25,25,5059.5,10:00:06.390426640
5,5059.25,25,5059.5,10:00:06.390589312
5,5059.25,24,5059.5,10:00:06.390589312
6,5059.25,24,5059.5,10:00:06.390589312
7,5059.25,24,5059.5,10:00:06.390589312
8,5059.25,24,5059.5,10:00:06.390589312
7,5059.25,24,5059.5,10:00:06.390598198
7,5059.25,24,5059.5,10:00:06.390771809
7,5059.25,24,5059.5,10:00:06.390779578
7,5059.25,24,5059.5,10:00:06.390798801
8,5059.25,24,5059.5,10:00:06.391961682
8,5059.25,23,5059.5,10:00:06.392209207
8,5059.25,22,5059.5,10:00:06.393109301
8,5059.25,22,5059.5,10:00:06.393441860
8,5059.25,22,5059.5,10:00:06.393441860
13,5059.25,22,5059.5,10:00:06.393629044
13,5059.25,16,5059.5,10:00:06.393637354
13,5059.25,15,5059.5,10:00:06.393644356
13,5059.25,13,5059.5,10:00:06.393834476
13,5059.25,12,5059.5,10:00:06.393834476
13,5059.25,10,5059.5,10:00:06.394038185
13,5059.25,5,5059.5,10:00:06.394038185
13,5059.25,6,5059.5,10:00:06.394038185
13,5059.25,21,5059.75,10:00:06.394091534
13,5059.25,21,5059.75,10:00:06.394091534
13,5059.25,1,5059.5,10:00:06.394155282
13,5059.25,1,5059.5,10:00:06.394200166
13,5059.25,30,5059.75,10:00:06.394360483
13,5059.25,30,5059.75,10:00:06.394360483
13,5059.25,31,5059.75,10:00:06.394360483
13,5059.25,32,5059.75,10:00:06.394459540
13,5059.25,33,5059.75,10:00:06.394466557
14,5059.25,33,5059.75,10:00:06.394616788
14,5059.25,32,5059.75,10:00:06.394730810
14,5059.25,32,5059.75,10:00:06.394730810
14,5059.25,32,5059.75,10:00:06.394735911
3,5059.5,32,5059.75,10:00:06.394823462
3,5059.5,32,5059.75,10:00:06.395037210
3,5059.5,32,5059.75,10:00:06.395044654
3,5059.5,32,5059.75,10:00:06.395044654
3,5059.5,32,5059.75,10:00:06.395121330
3,5059.5,31,5059.75,10:00:06.395159743
3,5059.5,31,5059.75,10:00:06.395465702
4,5059.5,31,5059.75,10:00:06.395574133
4,5059.5,30,5059.75,10:00:06.395606111
5,5059.5,30,5059.75,10:00:06.395673078
6,5059.5,30,5059.75,10:00:06.395780428
5,5059.5,30,5059.75,10:00:06.395880120
2,5059.5,30,5059.75,10:00:06.396631700
1,5059.5,30,5059.75,10:00:06.396631700
18,5059.25,30,5059.75,10:00:06.396700495
18,5059.25,30,5059.75,10:00:06.396700495
17,5059.25,30,5059.75,10:00:06.396724767
17,5059.25,4,5059.5,10:00:06.396731545
17,5059.25,5,5059.5,10:00:06.396844814
17,5059.25,5,5059.5,10:00:06.396849451
17,5059.25,6,5059.5,10:00:06.396868245
16,5059.25,6,5059.5,10:00:06.396997005
15,5059.25,6,5059.5,10:00:06.396997005
15,5059.25,7,5059.5,10:00:06.396997005
12,5059.25,7,5059.5,10:00:06.396997005
11,5059.25,7,5059.5,10:00:06.397163708
11,5059.25,7,5059.5,10:00:06.397163708
10,5059.25,7,5059.5,10:00:06.397205970
10,5059.25,7,5059.5,10:00:06.397205970
9,5059.25,7,5059.5,10:00:06.397205970
4,5059.25,7,5059.5,10:00:06.397205970
3,5059.25,7,5059.5,10:00:06.397270004
2,5059.25,7,5059.5,10:00:06.397270004
2,5059.25,8,5059.5,10:00:06.397270004
1,5059.25,8,5059.5,10:00:06.397298196
1,5059.25,8,5059.5,10:00:06.397308084
13,5059.0,8,5059.5,10:00:06.397401124
13,5059.0,8,5059.5,10:00:06.397401124
13,5059.0,1,5059.25,10:00:06.397401124
13,5059.0,1,5059.25,10:00:06.397401124
13,5059.0,2,5059.25,10:00:06.397490376
13,5059.0,1,5059.25,10:00:06.397500044
13,5059.0,9,5059.5,10:00:06.397596909
13,5059.0,9,5059.5,10:00:06.397596909
13,5059.0,10,5059.5,10:00:06.397596909
13,5059.0,1,5059.25,10:00:06.397602986
13,5059.0,10,5059.5,10:00:06.397682623
13,5059.0,10,5059.5,10:00:06.397682623
13,5059.0,11,5059.5,10:00:06.397682623
13,5059.0,11,5059.5,10:00:06.397932075
13,5059.0,11,5059.5,10:00:06.397932075
13,5059.0,1,5059.25,10:00:06.398550596
13,5059.0,1,5059.25,10:00:06.398556670
13,5059.0,11,5059.5,10:00:06.398563729
13,5059.0,11,5059.5,10:00:06.398563729
15,5059.0,11,5059.5,10:00:06.398658704
13,5059.0,11,5059.5,10:00:06.398809206
13,5059.0,1,5059.25,10:00:06.398866602
13,5059.0,2,5059.25,10:00:06.398977235
13,5059.0,3,5059.25,10:00:06.399095240
13,5059.0,3,5059.25,10:00:06.399399045
14,5059.0,3,5059.25,10:00:06.399635021
14,5059.0,3,5059.25,10:00:06.399856453
14,5059.0,4,5059.25,10:00:06.399943398
14,5059.0,4,5059.25,10:00:06.400023282
14,5059.0,5,5059.25,10:00:06.400040616
14,5059.0,5,5059.25,10:00:06.400153054
14,5059.0,5,5059.25,10:00:06.400153054
14,5059.0,5,5059.25,10:00:06.400324955
15,5059.0,5,5059.25,10:00:06.400731392
15,5059.0,5,5059.25,10:00:06.400737767
15,5059.0,5,5059.25,10:00:06.400737767
14,5059.0,5,5059.25,10:00:06.400775271
15,5059.0,5,5059.25,10:00:06.400843806
15,5059.0,4,5059.25,10:00:06.401072301
15,5059.0,2,5059.25,10:00:06.401338441
15,5059.0,1,5059.25,10:00:06.401437493
15,5059.0,19,5059.5,10:00:06.401547796
15,5059.0,19,5059.5,10:00:06.401547796
15,5059.0,22,5059.5,10:00:06.401613029
15,5059.0,31,5059.5,10:00:06.401651590
15,5059.0,31,5059.5,10:00:06.401651590
15,5059.0,1,5059.25,10:00:06.401674022
14,5059.0,1,5059.25,10:00:06.401678054
14,5059.0,1,5059.25,10:00:06.401718989
14,5059.0,1,5059.25,10:00:06.401728132
14,5059.0,2,5059.25,10:00:06.401785192
14,5059.0,2,5059.25,10:00:06.401795519
15,5059.0,2,5059.25,10:00:06.401846070
15,5059.0,2,5059.25,10:00:06.402084423
15,5059.0,2,5059.25,10:00:06.402119371
15,5059.0,2,5059.25,10:00:06.402119371
15,5059.0,4,5059.25,10:00:06.402337312
15,5059.0,5,5059.25,10:00:06.402441670
15,5059.0,6,5059.25,10:00:06.402634128
14,5059.0,6,5059.25,10:00:06.402921362
15,5059.0,6,5059.25,10:00:06.403088595
14,5059.0,6,5059.25,10:00:06.403984891
14,5059.0,5,5059.25,10:00:06.405429573
14,5059.0,6,5059.25,10:00:06.405585122
14,5059.0,7,5059.25,10:00:06.405924827
14,5059.0,6,5059.25,10:00:06.410214326
14,5059.0,5,5059.25,10:00:06.410214326
14,5059.0,6,5059.25,10:00:06.410291485
14,5059.0,30,5059.5,10:00:06.411185942
14,5059.0,30,5059.5,10:00:06.411185942
15,5059.0,30,5059.5,10:00:06.411185942
1,5059.25,30,5059.5,10:00:06.411693760
1,5059.25,29,5059.5,10:00:06.411912046
1,5059.25,28,5059.5,10:00:06.411923323
2,5059.25,28,5059.5,10:00:06.411932108
2,5059.25,28,5059.5,10:00:06.411932108
3,5059.25,28,5059.5,10:00:06.412020877
2,5059.25,28,5059.5,10:00:06.412224786
3,5059.25,28,5059.5,10:00:06.412367779
3,5059.25,28,5059.5,10:00:06.412414708
3,5059.25,28,5059.5,10:00:06.412414708
3,5059.25,28,5059.5,10:00:06.413339640
3,5059.25,28,5059.5,10:00:06.413339640
3,5059.25,28,5059.5,10:00:06.413346031
3,5059.25,28,5059.5,10:00:06.413346031
5,5059.25,28,5059.5,10:00:06.414245140
6,5059.25,28,5059.5,10:00:06.414251559
7,5059.25,28,5059.5,10:00:06.414371241
8,5059.25,28,5059.5,10:00:06.414380009
8,5059.25,27,5059.5,10:00:06.414391187
10,5059.25,27,5059.5,10:00:06.414483096
11,5059.25,27,5059.5,10:00:06.414490815
11,5059.25,26,5059.5,10:00:06.414573188
11,5059.25,25,5059.5,10:00:06.414674697
11,5059.25,25,5059.5,10:00:06.419711503
11,5059.25,25,5059.5,10:00:06.419711503
16,5059.25,25,5059.5,10:00:06.420737613
16,5059.25,18,5059.5,10:00:06.420744455
16,5059.25,17,5059.5,10:00:06.420884845
16,5059.25,16,5059.5,10:00:06.420884845
16,5059.25,14,5059.5,10:00:06.420914637
16,5059.25,12,5059.5,10:00:06.420950376
16,5059.25,10,5059.5,10:00:06.421008172
17,5059.25,10,5059.5,10:00:06.421008172
17,5059.25,10,5059.5,10:00:06.421061258
17,5059.25,3,5059.5,10:00:06.421061258
17,5059.25,22,5059.75,10:00:06.421091048
17,5059.25,22,5059.75,10:00:06.421091048
18,5059.25,22,5059.75,10:00:06.421101825
18,5059.25,22,5059.75,10:00:06.421111537
18,5059.25,22,5059.75,10:00:06.421117711
18,5059.25,22,5059.75,10:00:06.421117711
18,5059.25,21,5059.75,10:00:06.421195910
19,5059.25,21,5059.75,10:00:06.421202870
19,5059.25,21,5059.75,10:00:06.421275835
18,5059.25,21,5059.75,10:00:06.421296987
18,5059.25,21,5059.75,10:00:06.421308863
18,5059.25,21,5059.75,10:00:06.421308863
17,5059.25,21,5059.75,10:00:06.421399561
17,5059.25,21,5059.75,10:00:06.421493503
3,5059.5,21,5059.75,10:00:06.422218427
4,5059.5,21,5059.75,10:00:06.422332081
4,5059.5,21,5059.75,10:00:06.422332081
5,5059.5,21,5059.75,10:00:06.422339408
5,5059.5,20,5059.75,10:00:06.422346596
6,5059.5,20,5059.75,10:00:06.422374897
6,5059.5,20,5059.75,10:00:06.422374897
6,5059.5,20,5059.75,10:00:06.422413733
7,5059.5,20,5059.75,10:00:06.422442268
6,5059.5,20,5059.75,10:00:06.422477866
7,5059.5,20,5059.75,10:00:06.422542555
7,5059.5,19,5059.75,10:00:06.422560526
7,5059.5,18,5059.75,10:00:06.422665737
7,5059.5,18,5059.75,10:00:06.429214770
7,5059.5,18,5059.75,10:00:06.429214770
6,5059.5,18,5059.75,10:00:06.432634922
8,5059.5,18,5059.75,10:00:06.432741900
9,5059.5,18,5059.75,10:00:06.438707780
10,5059.5,18,5059.75,10:00:06.440789413
10,5059.5,27,5060.0,10:00:06.444138066
10,5059.5,27,5060.0,10:00:06.444138066
2,5059.75,27,5060.0,10:00:06.444138066
2,5059.75,27,5060.0,10:00:06.444145158
2,5059.75,27,5060.0,10:00:06.444145158
2,5059.75,26,5060.0,10:00:06.444153308
2,5059.75,26,5060.0,10:00:06.444173161
2,5059.75,26,5060.0,10:00:06.444295285
2,5059.75,26,5060.0,10:00:06.444307093
2,5059.75,26,5060.0,10:00:06.444315820
2,5059.75,25,5060.0,10:00:06.444331430
2,5059.75,24,5060.0,10:00:06.444348547
4,5059.75,24,5060.0,10:00:06.444356298
4,5059.75,24,5060.0,10:00:06.444356298
5,5059.75,24,5060.0,10:00:06.444363216
5,5059.75,24,5060.0,10:00:06.444363216
5,5059.75,24,5060.0,10:00:06.444398243
6,5059.75,24,5060.0,10:00:06.444477336
7,5059.75,24,5060.0,10:00:06.444526224
7,5059.75,23,5060.0,10:00:06.444554951
8,5059.75,23,5060.0,10:00:06.444634047
6,5059.75,23,5060.0,10:00:06.445085000
18,5059.5,23,5060.0,10:00:06.445268364
18,5059.5,23,5060.0,10:00:06.445268364
18,5059.5,1,5059.75,10:00:06.445268364
18,5059.5,1,5059.75,10:00:06.445273065
18,5059.5,2,5059.75,10:00:06.445322429
18,5059.5,3,5059.75,10:00:06.445331959
18,5059.5,4,5059.75,10:00:06.445383726
18,5059.5,5,5059.75,10:00:06.445494266
18,5059.5,5,5059.75,10:00:06.445539479
18,5059.5,6,5059.75,10:00:06.445601730
18,5059.5,5,5059.75,10:00:06.445636349
18,5059.5,6,5059.75,10:00:06.446507291
18,5059.5,6,5059.75,10:00:06.446574227
18,5059.5,7,5059.75,10:00:06.446628916
17,5059.5,7,5059.75,10:00:06.446730972
17,5059.5,7,5059.75,10:00:06.446768976
17,5059.5,6,5059.75,10:00:06.447238989
18,5059.5,6,5059.75,10:00:06.447750203
18,5059.5,6,5059.75,10:00:06.452585078
18,5059.5,6,5059.75,10:00:06.453025442
18,5059.5,6,5059.75,10:00:06.453025442
18,5059.5,6,5059.75,10:00:06.453031503
18,5059.5,6,5059.75,10:00:06.453165291
18,5059.5,6,5059.75,10:00:06.454334950
18,5059.5,6,5059.75,10:00:06.454344524
18,5059.5,6,5059.75,10:00:06.454356131
18,5059.5,6,5059.75,10:00:06.454367834
17,5059.5,6,5059.75,10:00:06.455833802
11,5059.5,6,5059.75,10:00:06.456262569
11,5059.5,7,5059.75,10:00:06.456362479
11,5059.5,7,5059.75,10:00:06.456369698
12,5059.5,7,5059.75,10:00:06.458536307
12,5059.5,6,5059.75,10:00:06.458630048
12,5059.5,5,5059.75,10:00:06.458727307
12,5059.5,5,5059.75,10:00:06.465779936
12,5059.5,5,5059.75,10:00:06.465787965
12,5059.5,5,5059.75,10:00:06.465795335
12,5059.5,5,5059.75,10:00:06.465905596
12,5059.5,6,5059.75,10:00:06.469965563
11,5059.5,6,5059.75,10:00:06.470085775
10,5059.5,6,5059.75,10:00:06.470116557
10,5059.5,11,5059.75,10:00:06.470183769
10,5059.5,12,5059.75,10:00:06.470293487
10,5059.5,12,5059.75,10:00:06.470293487
10,5059.5,13,5059.75,10:00:06.470301116
10,5059.5,13,5059.75,10:00:06.470301116
9,5059.5,13,5059.75,10:00:06.470311547
8,5059.5,13,5059.75,10:00:06.470457291
8,5059.5,20,5059.75,10:00:06.489354126
8,5059.5,20,5059.75,10:00:06.489354126
8,5059.5,21,5059.75,10:00:06.489461815
8,5059.5,22,5059.75,10:00:06.489568448
7,5059.5,22,5059.75,10:00:06.489899175
5,5059.5,22,5059.75,10:00:06.489899175
4,5059.5,22,5059.75,10:00:06.489899175
3,5059.5,22,5059.75,10:00:06.489946516
4,5059.5,22,5059.75,10:00:06.490005353
5,5059.5,22,5059.75,10:00:06.490108059
5,5059.5,22,5059.75,10:00:06.493848825
5,5059.5,22,5059.75,10:00:06.500316351
5,5059.5,22,5059.75,10:00:06.500316351
5,5059.5,22,5059.75,10:00:06.500426033
5,5059.5,22,5059.75,10:00:06.500432606
5,5059.5,22,5059.75,10:00:06.500439317
5,5059.5,22,5059.75,10:00:06.500449739
5,5059.5,22,5059.75,10:00:06.511549714
5,5059.5,22,5059.75,10:00:06.511549714
5,5059.5,22,5059.75,10:00:06.513396250
5,5059.5,28,5059.75,10:00:06.540214682
5,5059.5,30,5059.75,10:00:06.540323590
4,5059.5,30,5059.75,10:00:06.540430053
3,5059.5,30,5059.75,10:00:06.540534638
3,5059.5,29,5059.75,10:00:06.557002487
5,5059.5,29,5059.75,10:00:06.557066789
7,5059.5,29,5059.75,10:00:06.558966203
7,5059.5,27,5059.75,10:00:06.563794157
7,5059.5,21,5059.75,10:00:06.563802150
8,5059.5,21,5059.75,10:00:06.563908440
9,5059.5,21,5059.75,10:00:06.564003105
9,5059.5,20,5059.75,10:00:06.565205919
9,5059.5,20,5059.75,10:00:06.583176295
9,5059.5,19,5059.75,10:00:06.595932296
9,5059.5,19,5059.75,10:00:06.607085235
9,5059.5,19,5059.75,10:00:06.608095412
9,5059.5,19,5059.75,10:00:06.621204269
10,5059.5,19,5059.75,10:00:06.635058955
11,5059.5,19,5059.75,10:00:06.635154640
11,5059.5,19,5059.75,10:00:06.635621711
10,5059.5,19,5059.75,10:00:06.637720403
9,5059.5,19,5059.75,10:00:06.637797643
8,5059.5,19,5059.75,10:00:06.645271929
12,5059.5,19,5059.75,10:00:06.659127299
13,5059.5,19,5059.75,10:00:06.659238041
14,5059.5,19,5059.75,10:00:06.659244121
15,5059.5,19,5059.75,10:00:06.659251638
14,5059.5,19,5059.75,10:00:06.659325531
