price,volume,timestamp
5052.25,3,10:01:40.387180401
5052.25,7,10:01:40.387418720
5052.25,1,10:01:40.387816069
5052.25,2,10:01:40.388009567
5052.5,3,10:01:40.443458166
5052.25,1,10:01:40.470628234
5052.25,1,10:01:40.507532313
5052.25,1,10:01:40.637367126
5052.25,1,10:01:40.653073311
5052.25,9,10:01:40.682901701
5052.25,2,10:01:40.694897451
5052.25,8,10:01:40.694967036
5052.0,19,10:01:40.714519436
5052.25,6,10:01:40.714519436
5052.0,1,10:01:40.728426380
5052.0,1,10:01:40.749953317
5052.25,1,10:01:40.775288269
5052.25,10,10:01:40.839701447
5052.5,5,10:01:40.850890598
5052.25,5,10:01:40.861075236
5052.25,3,10:01:40.861277351
5052.25,4,10:01:40.861332074
5052.25,1,10:01:40.997110732
5052.25,3,10:01:40.997154720
5052.25,5,10:01:41.019217965
5052.25,2,10:01:41.019414130
5052.25,4,10:01:41.019481734
5052.25,1,10:01:41.019562141
5052.25,6,10:01:41.091253105
5052.25,5,10:01:41.091440280
5052.25,3,10:01:41.118909721
5052.25,1,10:01:41.118946243
5052.25,1,10:01:41.119015982
5052.25,1,10:01:41.119048456
5052.0,1,10:01:41.131034231
5052.25,10,10:01:41.155395292
5052.25,1,10:01:41.155572025
5052.25,4,10:01:41.155637642
5052.25,3,10:01:41.155697579
5052.25,1,10:01:41.155718239
5052.25,1,10:01:41.155925645
5052.25,1,10:01:41.176605861
5052.0,1,10:01:41.189764747
5052.0,1,10:01:41.196575157
5052.25,1,10:01:41.287049196
5052.25,1,10:01:41.335744694
5052.25,3,10:01:41.335949507
5052.25,1,10:01:41.336238499
5052.25,3,10:01:41.357199681
5052.25,4,10:01:41.357237310
5052.25,1,10:01:41.357259947
5052.25,3,10:01:41.357309874
5052.25,2,10:01:41.357345641
5052.0,1,10:01:41.358636522
5052.25,4,10:01:41.394605913
5052.25,1,10:01:41.394632084
5052.25,4,10:01:41.394714710
5052.25,1,10:01:41.394743363
5052.25,2,10:01:41.404957582
5052.25,3,10:01:41.405026895
5052.75,12,10:01:41.463282231
5052.5,63,10:01:41.463282231
5052.25,15,10:01:41.463282231
5052.75,1,10:01:41.463692572
5052.5,2,10:01:41.464424673
5052.25,1,10:01:41.467232352
5052.25,1,10:01:41.500917972
5052.25,1,10:01:41.686195484
5052.5,3,10:01:41.767902184
5052.25,1,10:01:42.153201227
5052.25,1,10:01:42.325333942
5052.25,4,10:01:42.325436818
5052.25,3,10:01:42.325542535
5052.25,7,10:01:42.325682596
5052.25,10,10:01:42.325766757
5052.25,4,10:01:42.325841306
5052.25,1,10:01:42.325841306
5052.25,4,10:01:42.325864375
5052.25,1,10:01:42.359928304
5052.25,3,10:01:42.360122704
5052.25,1,10:01:42.393752672
5052.0,1,10:01:42.402225998
5052.25,1,10:01:42.453056716
5052.25,1,10:01:42.461179296
5052.25,1,10:01:42.461468898
5052.25,1,10:01:42.461537652
5052.25,3,10:01:42.461841095
5052.25,3,10:01:42.462165222
5052.25,1,10:01:42.481497385
5052.5,1,10:01:42.530140478
5052.25,3,10:01:42.548003142
5052.25,1,10:01:42.566392054
5052.25,1,10:01:42.567291058
5052.25,3,10:01:42.567531891
5052.5,1,10:01:42.625859583
5052.25,4,10:01:42.689170844
5052.25,1,10:01:42.756396171
5052.25,2,10:01:42.814696650
5052.5,1,10:01:42.949700972
5052.25,1,10:01:42.954139702
5052.5,1,10:01:42.993757627
5052.25,1,10:01:43.329530959
5052.25,1,10:01:43.332475249
5052.25,1,10:01:43.336157243
5052.25,1,10:01:43.336196668
5052.5,1,10:01:43.478662954
5052.5,4,10:01:43.502961066
5052.5,14,10:01:43.503275507
5052.5,1,10:01:43.503745593
5052.5,12,10:01:43.514345823
5052.5,3,10:01:43.517029267
5052.25,1,10:01:43.579648925
5052.5,1,10:01:43.584315496
5052.5,1,10:01:43.592570658
5052.5,5,10:01:43.741283920
5052.5,3,10:01:43.741510296
5052.5,1,10:01:43.741612727
5052.5,1,10:01:43.741650461
5052.5,4,10:01:43.741782852
5052.5,1,10:01:43.741811106
5052.5,2,10:01:43.742358067
5052.5,3,10:01:43.749992473
5052.5,2,10:01:43.750149933
5052.5,1,10:01:43.750222360
5052.5,2,10:01:43.750566354
5052.75,2,10:01:43.768132068
5052.5,5,10:01:43.860327616
5052.5,1,10:01:43.900173189
5052.5,1,10:01:44.090794683
5052.75,1,10:01:44.248814850
5052.75,4,10:01:44.248890764
5052.5,1,10:01:44.261875542
5052.75,1,10:01:44.424750641
5052.75,4,10:01:44.424855514
5052.75,2,10:01:44.424936373
5052.75,2,10:01:44.424984377
5052.75,1,10:01:44.425010989
5052.75,1,10:01:44.425094469
5052.75,2,10:01:44.425151443
5052.75,1,10:01:44.425151443
5052.75,2,10:01:44.425190330
5052.75,5,10:01:44.425257807
5052.75,2,10:01:44.425322882
5052.75,10,10:01:44.425347135
5052.75,1,10:01:44.425382759
5052.75,10,10:01:44.425444194
5052.75,8,10:01:44.425544497
5052.75,2,10:01:44.473729146
5052.75,29,10:01:44.592946162
5052.5,2,10:01:44.594458983
5052.5,4,10:01:44.594773972
5052.5,1,10:01:44.594801870
5052.5,5,10:01:44.594862789
5052.5,3,10:01:44.594949203
5052.5,1,10:01:44.594975252
5052.5,2,10:01:44.595095626
5052.5,6,10:01:44.595172219
5052.5,3,10:01:44.595402845
5052.5,1,10:01:44.595546688
5052.5,3,10:01:44.595546688
5052.5,1,10:01:44.595663029
5052.5,2,10:01:44.595696854
5052.5,1,10:01:44.596316678
5052.5,4,10:01:44.599134551
5052.5,1,10:01:44.599332569
5052.5,1,10:01:44.599410336
5052.5,2,10:01:44.599410336
5052.5,1,10:01:44.599499110
5052.5,1,10:01:44.599700496
5052.25,4,10:01:44.637342581
5052.5,1,10:01:44.644166516
5052.5,2,10:01:44.724958127
5052.5,1,10:01:44.733610097
5052.25,31,10:01:44.736320474
5052.25,8,10:01:44.736514180
5052.25,3,10:01:44.768921816
5052.25,2,10:01:44.768994398
5052.25,10,10:01:44.769298573
5052.25,1,10:01:44.769790113
5052.25,1,10:01:44.769833208
5052.25,1,10:01:44.769879238
5052.25,2,10:01:44.791485648
5052.25,1,10:01:44.806370742
5052.25,1,10:01:44.872474568
5052.25,1,10:01:44.940566895
5052.0,1,10:01:44.968311871
5052.25,1,10:01:44.970266525
5052.25,10,10:01:44.970534533
5052.25,12,10:01:44.975164368
5052.25,1,10:01:44.993518702
5052.0,2,10:01:45.010405101
5052.25,1,10:01:45.045708840
5052.25,7,10:01:45.173100139
5052.25,1,10:01:45.173312105
5052.25,2,10:01:45.173433714
5052.25,1,10:01:45.173612703
5052.25,1,10:01:45.222513658
5052.0,1,10:01:45.227691410
5052.25,1,10:01:45.352588288
5052.25,1,10:01:45.594150642
5052.0,1,10:01:45.604152085
5052.25,15,10:01:45.605128895
5052.25,1,10:01:45.605286424
5052.25,2,10:01:45.605361127
5052.25,1,10:01:45.605393556
5052.25,5,10:01:45.605459586
5052.25,1,10:01:45.605515990
5052.25,16,10:01:45.617504158
5052.25,15,10:01:45.667156921
5052.5,3,10:01:45.760391817
5052.5,8,10:01:45.786709132
5052.5,1,10:01:45.797910888
5052.25,1,10:01:45.871648958
5052.5,1,10:01:45.881315786
5052.25,2,10:01:45.998428955
5052.5,12,10:01:45.999646832
5052.5,1,10:01:46.000038280
5052.5,2,10:01:46.030976747
5052.5,20,10:01:46.090512539
5052.5,2,10:01:46.090688288
5052.25,1,10:01:46.091005561
5052.25,10,10:01:46.368626271
5052.25,2,10:01:46.369046087
5052.25,1,10:01:46.436784673
5052.5,1,10:01:46.540510979
5052.5,1,10:01:46.541441519
5052.5,1,10:01:46.583923445
5052.5,5,10:01:46.592153003
5052.25,1,10:01:46.600673610
5052.5,1,10:01:46.765609992
5052.25,2,10:01:46.865315466
5052.25,1,10:01:46.865348449
5052.25,10,10:01:46.865432175
5052.25,4,10:01:46.865850852
5052.25,4,10:01:46.865905259
5052.25,1,10:01:46.865982512
5052.25,1,10:01:46.866009681
5052.25,1,10:01:46.866052082
5052.25,3,10:01:46.866081858
5052.25,6,10:01:46.866139040
5052.25,2,10:01:46.866139040
5052.25,3,10:01:46.866198629
5052.25,8,10:01:46.866269383
5052.0,2,10:01:46.881321117
5052.0,1,10:01:46.881496461
5052.0,40,10:01:46.881708615
5051.75,2,10:01:46.898696555
5051.75,1,10:01:46.898708625
5051.75,18,10:01:46.898942150
5051.75,1,10:01:46.899000157
5051.75,1,10:01:46.899030362
5051.75,1,10:01:46.899068022
5051.75,3,10:01:46.899135165
5051.75,1,10:01:46.899214737
5051.75,3,10:01:46.899214737
5051.75,10,10:01:46.899263503
5051.75,2,10:01:46.899283114
5051.75,21,10:01:46.900465813
5051.5,1,10:01:46.958012426
5051.5,1,10:01:46.958027188
5051.75,12,10:01:46.993117387
5051.75,15,10:01:47.006974512
5051.75,4,10:01:47.007115781
5051.75,11,10:01:47.033888785
5051.75,1,10:01:47.197741671
5051.5,3,10:01:47.301574218
5051.75,1,10:01:47.383063235
5051.5,4,10:01:47.442884909
5051.75,5,10:01:47.679345781
5051.5,4,10:01:47.695034388
5051.5,2,10:01:47.703012991
5051.5,2,10:01:47.703069463
5051.5,21,10:01:47.703206550
5051.5,6,10:01:47.718912982
5051.5,19,10:01:47.719275366
5051.5,1,10:01:47.719540339
5051.5,4,10:01:47.719622769
5051.5,1,10:01:47.719782600
5051.5,2,10:01:47.719868435
5051.5,1,10:01:47.719868435
5051.5,4,10:01:47.719991132
5051.5,8,10:01:47.719991132
5051.5,1,10:01:47.720087694
5051.5,6,10:01:47.730891185
5051.5,2,10:01:47.731179063
5051.5,4,10:01:47.731244651
5051.5,1,10:01:47.731425083
5051.5,7,10:01:47.731673384
5051.5,4,10:01:47.731916291
5051.5,1,10:01:47.731981572
5051.5,5,10:01:47.766481471
5051.5,5,10:01:47.766661140
5051.5,1,10:01:47.766810364
5051.5,2,10:01:47.780345537
5051.5,5,10:01:47.780579052
5051.5,3,10:01:47.853899631
5051.75,3,10:01:47.855868964
5051.5,1,10:01:47.863196920
5051.75,1,10:01:48.022613997
5051.5,1,10:01:48.028445782
5051.75,1,10:01:48.136393153
5051.75,1,10:01:48.178204416
5051.5,1,10:01:48.190757667
5051.75,4,10:01:48.363385366
5051.5,1,10:01:48.368698696
5051.75,5,10:01:48.422774757
5051.5,1,10:01:48.485073587
5051.75,19,10:01:48.570573952
5051.75,1,10:01:48.623668803
5052.0,1,10:01:48.761266102
5052.0,1,10:01:48.901009702
5051.75,2,10:01:48.925011720
5051.75,3,10:01:48.982088797
5052.0,2,10:01:49.079392250
5052.0,1,10:01:49.079566061
5052.0,13,10:01:49.079729290
5052.0,1,10:01:49.080181782
5052.0,3,10:01:49.164100474
5052.0,4,10:01:49.179405117
5052.25,2,10:01:49.195940854
5052.25,6,10:01:49.207934213
5052.25,1,10:01:49.207967826
5052.25,4,10:01:49.208230011
5052.25,1,10:01:49.208308044
5052.25,1,10:01:49.208420672
5052.25,2,10:01:49.208768476
5052.25,1,10:01:49.210852899
5052.25,1,10:01:49.216495992
5052.25,1,10:01:49.216534489
5052.25,1,10:01:49.216598186
5052.25,2,10:01:49.216891206
5052.25,1,10:01:49.216929507
5052.25,1,10:01:49.217039055
5052.25,3,10:01:49.217093312
5052.25,1,10:01:49.217093312
5052.25,1,10:01:49.217172587
5052.25,1,10:01:49.217229072
5052.25,1,10:01:49.220700035
5052.25,1,10:01:49.261766777
5052.25,5,10:01:49.433593434
5052.25,1,10:01:49.435470125
5052.25,1,10:01:49.698715309
5052.25,15,10:01:49.815128518
5052.0,1,10:01:49.825076926
5052.0,2,10:01:49.825087349
5052.25,1,10:01:49.878722270
5052.25,1,10:01:49.895278665
5052.0,10,10:01:49.938230437
5052.0,14,10:01:50.056538384
5052.0,5,10:01:50.061519370
5052.0,10,10:01:50.062100265
5052.0,3,10:01:50.062627656
5052.25,1,10:01:50.063566797
5052.0,1,10:01:50.109613441
5052.0,7,10:01:50.151837970
5052.0,1,10:01:50.159542192
5052.0,5,10:01:50.159629528
5052.0,2,10:01:50.159955087
5052.0,1,10:01:50.160182884
5052.0,1,10:01:50.215008930
5052.0,5,10:01:50.215079971
5052.0,2,10:01:50.215132712
5052.0,3,10:01:50.215392313
5052.0,1,10:01:50.215471772
5052.0,2,10:01:50.215518234
5051.5,68,10:01:50.378698465
5051.25,84,10:01:50.378698465
5052.0,19,10:01:50.378698465
5050.75,61,10:01:50.378698465
5051.0,93,10:01:50.378698465
5051.75,75,10:01:50.378698465
5050.75,1,10:01:50.380716245
5050.75,1,10:01:50.380724630
5050.75,1,10:01:50.380732756
5050.75,16,10:01:50.380739197
5050.75,1,10:01:50.380746762
5050.5,1,10:01:50.380746762
5050.5,1,10:01:50.380759038
5050.5,1,10:01:50.380766068
5050.5,1,10:01:50.380771304
5050.5,1,10:01:50.380779189
5050.5,2,10:01:50.380787336
5050.5,1,10:01:50.380792136
5050.5,1,10:01:50.380797839
5050.5,1,10:01:50.380806290
5050.5,50,10:01:50.380806290
5050.5,3,10:01:50.380812674
5050.5,1,10:01:50.380820517
5050.5,1,10:01:50.380826463
5050.5,3,10:01:50.380839833
5050.5,5,10:01:50.380847023
5050.5,3,10:01:50.380847023
5050.5,1,10:01:50.380854502
5050.5,4,10:01:50.380854502
5050.5,1,10:01:50.380860973
5050.5,1,10:01:50.380868333
5050.5,1,10:01:50.380873299
5050.5,1,10:01:50.381793673
5050.5,1,10:01:50.381801109
5050.5,2,10:01:50.381801109
5050.75,1,10:01:50.382213195
5051.25,2,10:01:50.383253457
5051.0,2,10:01:50.383710662
5051.5,1,10:01:50.384057674
5050.75,9,10:01:50.384864423
5050.75,1,10:01:50.385195962
5050.75,2,10:01:50.386118624
5051.0,2,10:01:50.387015231
5051.0,4,10:01:50.387210227
5051.0,1,10:01:50.387272548
5051.0,1,10:01:50.387348476
5051.0,1,10:01:50.387482072
5051.0,7,10:01:50.387932510
5051.0,1,10:01:50.388003648
5051.0,1,10:01:50.388086324
5051.0,2,10:01:50.388190468
5051.0,6,10:01:50.388366071
5051.0,4,10:01:50.388465830
5051.0,1,10:01:50.388626924
5051.0,1,10:01:50.389149405
5051.0,4,10:01:50.389208018
5051.0,2,10:01:50.389268540
5051.0,1,10:01:50.389305261
5051.0,5,10:01:50.389471543
5051.0,1,10:01:50.389544472
5051.0,1,10:01:50.389615536
5051.0,1,10:01:50.389666641
5051.0,1,10:01:50.389743017
5051.0,1,10:01:50.389804705
5051.0,1,10:01:50.389882828
5051.0,1,10:01:50.389966097
5051.0,1,10:01:50.390058249
5051.0,1,10:01:50.390171861
5051.0,1,10:01:50.390266746
5051.0,1,10:01:50.390428183
5051.0,1,10:01:50.390471928
5051.0,2,10:01:50.390515941
5051.0,5,10:01:50.390641016
5051.0,1,10:01:50.390794094
5051.0,1,10:01:50.390873606
5051.0,1,10:01:50.390932225
5050.75,1,10:01:50.390960881
5051.0,1,10:01:50.391053290
5051.0,1,10:01:50.391123432
5051.0,1,10:01:50.391154304
5051.0,1,10:01:50.391213773
5051.0,4,10:01:50.391343740
5051.0,1,10:01:50.391382167
5051.0,2,10:01:50.391542270
5051.0,2,10:01:50.391614588
5051.0,1,10:01:50.391675437
5051.0,5,10:01:50.391875706
5051.0,4,10:01:50.391944344
5051.0,2,10:01:50.392108748
5051.0,2,10:01:50.392156503
5051.0,1,10:01:50.392264601
5051.0,1,10:01:50.392303008
5051.0,1,10:01:50.392515035
5051.0,8,10:01:50.392755017
5051.0,1,10:01:50.392961943
5051.0,1,10:01:50.393134388
5051.0,2,10:01:50.393652434
5051.0,2,10:01:50.393851532
5051.0,1,10:01:50.396320411
5051.0,3,10:01:50.396521512
5051.0,1,10:01:50.396613799
5051.0,1,10:01:50.396747984
5051.0,1,10:01:50.396951291
5051.0,1,10:01:50.398551150
5051.0,1,10:01:50.399626769
5051.0,1,10:01:50.400329016
5051.0,1,10:01:50.411356922
5050.75,2,10:01:50.415786653
5051.0,1,10:01:50.434322572
5050.75,1,10:01:50.446202498
5050.75,1,10:01:50.446366316
5050.75,2,10:01:50.446418989
5050.75,1,10:01:50.446476522
5050.75,5,10:01:50.446542956
5050.75,5,10:01:50.446593322
5050.75,2,10:01:50.446667621
5050.75,1,10:01:50.446667621
5050.75,3,10:01:50.446828831
5050.75,1,10:01:50.446917972
5050.75,1,10:01:50.447032579
5050.75,2,10:01:50.447074077
5050.75,2,10:01:50.447173132
5050.75,1,10:01:50.447342998
5050.75,1,10:01:50.447415012
5050.75,1,10:01:50.447484482
5050.75,1,10:01:50.447576404
5050.75,1,10:01:50.447620353
5050.75,1,10:01:50.447701203
5050.75,1,10:01:50.447765176
5050.75,1,10:01:50.447805980
5050.75,7,10:01:50.447935976
5050.75,4,10:01:50.448032151
5050.75,1,10:01:50.448131374
5050.75,1,10:01:50.448231381
5050.75,1,10:01:50.448260121
5050.75,1,10:01:50.448448844
5050.75,1,10:01:50.448783526
5050.75,1,10:01:50.479078083
5050.5,1,10:01:50.572715803
5050.75,1,10:01:50.586666524
5050.75,6,10:01:50.586860242
5050.75,2,10:01:50.608687461
5050.75,1,10:01:50.638623607
5050.5,2,10:01:50.641422018
5050.75,1,10:01:50.670859140
5050.75,1,10:01:50.716835868
5050.75,1,10:01:50.846905490
5050.75,1,10:01:50.848176742
5050.5,1,10:01:50.874436685
5050.75,5,10:01:50.878058170
5050.75,5,10:01:50.891061397
5050.75,10,10:01:51.160721043
5050.5,1,10:01:51.164633314
5050.75,39,10:01:51.166492587
5051.0,1,10:01:51.308960248
5051.0,1,10:01:51.309159600
5051.0,2,10:01:51.354866895
5050.75,1,10:01:51.375583428
5050.75,1,10:01:51.476316728
5050.75,10,10:01:51.476444484
5050.75,2,10:01:51.476483701
5050.75,3,10:01:51.476542691
5050.75,4,10:01:51.476613189
5050.75,1,10:01:51.476675510
5050.75,2,10:01:51.476675510
5050.75,9,10:01:51.476770894
5050.75,1,10:01:51.477132213
5050.75,2,10:01:51.477182243
5050.75,3,10:01:51.477231729
5050.75,6,10:01:51.477463788
5050.75,5,10:01:51.477507993
5050.75,3,10:01:51.478151152
5050.75,1,10:01:51.478338718
5050.75,1,10:01:51.478558261
5050.75,2,10:01:51.506719632
5050.75,2,10:01:51.518197896
5050.75,1,10:01:51.518908278
5050.5,2,10:01:51.551940586
5050.5,1,10:01:51.552817074
5050.5,1,10:01:51.567738315
5050.5,1,10:01:51.567911839
5050.75,1,10:01:51.568412271
5050.5,2,10:01:51.590875326
5050.5,20,10:01:51.591028993
5050.25,2,10:01:51.605957950
5050.25,1,10:01:51.605971175
5050.25,1,10:01:51.606108030
5050.25,1,10:01:51.606134376
5050.25,10,10:01:51.606258621
5050.25,2,10:01:51.606339753
5050.25,1,10:01:51.606385763
5050.25,1,10:01:51.606427041
5050.25,1,10:01:51.606452542
5050.25,1,10:01:51.606531373
5050.25,2,10:01:51.606580499
5050.25,1,10:01:51.606669468
5050.25,1,10:01:51.606705481
5050.25,2,10:01:51.606768046
5050.25,2,10:01:51.606899870
5050.25,1,10:01:51.606939057
5050.5,1,10:01:51.635034117
5050.5,5,10:01:51.663058061
5050.25,2,10:01:51.706013238
5050.5,1,10:01:51.709452593
5050.25,10,10:01:51.797355799
5050.25,7,10:01:51.849317919
5050.25,28,10:01:51.849663266
5050.25,1,10:01:51.849817311
5050.25,1,10:01:51.849848979
5050.25,1,10:01:51.849887885
5050.25,1,10:01:51.850114783
5050.25,1,10:01:51.850157110
5050.25,1,10:01:51.850177143
5050.25,1,10:01:51.850231546
5050.25,1,10:01:51.850262395
5050.25,3,10:01:51.850323037
5050.25,3,10:01:51.850434309
5050.25,23,10:01:51.861567526
5050.25,9,10:01:51.861700613
5050.25,6,10:01:51.862096925
5050.25,1,10:01:51.862267015
5050.25,7,10:01:51.895456955
5050.5,5,10:01:51.941043092
5050.25,6,10:01:51.996782662
5050.25,3,10:01:51.996791653
5050.25,3,10:01:51.996977388
5050.25,1,10:01:51.997012545
5050.25,1,10:01:51.997053125
5050.25,10,10:01:51.997386206
5050.25,3,10:01:51.997467180
5050.25,2,10:01:51.997512531
5050.25,1,10:01:51.997544074
5050.25,1,10:01:51.997574831
5050.25,1,10:01:51.997611430
5050.25,3,10:01:51.997697336
5050.25,1,10:01:51.997728735
5050.25,1,10:01:51.997949248
5050.25,1,10:01:51.998016392
5050.25,3,10:01:52.013611397
5050.25,3,10:01:52.014203797
5050.25,1,10:01:52.068171637
5050.25,5,10:01:52.068404857
5050.0,1,10:01:52.211415712
5050.0,2,10:01:52.211433549
5050.0,1,10:01:52.211433549
5050.25,1,10:01:52.219265941
5050.0,1,10:01:52.221544563
5050.0,1,10:01:52.224344331
5050.0,1,10:01:52.232176777
5050.25,37,10:01:52.267270901
5050.25,2,10:01:52.316226382
5050.25,1,10:01:52.333887890
5050.25,1,10:01:52.340768944
5050.25,1,10:01:52.370215579
5050.5,1,10:01:52.393849143
5050.25,13,10:01:52.473525771
5050.25,4,10:01:52.473662238
5050.25,3,10:01:52.473714533
5050.25,2,10:01:52.473742690
5050.25,1,10:01:52.474078373
5050.25,20,10:01:52.478333250
5050.25,11,10:01:52.478792829
5050.25,5,10:01:52.479044164
5050.25,1,10:01:52.479092424
5050.25,1,10:01:52.479231169
5050.25,1,10:01:52.479278440
5050.25,1,10:01:52.479389182
5050.25,6,10:01:52.479654688
5050.25,2,10:01:52.480006129
5050.25,1,10:01:52.480073221
5050.25,1,10:01:52.480148285
5050.25,1,10:01:52.480221986
5050.25,1,10:01:52.480371058
5050.25,2,10:01:52.509803024
5050.25,1,10:01:52.537262963
5050.25,2,10:01:52.537335781
5050.25,2,10:01:52.537415149
5050.25,1,10:01:52.579500283
5050.0,1,10:01:52.641534244
5050.25,1,10:01:52.651044712
5050.25,3,10:01:52.701763987
5050.25,2,10:01:52.731361618
5050.25,4,10:01:52.731511339
5050.25,1,10:01:52.731678892
5050.0,50,10:01:52.746007053
5050.25,6,10:01:52.901487235
5050.25,1,10:01:52.901652371
5050.25,2,10:01:52.934018524
5050.25,2,10:01:52.934169849
5050.25,2,10:01:52.934251931
5050.25,5,10:01:53.045271821
5050.25,1,10:01:53.045450577
5050.25,1,10:01:53.045498197
5050.25,4,10:01:53.045555325
5050.25,4,10:01:53.045638408
5050.25,6,10:01:53.045982965
5050.25,4,10:01:53.046029977
5050.25,2,10:01:53.046196813
5050.25,1,10:01:53.046234666
5050.25,2,10:01:53.046285049
5050.25,1,10:01:53.046369072
5050.25,1,10:01:53.046398824
5050.25,1,10:01:53.046462082
5050.25,1,10:01:53.046524470
5050.25,1,10:01:53.046552657
5050.25,1,10:01:53.046602434
5050.25,1,10:01:53.046671043
5050.25,1,10:01:53.046721323
5050.0,1,10:01:53.050485481
5050.25,8,10:01:53.214426386
5050.25,10,10:01:53.216491330
5050.25,1,10:01:53.231779427
5050.25,2,10:01:53.231972135
5050.25,1,10:01:53.234110370
5050.25,1,10:01:53.238150503
5050.25,1,10:01:53.247921736
5050.0,130,10:01:53.453116306
5049.75,9,10:01:53.454307502
5049.75,1,10:01:53.454320981
5049.75,1,10:01:53.454742314
5049.75,1,10:01:53.454792055
5049.75,3,10:01:53.454841193
5049.75,1,10:01:53.454950760
5049.75,1,10:01:53.454978552
5049.75,2,10:01:53.455027481
5049.75,3,10:01:53.455076033
5049.75,4,10:01:53.455104302
5049.75,10,10:01:53.455179158
5049.75,1,10:01:53.455222714
5049.75,2,10:01:53.455294842
5049.75,2,10:01:53.455329644
5049.75,1,10:01:53.455380311
5049.75,1,10:01:53.455427556
5049.75,3,10:01:53.455506390
5049.75,1,10:01:53.455506390
5049.75,1,10:01:53.455578398
5049.75,1,10:01:53.455627007
5049.75,1,10:01:53.456386827
5050.0,8,10:01:53.462562740
5050.0,1,10:01:53.480088041
5049.75,1,10:01:53.499435224
5050.0,133,10:01:53.518672550
5050.25,63,10:01:53.518672550
5050.25,1,10:01:53.519657405
5050.25,3,10:01:53.520105788
5050.25,1,10:01:53.520951488
5050.0,1,10:01:53.524671887
5050.0,1,10:01:53.536489193
5050.25,1,10:01:53.574207378
5050.0,1,10:01:53.654406459
5050.0,1,10:01:53.679085200
5050.0,2,10:01:53.715610106
5050.0,1,10:01:53.789434506
5050.25,4,10:01:53.807810709
5050.25,1,10:01:53.892575551
5050.0,1,10:01:54.099728124
5050.0,2,10:01:54.142465200
5050.25,5,10:01:54.234480549
5050.25,1,10:01:54.281688294
5050.25,6,10:01:54.369057955
5050.0,1,10:01:54.402145851
5050.25,1,10:01:54.481298500
5050.0,5,10:01:54.536340624
5050.0,1,10:01:54.584640220
5050.0,25,10:01:54.587088100
5050.0,1,10:01:54.587333734
5050.0,3,10:01:54.587466245
5050.0,4,10:01:54.587542285
5050.0,1,10:01:54.587629970
5050.0,2,10:01:54.587846592
5050.0,5,10:01:54.587993369
5050.0,2,10:01:54.588068382
5050.0,1,10:01:54.588068382
5050.0,4,10:01:54.588139570
5050.0,3,10:01:54.588385338
5050.0,1,10:01:54.588763605
5050.0,1,10:01:54.600857632
5050.0,17,10:01:54.607747753
5049.75,40,10:01:54.610228576
5049.75,29,10:01:54.623772039
5049.75,2,10:01:54.624187415
5049.75,1,10:01:54.624283611
5050.0,1,10:01:54.641626000
5049.75,8,10:01:54.651364458
5049.75,1,10:01:54.682157727
5050.0,1,10:01:54.752211889
5050.0,1,10:01:54.887231496
5050.0,1,10:01:54.897851317
5049.75,1,10:01:54.906367329
5049.75,2,10:01:54.940320778
5050.0,1,10:01:54.982060244
5050.0,5,10:01:54.996983249
5049.75,1,10:01:55.030174415
5049.75,1,10:01:55.033717872
5050.0,1,10:01:55.057666599
5050.0,35,10:01:55.066856451
5050.0,2,10:01:55.067128674
5050.0,4,10:01:55.067231605
5050.0,1,10:01:55.067231605
5050.0,1,10:01:55.067302905
5050.0,4,10:01:55.067302905
5050.0,1,10:01:55.067369175
5050.0,10,10:01:55.067424472
5050.0,1,10:01:55.067448529
5050.0,5,10:01:55.067492709
5049.75,2,10:01:55.069518515
5049.75,4,10:01:55.069727869
5050.0,28,10:01:55.113607656
5050.0,3,10:01:55.113740722
5050.0,7,10:01:55.113784097
5050.0,1,10:01:55.113966886
5050.0,1,10:01:55.114005322
5050.0,2,10:01:55.142576229
5050.0,1,10:01:55.186459584
5050.0,20,10:01:55.234950972
5050.0,1,10:01:55.234973200
5050.0,1,10:01:55.301537067
5050.0,2,10:01:55.348977071
5050.25,20,10:01:55.380355298
5050.25,9,10:01:55.380663438
5050.25,1,10:01:55.380728688
5050.25,1,10:01:55.380999074
5050.25,2,10:01:55.381037961
5050.25,1,10:01:55.381076134
5050.25,1,10:01:55.381161285
5050.25,8,10:01:55.488763734
5050.25,3,10:01:55.488978090
5050.25,1,10:01:55.489176572
5050.25,1,10:01:55.489267267
5050.25,1,10:01:55.489919767
5050.25,2,10:01:55.511953706
5050.25,3,10:01:55.512008437
5050.25,4,10:01:55.512049596
5050.25,1,10:01:55.512322319
5050.25,2,10:01:55.512486415
5050.25,6,10:01:55.512593098
5050.25,1,10:01:55.588190085
5050.25,7,10:01:55.590402191
5050.0,3,10:01:55.693870031
5050.25,7,10:01:55.859901039
5050.25,4,10:01:55.859985054
5050.25,2,10:01:55.860080560
5050.25,3,10:01:55.860080560
5050.25,1,10:01:55.887823132
5050.25,1,10:01:55.988032936
5050.25,1,10:01:56.163230917
5050.5,10,10:01:56.204322433
5050.25,3,10:01:56.208106228
5050.25,1,10:01:56.347235806
5050.25,1,10:01:56.490759606
5050.5,1,10:01:56.561739607
5050.25,1,10:01:56.665891448
5050.5,15,10:01:56.683297540
5050.5,19,10:01:56.683512799
5050.5,1,10:01:56.683538918
5050.5,1,10:01:56.683907738
5050.5,2,10:01:56.684080574
5050.5,1,10:01:56.684128146
5050.5,1,10:01:56.696211996
5050.5,4,10:01:56.696455296
5050.5,1,10:01:56.705389497
5050.5,1,10:01:56.723294511
5050.5,1,10:01:56.756373114
5050.5,1,10:01:56.756391921
5050.5,1,10:01:56.756575220
5050.5,2,10:01:56.772069772
5050.5,1,10:01:56.772233066
5050.5,3,10:01:56.772601015
5050.25,2,10:01:56.992772541
5050.25,3,10:01:56.993901837
5050.25,2,10:01:57.025626615
5050.5,2,10:01:57.048428476
5050.5,2,10:01:57.207664536
5050.5,5,10:01:57.207743917
5050.5,5,10:01:57.207819163
5050.5,1,10:01:57.207875299
5050.5,1,10:01:57.208514845
5050.5,1,10:01:57.216671342
5050.5,2,10:01:57.216864936
5050.5,1,10:01:57.234029355
5050.5,1,10:01:57.242589224
5050.5,1,10:01:57.274379606
5050.5,2,10:01:57.296893257
5050.5,1,10:01:57.337817894
5050.5,1,10:01:57.343855603
5050.5,1,10:01:57.501416589
5050.5,3,10:01:57.501462462
5050.5,7,10:01:57.502486386
5050.5,2,10:01:57.502676375
5050.5,1,10:01:57.502872651
5050.5,11,10:01:57.565743050
5050.5,3,10:01:57.566717047
5050.5,1,10:01:57.566748964
5050.5,1,10:01:57.645072069
5050.5,5,10:01:57.645159328
5050.5,1,10:01:57.656039382
5050.5,1,10:01:57.656060543
5050.25,1,10:01:57.696413968
5050.25,3,10:01:57.792398353
5050.25,3,10:01:57.792432987
5050.25,3,10:01:57.792465928
5050.25,2,10:01:57.792551729
5050.25,2,10:01:57.792605585
5050.25,9,10:01:57.792694695
5050.25,3,10:01:57.792750189
5050.25,1,10:01:57.792833654
5050.25,2,10:01:57.792833654
5050.25,1,10:01:57.792876266
5050.25,4,10:01:57.792876266
5050.25,1,10:01:57.792904402
5050.25,2,10:01:57.792932856
5050.25,1,10:01:57.801478110
5050.25,4,10:01:57.801691500
5050.25,1,10:01:57.801882659
5050.25,1,10:01:57.802261553
5050.25,1,10:01:57.802449547
5050.25,1,10:01:57.802801183
5050.25,1,10:01:57.803470525
5050.25,1,10:01:57.848741833
5050.25,1,10:01:57.860360526
5050.25,1,10:01:57.933295326
5050.25,9,10:01:57.933520608
5050.5,2,10:01:57.972581690
5050.5,1,10:01:57.972595840
5050.5,1,10:01:58.048128364
5050.5,7,10:01:58.048376445
5050.5,2,10:01:58.112564085
5050.5,1,10:01:58.142176720
5050.5,1,10:01:58.142242347
5050.5,8,10:01:58.142374525
5050.5,3,10:01:58.214992552
5050.75,2,10:01:58.227591426
5050.75,1,10:01:58.227602901
5050.5,1,10:01:58.259742910
5050.75,16,10:01:58.284607878
5050.75,1,10:01:58.284638253
5050.75,10,10:01:58.284890380
5050.75,9,10:01:58.284998996
5050.75,3,10:01:58.285856092
5050.75,8,10:01:58.286373971
5050.75,2,10:01:58.412822584
5050.5,1,10:01:58.435901641
5050.75,9,10:01:58.588798872
5050.75,1,10:01:58.588887956
5050.75,2,10:01:58.589100558
5050.75,2,10:01:58.589129720
5050.75,6,10:01:58.589408331
5050.5,1,10:01:58.608700813
5050.5,3,10:01:58.643110645
5050.75,20,10:01:58.659268199
5050.75,4,10:01:58.659481653
5050.75,1,10:01:58.802126045
5050.75,2,10:01:58.859065490
5050.75,5,10:01:58.859139965
5050.75,1,10:01:58.859166717
5050.75,2,10:01:58.859241298
5050.75,1,10:01:58.859310775
5050.75,3,10:01:58.859310775
5050.75,2,10:01:58.859644945
5050.75,1,10:01:58.859707999
5050.75,2,10:01:58.859742463
5050.75,9,10:01:58.859935939
5050.75,2,10:01:58.860253799
5050.75,1,10:01:58.868371121
5051.0,1,10:01:59.118036799
5051.0,1,10:01:59.118047080
5050.75,1,10:01:59.207627767
5050.75,4,10:01:59.237236620
5050.75,8,10:01:59.237481104
5050.75,1,10:01:59.257111996
5050.75,3,10:01:59.279770202
5050.75,5,10:01:59.279994300
5050.75,1,10:01:59.291135107
5050.75,2,10:01:59.291287776
5050.75,1,10:01:59.291332443
5050.75,1,10:01:59.291417778
5050.75,1,10:01:59.341588598
5050.75,3,10:01:59.367366605
5050.75,1,10:01:59.367500861
5050.75,1,10:01:59.367879217
5050.75,1,10:01:59.367941417
5050.75,4,10:01:59.437889640
5050.75,1,10:01:59.567969051
5050.75,1,10:01:59.650750164
5050.75,1,10:01:59.650769911
5050.75,1,10:01:59.651257345
5050.75,6,10:01:59.715570632
5050.5,2,10:01:59.729891235
5050.75,1,10:01:59.734730055
5050.75,1,10:01:59.743178549
5050.75,1,10:01:59.743399335
5050.75,5,10:01:59.847142137
5051.0,5,10:01:59.928030076
5051.0,2,10:01:59.928041315
5051.0,2,10:01:59.953587798
5050.5,1,10:03:34.061091607
5050.5,22,10:03:34.061488997
5050.5,3,10:03:34.398637835
5050.5,1,10:03:34.578920259
5050.5,1,10:03:34.616986802
5050.5,6,10:03:34.617202358
5050.25,1,10:03:34.690745697
5050.5,4,10:03:34.746015780
5050.5,6,10:03:34.751513812
5050.5,1,10:03:34.751640265
5050.5,1,10:03:34.751710702
5050.5,4,10:03:34.751762667
5050.5,1,10:03:34.751794990
5050.5,1,10:03:34.904505734
5050.75,1,10:03:34.909566933
5050.75,1,10:03:34.909580543
5050.75,1,10:03:34.909587884
5050.75,3,10:03:34.909587884
5050.5,2,10:03:35.054138638
5050.5,1,10:03:35.067454128
5050.75,1,10:03:35.104575002
5050.75,1,10:03:35.114265376
5050.75,1,10:03:35.139364649
5050.75,3,10:03:35.284176282
5050.75,1,10:03:35.308979457
5050.75,1,10:03:35.408377195
5050.75,1,10:03:35.408546949
5050.75,2,10:03:35.408589401
5050.75,1,10:03:35.408618077
5051.0,1,10:03:35.411231531
5051.0,1,10:03:35.411241662
5051.0,2,10:03:35.411241662
5050.75,1,10:03:35.414014336
5050.75,1,10:03:35.414082385
5050.75,1,10:03:35.414113142
5050.75,1,10:03:35.435720931
5050.75,3,10:03:35.460659469
5050.75,1,10:03:35.498431626
5050.75,1,10:03:35.498719122
5050.75,1,10:03:35.542970690
5051.0,3,10:03:35.614331210
5050.75,1,10:03:35.614681077
5050.75,14,10:03:35.615045337
5050.75,1,10:03:35.680971070
5050.75,1,10:03:35.792157843
5050.75,1,10:03:35.872622371
5050.75,1,10:03:36.040470639
5050.75,1,10:03:36.040631167
5051.0,2,10:03:36.049115089
5050.75,1,10:03:36.066990598
5051.0,1,10:03:36.197789120
5051.0,1,10:03:36.199501372
5051.0,4,10:03:36.234944896
5051.0,21,10:03:36.235307035
5051.0,2,10:03:36.235364815
5051.0,1,10:03:36.235435028
5051.0,2,10:03:36.235435028
5051.0,3,10:03:36.235482920
5051.0,1,10:03:36.235482920
5051.0,9,10:03:36.235546268
5051.0,2,10:03:36.235546268
5051.0,2,10:03:36.235976041
5051.0,1,10:03:36.236077937
5051.0,3,10:03:36.236077937
5051.0,1,10:03:36.236296889
5051.0,1,10:03:36.236402097
5051.0,4,10:03:36.236614661
5051.0,1,10:03:36.236664899
5051.0,2,10:03:36.236723514
5051.0,1,10:03:36.236760148
5051.0,1,10:03:36.236936738
5051.0,1,10:03:36.236992387
5050.75,1,10:03:36.479232364
5051.0,1,10:03:36.595029431
5051.0,2,10:03:36.616968805
5050.75,1,10:03:36.644822775
5051.0,3,10:03:36.687096880
5051.0,1,10:03:36.723821084
5051.0,19,10:03:36.799508560
5051.0,25,10:03:36.899212112
5051.0,1,10:03:37.004628291
5051.0,10,10:03:37.012106554
5051.0,2,10:03:37.192116790
5050.75,1,10:03:37.270792074
5050.75,1,10:03:37.402767983
5050.75,2,10:03:37.422237247
5050.75,10,10:03:37.422350241
5050.75,1,10:03:37.422377896
5050.75,20,10:03:37.422462989
5050.75,2,10:03:37.422844657
5050.75,3,10:03:37.422877867
5050.75,1,10:03:37.422948186
5050.75,1,10:03:37.423018200
5050.75,6,10:03:37.423102809
5051.0,1,10:03:37.447453157
5051.0,10,10:03:37.501190010
5051.0,1,10:03:37.501205752
5051.0,2,10:03:37.501247384
5051.0,1,10:03:37.501268322
5051.0,3,10:03:37.501302361
5051.0,1,10:03:37.501325968
5051.0,4,10:03:37.501431942
5051.0,1,10:03:37.501537541
5051.0,5,10:03:37.501537541
5051.0,1,10:03:37.509876137
5051.0,1,10:03:37.510045684
5051.0,2,10:03:37.510120239
5051.0,10,10:03:37.510231623
5051.0,1,10:03:37.510297779
5051.0,2,10:03:37.510347482
5051.0,1,10:03:37.545845805
5051.0,4,10:03:37.545934561
5051.0,1,10:03:37.546218811
5051.0,1,10:03:37.546255189
5051.0,8,10:03:37.546454456
5051.0,3,10:03:37.546653516
5051.0,9,10:03:37.679466686
5051.0,3,10:03:37.680334506
5051.0,17,10:03:37.680685386
5051.0,1,10:03:38.198198215
5051.0,2,10:03:38.198371545
5051.0,7,10:03:38.198460775
5051.0,1,10:03:38.198724249
5051.0,1,10:03:38.198822600
5051.0,2,10:03:38.198861906
5051.0,1,10:03:38.264402019
5051.0,1,10:03:38.264570259
5051.0,2,10:03:38.316741469
5051.0,3,10:03:38.316926215
5051.0,1,10:03:38.316960132
5051.0,1,10:03:38.317110584
5051.25,8,10:03:38.386871037
5051.0,25,10:03:38.386871037
5051.25,3,10:03:38.386885320
5051.25,1,10:03:38.386891662
5051.25,1,10:03:38.386897438
5051.0,2,10:03:38.387540850
5051.0,1,10:03:38.387570895
5051.0,17,10:03:38.387883325
5051.0,1,10:03:38.387997925
5051.0,2,10:03:38.388176296
5051.0,1,10:03:38.388227689
5051.0,1,10:03:38.388301357
5051.0,3,10:03:38.388364354
5051.0,1,10:03:38.388464836
5051.0,1,10:03:38.388494395
5051.25,10,10:03:38.406716964
5051.25,1,10:03:38.413208414
5051.0,1,10:03:38.420952986
5051.25,10,10:03:38.578458910
5051.25,2,10:03:38.694502603
5051.0,1,10:03:38.735941630
5051.0,1,10:03:38.744535922
5051.25,2,10:03:38.824435976
5051.25,2,10:03:38.824453739
5051.25,1,10:03:38.849625441
5051.25,5,10:03:39.055144269
5051.25,2,10:03:39.061932022
5051.25,12,10:03:39.063568772
5051.5,1,10:03:39.194816031
5051.5,1,10:03:39.194828181
5051.5,6,10:03:39.194828181
5051.5,2,10:03:39.442015662
5051.5,1,10:03:39.483063632
5051.5,4,10:03:39.666194467
5051.5,1,10:03:39.666370294
5051.5,1,10:03:39.670885230
5051.5,1,10:03:39.699447867
5051.5,14,10:03:39.699879111
5051.5,27,10:03:39.700240491
5051.5,2,10:03:39.701100809
5051.5,2,10:03:39.836218419
5051.5,3,10:03:39.836259946
5051.5,2,10:03:39.836378860
5051.5,35,10:03:39.836590954
5051.5,6,10:03:39.844426408
5051.5,1,10:03:39.844464338
5051.5,3,10:03:39.844617941
5051.5,8,10:03:39.844860518
5051.5,4,10:03:39.845079000
5051.5,3,10:03:39.845134902
5051.5,2,10:03:39.845206466
5051.5,1,10:03:39.845206466
5051.5,1,10:03:39.845492689
5051.5,9,10:03:39.845729049
5051.5,6,10:03:40.023917678
5051.5,1,10:03:40.024262427
5051.75,1,10:03:40.070437394
5051.75,2,10:03:40.070445903
5051.75,1,10:03:40.070456572
5051.75,4,10:03:40.070456572
5051.75,3,10:03:40.070465641
5051.75,2,10:03:40.070465641
5051.75,1,10:03:40.070465641
5051.75,1,10:03:40.070470700
5051.75,1,10:03:40.092648972
5051.75,1,10:03:40.210014063
5052.0,1,10:03:40.215233720
5051.75,13,10:03:40.215233720
5052.0,1,10:03:40.215245375
5051.75,1,10:03:40.289989411
5052.0,1,10:03:40.311784197
5052.0,1,10:03:40.391454038
5052.0,1,10:03:40.442348405
5052.0,2,10:03:40.565153280
5052.0,1,10:03:40.662444805
5052.0,1,10:03:40.670167587
5051.75,1,10:03:40.685433213
5052.0,1,10:03:40.714778996
5052.0,1,10:03:40.879793082
5051.75,1,10:03:40.899758158
5051.75,4,10:03:40.899873772
5051.75,5,10:03:40.899928689
5051.75,1,10:03:40.899957710
5051.75,5,10:03:40.900013209
5051.75,4,10:03:40.900306233
5051.75,2,10:03:40.900428991
5051.75,1,10:03:40.900487305
5051.75,4,10:03:40.900553102
5051.75,1,10:03:40.900953465
5051.75,1,10:03:40.940406310
5051.75,24,10:03:40.985728313
5051.75,2,10:03:41.008852202
5051.75,1,10:03:41.035951389
5051.75,1,10:03:41.057490807
5051.75,5,10:03:41.103953210
5051.75,1,10:03:41.117867233
5051.75,1,10:03:41.118011943
5051.75,3,10:03:41.118044312
5051.75,7,10:03:41.118125209
5051.75,1,10:03:41.118445432
5051.75,2,10:03:41.118535643
5051.75,10,10:03:41.118697365
5051.75,1,10:03:41.118739125
5051.5,1,10:03:41.170779345
5051.75,2,10:03:41.172763836
5051.75,1,10:03:41.200538535
5051.75,2,10:03:41.200891160
5051.75,5,10:03:41.200927851
5051.75,1,10:03:41.200958537
5051.75,3,10:03:41.201193611
5051.75,6,10:03:41.201278040
5051.75,1,10:03:41.201326861
5051.75,1,10:03:41.201396308
5051.75,1,10:03:41.201598892
5051.75,4,10:03:41.221067007
5051.75,1,10:03:41.221232767
5051.75,1,10:03:41.221541157
5051.75,1,10:03:41.221580860
5051.75,1,10:03:41.221733782
5051.75,2,10:03:41.225652649
5051.75,1,10:03:41.225826684
5051.75,1,10:03:41.228991852
5051.75,2,10:03:41.229179171
5051.75,5,10:03:41.291735298
5051.75,1,10:03:41.291920794
5051.75,1,10:03:41.291944231
5051.75,1,10:03:41.292914289
5051.75,5,10:03:41.292971093
5051.75,2,10:03:41.629151818
5051.75,1,10:03:41.848992760
5051.75,3,10:03:41.858632593
5051.75,3,10:03:41.858827374
5051.75,1,10:03:41.858873315
5051.75,3,10:03:41.858915411
5051.75,3,10:03:41.887204894
5051.75,2,10:03:41.887239784
5051.75,2,10:03:41.887365420
5051.75,1,10:03:41.888040192
5051.75,2,10:03:41.889203745
5052.0,1,10:03:41.967837600
5052.0,1,10:03:41.967846669
5052.0,2,10:03:41.974107234
5052.0,1,10:03:42.001063221
5052.0,1,10:03:42.014534495
5052.0,1,10:03:42.162800808
5052.0,3,10:03:42.209334086
5051.75,1,10:03:42.258531209
5052.0,2,10:03:42.375440053
5052.0,2,10:03:42.566464762
5052.0,1,10:03:42.574686035
5052.0,1,10:03:42.574849512
5052.0,1,10:03:42.575005948
5052.0,1,10:03:42.575051383
5052.0,5,10:03:42.634191459
5052.0,2,10:03:42.634372483
5052.0,70,10:03:42.634556324
5052.0,1,10:03:42.634651846
5052.0,1,10:03:42.634718833
5052.0,1,10:03:42.634751211
5052.0,1,10:03:42.634789631
5052.0,2,10:03:42.638423554
5052.0,1,10:03:42.704689997
5052.25,1,10:03:42.815299518
5052.25,1,10:03:42.815310973
5052.25,6,10:03:42.815652501
5052.25,1,10:03:42.815802129
5052.25,1,10:03:42.815827339
5052.25,4,10:03:42.832466385
5052.25,10,10:03:42.846949391
5052.25,1,10:03:42.847878447
5052.25,1,10:03:42.848269424
5052.25,1,10:03:42.848343867
5052.25,10,10:03:42.848533775
5052.0,1,10:03:42.860045489
5052.25,2,10:03:42.886098632
5052.25,1,10:03:42.904384549
5052.0,1,10:03:42.910890719
5052.0,1,10:03:42.911084758
5052.0,1,10:03:42.912972543
5052.25,1,10:03:42.989945596
5052.25,1,10:03:42.989974567
5052.25,1,10:03:42.990000291
5052.25,3,10:03:42.990110031
5052.25,1,10:03:42.990141520
5052.25,1,10:03:42.990271321
5052.25,1,10:03:42.990308992
5052.25,10,10:03:43.000959517
5052.25,2,10:03:43.001168556
5052.25,2,10:03:43.001386518
5052.25,1,10:03:43.001449642
5052.25,1,10:03:43.001539395
5052.25,1,10:03:43.001585569
5052.25,1,10:03:43.052004275
5052.25,2,10:03:43.052257512
5052.25,1,10:03:43.052589371
5052.25,4,10:03:43.052807596
5052.25,1,10:03:43.052851463
5052.25,3,10:03:43.053115014
5052.25,4,10:03:43.053264661
5052.25,1,10:03:43.053370494
5052.25,1,10:03:43.057226274
5052.25,1,10:03:43.057545039
5052.25,2,10:03:43.143318090
5052.5,2,10:03:43.170539516
5052.5,1,10:03:43.170548893
5052.5,1,10:03:43.179336477
5052.25,3,10:03:43.233643934
5052.25,3,10:03:43.233887947
5052.25,1,10:03:43.270084381
5052.25,1,10:03:43.270137294
5052.25,12,10:03:43.436147266
5052.25,1,10:03:43.436506851
5052.25,4,10:03:43.436751649
5052.25,18,10:03:43.437090453
5052.0,1,10:03:43.439461781
5052.25,1,10:03:43.501198210
5052.25,1,10:03:43.508550115
5052.25,6,10:03:43.508750397
5052.25,3,10:03:43.511490405
5052.25,1,10:03:43.604186438
5052.5,1,10:03:43.649411789
5052.5,20,10:03:43.658057736
5052.25,1,10:03:43.731749850
5052.5,1,10:03:43.732096676
5052.25,3,10:03:43.942846002
5052.25,23,10:03:44.046255408
5052.25,6,10:03:44.046789757
5052.25,1,10:03:44.048012879
5052.25,2,10:03:44.050444263
5052.25,1,10:03:44.050688184
5052.25,2,10:03:44.050825458
5052.25,1,10:03:44.050864509
5052.25,1,10:03:44.054346263
5052.25,4,10:03:44.055915525
5052.25,1,10:03:44.056228274
5052.25,2,10:03:44.056448515
5052.25,2,10:03:44.056482937
5052.25,1,10:03:44.056515591
5052.25,1,10:03:44.124697706
5052.25,1,10:03:44.159222210
5052.25,1,10:03:44.159422880
5052.25,2,10:03:44.165654442
5052.25,10,10:03:44.239240800
5052.25,2,10:03:44.239426084
5052.25,1,10:03:44.239458597
5052.25,4,10:03:44.327910045
5052.25,1,10:03:44.338046150
5052.25,2,10:03:44.338228532
5052.25,9,10:03:44.338313922
5052.25,1,10:03:44.576201029
5052.25,1,10:03:44.576231347
5052.25,2,10:03:44.576268470
5052.0,1,10:03:44.616977983
5052.25,1,10:03:44.683347684
5052.0,1,10:03:44.827351633
5052.25,3,10:03:44.845745034
5052.25,1,10:03:44.845920203
5052.25,1,10:03:44.846137628
5052.25,1,10:03:44.846197459
5052.25,6,10:03:44.847864744
5052.25,2,10:03:44.847899648
5052.0,1,10:03:44.856288486
5052.0,1,10:03:44.872522013
5052.25,28,10:03:44.977855966
5052.25,3,10:03:44.978163774
5052.25,1,10:03:45.007377016
5052.25,2,10:03:45.011552867
5052.25,1,10:03:45.020739523
5052.25,5,10:03:45.031223514
5052.25,1,10:03:45.067110603
5052.25,1,10:03:45.095962026
5052.5,1,10:03:45.324889898
5052.5,4,10:03:45.369872316
5052.5,4,10:03:45.370310782
5052.5,35,10:03:45.370683938
5052.5,1,10:03:45.370807343
5052.5,2,10:03:45.370897582
5052.5,1,10:03:45.370933979
5052.5,1,10:03:45.370961403
5052.5,1,10:03:45.371003616
5052.5,1,10:03:45.371050160
5052.5,3,10:03:45.371108286
5052.5,3,10:03:45.371163683
5052.5,1,10:03:45.371540430
5052.5,4,10:03:45.457632071
5052.5,1,10:03:45.457663272
5052.5,2,10:03:45.457717996
5052.5,1,10:03:45.457776377
5052.5,1,10:03:45.457794810
5052.5,7,10:03:45.470844177
5052.5,1,10:03:45.471166357
5052.75,74,10:03:45.566502615
5053.0,1,10:03:45.566724994
5053.0,1,10:03:45.566730575
5053.0,1,10:03:45.566736985
5053.0,1,10:03:45.566815825
5053.0,1,10:03:45.566821082
5053.0,1,10:03:45.566832423
5053.0,10,10:03:45.566837956
5053.0,92,10:03:45.566854907
5053.25,28,10:03:45.566854907
5053.25,1,10:03:45.567502395
5053.25,1,10:03:45.567508392
5053.25,1,10:03:45.567512984
5053.0,1,10:03:45.568313108
5053.0,1,10:03:45.569555496
5053.0,2,10:03:45.569641721
5053.0,1,10:03:45.588512576
5053.0,15,10:03:45.595984320
5053.0,1,10:03:45.596104414
5053.0,2,10:03:45.596161769
5053.0,2,10:03:45.596204334
5053.0,8,10:03:45.596621983
5053.0,20,10:03:45.597016542
5053.0,1,10:03:45.598269019
5053.0,3,10:03:45.598602558
5053.0,2,10:03:45.598817600
5053.0,1,10:03:45.598990313
5053.0,1,10:03:45.604211753
5053.0,8,10:03:45.604485326
5053.0,4,10:03:45.604684991
5053.0,8,10:03:45.604765143
5053.0,1,10:03:45.611185039
5052.75,10,10:03:45.657503998
5052.75,3,10:03:45.658906645
5052.75,3,10:03:45.659140540
5052.75,18,10:03:45.659459776
5052.75,7,10:03:45.663251081
5052.75,2,10:03:45.670845119
5052.75,1,10:03:45.675507069
5052.75,1,10:03:45.675688238
5052.75,1,10:03:45.675836016
5052.5,1,10:03:45.741469663
5052.75,1,10:03:45.742214987
5052.75,2,10:03:45.742514103
5052.75,1,10:03:45.742701316
5052.75,1,10:03:45.742785011
5052.5,2,10:03:45.751281333
5052.75,1,10:03:46.107824881
5052.75,1,10:03:46.165127060
5052.75,1,10:03:46.165296536
5052.75,1,10:03:46.165334937
5053.0,1,10:03:46.190723624
5053.0,4,10:03:46.193797916
5053.0,24,10:03:46.259630242
5053.25,1,10:03:46.259630242
5053.25,2,10:03:46.280379406
5053.25,2,10:03:46.351645362
5053.25,22,10:03:46.351829618
5053.25,2,10:03:46.352243348
5053.25,15,10:03:46.352587317
5053.25,1,10:03:46.352633212
5053.25,1,10:03:46.352780313
5053.25,1,10:03:46.352902990
5053.25,1,10:03:46.353165908
5053.25,3,10:03:46.353252751
5053.25,1,10:03:46.353252751
5053.25,1,10:03:46.353324589
5053.25,2,10:03:46.353429481
5053.25,3,10:03:46.353490637
5053.25,1,10:03:46.356292988
5053.25,1,10:03:46.356717803
5053.25,1,10:03:46.356934989
5053.25,1,10:03:46.357103056
5053.5,5,10:03:46.364384662
5053.5,1,10:03:46.364396082
5053.5,1,10:03:46.387219263
5053.5,3,10:03:46.462522455
5053.5,1,10:03:46.469476243
5053.25,2,10:03:46.491301425
5053.5,1,10:03:46.579460976
5053.25,11,10:03:46.582333430
5053.25,3,10:03:46.582550388
5053.25,2,10:03:46.582607455
5053.25,3,10:03:46.582690747
5053.25,1,10:03:46.582814586
5053.25,1,10:03:46.582955002
5053.5,5,10:03:46.623377887
5053.5,1,10:03:46.719152062
5053.5,2,10:03:46.827911538
5053.25,37,10:03:46.941597989
5053.0,1,10:03:47.039605358
5053.0,2,10:03:47.149049292
5053.0,1,10:03:47.149227251
5053.0,5,10:03:47.166979654
5053.0,1,10:03:47.167186119
5053.25,1,10:03:47.251650356
5053.25,1,10:03:47.279643055
5053.25,1,10:03:47.325988207
5053.25,8,10:03:47.441531452
5053.0,2,10:03:47.449031812
5053.0,1,10:03:47.449042746
5053.25,3,10:03:47.512629498
5053.25,1,10:03:47.691339407
5053.25,1,10:03:47.838970280
5053.25,2,10:03:47.840825044
5053.25,15,10:03:47.841202738
5053.25,3,10:03:47.841266768
5053.25,3,10:03:47.841499185
5053.25,9,10:03:47.841639898
5053.25,9,10:03:47.841790797
5053.25,1,10:03:47.841790797
5053.25,2,10:03:47.841844066
5053.25,1,10:03:47.841844066
5053.25,1,10:03:47.841882790
5053.25,1,10:03:47.841928480
5053.25,1,10:03:47.841977042
5053.25,2,10:03:47.842019909
5053.25,6,10:03:47.842436507
5053.25,1,10:03:47.842587303
5053.25,1,10:03:47.842629422
5053.25,3,10:03:47.842692758
5053.25,1,10:03:47.883885221
5053.0,4,10:03:47.961896324
5053.25,8,10:03:47.991665968
5053.25,7,10:03:47.991974483
5053.25,2,10:03:47.992011505
5053.25,6,10:03:47.992188456
5053.25,1,10:03:47.992376101
5053.0,1,10:03:48.052333186
5053.25,10,10:03:48.130511733
5053.25,1,10:03:48.301604487
5053.25,4,10:03:48.309852145
5053.25,1,10:03:48.351074541
5053.25,1,10:03:48.371998672
5053.25,15,10:03:48.405579912
5053.25,1,10:03:48.500206612
5053.25,9,10:03:48.501364709
5053.25,8,10:03:48.501479822
5053.25,3,10:03:48.501724652
5053.25,4,10:03:48.501864853
5053.25,8,10:03:48.502013007
5053.25,3,10:03:48.579542827
5053.0,3,10:03:48.616566386
5053.25,1,10:03:48.827201520
5053.0,19,10:03:48.870924146
5053.0,2,10:03:48.871307498
5053.0,12,10:03:48.871599763
5053.0,1,10:03:48.872062550
5053.0,1,10:03:48.872933969
5053.0,1,10:03:48.888493454
5053.25,1,10:03:49.000655610
5053.25,2,10:03:49.085286826
5053.25,1,10:03:49.185649145
5053.0,3,10:03:49.224865300
5053.0,1,10:03:49.282713318
5053.25,2,10:03:49.440468920
5053.0,1,10:03:49.564651145
5053.0,1,10:03:49.627019895
5053.0,4,10:03:49.657353631
5053.0,31,10:03:49.669960221
5053.0,2,10:03:49.670053439
5053.0,1,10:03:49.670428333
5053.0,3,10:03:49.670532351
5053.0,7,10:03:49.716462340
5053.0,6,10:03:49.718805140
5053.0,1,10:03:49.718972942
5053.0,6,10:03:49.719048437
5053.0,1,10:03:49.719106634
5053.0,1,10:03:49.719237507
5053.0,1,10:03:49.719277178
5053.0,2,10:03:49.719449550
5053.0,1,10:03:49.719778100
5053.0,3,10:03:49.729398624
5053.0,1,10:03:49.729576813
5053.0,2,10:03:49.729695314
5053.0,10,10:03:49.797420704
5053.0,3,10:03:49.797587818
5053.0,7,10:03:49.797866223
5053.0,1,10:03:49.798128024
5053.0,1,10:03:49.798164623
5053.0,3,10:03:49.799434750
5053.0,3,10:03:49.807085865
5053.0,4,10:03:49.807148113
5053.0,1,10:03:49.807337202
5053.0,3,10:03:49.807388309
5053.0,3,10:03:49.807434307
5053.0,1,10:03:49.807464411
5053.0,2,10:03:49.807832508
5053.0,5,10:03:49.808063958
5053.0,2,10:03:49.808284904
5053.0,2,10:03:49.808468335
5053.0,4,10:03:49.808537648
5052.75,1,10:03:49.829364638
5053.0,2,10:03:49.830059273
5053.0,6,10:03:49.830120698
5053.0,1,10:03:49.830120698
5053.0,1,10:03:49.830146957
5053.0,1,10:03:49.843299614
5053.25,12,10:03:49.896671353
5053.25,1,10:03:49.896846915
5053.25,1,10:03:49.896970546
5053.25,1,10:03:49.897016915
5053.25,1,10:03:49.897048915
5053.25,3,10:03:49.897136336
5053.25,5,10:03:49.897199581
5053.25,1,10:03:49.897878450
5053.5,4,10:03:50.013296898
5053.5,2,10:03:50.013503622
5053.5,1,10:03:50.013547069
5053.5,1,10:03:50.013592880
5053.25,5,10:03:50.122977889
5053.5,2,10:03:50.164117964
5053.5,28,10:03:50.164450665
5053.5,32,10:03:50.165350081
5053.5,1,10:03:50.165555331
5053.5,1,10:03:50.165922377
5053.5,1,10:03:50.166022328
5053.5,2,10:03:50.166426510
5053.5,1,10:03:50.170875652
5053.25,1,10:03:50.201157723
5053.25,1,10:03:50.282851778
5053.25,1,10:03:50.483817847
5053.25,2,10:03:50.484011653
5053.25,2,10:03:50.484311850
5053.5,5,10:03:50.584920517
5053.5,38,10:03:50.621464938
5053.5,1,10:03:50.622047705
5053.5,1,10:03:50.622099134
5053.5,10,10:03:50.640838465
5053.75,1,10:03:50.658029145
5053.5,1,10:03:50.689068052
5053.75,1,10:03:50.806567377
5053.5,3,10:03:50.884631633
5053.5,27,10:03:50.885023020
5053.5,3,10:03:50.939245379
5053.5,1,10:03:50.975067654
5053.25,3,10:03:51.150447177
5053.5,5,10:03:51.222549411
5053.5,7,10:03:51.344408758
5053.5,23,10:03:51.344752809
5053.5,2,10:03:51.345037465
5053.5,2,10:03:51.345157230
5053.5,2,10:03:51.345347285
5053.5,1,10:03:51.345513286
5053.75,1,10:03:51.384210239
5053.5,13,10:03:51.459886682
5053.5,5,10:03:51.690281534
5053.5,4,10:03:51.692246599
5053.5,1,10:03:51.692442379
5053.5,1,10:03:51.692477310
5053.5,3,10:03:51.692647212
5053.5,1,10:03:51.692677289
5053.5,1,10:03:51.692862877
5053.5,1,10:03:51.692976422
5053.5,1,10:03:51.719868312
5053.5,2,10:03:51.719947881
5053.5,1,10:03:51.719947881
5053.5,1,10:03:51.719985946
5053.5,1,10:03:51.720312746
5053.5,1,10:03:51.720395068
5053.5,1,10:03:51.720460497
5053.5,4,10:03:51.720673310
5053.5,3,10:03:51.720833723
5053.5,1,10:03:51.720885193
5053.5,9,10:03:51.723707247
5053.5,21,10:03:51.760791620
5053.5,3,10:03:51.760879651
5053.5,1,10:03:51.761102453
5053.5,1,10:03:51.761143311
5053.5,1,10:03:51.761218990
5053.5,10,10:03:51.761406411
5053.5,3,10:03:51.761525405
5053.5,9,10:03:51.813186323
5053.5,3,10:03:51.813425659
5053.5,1,10:03:51.852931665
5053.5,1,10:03:51.920650062
5053.75,2,10:03:51.925470304
5053.5,33,10:03:52.083903109
5053.5,1,10:03:52.097112653
5053.5,1,10:03:52.173599963
5053.5,3,10:03:52.174610134
5053.5,7,10:03:52.175445840
5053.5,1,10:03:52.175652369
5053.5,1,10:03:52.175703682
5053.5,3,10:03:52.175899513
5053.5,4,10:03:52.176170379
5053.25,1,10:03:52.215744749
5053.5,1,10:03:52.238833413
5053.5,10,10:03:52.500584515
5053.25,9,10:03:52.706546026
5053.25,1,10:03:52.770771862
5053.5,4,10:03:52.887593054
5053.5,1,10:03:53.235714745
5053.25,4,10:03:53.263360821
5053.25,3,10:03:53.277391541
5053.25,1,10:03:53.277570320
5053.25,56,10:03:53.277896450
5053.25,21,10:03:53.278068975
5053.25,1,10:03:53.278635313
5053.25,10,10:03:53.303022611
5053.25,1,10:03:53.303136527
5053.25,1,10:03:53.303181465
5053.25,1,10:03:53.303260580
5053.25,2,10:03:53.303490249
5053.25,1,10:03:53.303546378
5053.25,1,10:03:53.303854567
5053.0,1,10:03:53.320413845
5053.25,13,10:03:53.339325218
5053.25,1,10:03:53.339696870
5053.25,1,10:03:53.354406985
5053.25,1,10:03:53.473542476
5053.25,1,10:03:53.501785827
5053.25,2,10:03:53.506846073
5053.25,4,10:03:53.506930766
5053.0,1,10:03:53.604503296
5053.25,10,10:03:53.613034783
5053.25,3,10:03:53.616295146
5053.25,14,10:03:53.616647787
5053.25,19,10:03:53.650258021
5053.25,3,10:03:53.650545473
5053.25,7,10:03:53.650977334
5053.25,1,10:03:53.655679349
5053.25,1,10:03:53.813344446
5053.25,1,10:03:53.813430153
5053.25,1,10:03:53.813467668
5053.25,3,10:03:53.813539577
5053.25,1,10:03:53.813580355
5053.25,4,10:03:53.813612960
5053.25,2,10:03:53.813680478
5053.25,11,10:03:53.813769373
5053.25,22,10:03:53.871427894
5053.25,5,10:03:53.879734810
5053.25,1,10:03:53.880069879
5053.5,33,10:03:53.888176100
5053.25,1,10:03:53.902847891
5053.5,2,10:03:53.972605585
5053.5,1,10:03:54.008853027
5053.5,1,10:03:54.180310287
5053.5,1,10:03:54.296609281
5053.5,17,10:03:54.448837937
5053.5,4,10:03:54.527561404
5053.5,13,10:03:54.527656830
5053.5,7,10:03:54.527726163
5053.5,1,10:03:54.527761758
5053.5,3,10:03:54.527779361
5053.5,11,10:03:54.527899965
5053.5,1,10:03:54.528119650
5053.5,1,10:03:54.528209124
5053.5,3,10:03:54.528331661
5053.5,6,10:03:54.528598014
5053.5,1,10:03:54.550774696
5053.5,1,10:03:54.990240130
5053.5,3,10:03:55.204790939
5053.5,6,10:03:55.204878576
5053.5,1,10:03:55.204946015
5053.5,1,10:03:55.205013082
5053.5,3,10:03:55.205196620
5053.5,1,10:03:55.205350638
5053.5,1,10:03:55.213087728
5053.5,4,10:03:55.402278135
5053.5,1,10:03:55.402306046
5053.5,1,10:03:55.402436171
5053.5,1,10:03:55.402475889
5053.5,1,10:03:55.402546960
5053.5,1,10:03:55.402665603
5053.5,2,10:03:55.402790764
5053.5,1,10:03:55.402938738
5053.75,4,10:03:55.640597464
5053.75,7,10:03:55.818185959
5053.75,1,10:03:55.818346506
5053.75,34,10:03:55.818581957
5053.75,1,10:03:55.819247388
5053.75,12,10:03:55.827568605
5053.75,1,10:03:55.827616168
5053.75,1,10:03:56.052218987
5053.5,2,10:03:56.221875472
5054.0,41,10:03:56.263722223
5053.75,39,10:03:56.263722223
5054.0,1,10:03:56.263924518
5054.0,1,10:03:56.266468672
5053.75,22,10:03:56.336151873
5053.75,11,10:03:56.336322048
5053.75,3,10:03:56.543573284
5053.5,1,10:03:56.547838913
5053.75,1,10:03:56.558932494
5053.5,1,10:03:56.573292892
5053.5,1,10:03:56.620761392
5053.75,2,10:03:56.671588209
5053.5,1,10:03:56.733711951
5053.75,2,10:03:56.772783203
5053.75,1,10:03:56.791998253
5053.75,2,10:03:56.877157465
5053.75,4,10:03:57.120797473
5053.75,1,10:03:57.120957213
5053.75,6,10:03:57.121039759
5053.75,1,10:03:57.121081034
5053.75,3,10:03:57.121120679
5053.75,4,10:03:57.121179864
5053.75,5,10:03:57.121229381
5053.75,2,10:03:57.121229381
5053.75,5,10:03:57.121274688
5053.75,1,10:03:57.121310436
5053.75,1,10:03:57.121557289
5053.75,6,10:03:57.121815249
5053.75,1,10:03:57.121858908
5053.75,6,10:03:57.122126846
5053.75,1,10:03:57.122198943
5053.75,1,10:03:57.122275368
5053.75,1,10:03:57.122472953
5053.75,1,10:03:57.191329637
5054.0,2,10:03:57.243202834
5054.0,1,10:03:57.250156318
5054.0,4,10:03:57.324269434
5053.75,2,10:03:57.412643591
5053.75,1,10:03:57.490483001
5054.0,1,10:03:57.502368451
5054.0,1,10:03:57.585847926
5053.75,52,10:03:57.858855410
5053.5,53,10:03:57.858855410
5053.75,1,10:03:57.860253822
5053.5,1,10:03:57.872151467
5053.5,1,10:03:57.880433193
5053.5,1,10:03:57.929357994
5053.5,1,10:03:57.975210163
5053.75,1,10:03:57.985059732
5053.5,3,10:03:57.995034832
5053.75,1,10:03:58.012915570
5053.75,1,10:03:58.067923205
5053.5,1,10:03:58.097416596
5053.5,1,10:03:58.173068573
5053.75,1,10:03:58.204693563
5053.5,1,10:03:58.280598474
5053.75,10,10:03:58.286485894
5053.75,1,10:03:58.388256492
5053.5,1,10:03:58.488557923
5053.75,1,10:03:58.536943657
5053.75,1,10:03:58.548339708
5053.75,2,10:03:58.548532796
5053.75,6,10:03:58.548644555
5053.75,1,10:03:58.548676505
5053.75,4,10:03:58.548751055
5053.75,2,10:03:58.548914609
5053.75,1,10:03:58.548950635
5053.75,1,10:03:58.549077892
5053.75,4,10:03:58.549168815
5053.75,1,10:03:58.549296018
5053.75,1,10:03:58.549444444
5053.75,1,10:03:58.549678317
5054.0,72,10:03:58.585292049
5054.25,28,10:03:58.585292049
5054.25,1,10:03:58.585626479
5054.25,9,10:03:58.586421253
5054.25,1,10:03:58.586502787
5054.25,1,10:03:58.586580169
5054.25,2,10:03:58.586580169
5054.25,1,10:03:58.586639411
5054.25,3,10:03:58.586694728
5054.25,4,10:03:58.586789994
5054.25,1,10:03:58.586789994
5054.25,1,10:03:58.586892050
5054.25,4,10:03:58.586892050
5054.25,1,10:03:58.586956512
5054.0,1,10:03:58.587310049
5054.0,3,10:03:58.636493693
5054.0,1,10:03:58.819082763
5054.25,1,10:03:58.970241175
5054.25,3,10:03:58.970267086
5054.25,7,10:03:58.970458155
5054.25,2,10:03:58.970514144
5054.25,15,10:03:58.970601658
5054.25,1,10:03:58.970638905
5054.25,1,10:03:58.970671586
5054.25,1,10:03:58.970699875
5054.25,1,10:03:58.970765403
5054.25,4,10:03:58.970817346
5054.25,4,10:03:58.970883298
5054.25,7,10:03:58.970883298
5054.25,1,10:03:58.970923336
5054.25,1,10:03:58.970988364
5054.25,1,10:03:58.971102770
5054.25,1,10:03:58.971168335
5054.25,20,10:03:58.971226186
5054.25,10,10:03:58.971321100
5054.5,1,10:03:58.972353518
5054.5,7,10:03:58.972468698
5054.5,1,10:03:58.972543707
5054.5,1,10:03:58.972617914
5054.5,3,10:03:58.972617914
5054.25,1,10:03:58.992931149
5054.5,1,10:03:59.025325294
5054.25,10,10:03:59.126851489
5054.25,2,10:03:59.127038558
5054.25,2,10:03:59.127119391
5054.25,7,10:03:59.127329879
5054.25,1,10:03:59.127377077
5054.25,1,10:03:59.127517589
5054.25,3,10:03:59.127767331
5054.25,3,10:03:59.127831048
5054.25,3,10:03:59.127916989
5054.25,7,10:03:59.128001675
5054.25,1,10:03:59.128033100
5054.25,1,10:03:59.128344793
5054.25,2,10:03:59.128403760
5054.25,1,10:03:59.135481791
5054.25,1,10:03:59.201958242
5054.25,8,10:03:59.216146946
5054.25,1,10:03:59.236509838
5054.25,12,10:03:59.244934203
5054.25,1,10:03:59.245100642
5054.25,1,10:03:59.245171123
5054.25,2,10:03:59.245171123
5054.25,7,10:03:59.245268428
5054.25,1,10:03:59.245312156
5054.25,1,10:03:59.245553921
5054.25,17,10:03:59.245990492
5054.25,3,10:03:59.256186699
5054.25,1,10:03:59.307760491
5054.25,3,10:03:59.494376102
5054.25,1,10:03:59.502954569
5054.25,1,10:03:59.524656235
5054.25,6,10:03:59.597113095
5054.25,1,10:03:59.597150337
5054.25,1,10:03:59.597354294
5054.25,6,10:03:59.597574048
5054.25,2,10:03:59.597644511
5054.25,1,10:03:59.597804450
5054.25,1,10:03:59.597843753
5054.25,1,10:03:59.605162288
5054.25,1,10:03:59.688940468
5054.25,1,10:03:59.688965121
5054.25,3,10:03:59.689329747
5054.25,1,10:03:59.689357832
5054.5,4,10:03:59.702704134
5054.5,1,10:03:59.746350959
5054.25,9,10:03:59.806243167
5054.5,1,10:03:59.967803228
5054.5,60,10:03:59.968190720
5054.5,2,10:03:59.969108787
5054.75,1,10:03:59.969404127
5054.75,1,10:03:59.969510852
5054.75,7,10:03:59.969510852
5054.5,1,10:03:59.974699076
5054.5,1,10:03:59.974756002
5054.5,2,10:03:59.974798418
5054.5,7,10:03:59.974869908
5054.5,6,10:03:59.974949999
5054.5,2,10:03:59.975014819
5054.5,2,10:03:59.975300806
5054.5,3,10:03:59.975424562
5054.5,1,10:03:59.975504656
5054.25,1,10:05:29.871117247
5054.25,2,10:05:29.871166985
5054.25,1,10:05:29.871200945
5054.0,2,10:05:30.010861629
5054.0,2,10:05:30.010872829
5054.0,1,10:05:30.010872829
5054.0,1,10:05:30.200626207
5054.0,1,10:05:30.262668554
5054.0,1,10:05:30.445984861
5054.0,1,10:05:30.585441801
5054.0,5,10:05:30.585511079
5054.0,20,10:05:30.585987002
5053.75,1,10:05:30.604310777
5053.75,10,10:05:30.629219014
5053.75,1,10:05:30.629360319
5053.75,6,10:05:30.629500485
5053.75,3,10:05:30.629602666
5053.75,1,10:05:30.629616906
5053.75,1,10:05:30.629683109
5053.75,23,10:05:30.629683109
5053.75,1,10:05:30.629771515
5053.75,1,10:05:30.630145499
5053.75,1,10:05:30.630314691
5053.75,5,10:05:30.630426731
5053.75,3,10:05:30.630426731
5053.75,1,10:05:30.630537994
5053.75,3,10:05:30.630838829
5053.75,2,10:05:30.630992288
5053.75,1,10:05:30.631193997
5053.75,1,10:05:30.936681328
5053.75,3,10:05:31.204574589
5053.5,1,10:05:31.233665546
5053.5,3,10:05:31.233676788
5053.5,10,10:05:31.306954110
5053.75,4,10:05:31.370513257
5053.5,3,10:05:31.381551307
5053.5,1,10:05:31.386892970
5053.5,1,10:05:31.564349263
5053.5,2,10:05:31.793185230
5053.5,1,10:05:31.828277643
5053.5,5,10:05:32.160179228
5053.5,1,10:05:32.190766967
5053.75,2,10:05:32.270427865
5053.5,4,10:05:32.273830666
5053.75,2,10:05:32.300964020
5053.75,3,10:05:32.311181928
5053.5,1,10:05:32.324639720
5053.5,6,10:05:32.325118126
5053.5,1,10:05:32.325550638
5053.5,9,10:05:32.325776728
5053.5,1,10:05:32.325946073
5053.5,3,10:05:32.326109545
5053.5,4,10:05:32.326352587
5053.5,1,10:05:32.326536354
5053.5,2,10:05:32.328439934
5053.5,2,10:05:32.328967584
5053.5,1,10:05:32.329147507
5053.5,1,10:05:32.329179238
5053.5,2,10:05:32.329407900
5053.5,3,10:05:32.333265660
5053.5,2,10:05:32.715097641
5053.5,1,10:05:32.724823181
5053.75,1,10:05:32.898479123
5053.75,1,10:05:32.908882386
5053.75,1,10:05:32.958671764
5053.75,1,10:05:32.959374912
5053.75,19,10:05:32.959717312
5053.75,1,10:05:32.959796900
5053.75,1,10:05:32.960065662
5054.0,1,10:05:32.978778769
5054.0,1,10:05:32.978789822
5054.0,1,10:05:32.978958528
5054.0,5,10:05:32.984178987
5054.0,3,10:05:32.984225298
5054.25,1,10:05:32.998796082
5054.25,1,10:05:32.998807176
5054.25,10,10:05:32.999143218
5054.25,2,10:05:32.999209645
5054.25,1,10:05:32.999209645
5054.25,1,10:05:32.999258423
5054.25,1,10:05:32.999305004
5054.25,2,10:05:32.999372420
5054.25,1,10:05:33.006578469
5054.25,31,10:05:33.006851265
5054.25,3,10:05:33.007513937
5054.25,8,10:05:33.007772912
5054.25,1,10:05:33.007835707
5054.25,1,10:05:33.007874899
5054.25,1,10:05:33.008104001
5054.25,1,10:05:33.008153544
5054.25,2,10:05:33.009672509
5054.25,3,10:05:33.009734347
5054.25,1,10:05:33.037618811
5054.5,1,10:05:33.041360899
5054.25,1,10:05:33.084906343
5054.5,10,10:05:33.115164593
5054.5,5,10:05:33.161936631
5054.5,5,10:05:33.185695590
5054.5,3,10:05:33.185890051
5054.5,1,10:05:33.186209591
5054.5,3,10:05:33.186267253
5054.25,1,10:05:33.224804469
5054.5,4,10:05:33.344913235
5054.5,4,10:05:33.365698268
5054.5,3,10:05:33.366384900
5054.5,9,10:05:33.374270278
5054.5,1,10:05:33.374507269
5054.5,1,10:05:33.374555516
5054.5,1,10:05:33.374622025
5054.5,1,10:05:33.374664069
5054.5,5,10:05:33.374786350
5054.5,1,10:05:33.376756367
5054.5,2,10:05:33.376827062
5054.5,2,10:05:33.376870302
5054.5,1,10:05:33.376939843
5054.5,3,10:05:33.377530005
5054.75,2,10:05:33.503841262
5054.75,3,10:05:33.718790428
5054.75,13,10:05:33.719386012
5054.75,1,10:05:33.719495534
5054.75,1,10:05:33.721097554
5054.75,1,10:05:33.721135109
5054.75,1,10:05:33.727574186
5054.75,4,10:05:33.767605897
5054.75,2,10:05:33.768010580
5054.75,2,10:05:33.768194437
5054.75,1,10:05:33.994506584
5054.75,2,10:05:34.122248983
5054.75,1,10:05:34.122388352
5054.75,3,10:05:34.122522034
5054.75,1,10:05:34.122862246
5054.75,1,10:05:34.123027325
5054.75,3,10:05:34.263700416
5054.75,6,10:05:34.264151648
5054.75,1,10:05:34.264311267
5054.75,4,10:05:34.264347200
5054.75,6,10:05:34.440770905
5054.5,1,10:05:34.678205834
5054.5,2,10:05:34.861730729
5054.5,14,10:05:35.038872423
5054.5,2,10:05:35.070054767
5054.5,5,10:05:35.082060497
5054.5,1,10:05:35.082428194
5054.5,1,10:05:35.082602939
5054.5,3,10:05:35.082692474
5054.5,6,10:05:35.278922752
5054.5,2,10:05:35.279273380
5054.5,2,10:05:35.279493471
5054.5,1,10:05:35.279622869
5054.5,2,10:05:35.279622869
5054.5,4,10:05:35.279719142
5054.5,1,10:05:35.678598497
5054.5,9,10:05:35.678828777
5054.5,4,10:05:35.679746613
5054.5,1,10:05:35.701493832
5054.5,3,10:05:35.702214106
5054.5,1,10:05:35.702672366
5054.5,1,10:05:35.753136416
5054.5,1,10:05:35.753343129
5054.5,1,10:05:35.754996132
5054.5,10,10:05:35.755139635
5054.75,1,10:05:35.872918389
5054.5,2,10:05:35.872968570
5054.5,3,10:05:35.873022173
5054.5,4,10:05:35.873296721
5054.5,2,10:05:35.873546054
5054.5,1,10:05:35.873584450
5054.5,3,10:05:35.873684811
5054.5,2,10:05:35.873875452
5054.5,4,10:05:35.873952807
5054.5,3,10:05:35.874050157
5054.5,1,10:05:35.874203235
5054.5,1,10:05:35.874395955
5054.75,3,10:05:35.926306141
5054.75,1,10:05:35.926491387
5054.75,3,10:05:35.926513884
5054.75,4,10:05:35.926582662
5054.75,6,10:05:36.102732726
5054.75,2,10:05:36.102766992
5054.75,2,10:05:36.103386554
5054.75,2,10:05:36.103441169
5054.75,3,10:05:36.103831506
5054.75,3,10:05:36.104008365
5055.0,5,10:05:36.466996054
5055.0,1,10:05:36.502866919
5055.0,2,10:05:36.503041208
5055.0,1,10:05:36.503102732
5055.0,5,10:05:36.504330261
5055.0,2,10:05:36.504531660
5055.0,1,10:05:36.583277895
5055.0,4,10:05:36.602282960
5055.0,1,10:05:36.611903616
5054.75,3,10:05:36.814347921
5054.75,1,10:05:36.814372028
5054.75,4,10:05:36.814443132
5054.75,1,10:05:36.814509960
5054.75,37,10:05:36.814696504
5054.75,2,10:05:36.816664461
5054.75,20,10:05:36.817002947
5054.75,4,10:05:36.817820740
5054.5,3,10:05:37.005168869
5054.5,1,10:05:37.005456552
5054.5,1,10:05:37.005651148
5054.5,1,10:05:37.005687888
5054.5,1,10:05:37.005811541
5054.5,1,10:05:37.040768013
5054.5,10,10:05:37.357945318
5054.5,1,10:05:37.357970288
5054.5,1,10:05:37.670945414
5054.5,1,10:05:37.730599030
5054.5,1,10:05:37.804421288
5054.5,1,10:05:37.827916921
5054.25,1,10:05:38.126892286
5054.25,8,10:05:38.127172524
5054.25,2,10:05:38.127577231
5054.25,4,10:05:38.127662627
5054.25,1,10:05:38.127738267
5054.25,1,10:05:38.128428768
5054.25,1,10:05:38.128600410
5054.25,2,10:05:38.128774826
5054.25,2,10:05:38.128839391
5054.0,9,10:05:38.277538033
5054.0,5,10:05:38.287155395
5054.0,1,10:05:38.287730453
5054.0,1,10:05:38.287768998
5054.0,2,10:05:38.287816413
5054.0,1,10:05:38.287869019
5054.0,1,10:05:38.287910978
5054.0,1,10:05:38.288060770
5053.75,1,10:05:38.506881419
5054.0,5,10:05:38.692493094
5054.0,1,10:05:38.692546740
5054.0,1,10:05:38.692577733
5054.0,1,10:05:38.692608453
5054.0,1,10:05:38.692675361
5054.0,2,10:05:38.692719883
5054.0,2,10:05:38.692801123
5054.0,1,10:05:38.696567452
5054.0,11,10:05:38.729323918
5054.0,2,10:05:38.729557788
5054.0,9,10:05:38.729824759
5054.0,4,10:05:38.808894085
5054.0,1,10:05:38.809230806
5054.0,6,10:05:38.809435834
5054.0,2,10:05:39.047842181
5054.0,1,10:05:39.047996616
5054.0,1,10:05:39.048030696
5054.0,1,10:05:39.048420644
5054.0,1,10:05:39.056117910
5054.0,1,10:05:39.155751372
5054.0,1,10:05:39.746559257
5054.0,30,10:05:39.810967386
5054.0,5,10:05:39.954733158
5054.0,1,10:05:39.958667048
5054.25,1,10:05:40.011073290
5054.25,4,10:05:40.011282785
5054.25,1,10:05:40.011323900
5054.25,3,10:05:40.011475755
5054.25,1,10:05:40.011514960
5054.25,5,10:05:40.011595774
5054.25,4,10:05:40.011677635
5054.25,1,10:05:40.011677635
5054.25,1,10:05:40.011779640
5054.25,1,10:05:40.011858544
5054.5,1,10:05:40.108266573
5054.25,1,10:05:40.450142916
5054.25,1,10:05:40.453491300
5054.5,3,10:05:41.044045985
5054.5,14,10:05:41.044334165
5054.5,1,10:05:41.044646769
5054.5,6,10:05:41.044755818
5054.25,10,10:05:41.711563392
5054.25,1,10:05:41.711615847
5054.25,2,10:05:41.711615847
5054.25,2,10:05:41.712101355
5054.25,1,10:05:41.712435037
5054.25,1,10:05:41.712606382
5054.25,9,10:05:41.712677712
5054.25,3,10:05:41.724469694
5054.25,4,10:05:41.724520665
5054.0,2,10:05:41.780414442
5054.0,1,10:05:41.780588938
5054.0,5,10:05:41.780962396
5054.0,1,10:05:41.781031738
5054.0,1,10:05:41.781270991
5054.0,1,10:05:41.781310201
5054.0,1,10:05:41.837504657
5054.0,2,10:05:41.837532344
5053.75,1,10:05:41.840773859
5053.75,11,10:05:41.959273659
5053.75,1,10:05:41.959545933
5053.75,7,10:05:41.963353584
5053.75,2,10:05:41.963441788
5053.75,1,10:05:41.963441788
5053.75,1,10:05:41.963506550
5053.75,2,10:05:41.963565704
5053.75,1,10:05:41.972965251
5053.75,3,10:05:41.973169395
5053.75,5,10:05:41.998787110
5053.75,2,10:05:41.999010679
5053.75,3,10:05:41.999133626
5053.75,5,10:05:41.999289286
5053.75,2,10:05:41.999343703
5053.75,1,10:05:41.999464518
5053.5,1,10:05:42.285850012
5053.5,1,10:05:42.397911682
5053.75,1,10:05:42.490420951
5053.5,9,10:05:42.501548535
5053.5,1,10:05:42.501654733
5053.5,1,10:05:42.501697677
5053.5,1,10:05:42.501757829
5053.25,2,10:05:42.576324675
5053.25,1,10:05:42.576338928
5053.25,3,10:05:42.576344537
5053.25,1,10:05:42.576344537
5053.25,1,10:05:42.576555195
5053.25,6,10:05:42.576622181
5053.25,3,10:05:42.577244309
5053.25,1,10:05:42.577445818
5053.25,3,10:05:42.585120478
5053.25,4,10:05:42.585149567
5053.25,1,10:05:42.585349039
5053.25,1,10:05:42.585415091
5053.25,1,10:05:42.586235694
5053.25,5,10:05:42.586429382
5053.25,1,10:05:42.586473110
5053.25,1,10:05:42.716926383
5053.25,3,10:05:42.799265821
5053.25,1,10:05:42.803459538
5053.25,1,10:05:42.803755425
5053.25,1,10:05:42.803926837
5053.25,1,10:05:42.803976300
5053.25,2,10:05:42.857038124
5053.25,1,10:05:42.857445184
5053.25,2,10:05:42.883509634
5053.25,1,10:05:42.883674856
5053.25,1,10:05:43.099263727
5053.25,2,10:05:43.099307992
5053.25,1,10:05:43.099345720
5053.25,5,10:05:43.110839847
5053.25,4,10:05:43.122104107
5053.0,1,10:05:43.130150056
5053.0,1,10:05:43.130160136
5053.0,1,10:05:43.130166018
5053.0,1,10:05:43.130174050
5053.0,2,10:05:43.130182721
5053.0,1,10:05:43.130182721
5053.0,1,10:05:43.130191989
5053.25,7,10:05:43.166887075
5053.25,1,10:05:43.167263189
5053.0,11,10:05:43.216881573
5053.0,1,10:05:43.312280279
5053.0,1,10:05:43.312343020
5053.0,2,10:05:43.312450372
5053.0,3,10:05:43.312497800
5053.0,40,10:05:43.312661118
5053.0,9,10:05:43.313458498
5053.0,1,10:05:43.313506409
5053.0,1,10:05:43.314483091
5053.0,2,10:05:43.314516046
5053.0,4,10:05:43.314900444
5053.0,8,10:05:43.314900444
5053.0,1,10:05:43.316223005
5053.0,5,10:05:43.392025776
5053.0,5,10:05:43.451603510
5053.0,2,10:05:43.451881651
5053.0,1,10:05:43.452037363
5053.0,2,10:05:43.452084326
5053.0,1,10:05:43.452117818
5053.0,1,10:05:43.452332130
5053.0,5,10:05:43.452545196
5053.0,3,10:05:43.452733863
5053.0,2,10:05:43.561730064
5053.0,4,10:05:43.564265277
5052.75,1,10:05:43.712928449
5052.75,1,10:05:43.712938596
5052.75,2,10:05:43.712938596
5052.75,37,10:05:43.808895490
5052.5,13,10:05:43.808895490
5052.5,1,10:05:43.809115531
5052.5,1,10:05:43.809123569
5052.5,2,10:05:43.809132337
5052.5,1,10:05:43.809138321
5052.5,6,10:05:43.809145684
5052.5,1,10:05:43.809145684
5052.5,1,10:05:43.809150882
5052.75,4,10:05:43.810156179
5052.75,14,10:05:43.810619254
5052.75,1,10:05:43.810900827
5052.75,2,10:05:43.810950678
5052.75,3,10:05:43.811125494
5052.75,2,10:05:43.830141798
5052.5,1,10:05:43.833918652
5052.5,5,10:05:43.848740830
5052.5,1,10:05:44.013873070
5052.5,1,10:05:44.035891045
5052.5,2,10:05:44.036097340
5052.5,3,10:05:44.036157693
5052.5,1,10:05:44.036241944
5052.5,1,10:05:44.044336070
5052.5,10,10:05:44.044581473
5052.5,1,10:05:44.256243370
5052.25,2,10:05:44.447618540
5052.25,1,10:05:44.447635356
5052.25,2,10:05:44.447635356
5052.25,1,10:05:44.447643714
5052.25,2,10:05:44.447643714
5052.25,12,10:05:44.448067172
5052.25,1,10:05:44.448288348
5052.25,1,10:05:44.448318954
5052.25,1,10:05:44.458389694
5052.25,1,10:05:44.458666743
5052.25,1,10:05:44.520371936
5052.25,1,10:05:44.580304328
5052.25,2,10:05:44.613117620
5052.25,1,10:05:44.613276593
5052.25,1,10:05:44.613347314
5052.25,4,10:05:44.613714736
5052.25,4,10:05:44.613843769
5052.25,1,10:05:44.613964754
5052.25,4,10:05:44.614079847
5052.25,1,10:05:44.643480722
5052.25,1,10:05:44.677415092
5052.25,5,10:05:44.701547764
5052.25,1,10:05:44.701580856
5052.25,2,10:05:44.701827194
5052.25,2,10:05:44.702039969
5052.25,2,10:05:44.702066501
5052.25,2,10:05:44.702119932
5052.25,4,10:05:44.702187239
5052.25,1,10:05:44.702299331
5052.5,40,10:05:44.707344380
5052.5,9,10:05:44.710426838
5052.5,1,10:05:44.710794120
5052.5,1,10:05:44.711013369
5052.5,3,10:05:44.711204240
5052.5,1,10:05:44.712266767
5052.5,6,10:05:44.719104534
5052.5,4,10:05:44.759551084
5052.5,3,10:05:44.759599328
5052.5,1,10:05:44.759849978
5052.5,1,10:05:44.759976414
5052.5,4,10:05:44.767716093
5052.5,11,10:05:44.799746217
5052.5,1,10:05:44.872842088
5052.25,2,10:05:45.012070443
5052.25,1,10:05:45.012362011
5052.25,6,10:05:45.012973978
5052.25,1,10:05:45.013009265
5052.25,1,10:05:45.013084483
5052.25,1,10:05:45.013121629
5052.25,2,10:05:45.025322602
5052.25,2,10:05:45.025486813
5052.25,2,10:05:45.025712174
5052.25,6,10:05:45.025908434
5052.25,6,10:05:45.134424020
5052.25,1,10:05:45.134717104
5052.25,1,10:05:45.134930136
5052.25,2,10:05:45.134972294
5052.25,2,10:05:45.135054801
5052.25,6,10:05:45.135209114
5052.25,1,10:05:45.135402977
5052.25,1,10:05:45.242764009
5052.5,1,10:05:45.244419120
5052.25,5,10:05:45.342732567
5052.25,1,10:05:45.366160019
5052.25,5,10:05:45.403483987
5052.5,5,10:05:45.471287600
5052.5,1,10:05:45.546518638
5052.5,1,10:05:45.556830248
5052.5,3,10:05:45.556888719
5052.5,1,10:05:45.556930394
5052.5,17,10:05:45.557159358
5052.5,2,10:05:45.557495183
5052.5,11,10:05:45.557756407
5052.5,1,10:05:45.558587918
5052.5,2,10:05:45.578679661
5052.5,1,10:05:45.580407309
5052.5,1,10:05:45.580588087
5052.25,3,10:05:45.650734900
5052.5,12,10:05:45.828374200
5052.5,2,10:05:45.828724915
5052.75,1,10:05:46.142134320
5052.75,1,10:05:46.239902919
5052.75,1,10:05:46.250267048
5052.75,1,10:05:46.250424424
5052.75,7,10:05:46.258755488
5052.75,1,10:05:46.258897467
5052.75,92,10:05:46.259022296
5052.75,1,10:05:46.259695049
5052.75,1,10:05:46.259773303
5052.75,3,10:05:46.262727702
5052.75,13,10:05:46.262892454
5052.75,1,10:05:46.262935735
5052.75,2,10:05:46.263085447
5052.75,1,10:05:46.263229076
5052.75,1,10:05:46.263392476
5052.75,4,10:05:46.263464049
5052.75,1,10:05:46.263500133
5053.0,1,10:05:46.290925596
5052.75,1,10:05:46.460169156
5053.0,20,10:05:46.643711527
5053.0,1,10:05:46.643788362
5053.0,4,10:05:46.643858273
5053.0,1,10:05:46.643912771
5053.0,7,10:05:46.644021555
5053.0,1,10:05:46.644055375
5053.0,1,10:05:46.644101431
5053.0,1,10:05:46.644135079
5053.0,2,10:05:46.644250483
5053.0,1,10:05:46.644295086
5053.0,4,10:05:46.646127794
5052.75,30,10:05:46.651505957
5053.0,1,10:05:46.652194221
5052.75,1,10:05:46.690779655
5052.75,21,10:05:46.903464402
5052.75,7,10:05:46.995177171
5052.75,5,10:05:46.995604722
5052.75,1,10:05:46.995682807
5052.75,5,10:05:46.996017057
5052.75,1,10:05:47.022485607
5052.75,3,10:05:47.022664790
5052.75,3,10:05:47.022691803
5052.75,1,10:05:47.029121609
5052.75,10,10:05:47.261235874
5052.75,4,10:05:47.261514641
5052.75,2,10:05:47.261694236
5052.75,1,10:05:47.261723166
5052.75,3,10:05:47.261775512
5052.75,3,10:05:47.303755334
5052.75,17,10:05:47.303926236
5052.75,1,10:05:47.304268903
5052.75,1,10:05:47.304302768
5052.75,2,10:05:47.361572743
5052.75,3,10:05:47.433812389
5052.75,2,10:05:47.520561498
5052.5,3,10:05:47.756762834
5052.5,1,10:05:47.756944648
5052.5,3,10:05:47.756998604
5052.5,2,10:05:47.757051400
5052.25,1,10:05:47.821654829
5052.5,1,10:05:48.003350615
5052.5,6,10:05:48.004348795
5052.5,1,10:05:48.115525414
5052.5,1,10:05:48.186072339
5052.5,7,10:05:48.202583076
5052.5,1,10:05:48.213374993
5052.5,2,10:05:48.213418238
5052.5,2,10:05:48.213455567
5052.5,1,10:05:48.213876894
5052.5,2,10:05:48.214535288
5052.5,1,10:05:48.214735750
5052.5,1,10:05:48.331721618
5052.5,1,10:05:48.331915504
5052.5,1,10:05:48.331985626
5052.5,1,10:05:48.332021964
5052.5,1,10:05:48.480214151
5052.5,1,10:05:48.480245031
5052.5,1,10:05:48.480913951
5052.25,2,10:05:48.491609875
5052.25,5,10:05:48.557706116
5052.25,1,10:05:48.557896988
5052.25,2,10:05:48.557998129
5052.25,2,10:05:48.558284362
5052.25,5,10:05:48.591689886
5052.25,1,10:05:48.591855080
5052.25,3,10:05:48.592172818
5052.25,1,10:05:48.592397069
5052.25,2,10:05:48.652865371
5052.5,1,10:05:48.820543341
5052.5,1,10:05:49.073832379
5052.25,3,10:05:49.077844482
5052.25,1,10:05:49.222649484
5052.25,5,10:05:49.251992411
5052.5,1,10:05:49.303622991
5052.25,1,10:05:49.320507130
5052.25,1,10:05:49.320539547
5052.25,1,10:05:49.320577249
5052.25,1,10:05:49.320615311
5052.25,2,10:05:49.320669315
5052.25,2,10:05:49.320741566
5052.25,1,10:05:49.328541007
5052.25,4,10:05:49.328610954
5052.25,1,10:05:49.328699529
5052.25,1,10:05:49.328906784
5052.25,2,10:05:49.329133851
5052.25,2,10:05:49.329348879
5052.25,7,10:05:49.526884079
5052.25,1,10:05:49.526912001
5052.25,2,10:05:49.527030628
5052.25,4,10:05:49.527261929
5052.25,5,10:05:49.527507309
5052.25,1,10:05:49.551266963
5052.0,2,10:05:49.650456111
5052.0,1,10:05:49.650473410
5052.0,2,10:05:49.650473410
5052.0,1,10:05:49.650676225
5052.0,41,10:05:49.650807152
5052.0,10,10:05:49.660793040
5052.0,2,10:05:49.660829053
5052.0,1,10:05:49.660851633
5052.0,1,10:05:49.660906261
5052.0,1,10:05:49.660940230
5052.0,4,10:05:49.661185826
5052.0,3,10:05:49.661358884
5052.0,2,10:05:49.661399164
5052.0,1,10:05:49.661492411
5052.0,2,10:05:49.661794686
5052.0,1,10:05:49.661995112
5052.0,3,10:05:49.662040031
5052.0,2,10:05:49.662145765
5052.0,1,10:05:49.672564455
5052.0,1,10:05:49.672861219
5052.0,1,10:05:49.673266506
5052.0,1,10:05:49.673572658
5052.0,6,10:05:49.677738975
5052.0,10,10:05:49.680964573
5052.0,1,10:05:49.681089414
5052.0,1,10:05:49.681167867
5052.0,1,10:05:49.681402828
5052.0,1,10:05:49.681568556
5052.0,3,10:05:49.681622893
5052.0,4,10:05:49.682173470
5052.0,1,10:05:49.682375296
5051.75,1,10:05:49.729532346
5051.75,1,10:05:49.729545341
5052.0,3,10:05:49.739378946
5052.0,1,10:05:49.739563995
5051.75,10,10:05:49.751084675
5052.0,2,10:05:49.751431210
5052.0,7,10:05:49.751697452
5052.0,1,10:05:49.751964789
5052.0,1,10:05:49.752837158
5052.0,1,10:05:49.756177104
5052.0,4,10:05:49.757791820
5051.75,1,10:05:49.767295629
5052.0,2,10:05:49.777842732
5052.0,1,10:05:49.778028818
5052.0,1,10:05:49.791284391
5052.0,1,10:05:49.883179966
5051.75,3,10:05:49.901184620
5052.0,6,10:05:49.901524361
5052.0,1,10:05:49.901877612
5052.25,1,10:05:50.038200858
5052.0,1,10:05:50.045922876
5052.0,1,10:05:50.171969626
5052.0,1,10:05:50.230623500
5052.25,21,10:05:50.304033341
5052.25,1,10:05:50.304387458
5052.25,1,10:05:50.304464906
5052.25,1,10:05:50.304550012
5052.25,1,10:05:50.304602909
5052.25,3,10:05:50.304657947
5052.0,1,10:05:50.319931010
5052.25,1,10:05:50.485929339
5052.25,4,10:05:50.486174247
5052.25,1,10:05:50.486335355
5052.25,1,10:05:50.487174124
5052.25,1,10:05:50.497336777
5052.25,1,10:05:50.551180982
5052.25,1,10:05:50.551375898
5052.25,1,10:05:50.551648285
5052.25,1,10:05:50.551688711
5052.25,9,10:05:50.551865766
5052.25,1,10:05:50.552046801
5052.25,1,10:05:50.895153018
5052.25,2,10:05:50.899323977
5052.25,4,10:05:50.911690597
5052.25,7,10:05:50.923406479
5052.5,4,10:05:51.033650746
5052.5,1,10:05:51.033809182
5052.5,7,10:05:51.033917431
5052.5,4,10:05:51.034248416
5052.5,3,10:05:51.034467050
5052.5,4,10:05:51.080651028
5052.5,1,10:05:51.080818485
5052.5,1,10:05:51.081180838
5052.5,1,10:05:51.134745370
5052.5,1,10:05:51.134927026
5052.5,2,10:05:51.134983298
5052.5,1,10:05:51.166251324
5052.75,19,10:05:51.279428387
5052.75,2,10:05:51.281490301
5052.75,1,10:05:51.281686685
5052.75,2,10:05:51.281742187
5052.75,10,10:05:51.282081330
5052.75,1,10:05:51.282227426
5052.75,1,10:05:51.282485140
5052.75,2,10:05:51.282542856
5052.75,1,10:05:51.282741148
5053.0,3,10:05:51.516693934
5053.0,1,10:05:51.516713069
5053.0,28,10:05:51.516996426
5053.0,1,10:05:51.517368005
5053.0,10,10:05:51.517689383
5053.0,1,10:05:51.525153976
5052.75,1,10:05:51.540772217
5052.75,1,10:05:51.622549205
5052.75,7,10:05:51.763175878
5052.75,1,10:05:51.763380797
5052.75,3,10:05:51.769171909
5052.75,2,10:05:51.769368381
5052.75,4,10:05:51.939989701
5052.75,1,10:05:52.033385152
5052.5,6,10:05:52.235304523
5052.5,4,10:05:52.235329490
5052.5,2,10:05:52.235671761
5052.5,1,10:05:52.235728363
5052.5,1,10:05:52.235762424
5052.75,2,10:05:52.307660646
5052.5,9,10:05:52.476167052
5052.5,1,10:05:52.476387294
5052.5,1,10:05:52.476441429
5052.5,1,10:05:52.476499072
5052.5,1,10:05:52.476580799
5052.5,2,10:05:52.477284931
5052.5,7,10:05:52.493849553
5052.5,4,10:05:52.493991057
5052.5,8,10:05:52.502096593
5052.25,5,10:05:52.790512697
5052.25,1,10:05:52.790803580
5052.25,2,10:05:52.791004883
5052.25,1,10:05:52.791147055
5052.25,1,10:05:52.791418011
5052.25,2,10:05:52.791476822
5052.25,1,10:05:52.791629839
5052.25,2,10:05:52.794451637
5052.25,1,10:05:52.794638870
5052.25,3,10:05:52.794889524
5052.25,1,10:05:52.795091957
5052.25,2,10:05:52.799592180
5052.25,1,10:05:52.799819307
5052.25,3,10:05:52.800121415
5052.25,7,10:05:52.955286696
5052.25,3,10:05:53.073972502
5052.25,4,10:05:53.074215960
5052.25,1,10:05:53.189803890
5052.25,3,10:05:53.189908035
5052.5,1,10:05:53.246506771
5052.25,1,10:05:53.283424646
5052.5,1,10:05:53.318998890
5052.25,7,10:05:53.374962537
5052.25,19,10:05:53.375624324
5052.25,1,10:05:53.375740115
5052.25,1,10:05:53.375775876
5052.25,1,10:05:53.375829720
5052.25,1,10:05:53.375895977
5052.25,1,10:05:53.380335648
5052.25,4,10:05:53.555168990
5052.25,7,10:05:53.741599798
5052.25,1,10:05:53.741740019
5052.25,2,10:05:53.741803301
5052.25,1,10:05:53.741867790
5052.25,3,10:05:53.742008674
5052.25,2,10:05:54.390947108
5052.25,2,10:05:54.637021501
5052.5,1,10:05:54.682273858
5052.25,2,10:05:54.767347789
5052.25,5,10:05:55.308991463
5052.25,15,10:05:55.741033430
5052.25,1,10:05:55.741385142
5052.25,1,10:05:55.741452469
5052.25,4,10:05:55.816350950
5052.25,2,10:05:55.816581483
5052.25,2,10:05:55.816622225
5052.25,1,10:05:55.816934252
5052.25,1,10:05:55.816974511
5052.25,1,10:05:55.817111843
5052.25,1,10:05:55.817235285
5052.25,1,10:05:55.817421222
5052.25,5,10:05:55.817516146
5052.25,1,10:05:55.817634935
5052.25,4,10:05:55.817740722
5052.25,6,10:05:55.825944705
5052.25,2,10:05:55.826225406
5052.25,5,10:05:55.826419316
5052.25,2,10:05:55.937971939
5052.25,1,10:05:55.961693330
5052.25,1,10:05:55.971061247
5052.25,1,10:05:55.988821922
5052.5,1,10:05:56.014002981
5052.25,1,10:05:56.340779418
5052.5,1,10:05:56.617345312
5052.5,1,10:05:56.777929167
5052.25,1,10:05:56.835804207
5052.25,4,10:05:56.836038621
5052.25,2,10:05:56.836333523
5052.25,2,10:05:56.836540453
5052.25,2,10:05:56.836582670
5052.25,2,10:05:56.836639222
5052.25,2,10:05:56.836695121
5052.25,1,10:05:56.836695121
5052.25,1,10:05:56.836730120
5052.25,1,10:05:56.836981277
5052.25,2,10:05:56.837175957
5052.25,2,10:05:56.918063278
5052.25,2,10:05:56.918757894
5052.25,1,10:05:56.919167569
5052.0,1,10:05:57.259156756
5052.0,1,10:05:57.259345730
5052.0,1,10:05:57.259385862
5052.0,7,10:05:57.259441197
5052.0,1,10:05:57.259485535
5052.0,8,10:05:57.259534402
5051.75,1,10:05:57.406767230
5051.75,1,10:05:57.406819090
5051.75,1,10:05:57.406952494
5051.75,3,10:05:57.407021330
5051.75,2,10:05:57.407080746
5051.75,1,10:05:57.407255710
5051.75,8,10:05:57.407331481
5051.75,1,10:05:57.407945036
5051.75,1,10:05:57.408170087
5051.75,4,10:05:57.408248569
5051.75,5,10:05:57.408331564
5051.75,1,10:05:57.408331564
5051.75,4,10:05:57.418562245
5051.75,1,10:05:57.418718440
5051.75,1,10:05:57.420892126
5051.75,2,10:05:57.460063687
5051.75,2,10:05:57.553550201
5051.75,2,10:05:57.554590488
5051.75,1,10:05:57.670784659
5051.5,5,10:05:57.726524502
5051.5,1,10:05:57.726541473
5051.5,5,10:05:57.726541473
5051.5,1,10:05:57.726547342
5051.5,1,10:05:57.726553361
5051.5,1,10:05:57.726562164
5051.5,1,10:05:57.726567876
5051.5,1,10:05:57.726571505
5051.5,2,10:05:57.726812995
5051.5,2,10:05:57.726883992
5051.5,2,10:05:57.726916434
5051.5,2,10:05:57.726952466
5051.5,3,10:05:57.727016439
5051.5,2,10:05:57.727044465
5051.5,5,10:05:57.727106991
5051.5,2,10:05:57.727149532
5051.5,6,10:05:57.727220897
5051.5,6,10:05:57.727262879
5051.5,5,10:05:57.754568463
5051.5,2,10:05:57.758603844
5051.5,1,10:05:57.780718974
5051.5,6,10:05:57.818461303
5051.25,3,10:05:58.044868554
5051.25,1,10:05:58.044884307
5051.25,1,10:05:58.044970131
5051.25,4,10:05:58.045035287
5051.25,1,10:05:58.045120815
5051.25,5,10:05:58.045120815
5051.25,1,10:05:58.045190752
5051.25,2,10:05:58.045190752
5051.25,1,10:05:58.045270082
5051.25,3,10:05:58.045270082
5051.25,1,10:05:58.045292205
5051.25,13,10:05:58.045339027
5051.25,2,10:05:58.056076659
5051.25,11,10:05:58.056355477
5051.25,1,10:05:58.059561042
5051.25,2,10:05:58.107586907
5051.25,2,10:05:58.147436039
5051.25,2,10:05:58.147459208
5051.25,2,10:05:58.147497483
5051.25,3,10:05:58.147652996
5051.25,3,10:05:58.148063838
5051.25,1,10:05:58.148232007
5051.25,2,10:05:58.148294857
5051.25,1,10:05:58.151439697
5051.25,1,10:05:58.277347877
5051.25,4,10:05:58.290158682
5051.25,3,10:05:58.290342481
5051.25,3,10:05:58.290383044
5051.25,1,10:05:58.290467047
5051.25,1,10:05:58.290876460
5051.0,1,10:05:58.297397964
5051.0,3,10:05:58.297410009
5051.0,1,10:05:58.297410009
5051.0,5,10:05:58.297417958
5051.0,3,10:05:58.297417958
5051.0,1,10:05:58.297417958
5051.0,3,10:05:58.297423177
5051.25,1,10:05:58.307832280
5051.25,2,10:05:58.307868283
5051.25,2,10:05:58.307936073
5051.25,1,10:05:58.308272558
5051.25,1,10:05:58.308456075
5051.25,1,10:05:58.327662494
5051.25,6,10:05:58.350486426
5051.25,1,10:05:58.350815748
5051.25,2,10:05:58.351957522
5051.25,1,10:05:58.351986603
5051.25,1,10:05:58.381066009
5051.0,1,10:05:58.428248608
5051.25,3,10:05:58.428686927
5051.25,1,10:05:58.453356048
5051.25,1,10:05:58.453642134
5051.25,1,10:05:58.454242382
5051.25,1,10:05:58.457566978
5051.25,1,10:05:58.460286894
5051.25,1,10:05:58.460472694
5051.5,2,10:05:58.582893413
5051.5,3,10:05:58.592632453
5051.5,3,10:05:58.592684228
5051.5,2,10:05:58.592720405
5051.5,1,10:05:58.592768834
5051.5,3,10:05:58.592817056
5051.5,3,10:05:58.620365597
5051.5,2,10:05:58.620407007
5051.75,1,10:05:58.624298468
5051.5,3,10:05:58.629143628
5051.5,3,10:05:58.632951833
5051.5,1,10:05:58.633158944
5051.5,1,10:05:58.633195466
5051.5,2,10:05:58.633364677
5051.25,38,10:05:58.650766486
5051.5,12,10:05:58.650766486
5051.5,1,10:05:58.677410193
5051.5,2,10:05:58.677575548
5051.5,3,10:05:58.677640336
5051.5,2,10:05:58.677724921
5051.5,1,10:05:58.677753949
5051.5,1,10:05:58.733057322
5051.25,1,10:05:58.764170163
5051.5,1,10:05:58.795806971
5051.5,6,10:05:58.796022674
5051.5,1,10:05:58.796347228
5051.5,1,10:05:58.796386505
5051.5,2,10:05:58.836886090
5051.5,3,10:05:58.845921513
5051.5,1,10:05:58.959691515
5051.5,3,10:05:59.033936179
5051.75,25,10:05:59.042806972
5051.75,2,10:05:59.043054430
5051.75,1,10:05:59.043110601
5051.75,2,10:05:59.043145395
5051.75,3,10:05:59.043212372
5051.75,1,10:05:59.043263541
5051.75,4,10:05:59.044910316
5051.75,4,10:05:59.045289329
5051.75,1,10:05:59.045462498
5051.75,2,10:05:59.045502460
5051.75,1,10:05:59.045551667
5051.5,3,10:05:59.127522340
5051.75,1,10:05:59.160126424
5051.75,7,10:05:59.160375849
5051.75,1,10:05:59.160692903
5051.5,1,10:05:59.306803566
5051.5,1,10:05:59.315656266
5051.5,4,10:05:59.392029222
5051.5,25,10:05:59.415548492
5051.5,1,10:05:59.415659026
5051.5,12,10:05:59.415757799
5051.5,4,10:05:59.416170726
5051.5,5,10:05:59.416448754
5051.5,1,10:05:59.416630966
5051.5,1,10:05:59.417592326
5051.5,2,10:05:59.417627082
5051.5,1,10:05:59.421366209
5051.5,1,10:05:59.452785631
5051.5,1,10:05:59.452809023
5051.5,1,10:05:59.452933342
5051.75,9,10:05:59.574793974
5051.75,1,10:05:59.575071250
5051.75,2,10:05:59.575275856
5051.75,4,10:05:59.575357662
5048.0,1,10:07:17.314377375
5048.25,46,10:07:17.322849750
5048.25,1,10:07:17.323236555
5048.25,1,10:07:17.323298646
5048.25,2,10:07:17.323688017
5048.25,2,10:07:17.323730485
5048.25,4,10:07:17.323958039
5048.25,1,10:07:17.324233506
5048.25,1,10:07:17.327349975
5048.25,3,10:07:17.327697604
5048.25,1,10:07:17.327857093
5048.25,11,10:07:17.331297460
5048.25,2,10:07:17.331460708
5048.25,6,10:07:17.349579834
5048.25,1,10:07:17.349961829
5048.25,2,10:07:17.350167130
5048.0,5,10:07:17.436307632
5048.25,1,10:07:17.436544956
5048.25,1,10:07:17.615024899
5048.0,2,10:07:17.617449969
5048.0,25,10:07:17.629731589
5048.0,2,10:07:17.629875806
5048.0,3,10:07:17.630153888
5048.0,13,10:07:17.669852160
5048.0,9,10:07:17.670164692
5048.0,2,10:07:17.670318191
5048.0,1,10:07:17.713963074
5048.0,2,10:07:17.739581011
5048.0,1,10:07:17.739708875
5048.0,1,10:07:17.739885312
5048.0,1,10:07:17.739912557
5048.0,8,10:07:17.748053975
5048.0,1,10:07:17.748249800
5048.0,2,10:07:17.750454145
5048.0,4,10:07:17.751569010
5048.0,1,10:07:17.751719912
5048.0,3,10:07:17.751789135
5048.0,1,10:07:17.839297487
5047.75,2,10:07:17.871263529
5047.75,1,10:07:17.871279715
5047.75,2,10:07:17.871279715
5047.75,1,10:07:17.871416694
5047.75,1,10:07:17.871452950
5047.75,22,10:07:17.871617020
5047.75,1,10:07:17.871679601
5047.75,1,10:07:17.872164875
5047.75,1,10:07:17.872215158
5047.75,1,10:07:17.872413415
5047.75,2,10:07:17.879816172
5047.75,1,10:07:17.892814587
5047.75,1,10:07:17.898598422
5047.75,3,10:07:17.906701436
5047.75,4,10:07:17.998649195
5047.75,1,10:07:17.998807484
5047.75,4,10:07:18.006948748
5047.75,1,10:07:18.042239344
5047.75,1,10:07:18.045401638
5047.75,1,10:07:18.045581904
5047.75,1,10:07:18.045797905
5047.75,5,10:07:18.047072059
5047.75,2,10:07:18.047417183
5047.75,7,10:07:18.113334273
5048.0,3,10:07:18.178742266
5048.0,1,10:07:18.178774714
5048.0,1,10:07:18.178820615
5048.0,1,10:07:18.178934888
5048.0,2,10:07:18.179215210
5048.25,3,10:07:18.225678940
5048.25,1,10:07:18.248452880
5048.0,15,10:07:18.276930897
5047.75,7,10:07:18.484397529
5048.0,8,10:07:18.484397529
5048.0,3,10:07:18.484799374
5048.0,14,10:07:18.485181500
5048.0,1,10:07:18.485541037
5048.0,1,10:07:18.488814098
5048.25,2,10:07:18.490261977
5048.25,1,10:07:18.573844971
5048.0,2,10:07:18.809216633
5048.25,1,10:07:18.992353074
5048.0,3,10:07:19.126893209
5048.25,30,10:07:19.163335881
5048.25,1,10:07:19.163563306
5048.25,1,10:07:19.163597156
5048.25,2,10:07:19.163710233
5048.25,3,10:07:19.163954082
5048.25,1,10:07:19.164117618
5048.25,1,10:07:19.164326611
5048.25,3,10:07:19.165868217
5048.25,1,10:07:19.165904336
5048.25,1,10:07:19.165954935
5048.25,1,10:07:19.166146779
5048.25,1,10:07:19.166311915
5048.25,1,10:07:19.166520246
5048.25,1,10:07:19.174056017
5048.25,2,10:07:19.366838063
5048.25,2,10:07:19.366864096
5048.25,2,10:07:19.366914955
5048.25,5,10:07:19.378727999
5048.0,2,10:07:19.451888896
5048.0,1,10:07:19.585983128
5048.0,1,10:07:19.586878260
5048.25,1,10:07:19.772002387
5048.0,1,10:07:20.008002770
5048.25,2,10:07:20.113607020
5048.25,2,10:07:20.113835092
5048.25,2,10:07:20.114041737
5048.25,1,10:07:20.115811001
5048.25,4,10:07:20.115888602
5048.25,2,10:07:20.115888602
5048.25,5,10:07:20.115910091
5048.25,5,10:07:20.264738160
5048.5,2,10:07:20.350210991
5048.5,22,10:07:20.350564335
5048.5,1,10:07:20.350889817
5048.5,1,10:07:20.351093511
5048.5,1,10:07:20.351368678
5048.25,7,10:07:20.371603956
5048.25,1,10:07:20.373215553
5048.25,1,10:07:20.488212669
5048.25,9,10:07:20.555579913
5048.25,1,10:07:20.562986207
5048.5,1,10:07:20.569851862
5048.5,4,10:07:20.580790840
5048.5,1,10:07:20.629998746
5048.25,1,10:07:20.640778458
5048.5,1,10:07:21.022494830
5048.25,5,10:07:21.034812089
5048.25,1,10:07:21.035117753
5048.25,2,10:07:21.035277592
5048.25,10,10:07:21.035450979
5048.25,1,10:07:21.035787341
5048.25,7,10:07:21.035894873
5048.25,1,10:07:21.035988715
5048.25,4,10:07:21.036034946
5048.25,1,10:07:21.036186952
5048.25,7,10:07:21.047347667
5048.25,1,10:07:21.048123327
5048.25,5,10:07:21.102994729
5048.5,6,10:07:21.248602392
5048.5,1,10:07:21.248770453
5048.5,2,10:07:21.248848961
5048.5,1,10:07:21.248848961
5048.5,3,10:07:21.248929823
5048.5,1,10:07:21.248929823
5048.5,2,10:07:21.248974195
5048.5,1,10:07:21.249128233
5048.5,9,10:07:21.308584314
5048.5,1,10:07:21.308912612
5048.5,3,10:07:21.327253454
5048.5,2,10:07:21.327300396
5048.5,1,10:07:21.327618838
5048.5,3,10:07:21.327660013
5048.5,1,10:07:21.791462080
5048.5,1,10:07:22.292725883
5048.5,5,10:07:22.325542265
5048.5,7,10:07:22.382051524
5048.5,1,10:07:22.382194289
5048.5,2,10:07:22.382242117
5048.5,2,10:07:22.382275254
5048.5,1,10:07:22.383011374
5048.5,1,10:07:22.611117550
5048.75,1,10:07:22.977387423
5048.75,1,10:07:22.977404940
5048.75,22,10:07:22.979481206
5048.75,1,10:07:22.979956521
5048.75,6,10:07:22.982470070
5048.75,1,10:07:22.999239845
5048.75,4,10:07:23.019824304
5048.75,6,10:07:23.245247051
5048.75,1,10:07:23.281823337
5048.75,1,10:07:23.282017171
5048.75,1,10:07:23.282056013
5049.0,1,10:07:23.444694011
5049.0,10,10:07:23.444976233
5049.25,1,10:07:23.583535108
5049.25,6,10:07:23.583797648
5049.25,3,10:07:23.583866459
5049.25,1,10:07:23.583962666
5049.25,1,10:07:23.584002605
5049.25,3,10:07:23.584192415
5049.25,2,10:07:23.584501852
5049.25,1,10:07:23.584562054
5049.25,4,10:07:23.584951447
5049.25,1,10:07:23.592052905
5049.25,2,10:07:23.597400604
5049.25,1,10:07:23.597734099
5049.25,3,10:07:23.597941831
5049.25,2,10:07:23.597978148
5049.25,1,10:07:23.598091591
5049.25,2,10:07:23.598260545
5049.25,8,10:07:23.599670496
5049.25,1,10:07:23.605342019
5049.25,1,10:07:23.605739505
5049.25,1,10:07:23.612208466
5049.5,9,10:07:23.612208466
5049.25,1,10:07:23.621653291
5049.25,1,10:07:23.667204878
5049.25,3,10:07:23.667269578
5049.25,3,10:07:23.667328025
5049.25,1,10:07:23.667451993
5049.25,1,10:07:23.667682020
5049.25,3,10:07:23.667853361
5049.25,3,10:07:23.667903627
5049.25,1,10:07:23.667928505
5049.25,1,10:07:23.720601259
5049.25,1,10:07:23.720698515
5049.25,1,10:07:23.721037498
5049.0,1,10:07:23.778918756
5049.25,4,10:07:23.778918756
5049.25,3,10:07:23.779286579
5049.25,4,10:07:23.779587509
5049.5,1,10:07:23.894931318
5049.25,6,10:07:24.083214202
5049.25,2,10:07:24.083494896
5049.25,3,10:07:24.083730292
5049.25,5,10:07:24.083964015
5049.25,1,10:07:24.084128595
5049.25,1,10:07:24.084350622
5049.25,1,10:07:24.137992106
5049.0,5,10:07:24.192020781
5049.0,1,10:07:24.395522319
5049.25,7,10:07:24.478350051
5049.25,1,10:07:24.478384932
5049.25,1,10:07:24.478537908
5049.25,1,10:07:24.478566503
5049.25,1,10:07:24.478827795
5049.25,5,10:07:24.479037828
5049.25,1,10:07:24.479069490
5049.25,2,10:07:24.479108137
5049.25,2,10:07:24.612575888
5049.25,1,10:07:24.628225351
5049.25,5,10:07:24.653379766
5049.5,5,10:07:24.732065499
5049.25,6,10:07:24.748638654
5049.25,1,10:07:24.748925781
5049.25,8,10:07:24.749157670
5049.25,2,10:07:24.749203901
5049.25,4,10:07:24.759511514
5049.25,1,10:07:24.759546561
5049.25,1,10:07:24.789195607
5049.25,2,10:07:24.939676459
5049.25,1,10:07:24.939871070
5049.25,1,10:07:24.939980788
5049.25,1,10:07:25.090791174
5049.5,1,10:07:25.249089697
5049.5,4,10:07:25.249231891
5049.5,16,10:07:25.249348316
5049.5,1,10:07:25.250092658
5049.5,3,10:07:25.250246145
5049.5,1,10:07:25.250723627
5049.5,8,10:07:25.261290611
5049.5,1,10:07:25.261461488
5049.5,5,10:07:25.261740870
5049.5,2,10:07:25.261903856
5049.25,2,10:07:25.322013896
5049.25,19,10:07:25.322316999
5049.25,1,10:07:25.344574229
5049.25,3,10:07:25.344727057
5049.25,2,10:07:25.356445527
5049.25,3,10:07:25.356506671
5049.25,1,10:07:25.356506671
5049.25,3,10:07:25.356746816
5049.25,2,10:07:25.356783357
5049.25,1,10:07:25.356820571
5049.0,30,10:07:25.389192475
5049.0,1,10:07:25.389215032
5049.25,10,10:07:25.544331155
5049.25,1,10:07:25.544348605
5049.25,2,10:07:25.856747857
5049.5,1,10:07:26.012600524
5049.5,1,10:07:26.035015721
5049.5,1,10:07:26.067751852
5049.5,1,10:07:26.068799563
5049.5,1,10:07:26.069149349
5049.5,6,10:07:26.069233232
5049.5,1,10:07:26.069364304
5049.5,1,10:07:26.069441467
5049.5,1,10:07:26.069778596
5049.5,4,10:07:26.079617886
5049.5,1,10:07:26.079927163
5049.5,3,10:07:26.080146280
5049.5,3,10:07:26.170970739
5049.5,6,10:07:26.286295305
5049.5,1,10:07:26.286573451
5049.5,9,10:07:26.286848078
5049.5,2,10:07:26.404290999
5049.5,7,10:07:26.405457704
5049.5,4,10:07:26.405694547
5049.5,1,10:07:26.406097845
5049.5,1,10:07:26.406417022
5049.5,9,10:07:26.486065434
5049.5,5,10:07:26.486397261
5049.5,1,10:07:26.486471077
5049.5,2,10:07:26.486614894
5049.75,1,10:07:26.743634245
5049.75,1,10:07:26.745615309
5049.75,1,10:07:26.980861571
5049.75,11,10:07:26.981027987
5049.75,1,10:07:26.981942613
5049.75,1,10:07:26.981999120
5049.75,3,10:07:26.982267464
5049.75,2,10:07:26.989191595
5049.75,1,10:07:26.991359584
5049.75,1,10:07:26.991425588
5049.75,1,10:07:26.991940207
5049.75,1,10:07:26.998014637
5049.75,2,10:07:27.003804421
5049.75,1,10:07:27.004076567
5049.75,1,10:07:27.004107642
5049.75,1,10:07:27.005536094
5049.75,1,10:07:27.005801715
5049.75,1,10:07:27.011800812
5049.75,5,10:07:27.194099308
5049.75,1,10:07:27.272100379
5049.5,1,10:07:27.336107162
5049.5,2,10:07:27.475984203
5049.5,14,10:07:27.476246470
5049.5,1,10:07:27.476277322
5049.5,4,10:07:27.476416518
5049.5,1,10:07:27.476603980
5049.5,1,10:07:27.480240471
5049.75,1,10:07:27.647620834
5049.75,1,10:07:27.653205353
5049.75,1,10:07:27.824103038
5049.5,10,10:07:27.851706969
5049.5,17,10:07:27.852614985
5049.5,2,10:07:27.868030470
5049.75,3,10:07:28.045620706
5049.5,5,10:07:28.092132948
5049.75,1,10:07:28.228077267
5049.75,2,10:07:28.522365550
5049.75,6,10:07:28.522564725
5049.75,1,10:07:28.523355016
5049.75,1,10:07:28.531485154
5049.75,2,10:07:28.531536895
5049.75,1,10:07:28.531678601
5049.75,2,10:07:28.532100255
5049.75,6,10:07:28.532261057
5050.0,1,10:07:28.553639120
5050.0,1,10:07:28.553655774
5050.0,2,10:07:28.553655774
5050.0,1,10:07:28.577078325
5049.75,6,10:07:28.611924063
5049.75,1,10:07:28.612322465
5049.75,13,10:07:28.612624825
5049.75,1,10:07:28.612872834
5049.75,6,10:07:28.613105516
5049.75,1,10:07:28.662347804
5049.5,1,10:07:28.688238924
5049.5,10,10:07:28.688560645
5049.5,1,10:07:28.726426787
5049.25,1,10:07:28.835468403
5049.25,4,10:07:28.835526493
5049.25,1,10:07:28.835575873
5049.25,1,10:07:28.835629443
5049.25,2,10:07:28.835676497
5049.25,1,10:07:28.835711918
5049.25,3,10:07:28.835782472
5049.25,3,10:07:28.835824124
5049.25,1,10:07:28.836074569
5049.0,1,10:07:28.958819275
5049.25,1,10:07:29.043981976
5049.0,1,10:07:29.101301709
5049.25,1,10:07:29.148406824
5049.25,10,10:07:29.148535204
5049.25,1,10:07:29.148654866
5049.25,5,10:07:29.148654866
5049.25,3,10:07:29.148654866
5049.25,3,10:07:29.148691642
5049.25,4,10:07:29.148982436
5049.25,3,10:07:29.149140255
5049.25,4,10:07:29.149140255
5049.25,1,10:07:29.383498442
5049.25,4,10:07:29.383732914
5049.25,2,10:07:29.384158187
5049.25,3,10:07:29.384329880
5049.25,1,10:07:29.384549779
5049.25,2,10:07:29.384615021
5049.25,1,10:07:29.384615021
5049.5,2,10:07:29.385048759
5049.5,10,10:07:29.501854646
5049.25,3,10:07:29.502822445
5049.25,2,10:07:29.560309438
5049.25,1,10:07:29.560355259
5049.0,1,10:07:29.590781702
5049.25,5,10:07:29.599721999
5049.25,1,10:07:29.752606252
5049.25,1,10:07:29.769932528
5049.25,2,10:07:29.770163266
5049.25,2,10:07:30.014065147
5049.5,1,10:07:30.435027578
5049.5,2,10:07:30.543586855
5049.5,4,10:07:30.543657272
5049.5,2,10:07:30.543657272
5049.5,9,10:07:30.544016208
5049.5,4,10:07:30.616746307
5049.5,5,10:07:30.619834735
5049.5,1,10:07:30.619901579
5049.5,2,10:07:30.632329956
5049.5,2,10:07:30.632512619
5049.5,1,10:07:30.640569316
5049.5,1,10:07:30.640601099
5049.5,4,10:07:30.674461686
5049.75,1,10:07:31.261113948
5049.5,4,10:07:31.262737271
5049.5,1,10:07:31.262902503
5049.5,3,10:07:31.262972447
5049.5,15,10:07:31.263507497
5049.5,1,10:07:31.263793750
5049.5,3,10:07:31.264004176
5049.5,3,10:07:31.312995003
5049.5,3,10:07:31.492576603
5049.5,1,10:07:31.492815561
5049.5,1,10:07:31.493000016
5049.5,1,10:07:31.493321959
5049.5,2,10:07:31.493410003
5049.5,2,10:07:31.691116976
5049.5,1,10:07:31.772325629
5049.5,3,10:07:31.772506627
5049.5,3,10:07:31.772543409
5049.5,1,10:07:31.772812999
5049.5,1,10:07:31.834930854
5049.75,10,10:07:32.192039758
5049.75,1,10:07:32.192060398
5049.75,5,10:07:32.192176169
5050.0,1,10:07:32.223656602
5050.0,8,10:07:32.223665505
5049.75,10,10:07:32.514023313
5049.75,4,10:07:32.514049498
5049.5,5,10:07:32.542298176
5049.5,10,10:07:32.543200531
5049.5,1,10:07:32.683266746
5049.25,1,10:07:32.764334679
5049.25,3,10:07:32.764394590
5049.25,1,10:07:32.764440828
5049.25,1,10:07:32.764723388
5049.25,2,10:07:32.764870300
5049.25,1,10:07:32.764906099
5049.25,2,10:07:32.764988916
5049.25,1,10:07:32.765244269
5049.25,5,10:07:32.765483515
5049.25,1,10:07:32.765643474
5049.25,1,10:07:32.784201646
5049.25,1,10:07:32.970615332
5049.25,1,10:07:33.164568805
5049.25,13,10:07:33.201639683
5049.25,1,10:07:33.201767000
5049.5,2,10:07:33.228386446
5049.5,1,10:07:33.418847372
5049.25,3,10:07:33.659860685
5049.25,1,10:07:33.659966274
5049.25,2,10:07:33.659966274
5049.25,1,10:07:33.659998070
5049.25,8,10:07:33.695329329
5049.25,1,10:07:33.695603732
5049.25,2,10:07:33.695781163
5049.25,1,10:07:33.695812644
5049.25,1,10:07:33.696011617
5049.25,1,10:07:33.696184124
5049.25,1,10:07:33.696231469
5049.25,1,10:07:33.718733193
5049.5,2,10:07:33.996311038
5049.25,1,10:07:34.040767513
5049.5,2,10:07:34.162466879
5049.5,2,10:07:34.189568257
5049.5,6,10:07:34.189763636
5049.5,1,10:07:34.541706432
5049.75,1,10:07:34.857030932
5049.75,1,10:07:35.042242639
5049.75,1,10:07:35.143932171
5049.75,5,10:07:35.144188342
5049.75,6,10:07:35.297676546
5049.75,1,10:07:35.327826024
