price,volume,timestamp
5043.0,7,13:20:00.245160154
5043.0,1,13:20:00.245902147
5043.0,5,13:20:00.245977322
5043.0,1,13:20:00.246036950
5043.0,2,13:20:00.246093575
5043.0,4,13:20:00.246639985
5043.0,1,13:20:00.246687641
5043.0,9,13:20:00.246758558
5043.0,1,13:20:00.246758558
5043.0,2,13:20:00.246856342
5043.0,1,13:20:00.246884010
5043.0,1,13:20:00.246989315
5043.0,4,13:20:00.247122629
5043.0,26,13:20:00.247508038
5043.0,1,13:20:00.248659627
5043.0,1,13:20:00.248964647
5043.0,1,13:20:00.258693736
5043.0,3,13:20:00.258784352
5043.0,1,13:20:00.258903523
5043.0,4,13:20:00.258903523
5043.0,4,13:20:00.259001806
5043.0,1,13:20:00.259659205
5043.0,1,13:20:00.259751606
5043.0,2,13:20:00.259996252
5043.25,1,13:20:00.260755294
5043.0,1,13:20:00.291387441
5043.0,10,13:20:00.371921099
5043.25,6,13:20:00.568209091
5043.25,3,13:20:00.568245840
5043.25,3,13:20:00.568434186
5043.25,1,13:20:00.568487576
5043.25,1,13:20:00.568560761
5043.25,1,13:20:00.568601995
5043.25,1,13:20:00.568668466
5043.25,12,13:20:00.568783931
5043.25,1,13:20:02.131464248
5043.25,5,13:20:02.131534528
5043.25,1,13:20:02.131643244
5043.25,1,13:20:02.131758837
5043.25,2,13:20:02.131788735
5043.25,1,13:20:02.274979006
5043.25,1,13:20:02.277827291
5043.25,1,13:20:02.277905733
5043.25,1,13:20:02.278258496
5043.25,2,13:20:02.425217736
5043.25,4,13:20:02.425449664
5043.5,1,13:20:02.924562131
5043.5,4,13:20:02.924852578
5043.5,1,13:20:02.925093661
5043.5,6,13:20:02.925093661
5043.5,5,13:20:02.925093661
5043.5,2,13:20:02.925131608
5043.5,1,13:20:02.925590292
5043.5,1,13:20:02.925669939
5043.5,4,13:20:02.925669939
5043.5,2,13:20:02.926334957
5043.5,2,13:20:02.926407368
5043.5,8,13:20:03.509932021
5043.5,5,13:20:03.509997779
5043.5,10,13:20:03.809216764
5043.5,1,13:20:04.142359358
5043.5,1,13:20:04.151368257
5043.5,1,13:20:04.385538283
5043.5,4,13:20:04.432132956
5043.5,1,13:20:04.432154499
5043.5,1,13:20:04.435720213
5043.5,8,13:20:04.436440483
5043.5,2,13:20:04.436573445
5043.5,10,13:20:04.436573445
5043.5,1,13:20:04.436695720
5043.5,1,13:20:04.436768387
5043.5,1,13:20:04.436995872
5043.5,5,13:20:04.437050531
5043.5,1,13:20:04.437229228
5043.5,6,13:20:04.437388748
5043.5,1,13:20:04.443835220
5043.5,1,13:20:04.444054086
5043.5,3,13:20:04.832350546
5043.5,3,13:20:04.832409705
5043.5,5,13:20:04.842057113
5043.5,1,13:20:04.842203455
5043.5,3,13:20:04.842634088
5043.5,7,13:20:04.842854300
5043.5,2,13:20:04.842923165
5043.5,2,13:20:04.843027856
5043.5,1,13:20:04.843079687
5043.25,1,13:20:04.869445850
5043.5,1,13:20:07.178518948
5043.5,16,13:20:09.182220791
5043.5,3,13:20:09.182312943
5043.5,4,13:20:09.182401879
5043.5,2,13:20:09.182401879
5043.5,3,13:20:09.182401879
5043.5,1,13:20:09.182857856
5043.5,3,13:20:09.182857856
5043.5,2,13:20:09.183997294
5043.75,6,13:20:09.321883140
5043.75,1,13:20:09.917993000
5043.75,1,13:20:09.927256469
5043.75,1,13:20:09.927433695
5043.75,1,13:20:09.927485702
5043.75,3,13:20:09.939267585
5043.75,17,13:20:09.939652099
5043.75,1,13:20:09.941683694
5043.75,1,13:20:09.941860537
5043.75,4,13:20:09.942003679
5043.75,3,13:20:09.942003679
5043.75,4,13:20:09.942072723
5043.75,1,13:20:09.942381402
5043.75,2,13:20:09.942589550
5043.75,1,13:20:09.942621525
5043.75,1,13:20:09.942757931
5043.75,3,13:20:09.942838347
5043.75,1,13:20:09.943169267
5043.75,1,13:20:10.273482348
5043.75,4,13:20:10.273555879
5043.75,3,13:20:10.273646428
5043.75,4,13:20:10.273760024
5043.75,2,13:20:10.273760024
5043.75,1,13:20:10.273821728
5043.75,1,13:20:10.277864366
5043.75,1,13:20:10.278345022
5043.75,1,13:20:10.289324194
5043.75,25,13:20:10.614927033
5043.75,1,13:20:10.615034901
5043.75,3,13:20:10.615168651
5043.75,8,13:20:10.615566438
5043.75,1,13:20:10.615632078
5043.75,1,13:20:10.876412163
5043.75,1,13:20:10.876786206
5043.75,2,13:20:10.877012953
5043.75,1,13:20:10.884489901
5043.75,2,13:20:10.891514337
5043.75,1,13:20:11.005144916
5043.75,2,13:20:13.229841308
5043.75,4,13:20:13.230012668
5043.75,11,13:20:13.230162748
5043.75,1,13:20:13.230212934
5043.75,1,13:20:13.230892980
5043.75,1,13:20:13.231157270
5043.75,3,13:20:13.240106314
5043.75,3,13:20:13.240158639
5043.75,8,13:20:13.240311493
5043.75,2,13:20:13.240374531
5043.75,2,13:20:13.241366734
5043.75,28,13:20:13.606281646
5044.0,22,13:20:13.606281646
5044.0,1,13:20:13.606294753
5043.75,15,13:20:13.606985686
5043.75,1,13:20:13.607101989
5043.75,4,13:20:13.607234375
5043.75,1,13:20:13.607761426
5043.75,1,13:20:13.719709896
5043.75,1,13:20:13.724496517
5043.75,7,13:20:13.872318231
5044.0,5,13:20:14.926420215
5044.0,9,13:20:14.926716177
5044.0,1,13:20:14.932540684
5044.25,23,13:20:15.426242814
5044.0,9,13:20:16.126431125
5044.0,1,13:20:16.126549034
5044.0,2,13:20:16.126608667
5044.0,1,13:20:16.126680950
5044.0,3,13:20:16.126680950
5044.0,3,13:20:16.126787391
5044.0,6,13:20:16.126877444
5044.0,1,13:20:16.628108536
5044.0,1,13:20:16.793765619
5044.0,1,13:20:16.878064496
5044.0,1,13:20:16.878260954
5044.0,1,13:20:16.878435899
5044.0,1,13:20:16.878607133
5044.0,1,13:20:17.923495631
5044.0,12,13:20:18.663990486
5043.75,8,13:20:18.698624462
5043.75,6,13:20:18.732034608
5043.75,8,13:20:18.732240522
5043.75,2,13:20:18.732424415
5043.75,1,13:20:18.732424415
5043.75,3,13:20:18.732704567
5043.75,2,13:20:18.732704567
5043.75,1,13:20:18.732704567
5043.75,6,13:20:18.732805372
5043.75,1,13:20:18.732805372
5043.75,1,13:20:18.733064424
5043.75,3,13:20:18.733165002
5044.0,2,13:20:19.090052712
5044.0,12,13:20:19.090137871
5044.0,1,13:20:19.231078760
5044.0,1,13:20:20.256989034
5044.25,1,13:20:21.059976728
5044.25,1,13:20:22.030397165
5044.25,1,13:20:22.058910773
5044.25,2,13:20:22.708740010
5044.0,15,13:20:23.052976824
5044.0,3,13:20:23.053278911
5044.0,2,13:20:23.053482164
5044.0,1,13:20:23.053596075
5044.0,3,13:20:23.053596075
5044.0,8,13:20:23.053648781
5044.0,2,13:20:23.053916745
5044.0,1,13:20:23.053991252
5044.0,3,13:20:23.054119050
5044.0,3,13:20:23.103937126
5044.0,1,13:20:23.104123930
5044.0,1,13:20:23.104276474
5044.0,1,13:20:23.104386844
5044.0,1,13:20:23.104683820
5044.0,1,13:20:23.255122347
5044.0,1,13:20:23.514485566
5044.0,1,13:20:23.870504081
5044.0,1,13:20:24.512887440
5044.0,2,13:20:24.739465791
5044.0,7,13:20:27.040228165
5044.0,1,13:20:27.064959361
5044.0,1,13:20:27.726541102
5044.0,4,13:20:28.030615795
5044.0,1,13:20:30.179510199
5044.0,1,13:20:30.181111376
5044.0,11,13:20:30.181338385
5044.0,1,13:20:30.181692329
5044.0,2,13:20:30.181767837
5044.0,13,13:20:30.182035449
5044.0,1,13:20:30.182115361
5044.0,1,13:20:30.182152088
5044.0,8,13:20:30.182244954
5044.0,9,13:20:30.182270184
5044.0,1,13:20:30.182313625
5044.0,3,13:20:30.182380320
5044.0,3,13:20:30.182415214
5044.0,2,13:20:30.182635826
5044.0,1,13:20:30.182888228
5044.0,7,13:20:30.183415570
5044.0,1,13:20:30.183457490
5044.0,1,13:20:30.183591753
5044.25,1,13:20:31.153737716
5044.25,4,13:20:31.153985695
5044.25,17,13:20:31.154271650
5044.5,1,13:20:32.712794898
5044.5,1,13:20:32.712805004
5044.5,2,13:20:34.072201045
5044.5,1,13:20:35.587549435
5044.5,23,13:20:35.670433363
5044.5,1,13:20:36.361178664
5044.5,4,13:20:36.787608118
5044.5,3,13:20:36.787809710
5044.5,1,13:20:36.787865042
5044.5,2,13:20:36.787865042
5044.5,1,13:20:36.788039331
5044.5,1,13:20:36.788076576
5044.5,1,13:20:36.796380814
5044.25,1,13:20:37.113619856
5044.5,1,13:20:38.335188633
5044.5,3,13:20:39.412265604
5044.5,1,13:20:39.412518917
5044.5,2,13:20:39.412829621
5044.5,4,13:20:39.412829621
5044.5,1,13:20:39.413316993
5044.5,1,13:20:39.413843690
5044.5,5,13:20:39.413942689
5044.5,3,13:20:39.414092021
5044.5,1,13:20:39.414636067
5044.5,1,13:20:39.414798566
5044.5,4,13:20:39.414798566
5044.5,1,13:20:39.421011268
5044.25,1,13:20:40.628265275
5044.25,3,13:20:41.052482740
5044.25,7,13:20:41.052740834
5044.25,26,13:20:41.052965233
5044.25,1,13:20:41.053268985
5044.25,16,13:20:41.856255523
5044.25,1,13:20:41.856920174
5044.25,21,13:20:41.874803149
5044.5,8,13:20:41.885153077
5044.5,5,13:20:41.894466551
5044.5,1,13:20:41.901305937
5044.5,1,13:20:41.901347855
5044.5,6,13:20:41.901481904
5044.5,1,13:20:41.901647397
5044.5,2,13:20:41.901647397
5044.5,3,13:20:41.901647397
5044.5,2,13:20:41.901714447
5044.5,1,13:20:41.901972760
5044.5,4,13:20:41.902703380
5044.5,3,13:20:41.902876407
5044.5,4,13:20:41.902943762
5044.75,2,13:20:41.948909980
5044.75,2,13:20:41.950007039
5044.75,2,13:20:41.950663154
5044.75,6,13:20:42.023387779
5044.5,48,13:20:42.868306705
5044.5,1,13:20:42.868953659
5044.25,2,13:20:42.870818977
5044.25,1,13:20:42.931836775
5044.25,1,13:20:42.932001261
5044.25,2,13:20:43.329614474
5044.25,20,13:20:43.330522405
5044.25,1,13:20:43.330799691
5044.0,1,13:20:43.417210600
5044.0,32,13:20:43.507730994
5044.0,2,13:20:43.507785770
5044.0,6,13:20:43.507861112
5044.0,1,13:20:44.105051773
5044.0,1,13:20:44.825195525
5044.0,1,13:20:45.010627456
5044.0,1,13:20:46.600876407
5044.0,1,13:20:46.715913974
5044.0,19,13:20:46.718841268
5044.0,2,13:20:46.846111896
5044.0,3,13:20:46.846343694
5044.0,10,13:20:46.846547533
5044.0,3,13:20:46.846547533
5044.0,1,13:20:46.846547533
5044.0,1,13:20:47.317028966
5044.0,15,13:20:47.319213385
5044.25,10,13:20:49.384720682
5044.25,1,13:20:49.384872925
5044.25,3,13:20:49.384872925
5044.25,2,13:20:49.385059066
5044.25,1,13:20:49.385059066
5044.25,7,13:20:49.385059066
5044.25,1,13:20:49.385093852
5044.25,5,13:20:49.385201307
5044.25,1,13:20:49.385201307
5044.25,7,13:20:49.385201307
5044.5,2,13:20:49.495416827
5044.5,1,13:20:49.576394185
5044.5,1,13:20:50.558069921
5044.5,2,13:20:50.826366285
5044.5,1,13:20:50.826400474
5044.5,2,13:20:50.826559367
5044.5,1,13:20:50.826625778
5044.5,1,13:20:50.826839581
5044.5,16,13:20:50.827114892
5044.5,2,13:20:50.827289695
5044.5,1,13:20:50.827367066
5044.5,1,13:20:50.827457583
5044.5,1,13:20:50.827931542
5044.5,1,13:20:50.831343566
5044.5,14,13:20:50.857330660
5044.5,1,13:20:51.514193088
5044.5,3,13:20:52.230113567
5044.5,2,13:20:52.230327047
5044.5,3,13:20:52.230391215
5044.5,1,13:20:52.230428867
5044.5,3,13:20:52.230657713
5044.5,2,13:20:52.230786918
5044.5,1,13:20:52.230786918
5044.5,1,13:20:52.230822887
5044.75,25,13:20:56.154629949
5044.75,1,13:20:56.155189685
5044.75,2,13:20:56.671968743
5045.0,35,13:20:56.859075065
5045.0,1,13:20:56.859094342
5045.0,1,13:20:56.859354853
5045.0,1,13:20:56.859440486
5045.0,1,13:20:56.859503227
5044.75,1,13:20:56.954542499
5044.75,7,13:20:57.063153867
5044.75,7,13:20:57.063334512
5044.75,25,13:20:57.063603748
5044.75,1,13:20:57.063761588
5044.75,3,13:20:57.063808505
5044.75,1,13:20:57.064322707
5044.75,3,13:20:57.065023323
5044.75,1,13:20:57.065161629
5044.75,2,13:20:57.065440352
5044.75,3,13:20:57.073458388
5044.75,2,13:20:57.073763422
5044.75,1,13:20:57.073832243
5044.75,5,13:20:57.187432737
5044.75,3,13:20:57.187658232
5044.75,1,13:20:57.187720923
5044.75,1,13:20:57.374156630
5045.0,20,13:20:58.006616726
5045.0,1,13:20:58.006862734
5045.0,1,13:20:58.008128353
5045.0,1,13:20:58.016222353
5045.0,1,13:20:58.197004340
5045.0,24,13:20:59.185639444
5045.25,1,13:20:59.185639444
5045.0,1,13:20:59.185952426
5045.0,1,13:20:59.186023912
5045.0,1,13:20:59.186113287
5045.0,1,13:20:59.186165966
5045.0,1,13:20:59.186253987
5045.0,1,13:20:59.186387193
5045.0,2,13:20:59.186707920
5045.0,1,13:20:59.297414465
5045.0,1,13:20:59.308317309
5044.75,12,13:20:59.535227710
5044.75,2,13:20:59.536775838
5044.75,1,13:20:59.536823928
5044.75,1,13:20:59.538489357
5044.75,1,13:20:59.538596440
5044.75,1,13:20:59.538633202
5044.75,1,13:20:59.539170369
5044.75,4,13:20:59.539802611
5044.75,1,13:20:59.555817183
5044.5,3,13:21:01.855593511
5044.5,1,13:21:01.855770898
5044.5,1,13:21:01.855821808
5044.5,8,13:21:01.908105213
5044.5,1,13:21:01.908195794
5044.5,3,13:21:01.908195794
5044.5,2,13:21:01.908195794
5044.5,25,13:21:01.908732133
5044.5,1,13:21:01.908901635
5044.5,2,13:21:01.908962820
5044.5,1,13:21:01.909352038
5044.5,4,13:21:01.909470981
5044.5,2,13:21:01.916645590
5044.5,3,13:21:01.916721637
5044.5,1,13:21:01.916802540
5044.5,1,13:21:01.916899438
5044.5,1,13:21:01.916952428
5044.5,1,13:21:01.917065982
5044.5,1,13:21:01.924567254
5044.5,2,13:21:01.924774561
5044.5,1,13:21:01.924817646
5044.5,1,13:21:01.924942566
5044.5,1,13:21:01.984475871
5044.5,1,13:21:02.238976824
5044.75,2,13:21:03.188454917
5044.5,12,13:21:04.184546835
5044.5,5,13:21:04.184650418
5044.5,1,13:21:04.184928683
5044.5,2,13:21:04.185140259
5044.5,2,13:21:04.193011096
5044.5,1,13:21:04.193156939
5044.5,3,13:21:04.941231817
5044.25,5,13:21:04.944877638
5044.25,2,13:21:04.944920743
5044.25,3,13:21:04.945053314
5044.25,1,13:21:04.945128495
5044.25,2,13:21:04.945278664
5044.25,1,13:21:04.945278664
5044.25,1,13:21:04.945311676
5044.25,1,13:21:04.945591861
5044.25,6,13:21:04.945948172
5044.25,1,13:21:04.946124592
5044.5,1,13:21:05.812936639
5044.5,27,13:21:05.813316112
5044.5,6,13:21:07.089373335
5044.5,1,13:21:07.089543278
5044.5,1,13:21:07.089575499
5044.5,16,13:21:07.089888834
5044.5,1,13:21:07.090013590
5044.5,18,13:21:07.111892811
5044.5,1,13:21:07.295501961
5044.5,14,13:21:07.744481988
5044.5,1,13:21:07.744819051
5044.5,12,13:21:07.745277879
5044.5,1,13:21:07.745440929
5044.5,1,13:21:07.745498293
5044.5,1,13:21:07.745716285
5044.75,5,13:21:07.940989368
5044.75,3,13:21:10.769147723
5044.75,1,13:21:10.769322188
5044.75,1,13:21:10.769363859
5044.75,9,13:21:10.781234109
5044.75,3,13:21:10.781283214
5044.75,2,13:21:10.781283214
5044.75,1,13:21:10.781316939
5044.75,1,13:21:10.781380374
5044.75,1,13:21:10.781441021
5044.75,10,13:21:10.781543510
5044.75,1,13:21:10.781907169
5044.75,1,13:21:10.782059695
5044.75,2,13:21:10.782059695
5044.75,1,13:21:10.782167535
5044.75,2,13:21:10.782377044
5044.75,9,13:21:11.595545047
5044.75,2,13:21:11.595896379
5044.5,2,13:21:13.028607855
5044.75,1,13:21:13.335501127
5044.5,1,13:21:13.575236704
5044.5,5,13:21:14.817804198
5044.5,4,13:21:14.817896075
5044.5,6,13:21:14.817896075
5044.5,1,13:21:14.818807738
5044.5,3,13:21:14.819373892
5044.5,10,13:21:14.819373892
5044.5,1,13:21:14.819753668
5044.5,7,13:21:14.820012022
5044.5,1,13:21:14.820195591
5044.5,1,13:21:14.820221501
5044.5,3,13:21:15.611422659
5044.5,4,13:21:15.611596071
5044.5,2,13:21:15.611670119
5044.5,3,13:21:15.611772637
5044.5,2,13:21:15.611772637
5044.5,1,13:21:15.611772637
5044.5,3,13:21:15.611895660
5044.5,1,13:21:15.611895660
5044.5,1,13:21:15.611927619
5044.5,4,13:21:15.612027647
5044.5,1,13:21:15.613993949
5044.5,2,13:21:15.615054739
5044.5,1,13:21:16.832497116
5044.75,3,13:21:17.653024866
5044.75,10,13:21:17.653315954
5044.75,2,13:21:17.653480076
5044.75,4,13:21:17.653480076
5044.75,3,13:21:17.653480076
5044.75,1,13:21:17.653509813
5044.75,1,13:21:17.654750379
5044.75,1,13:21:17.654829456
5044.75,1,13:21:17.654993207
5044.75,1,13:21:17.655227864
5044.75,1,13:21:17.655262940
5044.75,1,13:21:17.655437885
5044.75,1,13:21:18.028130566
5044.75,1,13:21:18.029182536
5044.75,2,13:21:18.155809006
5044.5,4,13:21:18.293262217
5044.75,2,13:21:18.834057040
5044.75,3,13:21:18.834108910
5044.75,2,13:21:18.834373559
5044.75,3,13:21:18.834428670
5044.75,3,13:21:19.077395076
5044.75,1,13:21:19.077425294
5044.75,3,13:21:19.078631351
5044.75,8,13:21:19.091571026
5044.75,1,13:21:19.091899190
5044.75,1,13:21:19.091941792
5044.75,3,13:21:19.160214132
5044.5,4,13:21:19.520060282
5044.5,1,13:21:19.520101432
5044.5,1,13:21:19.520165763
5044.5,1,13:21:19.520228286
5044.5,2,13:21:19.520345869
5044.5,2,13:21:19.520629113
5044.5,1,13:21:19.520669414
5044.5,2,13:21:19.520734433
5044.5,1,13:21:19.521040017
5044.5,1,13:21:19.522021887
5044.5,1,13:21:19.522345385
5044.5,1,13:21:20.036063761
5044.5,1,13:21:20.040601913
5044.75,8,13:21:20.299460878
5044.75,5,13:21:20.570774948
5044.5,4,13:21:21.227537038
5044.5,1,13:21:21.257070787
5044.5,1,13:21:21.257272240
5044.5,1,13:21:21.257324459
5044.5,1,13:21:21.257484520
5044.5,6,13:21:21.257820831
5044.5,1,13:21:21.257873135
5044.5,6,13:21:21.404334135
5044.5,1,13:21:21.609439196
5044.5,14,13:21:21.885730448
5044.5,1,13:21:21.886036726
5044.5,1,13:21:21.886076227
5044.5,13,13:21:21.886164878
5044.5,1,13:21:21.886557040
5044.5,2,13:21:22.739011681
5044.75,12,13:21:22.806811108
5044.75,4,13:21:22.807011992
5044.75,2,13:21:22.848638344
5044.75,20,13:21:22.848734144
5045.0,1,13:21:23.500982328
5045.0,6,13:21:23.501137227
5045.0,1,13:21:23.501285284
5045.0,8,13:21:23.501285284
5045.0,4,13:21:23.501285284
5045.0,1,13:21:23.501398336
5045.0,2,13:21:23.501398336
5045.0,6,13:21:23.501653448
5045.0,2,13:21:23.509531928
5045.0,4,13:21:23.509734089
5045.0,3,13:21:23.509815914
5045.0,3,13:21:23.509922793
5045.0,2,13:21:23.509922793
5045.0,2,13:21:23.509961549
5045.0,10,13:21:23.510066975
5045.0,2,13:21:23.510187609
5045.0,1,13:21:23.510187609
5045.0,3,13:21:23.510247795
5045.0,1,13:21:23.510943835
5045.0,2,13:21:23.518544590
5044.75,1,13:21:24.090132120
5045.0,7,13:21:24.257386418
5045.0,1,13:21:24.322482194
5045.0,1,13:21:24.366439235
5045.0,1,13:21:24.377253208
5045.25,1,13:21:25.007425367
5045.25,2,13:21:25.509929657
5045.25,1,13:21:26.445565246
5045.25,21,13:21:26.759762901
5045.5,1,13:21:27.187275319
5045.5,4,13:21:27.497773599
5045.5,5,13:21:27.571290249
5045.5,1,13:21:27.764952763
5045.25,20,13:21:27.775014374
5045.5,11,13:21:28.245854973
5045.5,1,13:21:28.246020237
5045.5,2,13:21:28.246117945
5045.5,2,13:21:28.246193084
5045.5,1,13:21:28.246193084
5045.5,1,13:21:28.246278880
5045.5,3,13:21:28.246363425
5045.5,4,13:21:28.246423138
5045.5,1,13:21:28.246423138
5045.75,1,13:21:28.248097707
5045.5,1,13:21:28.580352373
5045.5,1,13:21:28.582919247
5045.75,14,13:21:28.730775455
5045.75,9,13:21:28.730988378
5045.75,1,13:21:28.731059502
5045.75,1,13:21:28.731159866
5045.75,4,13:21:28.731252550
5045.75,1,13:21:28.739614687
5045.75,1,13:21:29.349823331
5045.75,23,13:21:29.507201153
5046.0,3,13:21:29.613917894
5046.0,1,13:21:29.614516687
5046.0,2,13:21:29.614516687
5046.0,5,13:21:29.614710874
5046.0,4,13:21:29.614710874
5046.0,1,13:21:29.614710874
5046.0,2,13:21:29.614710874
5046.0,2,13:21:29.614735466
5046.0,2,13:21:29.615257279
5046.0,1,13:21:29.615482595
5046.0,2,13:21:29.615641517
5046.0,4,13:21:29.615641517
5046.0,1,13:21:29.615683377
5046.0,1,13:21:29.625031943
5046.0,1,13:21:29.646740792
5046.0,2,13:21:29.794787940
5046.0,1,13:21:29.795009013
5046.0,1,13:21:29.795066816
5046.0,4,13:21:29.795258906
5046.0,2,13:21:29.795616798
5046.0,3,13:21:29.795971858
5046.0,1,13:21:29.796024819
5046.0,1,13:21:29.796118648
5046.0,4,13:21:29.796512739
5046.0,4,13:21:29.796737978
5046.0,2,13:21:29.796799291
5046.0,4,13:21:29.796956613
5046.0,1,13:21:29.797096789
5046.0,1,13:21:29.797217141
5046.0,1,13:21:29.797260181
5046.0,3,13:21:29.797300944
5046.0,1,13:21:29.797392859
5046.0,1,13:21:29.797544952
5046.0,1,13:21:29.797742975
5046.0,1,13:21:29.797933094
5046.0,2,13:21:29.798123777
5046.0,1,13:21:29.859231238
5046.0,1,13:21:29.859545465
5046.0,2,13:21:29.869499660
5046.0,2,13:21:29.871332468
5046.0,1,13:21:29.871506725
5046.0,1,13:21:29.871549951
5046.25,1,13:21:30.070574688
5046.0,10,13:21:30.089258835
5046.0,1,13:21:30.089715242
5046.0,2,13:21:30.242407258
5046.0,1,13:21:30.663572861
5046.0,1,13:21:30.865610998
5045.75,1,13:21:30.977369202
5046.0,3,13:21:31.245917412
5046.0,2,13:21:31.246075096
5046.0,1,13:21:31.246124578
5046.0,10,13:21:31.246995607
5046.0,1,13:21:31.247148158
5046.0,1,13:21:31.247261721
5046.0,3,13:21:31.247298545
5046.0,3,13:21:31.493705146
5046.0,2,13:21:31.669127734
5046.0,1,13:21:31.816953464
5046.0,16,13:21:32.178461283
5046.0,1,13:21:32.178841354
5045.75,1,13:21:33.917683348
5045.75,27,13:21:34.138651985
5045.75,1,13:21:34.138823375
5045.75,1,13:21:34.138856876
5045.75,2,13:21:34.138921399
5045.75,2,13:21:34.138970162
5045.75,2,13:21:34.139077745
5045.75,3,13:21:34.139077745
5045.75,1,13:21:34.139108216
5045.75,6,13:21:34.139726977
5045.75,1,13:21:34.139801897
5045.75,3,13:21:34.140007763
5045.75,1,13:21:34.140172695
5045.75,5,13:21:34.140400766
5045.75,1,13:21:34.140437312
5045.75,8,13:21:34.387225564
5045.5,1,13:21:35.459594389
5045.5,1,13:21:35.459607938
5045.5,1,13:21:35.650620984
5045.5,10,13:21:35.762802077
5045.5,1,13:21:35.762946145
5045.5,1,13:21:35.762986894
5045.5,3,13:21:35.763051456
5045.5,1,13:21:35.763133687
5045.5,5,13:21:35.763324372
5045.5,1,13:21:35.763652044
5045.75,1,13:21:35.774419640
5045.5,2,13:21:35.813598502
5045.5,1,13:21:35.813914914
5045.5,4,13:21:35.814124404
5045.5,2,13:21:35.814220457
5045.75,22,13:21:36.623551507
5045.75,10,13:21:37.207919934
5045.75,2,13:21:37.207954831
5045.75,1,13:21:37.207998765
5045.75,3,13:21:37.208021226
5045.75,2,13:21:37.208098639
5045.75,2,13:21:37.208165892
5045.75,1,13:21:37.208165892
5045.75,1,13:21:37.208202663
5045.75,6,13:21:37.208303546
5045.75,2,13:21:37.208580944
5045.75,3,13:21:37.208689758
5045.75,1,13:21:37.208689758
5045.75,4,13:21:37.209024063
5045.75,1,13:21:37.209085514
5045.75,1,13:21:37.619990915
5045.5,1,13:21:38.034122953
5045.5,5,13:21:38.310374166
5045.5,1,13:21:38.310645730
5045.5,3,13:21:38.310887728
5045.5,2,13:21:38.311356746
5045.5,1,13:21:38.311388779
5045.25,20,13:21:38.484145651
5045.5,3,13:21:38.494100859
5045.5,10,13:21:40.015488406
5045.5,1,13:21:40.015763148
5045.5,8,13:21:40.016041669
5045.5,1,13:21:40.016195365
5045.5,1,13:21:40.510273203
5045.25,10,13:21:41.323201139
5045.25,1,13:21:42.032150261
5045.25,1,13:21:42.032403341
5045.25,1,13:21:42.380018153
5045.25,4,13:21:42.380761519
5045.25,2,13:21:42.411297038
5045.25,2,13:21:42.411347473
5045.25,1,13:21:42.411514824
5045.25,3,13:21:42.411514824
5045.25,1,13:21:42.411556489
5045.25,3,13:21:42.816106978
5045.25,6,13:21:42.816181132
5045.25,3,13:21:42.816268661
5045.25,2,13:21:42.816268661
5045.25,1,13:21:42.816306848
5045.25,3,13:21:42.816363025
5045.25,2,13:21:42.816384567
5045.25,1,13:21:42.816480800
5045.25,4,13:21:43.497048339
5045.25,3,13:21:43.497272195
5045.25,2,13:21:43.497327905
5045.25,1,13:21:43.497564944
5045.25,1,13:21:43.497609050
5045.25,2,13:21:43.497816060
5045.5,4,13:21:44.220147934
5045.5,3,13:21:44.220427318
5045.5,2,13:21:44.220474014
5045.5,1,13:21:44.220586330
5045.5,8,13:21:44.220726054
5045.5,2,13:21:44.220817115
5045.5,1,13:21:44.220888848
5045.5,1,13:21:44.220930209
5045.5,6,13:21:44.221003510
5045.5,1,13:21:44.221132261
5045.25,2,13:21:45.561544068
5045.5,1,13:21:45.603182195
5045.5,3,13:21:45.730679023
5045.5,2,13:21:45.730874851
5045.5,8,13:21:46.439117646
5045.5,1,13:21:46.439647360
5045.5,4,13:21:46.439938489
5045.5,1,13:21:46.440274777
5045.5,1,13:21:46.440484830
5045.5,1,13:21:46.569324620
5045.5,4,13:21:46.791288524
5045.75,1,13:21:47.953400444
5045.75,1,13:21:48.737896509
5045.75,1,13:21:48.741147493
5045.75,2,13:21:48.741187171
5045.75,1,13:21:48.741368583
5045.75,1,13:21:48.741489955
5045.75,1,13:21:48.741521197
5045.75,1,13:21:48.741562923
5045.75,5,13:21:48.741671789
5046.0,1,13:21:48.745247416
5046.0,35,13:21:50.311841845
5046.0,12,13:21:50.313115193
5046.0,4,13:21:50.313228472
5046.0,1,13:21:50.313392226
5046.0,2,13:21:50.313519518
5046.0,3,13:21:50.313519518
5046.0,3,13:21:50.313582067
5046.0,2,13:21:50.313582067
5046.0,1,13:21:50.313651873
5046.0,2,13:21:50.313736527
5046.0,1,13:21:50.313736527
5046.0,1,13:21:50.313770320
5046.0,1,13:21:50.314592557
5046.0,1,13:21:50.319471023
5046.0,15,13:21:50.319592133
5046.0,7,13:21:50.347889335
5046.0,7,13:21:50.348050845
5046.0,1,13:21:50.348092529
5046.0,1,13:21:50.348347750
5046.0,6,13:21:50.348434928
5046.0,3,13:21:50.348768623
5046.0,3,13:21:50.348966281
5046.25,4,13:21:50.365051546
5046.25,1,13:21:50.365113906
5046.25,2,13:21:50.365275651
5046.25,3,13:21:50.365324074
5046.25,1,13:21:50.365356576
5046.25,1,13:21:50.365433689
5046.25,1,13:21:50.365491501
5046.25,1,13:21:50.365662193
5046.25,5,13:21:50.366104460
5046.5,1,13:21:50.378963184
5046.5,4,13:21:50.378972969
5046.5,2,13:21:50.378972969
5046.5,1,13:21:50.379654088
5046.5,1,13:21:50.392979400
5046.5,3,13:21:50.412971268
5046.5,1,13:21:50.413155493
5046.5,2,13:21:50.512169849
5046.5,3,13:21:50.517727974
5046.5,2,13:21:50.517767005
5046.5,2,13:21:50.517823582
5046.5,3,13:21:50.517895941
5046.5,1,13:21:50.517895941
5046.5,1,13:21:50.517991176
5046.5,1,13:21:50.518637561
5046.5,1,13:21:50.543310551
5046.75,14,13:21:50.599941067
5046.75,1,13:21:50.600081412
5046.75,1,13:21:50.693583979
5047.0,1,13:21:50.736109558
5047.0,1,13:21:50.736121228
5047.0,2,13:21:51.693727686
5046.75,3,13:21:52.017886005
5046.75,8,13:21:52.018131447
5046.75,1,13:21:52.018193212
5046.75,1,13:21:52.018300564
5046.75,3,13:21:52.018300564
5046.75,1,13:21:52.018343371
5046.75,5,13:21:52.018445254
5046.75,1,13:21:52.018445254
5046.75,6,13:21:52.018584521
5046.75,1,13:21:52.018620644
5046.75,1,13:21:52.018754788
5047.0,4,13:21:52.683122219
5047.0,1,13:21:52.855124476
5047.0,2,13:21:53.446596403
5046.75,1,13:21:53.554368301
5047.0,1,13:21:54.252916269
5047.0,1,13:21:54.805078287
5046.75,15,13:21:54.940692698
5046.75,2,13:21:54.940837713
5046.75,1,13:21:54.940896569
5046.75,1,13:21:54.940973239
5046.75,1,13:21:54.941078441
5047.0,2,13:21:55.254525522
5047.0,3,13:21:55.254574070
5047.0,1,13:21:55.254606230
5047.0,1,13:21:55.254681189
5047.0,8,13:21:55.254826827
5047.0,3,13:21:55.254897922
5047.0,1,13:21:55.254897922
5047.0,1,13:21:55.254963972
5047.0,1,13:21:55.255022495
5047.0,3,13:21:55.255092426
5047.0,2,13:21:55.255143410
5047.0,1,13:21:55.255228063
5047.0,2,13:21:55.255346659
5047.0,5,13:21:55.255579911
5047.0,1,13:21:55.255663919
5047.0,1,13:21:55.255746337
5047.0,4,13:21:55.255852227
5047.0,1,13:21:55.255906637
5047.0,1,13:21:55.255939537
5047.0,1,13:21:55.262246651
5047.0,1,13:21:55.262777705
5047.0,9,13:21:55.263052245
5046.75,1,13:21:56.083740175
5047.0,1,13:21:56.146106949
5046.75,1,13:21:56.512973177
5047.0,1,13:21:56.857652542
5047.0,1,13:21:56.857825909
5047.0,3,13:21:56.864411005
5047.0,1,13:21:56.864478385
5047.0,10,13:21:57.226231299
5047.0,1,13:21:57.226692083
5047.0,5,13:21:57.227179152
5047.0,1,13:21:57.854931044
5047.0,2,13:21:58.182641657
5047.0,13,13:21:58.182797982
5047.0,1,13:21:58.183134422
5047.0,1,13:21:58.183184656
5047.0,3,13:21:58.184188920
5047.0,1,13:21:58.184360450
5047.0,3,13:21:58.184549743
5047.0,1,13:21:58.184730793
5047.0,1,13:21:58.184787742
5047.0,1,13:21:58.185020287
5047.0,1,13:21:58.245976108
5047.0,3,13:21:58.246180438
5047.0,1,13:21:58.323205087
5047.0,6,13:21:58.647284122
5047.0,1,13:21:58.647307941
5047.0,1,13:21:58.647446027
5047.0,1,13:21:58.647671385
5047.0,1,13:21:58.647847059
5047.0,3,13:21:58.882191395
5047.0,2,13:21:58.896889785
5047.0,1,13:21:58.912995803
5047.0,2,13:21:59.212112194
5046.75,16,13:21:59.982038614
5048.75,1,13:22:22.764255160
5048.75,2,13:22:22.903605192
5048.75,3,13:22:22.903649183
5048.75,1,13:22:22.903689360
5048.75,6,13:22:22.903782879
5048.75,1,13:22:22.903802181
5048.75,1,13:22:22.903836009
5049.0,1,13:22:23.117975841
5049.0,1,13:22:23.117986762
5049.0,3,13:22:23.117986762
5048.75,11,13:22:23.910558598
5048.75,1,13:22:23.910620737
5048.75,1,13:22:23.910661976
5048.75,2,13:22:23.910725289
5048.75,3,13:22:23.910789114
5048.75,1,13:22:23.910847141
5048.75,1,13:22:23.911342527
5048.75,1,13:22:23.911638533
5048.75,2,13:22:23.911704349
5048.75,1,13:22:23.911704349
5048.75,2,13:22:23.911941797
5048.75,1,13:22:24.335383863
5048.5,1,13:22:24.730348262
5048.5,1,13:22:24.730573780
5048.5,1,13:22:24.730831168
5048.5,13,13:22:24.748620644
5048.5,1,13:22:24.748804871
5048.5,2,13:22:24.748861391
5048.5,1,13:22:24.749051855
5048.5,1,13:22:24.749118366
5048.5,1,13:22:24.749169413
5048.5,1,13:22:24.749562144
5048.25,1,13:22:25.163378230
5048.5,4,13:22:25.529234521
5048.5,1,13:22:25.766619878
5048.25,1,13:22:26.766293626
5048.5,69,13:22:27.078242407
5048.5,1,13:22:27.078857886
5048.5,1,13:22:27.078899733
5048.75,22,13:22:27.506620066
5048.75,46,13:22:27.564617998
5048.75,2,13:22:27.564697965
5048.75,33,13:22:27.564737998
5048.75,1,13:22:27.564772603
5048.75,1,13:22:27.564832067
5048.75,1,13:22:27.564866557
5048.75,1,13:22:27.564906228
5048.75,1,13:22:27.565004230
5048.75,1,13:22:27.565065435
5048.75,1,13:22:27.565201951
5048.75,1,13:22:27.565330490
5048.75,2,13:22:27.565330490
5048.75,2,13:22:27.565341748
5048.75,1,13:22:27.565440870
5048.75,20,13:22:27.565566213
5048.75,9,13:22:27.565661069
5048.75,1,13:22:27.565755762
5048.75,11,13:22:27.565755762
5048.5,59,13:22:27.566942365
5048.5,1,13:22:27.567584899
5048.5,1,13:22:27.576988181
5048.5,17,13:22:28.222206161
5048.5,2,13:22:28.222645047
5048.5,7,13:22:28.222869256
5048.5,1,13:22:28.222914502
5048.5,2,13:22:28.223044985
5048.5,1,13:22:28.223105485
5048.5,5,13:22:28.225014467
5048.5,1,13:22:28.520010153
5048.75,20,13:22:28.693275215
5048.75,1,13:22:28.693538082
5048.75,1,13:22:28.693573718
5048.75,1,13:22:28.693762224
5048.75,1,13:22:28.721644604
5048.75,1,13:22:28.721699280
5048.75,1,13:22:28.721813373
5048.75,1,13:22:28.721842228
5048.75,2,13:22:28.721864544
5048.75,1,13:22:28.721889390
5048.75,1,13:22:28.721961808
5048.75,1,13:22:28.722041848
5048.75,1,13:22:28.722074046
5048.75,1,13:22:28.722184139
5048.75,2,13:22:28.722403439
5048.75,1,13:22:28.722580591
5048.75,2,13:22:28.722634186
5048.75,1,13:22:28.722634186
5048.75,2,13:22:28.722836632
5048.75,2,13:22:28.722873249
5048.75,4,13:22:28.722873249
5048.75,1,13:22:28.723022373
5048.75,1,13:22:28.723066528
5048.5,2,13:22:28.773769571
5048.5,1,13:22:28.973212321
5048.5,1,13:22:29.301621359
5048.75,1,13:22:30.627674213
5048.75,7,13:22:30.652619815
5048.75,6,13:22:30.652980139
5048.75,1,13:22:30.653571985
5048.75,1,13:22:30.653641505
5049.0,8,13:22:30.664078296
5049.0,4,13:22:30.664598447
5049.0,3,13:22:30.664650096
5049.0,7,13:22:30.664722697
5049.0,3,13:22:30.664764569
5049.0,2,13:22:30.664829870
5049.0,1,13:22:30.664920454
5049.0,2,13:22:30.664920454
5049.0,1,13:22:30.664982708
5049.0,2,13:22:30.664982708
5049.0,7,13:22:30.665084342
5049.0,1,13:22:30.665188377
5049.0,1,13:22:30.665294635
5049.0,1,13:22:30.665392300
5048.75,1,13:22:30.802780142
5048.75,5,13:22:30.877150627
5048.75,1,13:22:30.877218343
5048.75,4,13:22:30.877384357
5048.75,10,13:22:30.877451654
5048.75,3,13:22:30.877507486
5048.75,1,13:22:30.877835813
5048.75,2,13:22:30.878015516
5048.75,4,13:22:30.878095059
5048.75,1,13:22:30.878095059
5048.75,2,13:22:30.878581117
5048.75,1,13:22:30.878769867
5048.75,2,13:22:30.889516727
5048.75,1,13:22:31.083394752
5048.75,1,13:22:31.083589774
5048.75,1,13:22:31.083772706
5048.75,1,13:22:31.171384620
5048.75,1,13:22:31.171604976
5048.75,6,13:22:31.387670557
5048.75,4,13:22:31.388190347
5048.75,2,13:22:31.722091975
5048.75,2,13:22:31.722520176
5048.75,1,13:22:31.722738180
5048.75,3,13:22:31.722951724
5048.75,9,13:22:32.027727279
5048.75,8,13:22:32.029729389
5048.75,1,13:22:32.031736221
5048.75,8,13:22:32.046694279
5048.75,1,13:22:32.368105624
5048.75,1,13:22:32.470424245
5049.0,1,13:22:32.674264270
5049.0,3,13:22:32.702356706
5049.0,1,13:22:32.931944631
5049.0,1,13:22:33.098759454
5049.0,1,13:22:33.317947086
5049.0,1,13:22:33.995954860
5048.75,2,13:22:35.066050896
5049.0,72,13:22:35.422077018
5049.25,1,13:22:35.615446472
5049.25,3,13:22:35.615514348
5049.25,1,13:22:35.615551844
5049.25,6,13:22:35.615632824
5049.25,2,13:22:35.615677900
5049.25,10,13:22:35.619290376
5049.25,3,13:22:35.789986216
5049.25,5,13:22:35.790086508
5049.25,1,13:22:35.790334591
5049.25,6,13:22:35.790606145
5049.25,1,13:22:35.790767730
5049.0,1,13:22:35.993344759
5049.0,5,13:22:36.085311376
5049.25,1,13:22:36.152053435
5049.25,1,13:22:36.545999424
5049.25,6,13:22:36.546449830
5049.25,2,13:22:36.672565467
5049.5,1,13:22:37.214937051
5049.5,1,13:22:37.215003434
5049.5,4,13:22:37.215003434
5049.5,10,13:22:37.215104068
5049.5,2,13:22:37.215234347
5049.5,4,13:22:37.215234347
5049.5,1,13:22:37.215458783
5049.5,4,13:22:37.215458783
5049.5,3,13:22:37.215598894
5049.5,9,13:22:37.215598894
5049.5,1,13:22:37.217180431
5049.5,1,13:22:37.218379786
5049.5,5,13:22:37.218613042
5049.5,1,13:22:37.218647842
5049.5,2,13:22:37.218687395
5049.5,7,13:22:37.218752191
5049.5,3,13:22:37.219196554
5049.5,1,13:22:37.219405407
5049.5,3,13:22:37.219510945
5049.5,3,13:22:37.219750915
5049.5,8,13:22:37.219880255
5049.5,2,13:22:37.219973646
5049.5,1,13:22:37.220041669
5049.5,4,13:22:37.220112512
5049.5,1,13:22:37.220248899
5049.5,2,13:22:37.222030346
5049.5,4,13:22:37.222217888
5049.5,2,13:22:37.235220590
5049.5,1,13:22:37.268382271
5049.5,1,13:22:37.268707020
5049.5,2,13:22:37.268834920
5049.5,5,13:22:37.268975738
5049.5,22,13:22:37.576623035
5049.75,1,13:22:39.420843743
5049.75,20,13:22:39.851011127
5049.75,3,13:22:40.019240507
5049.75,1,13:22:40.143822142
5049.75,1,13:22:40.583188861
5049.5,10,13:22:40.647578805
5049.5,1,13:22:40.647682227
5049.5,1,13:22:40.647721431
5049.5,1,13:22:40.647775691
5049.5,1,13:22:40.647832717
5049.5,1,13:22:40.647880407
5049.5,3,13:22:40.647970163
5049.5,6,13:22:40.647970163
5049.5,1,13:22:40.648062468
5049.5,3,13:22:40.648062468
5049.5,2,13:22:41.441437360
5049.5,1,13:22:41.686679658
5049.5,1,13:22:41.797393161
5049.25,19,13:22:41.848099080
5049.25,1,13:22:41.848117032
5049.25,2,13:22:41.848214030
5049.25,1,13:22:41.848267378
5049.25,1,13:22:41.848380548
5049.25,6,13:22:41.848787814
5049.25,7,13:22:41.848944281
5049.25,1,13:22:41.849332609
5049.25,2,13:22:41.849454173
5049.5,11,13:22:42.355902028
5049.25,3,13:22:42.369595607
5049.25,1,13:22:43.678274447
5049.25,3,13:22:43.678354336
5049.25,1,13:22:43.678438863
5049.25,2,13:22:43.678541457
5049.25,1,13:22:43.678576545
5049.25,8,13:22:43.678779001
5049.25,1,13:22:43.678992631
5049.25,1,13:22:43.679032216
5049.25,6,13:22:43.679134531
5049.25,1,13:22:43.680034959
5049.25,1,13:22:44.072101252
5049.5,1,13:22:45.008027603
5049.5,1,13:22:45.044190351
5049.5,1,13:22:45.044367644
5049.5,2,13:22:45.044421622
5049.5,5,13:22:45.044492991
5049.5,2,13:22:45.044540016
5049.5,3,13:22:45.044635000
5049.5,3,13:22:45.044674997
5049.5,1,13:22:45.044717564
5049.5,1,13:22:45.044971385
5049.5,10,13:22:45.994468975
5049.5,3,13:22:45.994511034
5049.5,2,13:22:45.994569867
5049.5,1,13:22:45.994616924
5049.5,48,13:22:46.066675272
5049.5,1,13:22:46.067086611
5049.5,1,13:22:46.067720259
5049.5,1,13:22:46.068166259
5049.5,11,13:22:46.075553131
5049.5,2,13:22:46.075716849
5049.5,1,13:22:46.075796236
5049.5,2,13:22:46.075830695
5049.5,1,13:22:46.076071148
5049.5,1,13:22:46.076151044
5049.5,5,13:22:46.095203958
5049.5,14,13:22:46.184966362
5049.5,1,13:22:46.185198801
5049.5,1,13:22:46.185263111
5049.5,10,13:22:46.455516048
5049.5,2,13:22:46.455721272
5049.5,1,13:22:46.474001535
5049.5,1,13:22:46.516371639
5049.25,1,13:22:46.611390499
5049.5,1,13:22:46.933358984
5049.5,3,13:22:47.194839106
5049.5,1,13:22:47.273698299
5049.5,3,13:22:47.273911007
5049.5,1,13:22:47.274009134
5049.5,1,13:22:47.658256443
5049.25,12,13:22:47.999658460
5049.25,1,13:22:47.999733511
5049.25,1,13:22:47.999816599
5049.25,6,13:22:47.999914610
5049.0,4,13:22:48.067161123
5049.25,1,13:22:48.086895137
5049.25,3,13:22:48.087109631
5049.25,2,13:22:48.087159369
5049.25,1,13:22:48.087208403
5049.25,1,13:22:48.088139414
5049.25,3,13:22:48.089089417
5049.25,1,13:22:48.089173768
5049.25,6,13:22:48.089390677
5049.25,1,13:22:48.091371950
5049.25,1,13:22:48.091456636
5049.25,1,13:22:48.091493245
5049.25,1,13:22:48.104666928
5049.25,1,13:22:48.107403156
5049.25,1,13:22:48.202275899
5049.25,1,13:22:48.386018934
5049.25,2,13:22:48.386091344
5049.25,1,13:22:48.386119585
5049.25,1,13:22:48.432160001
5049.25,1,13:22:48.432332148
5049.25,3,13:22:48.432395426
5049.25,2,13:22:48.432449609
5049.25,1,13:22:48.432553154
5049.25,1,13:22:48.432737241
5049.25,1,13:22:48.462646609
5049.25,4,13:22:48.462855886
5049.5,1,13:22:48.670727291
5049.25,1,13:22:48.705713862
5049.25,5,13:22:48.831341209
5049.25,5,13:22:49.019985763
5049.25,2,13:22:49.020053835
5049.25,1,13:22:49.020124818
5049.25,5,13:22:49.108625971
5049.25,1,13:22:49.108779133
5049.25,1,13:22:49.108851310
5049.25,1,13:22:49.108903823
5049.0,1,13:22:49.597744646
5049.0,1,13:22:49.764048506
5049.0,1,13:22:50.615384030
5049.0,1,13:22:51.142685930
5049.0,1,13:22:51.324046803
5049.0,1,13:22:52.928137857
5049.0,2,13:22:53.348237482
5049.0,3,13:22:53.348490261
5049.0,3,13:22:53.348554531
5049.0,1,13:22:53.348626267
5049.0,2,13:22:53.348695747
5049.0,1,13:22:53.348767153
5049.0,1,13:22:54.286068632
5049.25,1,13:22:54.298775717
5049.25,7,13:22:54.299023270
5049.25,4,13:22:54.299159599
5049.25,1,13:22:54.299219226
5049.25,2,13:22:54.299219226
5049.25,7,13:22:54.299328635
5049.25,1,13:22:54.299328635
5049.25,1,13:22:54.299388235
5049.25,1,13:22:54.299470227
5049.25,3,13:22:54.456297200
5049.25,10,13:22:55.092386841
5049.25,2,13:22:55.092426038
5049.25,3,13:22:55.093013304
5049.25,25,13:22:55.094512081
5049.25,1,13:22:55.094726252
5049.25,8,13:22:55.094842644
5049.25,2,13:22:55.094984192
5049.25,1,13:22:55.095035492
5049.25,6,13:22:55.095117609
5049.25,2,13:22:55.095262874
5049.25,1,13:22:55.095317604
5049.25,2,13:22:55.095517628
5049.25,1,13:22:55.095735238
5049.25,1,13:22:55.095916871
5049.25,1,13:22:55.096111310
5049.25,1,13:22:55.578671077
5049.25,1,13:22:55.710137942
5049.25,2,13:22:55.710180608
5049.25,1,13:22:55.724443783
5049.25,1,13:22:55.725330713
5049.25,3,13:22:55.725614344
5049.25,20,13:22:55.725842716
5049.25,1,13:22:56.023186241
5049.25,1,13:22:56.050635207
5049.25,1,13:22:56.607286149
5049.25,6,13:22:57.184865528
5049.25,6,13:22:57.399027604
5049.25,1,13:22:59.121377251
5049.25,1,13:22:59.121540937
5049.25,1,13:22:59.156602496
5049.5,1,13:22:59.934408164
5049.25,1,13:23:00.045237207
5049.25,1,13:23:00.050823467
5049.25,2,13:23:00.339254645
5049.25,6,13:23:00.339358730
5049.25,2,13:23:00.339500663
5049.25,2,13:23:00.339557057
5049.25,1,13:23:00.339557057
5049.25,7,13:23:00.339663021
5049.25,1,13:23:00.340107408
5049.25,1,13:23:00.965835978
5049.25,3,13:23:01.593088626
5049.25,2,13:23:01.593165460
5049.25,1,13:23:01.593165460
5049.25,1,13:23:01.593235010
5049.25,3,13:23:01.593347614
5049.25,2,13:23:01.593347614
5049.25,1,13:23:01.593381257
5049.25,1,13:23:01.846520588
5049.25,1,13:23:01.926491632
5049.25,1,13:23:01.991650594
5049.25,1,13:23:02.396111817
5049.5,4,13:23:02.752049528
5049.5,1,13:23:02.752078713
5049.5,3,13:23:02.752152422
5049.5,15,13:23:02.752281650
5049.5,1,13:23:02.752340020
5049.5,6,13:23:02.756473905
5049.5,1,13:23:02.763698717
5049.5,4,13:23:02.763957608
5049.5,1,13:23:02.764323942
5049.5,7,13:23:02.793887518
5049.5,7,13:23:02.794164784
5049.5,3,13:23:02.821415197
5049.5,1,13:23:02.845335508
5049.5,6,13:23:02.969089049
5049.5,3,13:23:02.969143338
5049.5,2,13:23:02.969180440
5049.5,2,13:23:02.978842238
5049.5,7,13:23:02.979063968
5049.5,7,13:23:02.998435205
5049.5,2,13:23:02.999692125
5049.5,3,13:23:03.044369389
5049.5,1,13:23:04.461467681
5049.75,1,13:23:04.623373760
5049.75,8,13:23:04.968912562
5049.5,1,13:23:05.218581397
5049.5,3,13:23:05.218655449
5049.5,3,13:23:05.218709019
5049.5,2,13:23:05.218778239
5049.5,3,13:23:05.218778239
5049.5,1,13:23:05.218851844
5049.5,1,13:23:05.218951392
5049.5,3,13:23:05.219161232
5049.5,1,13:23:05.219357835
5049.75,2,13:23:06.128998476
5049.75,1,13:23:06.129230669
5049.75,30,13:23:06.328250755
5049.5,6,13:23:07.012645203
5049.5,22,13:23:07.012937545
5049.5,1,13:23:07.012978621
5049.5,3,13:23:07.013161933
5049.5,1,13:23:07.013209472
5049.5,1,13:23:07.013510324
5049.5,1,13:23:07.013555662
5049.5,6,13:23:07.014781252
5049.5,1,13:23:07.028953730
5049.75,1,13:23:07.597421201
5049.5,39,13:23:07.597421201
5049.5,1,13:23:07.597898232
5049.5,1,13:23:07.597972905
5049.5,1,13:23:07.598112117
5049.5,1,13:23:07.598267215
5049.5,1,13:23:07.598666689
5049.5,14,13:23:07.599041033
5049.5,2,13:23:07.599221909
5049.5,3,13:23:07.599221909
5049.25,1,13:23:07.624027697
5049.5,1,13:23:08.039899728
5049.25,1,13:23:08.484400823
5049.25,1,13:23:08.500816974
5049.25,2,13:23:08.500866593
5049.25,8,13:23:08.500942969
5049.25,1,13:23:08.501010584
5049.25,10,13:23:08.501101802
5049.25,1,13:23:08.501357737
5049.25,8,13:23:08.501655327
5049.25,1,13:23:08.501690854
5049.25,11,13:23:08.502057677
5049.25,4,13:23:08.502178653
5049.25,1,13:23:08.502241873
5049.25,1,13:23:08.502348051
5049.25,1,13:23:08.502419480
5049.25,3,13:23:08.526412515
5049.5,1,13:23:08.529553076
5049.5,25,13:23:09.173957023
5049.25,1,13:23:09.516340263
5049.25,3,13:23:09.843145399
5049.25,10,13:23:09.843249561
5049.25,3,13:23:09.843308409
5049.25,4,13:23:09.843852146
5049.25,2,13:23:09.843898271
5049.25,1,13:23:09.844349241
5049.25,1,13:23:09.844410899
5049.25,3,13:23:09.844543945
5049.25,1,13:23:09.844801157
5049.25,3,13:23:09.844857100
5049.25,3,13:23:09.844915930
5049.25,1,13:23:09.844999833
5049.0,5,13:23:11.767845174
5049.0,2,13:23:11.767914683
5049.0,2,13:23:11.768024058
5049.0,1,13:23:11.768156937
5049.0,7,13:23:11.768313110
5049.0,15,13:23:11.768466709
5049.0,1,13:23:11.768466709
5049.0,2,13:23:11.768488806
5049.0,1,13:23:11.768648394
5049.0,1,13:23:11.768897531
5049.0,1,13:23:11.768941899
5049.0,8,13:23:11.800784462
5049.0,1,13:23:11.994493952
5049.0,2,13:23:12.469907921
5049.0,1,13:23:13.059880715
5049.0,1,13:23:13.273215804
5049.25,3,13:23:15.277787941
5049.25,10,13:23:15.278051056
5049.25,1,13:23:15.278101730
5049.25,8,13:23:15.278192388
5049.25,2,13:23:15.278294750
5049.25,3,13:23:15.278381034
5049.25,1,13:23:15.278381034
5049.25,1,13:23:15.278471871
5049.25,3,13:23:15.278471871
5049.25,3,13:23:15.278528772
5049.25,7,13:23:15.278606389
5049.25,1,13:23:15.279030001
5049.25,2,13:23:15.279195784
5049.25,3,13:23:15.279227046
5049.25,7,13:23:15.279294509
5049.25,1,13:23:15.279330520
5049.25,2,13:23:15.279385541
5049.25,1,13:23:15.279475453
5049.25,4,13:23:15.279475453
5049.25,1,13:23:15.279579753
5049.25,1,13:23:15.279626010
5049.25,10,13:23:15.281497203
5049.5,1,13:23:15.580308105
5049.5,6,13:23:15.580430930
5049.5,1,13:23:15.580521689
5049.5,3,13:23:15.580521689
5049.5,1,13:23:15.580631884
5049.5,6,13:23:15.580710254
5049.75,1,13:23:15.620693447
5049.75,2,13:23:15.620730996
5049.75,1,13:23:15.620850106
5049.75,1,13:23:15.620927391
5049.75,7,13:23:15.621019172
5049.75,1,13:23:15.621049847
5049.75,38,13:23:15.621217493
5049.75,3,13:23:15.621311664
5049.75,2,13:23:15.621311664
5049.75,1,13:23:15.621311664
5049.75,1,13:23:15.621332627
5049.75,1,13:23:15.621384203
5049.75,1,13:23:15.621457126
5049.75,2,13:23:15.621556059
5049.75,12,13:23:15.621642525
5049.75,5,13:23:15.621681959
5049.75,1,13:23:15.621803207
5049.75,1,13:23:15.621927216
5049.75,5,13:23:15.622088905
5049.75,1,13:23:15.647996740
5049.75,5,13:23:15.648090668
5049.75,3,13:23:15.648171230
5049.75,6,13:23:15.648236306
5049.75,1,13:23:15.648236306
5049.75,13,13:23:15.648315809
5049.75,2,13:23:15.648350001
5049.75,1,13:23:15.648381579
5049.75,1,13:23:15.648420175
5049.75,2,13:23:15.648459974
5049.75,1,13:23:15.648502545
5049.75,2,13:23:15.648563641
5049.75,1,13:23:15.648620134
5049.75,2,13:23:15.648620134
5049.75,2,13:23:15.648671274
5049.75,1,13:23:15.648727254
5049.75,2,13:23:15.648791722
5049.75,10,13:23:15.648864110
5049.75,7,13:23:15.648895500
5049.75,1,13:23:15.648916767
5049.75,1,13:23:15.649079258
5049.75,1,13:23:15.649104998
5049.75,1,13:23:15.649159675
5049.75,3,13:23:15.649240086
5049.75,1,13:23:15.649240086
5049.75,2,13:23:15.649625656
5049.75,1,13:23:16.633358629
5049.75,1,13:23:17.094510300
5050.0,1,13:23:17.361974406
5050.0,1,13:23:17.361986985
5050.0,2,13:23:17.361986985
5050.0,1,13:23:18.014324230
5050.0,1,13:23:18.469772808
5050.0,1,13:23:18.555107991
5050.0,6,13:23:18.555191650
5050.0,1,13:23:18.555401654
5050.0,3,13:23:18.555478456
5050.0,1,13:23:18.555541801
5050.0,1,13:23:18.555615831
5050.0,5,13:23:18.555727405
5050.0,1,13:23:18.555852527
5050.0,4,13:23:18.555852527
5050.0,1,13:23:18.555938843
5050.0,3,13:23:18.555938843
5050.0,1,13:23:18.556010373
5050.0,6,13:23:18.556010373
5050.0,5,13:23:18.556056198
5050.0,2,13:23:18.556137148
5050.0,6,13:23:18.556227319
5050.0,3,13:23:18.557126037
5050.0,3,13:23:18.588645993
5050.0,1,13:23:19.276186503
5050.0,41,13:23:19.277057625
5050.0,1,13:23:19.277541951
5050.0,1,13:23:19.285746417
5050.0,2,13:23:19.311165540
5050.0,2,13:23:19.311208069
5050.0,2,13:23:19.311234796
5050.0,4,13:23:19.311399977
5050.0,3,13:23:19.311465275
5050.0,1,13:23:19.311681623
5050.0,4,13:23:19.311907142
5050.0,1,13:23:19.311941021
5050.0,1,13:23:19.315769460
5049.75,1,13:23:19.329975125
5050.0,7,13:23:19.355083228
5050.0,1,13:23:19.355109676
5050.0,3,13:23:20.322683041
5050.0,4,13:23:20.322732902
5050.25,1,13:23:20.328060801
5050.25,1,13:23:20.328071386
5050.0,1,13:23:20.328311334
5050.25,1,13:23:20.328586043
5050.0,1,13:23:20.691284090
5050.0,3,13:23:20.691350914
5050.0,1,13:23:20.691391206
5050.0,3,13:23:20.691625975
5050.0,1,13:23:20.691669564
5050.0,1,13:23:20.691729958
5050.0,1,13:23:20.691792708
5050.25,1,13:23:20.874733638
5050.25,31,13:23:21.504077711
5050.25,1,13:23:21.504320861
5050.25,20,13:23:21.717886056
5050.25,1,13:23:21.718054796
5050.25,1,13:23:21.718088621
5050.25,3,13:23:21.718185732
5050.25,4,13:23:21.718226719
5050.25,1,13:23:21.718355717
5050.25,1,13:23:21.718507391
5050.25,1,13:23:21.719220262
5050.5,1,13:23:22.839760323
5050.5,7,13:23:23.140318878
5050.5,1,13:23:23.140544723
5050.5,6,13:23:23.140661162
5050.5,4,13:23:23.140723562
5050.5,1,13:23:23.140779307
5050.5,1,13:23:23.140826367
5050.5,10,13:23:23.877532707
5050.5,1,13:23:23.877710629
5050.5,1,13:23:24.510480512
5050.5,1,13:23:25.007331654
5050.5,2,13:23:25.170556408
5050.25,1,13:23:25.771375586
5050.5,3,13:23:26.291778142
5050.5,1,13:23:26.337248803
5050.25,4,13:23:26.447756650
5050.25,6,13:23:26.447840603
5050.25,3,13:23:26.447879685
5050.25,17,13:23:26.448037321
5050.25,2,13:23:26.448689073
5050.0,1,13:23:26.473319858
5050.0,1,13:23:27.324116717
5050.0,1,13:23:28.382639780
5050.25,1,13:23:28.400006847
5050.0,5,13:23:28.595686050
5050.0,1,13:23:28.813831734
5050.25,1,13:23:29.466682923
5050.0,1,13:23:29.532432615
5050.0,1,13:23:30.308386601
5050.0,19,13:23:30.330643264
5050.0,5,13:23:30.330779711
5050.0,6,13:23:30.331306193
5050.0,7,13:23:30.331478017
5050.0,1,13:23:30.331590506
5050.0,14,13:23:30.331728255
5050.0,2,13:23:30.332069760
5050.0,1,13:23:30.346585608
5050.25,1,13:23:30.348381948
5050.25,2,13:23:30.892423215
5050.25,3,13:23:30.982516553
5050.25,2,13:23:30.982705859
5050.25,3,13:23:30.982770497
5050.25,1,13:23:30.982869190
5050.25,26,13:23:32.608671101
5050.25,25,13:23:32.609303341
5050.25,10,13:23:32.609816657
5050.25,1,13:23:32.609851970
5050.25,1,13:23:32.609893728
5050.25,1,13:23:32.610099626
5050.25,1,13:23:32.610343740
5050.25,2,13:23:32.610712429
5050.25,2,13:23:32.610987388
5050.5,1,13:23:35.170506401
5050.25,2,13:23:35.382261792
5050.25,7,13:23:35.382907071
5050.25,2,13:23:35.383122108
5050.25,1,13:23:35.383160073
5050.25,4,13:23:35.383265435
5050.25,2,13:23:35.383298863
5050.25,1,13:23:35.383439253
5050.25,12,13:23:35.383696618
5050.25,2,13:23:35.383917484
5050.25,1,13:23:35.383985628
5050.25,1,13:23:35.384028083
5050.5,1,13:23:35.908914064
5050.5,3,13:23:36.385622663
5050.5,10,13:23:36.385856962
5050.5,2,13:23:36.385890909
5050.5,1,13:23:36.385966399
5050.5,1,13:23:36.386028490
5050.25,1,13:23:36.391807256
5050.5,1,13:23:36.398875859
5050.25,2,13:23:36.923904056
5050.5,3,13:23:37.370064630
5050.5,4,13:23:37.370274685
5050.5,1,13:23:37.370339905
5050.5,4,13:23:37.370427142
5050.5,2,13:23:37.370516120
5050.5,4,13:23:37.370516120
5050.5,2,13:23:37.840434516
5050.5,1,13:23:37.840456481
5050.5,1,13:23:37.840588640
5050.5,1,13:23:37.840618548
5050.5,1,13:23:37.840673164
5050.5,9,13:23:37.840852354
5050.5,1,13:23:37.840887244
5050.5,2,13:23:37.841016153
5050.5,1,13:23:37.841039517
5050.5,1,13:23:37.841088816
5050.5,1,13:23:37.841225872
5050.5,3,13:23:37.841387245
5050.5,1,13:23:37.841394250
5050.5,5,13:23:37.841478837
5050.5,1,13:23:37.857325220
5050.5,1,13:23:37.857724694
5050.5,1,13:23:37.857990187
5050.5,1,13:23:37.858138786
5050.5,2,13:23:37.858286346
5050.5,1,13:23:37.858462840
5050.5,1,13:23:37.858675363
5050.5,3,13:23:37.859764847
5050.5,1,13:23:37.859951193
5050.5,1,13:23:37.859981281
5050.5,3,13:23:37.860063573
5050.5,1,13:23:37.860082946
5050.5,1,13:23:37.860216930
5050.5,2,13:23:37.860300804
5050.25,7,13:23:38.159238073
5050.5,22,13:23:38.529667277
5050.5,1,13:23:38.529806051
5050.5,1,13:23:39.098536484
5050.5,1,13:23:39.837202517
5050.5,2,13:23:40.403853717
5050.25,1,13:23:40.972618652
5050.25,8,13:23:40.995711908
5050.25,1,13:23:40.995736197
5050.25,10,13:23:40.996005507
5050.25,3,13:23:40.996349347
5050.25,5,13:23:40.996628708
5050.25,1,13:23:40.996795175
5050.25,4,13:23:41.026608174
5050.25,1,13:23:41.196615620
5050.0,1,13:23:42.028624388
5050.0,1,13:23:42.954379289
5050.0,1,13:23:43.769713574
5050.0,41,13:23:44.873924181
5050.0,1,13:23:44.874476330
5050.0,1,13:23:44.874652717
5050.0,1,13:23:46.066685183
5050.0,1,13:23:46.069810529
5049.75,1,13:23:46.217237378
5049.75,1,13:23:46.217253286
5049.75,5,13:23:46.217253286
5049.75,4,13:23:46.218940680
5049.75,3,13:23:46.219009799
5049.75,8,13:23:46.219128744
5049.75,3,13:23:46.219239695
5049.75,1,13:23:46.219239695
5049.75,2,13:23:46.219349953
5049.75,4,13:23:46.219349953
5049.75,1,13:23:46.221160706
5049.75,1,13:23:46.221259406
5049.75,1,13:23:46.221319439
5049.75,1,13:23:46.221373603
5049.75,4,13:23:46.221615367
5049.75,1,13:23:46.221656079
5050.0,1,13:23:46.228398804
5050.0,1,13:23:46.229720479
5050.0,1,13:23:46.444374460
5050.0,2,13:23:46.513391656
5049.75,1,13:23:47.864699230
5049.75,1,13:23:47.865292311
5049.75,1,13:23:47.865348257
5049.75,2,13:23:47.865880454
5049.75,5,13:23:47.865972792
5049.75,2,13:23:47.866252839
5049.75,2,13:23:47.866491497
5049.75,1,13:23:47.874198407
5049.75,1,13:23:47.874386024
5049.75,2,13:23:47.874452191
5049.75,3,13:23:47.874452191
5049.75,2,13:23:47.874500666
5049.75,1,13:23:48.052803366
5049.75,1,13:23:48.052994557
5049.75,1,13:23:48.053060724
5049.75,2,13:23:48.053299718
5049.75,8,13:23:48.053576050
5050.0,28,13:23:48.276784996
5050.0,4,13:23:48.277000097
5050.25,1,13:23:48.317029314
5050.0,1,13:23:48.357044178
5050.0,2,13:23:48.357209471
5050.25,1,13:23:48.426729422
5050.0,1,13:23:48.468429344
5050.0,1,13:23:49.565459602
5050.0,2,13:23:49.565503653
5050.0,19,13:23:49.565710611
5050.0,1,13:23:49.565817833
5050.0,2,13:23:49.565973586
5050.0,5,13:23:49.565973586
5050.0,1,13:23:49.565973586
5050.0,3,13:23:49.566702756
5049.75,1,13:23:49.580891574
5049.75,5,13:23:49.991065773
5050.0,5,13:23:50.463946488
5050.0,1,13:23:50.469145982
5050.0,2,13:23:50.469198094
5050.0,6,13:23:50.469293640
5050.0,1,13:23:50.469334286
5050.0,1,13:23:50.469404000
5050.0,7,13:23:50.469480475
5050.0,4,13:23:50.469537417
5050.0,3,13:23:50.469537417
5050.0,2,13:23:50.469624254
5050.0,1,13:23:50.469624254
5050.0,1,13:23:50.962409542
5050.0,2,13:23:53.642474360
5050.25,1,13:23:53.676848193
5050.0,1,13:23:53.840409563
5050.25,1,13:23:53.933308796
5050.25,1,13:23:54.755377395
5050.25,1,13:23:54.766503639
5050.25,1,13:23:54.766657010
5050.25,2,13:23:54.766743534
5050.25,1,13:23:54.766778184
5050.25,41,13:23:54.766931455
5050.5,1,13:23:54.794971263
5050.5,1,13:23:54.810099114
5050.25,1,13:23:54.879326434
5050.5,1,13:23:55.010029450
5050.5,2,13:23:55.217875309
5050.5,2,13:23:55.218056179
5050.5,1,13:23:55.218094763
5050.5,1,13:23:55.445094214
5050.5,2,13:23:55.445251837
5050.5,1,13:23:55.445294465
5050.5,1,13:23:55.445346017
5050.5,1,13:23:55.445378479
5050.5,52,13:23:55.445661072
5050.5,2,13:23:55.445728570
5050.5,1,13:23:55.445817144
5050.5,2,13:23:55.445886960
5050.5,25,13:23:55.445947713
5050.5,1,13:23:55.445947713
5050.5,1,13:23:55.446046649
5050.5,1,13:23:55.446066279
5050.5,1,13:23:55.446479986
5050.5,1,13:23:55.446547207
5050.5,1,13:23:55.446652860
5050.5,1,13:23:55.447220491
5050.75,17,13:23:55.486038159
5050.75,3,13:23:55.487086908
5050.75,8,13:23:55.487406123
5050.75,1,13:23:55.487550194
5050.75,1,13:23:55.500458476
5050.75,2,13:23:55.654601557
5050.75,1,13:23:55.669744876
5050.75,15,13:23:55.670030351
5050.75,9,13:23:55.790738549
5051.0,1,13:23:55.858996127
5051.0,1,13:23:55.980589120
5051.0,2,13:23:56.334400527
5051.0,1,13:23:57.729512949
5051.0,8,13:23:57.729661790
5051.0,1,13:23:57.729757143
5051.0,3,13:23:57.729757143
5051.0,3,13:23:57.729814724
5051.0,1,13:23:57.729930929
5051.0,3,13:23:57.729968094
5051.0,12,13:23:57.731274386
5051.0,2,13:23:57.731534529
5051.0,9,13:23:57.743786798
5051.0,2,13:23:57.845629001
5051.0,1,13:23:57.848220928
5051.0,1,13:23:57.848339361
5051.0,1,13:23:57.848433460
5051.0,1,13:23:57.848633935
5051.0,1,13:23:57.849130105
5051.0,4,13:23:57.849719947
5051.0,2,13:23:58.305850337
5051.0,1,13:23:58.441125424
5051.0,7,13:23:58.441356917
5051.0,7,13:23:58.441549529
5051.0,2,13:23:58.441602116
5051.0,5,13:23:58.441668478
5051.0,4,13:23:58.441728105
5051.0,1,13:23:58.441963108
5051.0,1,13:23:58.442004316
5051.0,1,13:23:58.442068026
5051.0,1,13:23:58.478045646
5051.0,5,13:23:58.478134013
5051.0,1,13:23:58.478186203
5051.0,1,13:23:58.478803738
5051.0,13,13:23:58.556055259
5051.0,4,13:23:58.556506584
5051.0,1,13:23:58.582065656
5051.0,1,13:23:58.582250567
5051.0,1,13:23:58.582552469
5051.0,6,13:23:58.718092194
5051.0,1,13:23:58.718121449
5051.0,1,13:23:58.718216094
5051.0,5,13:23:58.718335415
5051.0,1,13:23:58.718412658
5051.0,1,13:23:58.718436134
5051.0,1,13:23:58.718539010
5051.0,2,13:23:58.718830273
5051.0,2,13:23:58.718903862
5051.0,1,13:23:58.718977684
5051.0,1,13:23:58.719008292
5051.0,1,13:23:58.719047538
5051.0,1,13:23:58.719183612
5051.0,1,13:23:58.719232310
5051.0,13,13:23:58.719513925
5051.0,1,13:23:58.719582407
5051.0,1,13:23:58.719627994
5051.0,2,13:23:58.719838783
5051.0,1,13:23:59.546392099
5050.75,1,13:24:00.068421283
5050.75,1,13:24:00.068569103
5050.75,4,13:24:00.068648125
5050.75,2,13:24:00.068681336
5050.75,6,13:24:00.068769053
5050.75,1,13:24:00.068854334
5050.75,1,13:24:00.068876421
5051.0,1,13:24:00.254742025
5050.75,3,13:24:00.309970616
5051.0,1,13:24:00.370755364
5050.75,3,13:24:00.462138133
5050.75,1,13:24:00.462205408
5050.75,2,13:24:00.462259038
5050.75,2,13:24:00.462690845
5050.75,1,13:24:00.479386371
5051.0,1,13:24:00.698701839
5050.75,1,13:24:00.794778951
5050.75,2,13:24:00.869728351
5050.75,1,13:24:00.884558333
5051.0,1,13:24:01.073953084
5051.0,1,13:24:02.255902204
5051.0,3,13:24:03.084842155
5051.0,2,13:24:03.085048523
5051.0,2,13:24:03.085120656
5051.0,1,13:24:03.085120656
5051.0,1,13:24:03.085236981
5051.0,2,13:24:03.085236981
5051.0,2,13:24:03.085275216
5051.0,7,13:24:03.085402543
5051.0,2,13:24:03.085402543
5051.0,1,13:24:03.085575087
5051.0,4,13:24:03.085575087
5051.0,3,13:24:03.085575087
5051.0,2,13:24:03.085575087
5051.0,3,13:24:03.085652484
5051.0,1,13:24:03.085652484
5051.0,7,13:24:03.085711237
5051.0,1,13:24:03.085874546
5051.0,2,13:24:03.085874546
5051.0,2,13:24:03.085980887
5051.0,1,13:24:03.085980887
5051.0,5,13:24:03.085980887
5051.0,3,13:24:03.086045427
5051.0,1,13:24:03.086194956
5051.0,2,13:24:03.086194956
5051.0,10,13:24:03.165639114
5051.0,1,13:24:03.165812677
5051.0,1,13:24:03.165889603
5051.0,4,13:24:03.165889603
5051.0,1,13:24:03.165924739
5051.0,2,13:24:03.165982098
5051.0,1,13:24:03.166011762
5051.0,1,13:24:03.166150053
5051.0,1,13:24:03.168316807
5051.0,1,13:24:03.168456112
5051.0,14,13:24:03.168501281
5051.0,1,13:24:03.168673400
5051.0,6,13:24:03.168729538
5051.0,1,13:24:03.168729538
5051.0,6,13:24:03.168759600
5051.0,1,13:24:03.168917264
5051.0,1,13:24:03.168959729
5051.0,1,13:24:03.169002367
5051.0,2,13:24:03.169182223
5051.0,1,13:24:03.169345413
5051.0,1,13:24:03.169413152
5051.0,1,13:24:03.181321459
5051.0,50,13:24:03.198123458
5051.0,2,13:24:03.198276025
5051.0,6,13:24:03.198354647
5051.0,1,13:24:03.198464192
5051.0,2,13:24:03.794423708
5051.0,1,13:24:03.924017896
5051.0,1,13:24:04.128395122
5051.0,1,13:24:04.137660335
5051.0,1,13:24:04.137686477
5051.0,1,13:24:04.137831462
5051.0,1,13:24:04.137867104
5051.0,1,13:24:04.138087537
5050.75,3,13:24:04.224383952
5051.0,1,13:24:05.008108864
5050.75,1,13:24:05.723766092
5051.0,1,13:24:07.930436039
5050.75,1,13:24:07.953726413
5050.75,9,13:24:08.043206507
5050.75,3,13:24:08.043417501
5050.75,4,13:24:08.043488750
5050.75,7,13:24:08.043569702
5050.75,1,13:24:08.043604009
5050.75,6,13:24:08.043675858
5050.75,16,13:24:08.043833652
5050.75,4,13:24:08.044878001
5050.75,7,13:24:08.045154400
5050.75,1,13:24:08.045154400
5050.75,1,13:24:08.045345053
5050.75,1,13:24:08.045428267
5050.75,12,13:24:08.089735884
5050.75,1,13:24:08.090085361
5050.75,1,13:24:08.090125941
5050.75,3,13:24:08.090222945
5050.75,2,13:24:08.090257387
5050.75,3,13:24:08.090321510
5050.75,1,13:24:08.090356931
5050.75,1,13:24:08.090405678
5050.75,2,13:24:08.090453166
5050.75,3,13:24:08.091056750
5050.75,56,13:24:08.306235810
5050.75,60,13:24:08.306580642
5050.75,10,13:24:08.306658847
5050.75,1,13:24:08.306817377
5050.75,1,13:24:08.306895474
5050.75,11,13:24:08.307680162
5050.5,3,13:24:08.350254737
5050.5,1,13:24:08.350265057
5050.5,4,13:24:08.350265057
5050.5,6,13:24:08.350431829
5050.5,4,13:24:08.350578702
5050.5,3,13:24:08.350578702
5050.5,3,13:24:08.350681978
5050.5,4,13:24:08.350681978
5050.5,1,13:24:08.350681978
5050.5,7,13:24:08.350681978
5050.5,1,13:24:08.356819221
5050.25,6,13:24:11.340325294
5050.25,56,13:24:11.340778706
5050.25,1,13:24:11.340976304
5050.25,2,13:24:11.341048798
5050.25,25,13:24:11.341048798
5050.25,2,13:24:11.341139145
5050.25,4,13:24:11.341139145
5050.25,1,13:24:11.341139145
5050.25,1,13:24:11.341184432
5050.25,1,13:24:11.341259221
5050.25,2,13:24:11.341259221
5050.25,1,13:24:11.341333395
5050.25,5,13:24:11.341333395
5050.25,1,13:24:11.341356708
5050.25,3,13:24:11.341423131
5050.25,4,13:24:11.341423131
5050.25,1,13:24:11.341506317
5050.25,3,13:24:11.341506317
5050.25,11,13:24:11.341562810
5050.25,2,13:24:11.341562810
5050.25,1,13:24:11.341600806
5050.25,1,13:24:11.341679364
5050.25,1,13:24:11.341767939
5050.25,13,13:24:11.341861224
5050.25,15,13:24:11.341861224
5050.25,1,13:24:11.341912025
5050.25,3,13:24:11.341912025
5050.25,4,13:24:11.341980346
5050.25,10,13:24:11.342165863
5050.25,1,13:24:11.342345886
5050.5,23,13:24:11.342538789
5050.5,1,13:24:11.342611472
5050.5,1,13:24:11.342695407
5050.25,3,13:24:11.342907683
5050.25,4,13:24:11.343048764
5050.25,1,13:24:11.343048764
5050.25,1,13:24:11.343102849
5050.25,1,13:24:11.343276426
5050.25,1,13:24:11.343430461
5050.25,1,13:24:11.367890404
5050.5,12,13:24:11.591276996
5050.5,1,13:24:11.613244107
5050.5,2,13:24:11.861301555
5050.5,3,13:24:11.895144248
5050.5,1,13:24:11.900159728
5050.5,1,13:24:11.915953189
5050.5,2,13:24:11.916541953
5050.5,3,13:24:12.151755807
5050.5,1,13:24:12.432191241
5050.5,10,13:24:13.630322175
5050.25,35,13:24:13.732434362
5050.0,1,13:24:13.732478392
5050.0,1,13:24:13.732484613
5050.0,15,13:24:13.760486143
5050.25,15,13:24:15.089034751
5050.25,1,13:24:15.089098112
5050.25,1,13:24:15.089175953
5050.25,3,13:24:15.089238191
5050.25,4,13:24:15.089313741
5050.25,13,13:24:15.293586021
5050.25,7,13:24:15.293772210
5050.25,1,13:24:15.294170152
5050.25,1,13:24:15.294274163
5050.25,1,13:24:15.294327131
5050.25,1,13:24:15.294386697
5050.0,1,13:24:15.356942420
5050.0,4,13:24:16.060321734
5050.0,1,13:24:16.131474778
5050.25,5,13:24:16.184425741
5050.5,3,13:24:16.227929851
5050.5,1,13:24:16.228073938
5050.5,3,13:24:16.228097491
5050.5,3,13:24:16.228168602
5050.5,4,13:24:16.228217733
5050.5,3,13:24:16.228217733
5050.5,1,13:24:16.228296406
5050.5,2,13:24:16.228338695
5050.5,1,13:24:16.228385125
5050.5,2,13:24:16.228557958
5050.5,1,13:24:16.228962225
5050.5,5,13:24:16.229737165
5050.5,1,13:24:16.347100474
5050.25,1,13:24:16.737742939
5050.25,1,13:24:18.031218105
5050.25,31,13:24:18.801325688
5050.25,22,13:24:19.100544374
5050.5,1,13:24:19.702827291
5050.25,21,13:24:21.019306686
5050.25,1,13:24:21.019698822
5050.25,3,13:24:21.019897888
5050.25,2,13:24:21.020103906
5050.25,3,13:24:21.021274214
5050.25,1,13:24:21.021308669
5050.25,2,13:24:21.021444796
5050.25,7,13:24:21.021778618
5050.25,1,13:24:21.022046450
5050.25,9,13:24:21.041999689
5050.25,8,13:24:21.042027153
5050.25,2,13:24:21.108584847
5050.25,1,13:24:21.108614509
5050.25,6,13:24:21.567644590
5050.25,2,13:24:21.567798332
5050.0,13,13:24:22.876214015
5050.0,1,13:24:22.876289361
5050.0,2,13:24:22.876340946
5050.0,2,13:24:22.876447934
5050.0,1,13:24:22.876516501
5050.0,1,13:24:22.876563469
5050.0,4,13:24:22.876628526
5050.0,10,13:24:22.876798504
5050.0,1,13:24:22.876967416
5050.0,1,13:24:22.877046311
5050.0,2,13:24:22.891391793
5049.75,1,13:24:23.895273562
5049.75,1,13:24:24.076687362
5050.0,1,13:24:24.366343336
5050.0,1,13:24:24.451341164
5050.0,2,13:24:25.307492027
5050.0,1,13:24:25.307758774
5050.0,1,13:24:25.336350611
5050.0,18,13:24:26.009160513
5050.0,5,13:24:26.022924665
5050.0,1,13:24:26.023082451
5050.0,1,13:24:26.023320232
5050.0,1,13:24:26.023344591
5050.0,16,13:24:26.026018723
5050.0,3,13:24:26.026273408
5050.0,18,13:24:26.026591248
5050.0,2,13:24:26.262341526
5050.25,2,13:24:27.040524458
5050.25,1,13:24:27.054727522
5050.25,7,13:24:27.060929228
5050.25,1,13:24:27.061036846
5050.25,1,13:24:27.061070782
5050.25,3,13:24:27.061152023
5050.25,2,13:24:27.174768507
5050.25,1,13:24:27.174919799
5050.25,2,13:24:27.174965413
5050.25,4,13:24:27.175038948
5050.25,1,13:24:27.175298134
5050.25,1,13:24:27.624960610
5050.0,1,13:24:27.850437443
5050.25,14,13:24:30.296187601
5050.25,4,13:24:32.028874829
5050.25,1,13:24:33.433363382
5050.25,17,13:24:34.353083216
5050.25,4,13:24:34.353191871
5050.25,3,13:24:34.353254608
5050.25,1,13:24:34.353586576
5050.25,3,13:24:34.353821455
5050.25,4,13:24:34.353880550
5050.5,1,13:24:34.937590851
5050.5,22,13:24:37.407704059
5050.5,13,13:24:37.479184739
5050.5,4,13:24:38.320042827
5050.5,1,13:24:38.323633664
5050.5,23,13:24:39.482814695
5050.5,1,13:24:39.483081676
5050.5,5,13:24:39.483202641
5050.25,10,13:24:39.891013234
5050.5,1,13:24:41.770367792
5050.5,26,13:24:41.770759531
5050.5,4,13:24:41.770866861
5050.5,2,13:24:41.770911339
5050.5,3,13:24:41.771144047
5050.5,1,13:24:41.771235483
5050.5,3,13:24:41.771350036
5050.5,1,13:24:41.771350036
5050.5,1,13:24:41.771538526
5050.5,1,13:24:41.771836391
5050.5,7,13:24:41.972117611
5050.5,7,13:24:42.464843669
5050.5,11,13:24:42.465145012
5050.5,3,13:24:42.638169838
5050.5,1,13:24:42.638338184
5050.5,3,13:24:42.638410303
5050.5,2,13:24:42.638486682
5050.5,1,13:24:42.638486682
5050.5,1,13:24:42.638636830
5050.5,1,13:24:42.638912196
5050.25,2,13:24:44.416247292
5050.25,3,13:24:44.416301465
5050.25,10,13:24:44.416420665
5050.25,4,13:24:44.416507562
5050.25,1,13:24:44.416603730
5050.25,2,13:24:44.416603730
5050.25,2,13:24:44.416646794
5050.25,10,13:24:44.922703024
5050.25,3,13:24:44.922755243
5050.25,2,13:24:44.922755243
5050.25,2,13:24:44.922854832
5050.5,1,13:24:45.018640289
5050.5,15,13:24:45.526385873
5050.25,1,13:24:45.750179857
5050.5,1,13:24:45.859395430
5050.5,7,13:24:46.319305748
5050.5,1,13:24:46.613360776
5050.5,1,13:24:46.680899149
5050.5,10,13:24:47.740574360
5050.75,2,13:24:47.777049920
5050.75,1,13:24:47.785822132
5050.75,2,13:24:47.786025401
5050.75,3,13:24:47.786433040
5050.75,3,13:24:47.786478539
5050.75,3,13:24:47.786595558
5050.75,1,13:24:47.786595558
5050.75,4,13:24:47.786637323
5050.75,2,13:24:47.808116834
5050.75,3,13:24:47.809308668
5050.75,1,13:24:48.054170502
5050.75,12,13:24:48.096957078
5050.5,1,13:24:48.182965837
5050.75,1,13:24:48.293865959
5050.75,1,13:24:48.294042037
5050.75,1,13:24:48.302000389
5050.75,1,13:24:48.520033602
5050.75,1,13:24:48.520098684
5050.75,1,13:24:48.521021689
5050.75,1,13:24:49.052269867
5050.75,2,13:24:49.177740383
5050.75,1,13:24:49.188138169
5050.75,1,13:24:49.521417562
5050.75,10,13:24:49.941994761
5050.75,9,13:24:50.360459402
5050.75,1,13:24:50.683535909
5050.75,3,13:24:50.683576722
5050.75,3,13:24:50.683678421
5050.75,6,13:24:50.683801127
5050.75,2,13:24:50.683801127
5050.75,6,13:24:50.683961560
5050.5,23,13:24:51.654407678
5050.5,1,13:24:51.948493669
5050.5,1,13:24:53.425928694
5050.5,4,13:24:53.426097347
5050.5,1,13:24:53.426158170
5050.5,3,13:24:53.426240592
5050.75,1,13:24:53.837349397
5050.75,2,13:24:54.289220436
5050.5,1,13:24:54.965977923
5050.5,9,13:24:55.372465729
5050.5,1,13:24:55.372602721
5050.5,1,13:24:55.372645838
5050.5,5,13:24:55.372676840
5050.5,1,13:24:55.434805242
5050.5,3,13:24:55.434859605
5050.5,1,13:24:55.434937780
5050.5,1,13:24:55.434980302
5050.5,9,13:24:55.435046738
5050.5,6,13:24:55.654397316
5050.5,2,13:24:55.654451647
5050.5,1,13:24:55.677773588
5050.5,1,13:24:55.677851256
5050.5,2,13:24:55.677851256
5050.5,3,13:24:56.643103003
5050.5,2,13:24:56.647868841
5050.5,2,13:24:56.648027798
5050.5,1,13:24:56.648278740
5050.5,3,13:24:56.655103635
5050.5,1,13:24:57.055471512
5050.5,2,13:24:57.055830835
5050.5,1,13:24:57.056018026
5050.5,6,13:24:57.186334539
5050.5,1,13:24:57.232413918
5050.25,4,13:24:57.798910989
5050.25,1,13:24:57.798922535
5050.5,1,13:24:59.000483214
5050.5,2,13:24:59.000623185
5050.5,1,13:24:59.000678251
5050.5,3,13:24:59.000730256
5050.5,1,13:24:59.000759210
5050.25,1,13:24:59.106235295
5050.5,1,13:24:59.345911339
5050.5,2,13:24:59.389762859
5050.5,3,13:24:59.390110687
5050.5,10,13:24:59.390209377
5050.5,2,13:24:59.390251818
5050.5,1,13:24:59.390294799
5050.5,2,13:24:59.691981027
5050.5,3,13:24:59.698581899
5050.5,8,13:25:00.139633639
5050.5,1,13:25:00.139674977
5050.5,1,13:25:00.139762023
5050.5,2,13:25:00.139804432
5050.5,4,13:25:00.139860933
5050.5,2,13:25:00.139918883
5050.5,4,13:25:00.473845190
5050.5,1,13:25:00.473944083
5050.5,4,13:25:00.473979063
5050.5,1,13:25:00.474029700
5050.5,1,13:25:00.474284067
5050.5,1,13:25:00.739462485
5050.5,1,13:25:00.739640114
5050.5,22,13:25:01.140732706
5050.5,1,13:25:01.140998190
5050.5,2,13:25:01.187507772
5050.5,1,13:25:01.732310340
5050.5,9,13:25:01.955857132
5050.5,19,13:25:02.043646335
5050.5,1,13:25:02.043884746
5050.5,7,13:25:02.044128350
5050.25,1,13:25:02.434997619
5050.5,1,13:25:02.621701139
5050.5,10,13:25:03.666585676
5050.5,11,13:25:03.667217682
5050.25,9,13:25:07.286246346
5050.25,1,13:25:07.286353699
5050.25,1,13:25:07.286405326
5050.25,3,13:25:07.286468908
5050.25,2,13:25:07.286558577
5050.25,3,13:25:07.286558577
5050.25,2,13:25:07.286594860
5050.25,20,13:25:07.286715646
5050.25,1,13:25:07.287426121
5050.0,10,13:25:07.289952949
5050.25,1,13:25:07.296983059
5050.0,1,13:25:10.712011595
5050.0,11,13:25:10.712464122
5050.0,2,13:25:10.712920121
5050.0,1,13:25:11.304303108
5050.0,1,13:25:11.589497602
5050.0,1,13:25:12.120427689
5050.25,8,13:25:12.453177595
5050.25,2,13:25:12.453274476
5050.25,4,13:25:12.453360735
5050.25,1,13:25:12.453453248
5050.25,4,13:25:12.453453248
5050.25,9,13:25:12.453499337
5050.25,1,13:25:12.719423743
5050.25,10,13:25:12.719554398
5050.25,3,13:25:12.719606402
5050.25,2,13:25:12.945904397
5050.25,21,13:25:13.365991382
5050.25,1,13:25:13.596143306
5050.25,1,13:25:13.597211794
5050.25,2,13:25:13.597365666
5050.25,3,13:25:13.597579766
5050.25,1,13:25:13.597618650
5050.0,1,13:25:13.687551300
5050.25,1,13:25:13.746038018
5050.0,1,13:25:16.026924850
5050.25,1,13:25:16.283224555
5050.0,1,13:25:16.776570116
5050.0,20,13:25:17.345694554
5050.0,21,13:25:17.361257133
5050.0,3,13:25:17.361680811
5050.0,1,13:25:17.674821781
5050.0,3,13:25:17.775717362
5050.0,31,13:25:20.057056788
5050.0,1,13:25:20.057188818
5050.0,4,13:25:20.057250766
5050.0,1,13:25:20.057250766
5050.0,1,13:25:20.057286284
5050.0,1,13:25:20.057584853
5050.25,11,13:25:20.619681601
5050.25,1,13:25:20.619972855
5050.25,3,13:25:20.620080972
5050.25,2,13:25:20.620080972
5050.25,4,13:25:20.620162020
5050.25,3,13:25:20.941679712
5050.25,1,13:25:20.941848971
5050.25,4,13:25:20.986462076
5050.25,20,13:25:21.081748451
5050.25,29,13:25:22.393985875
5050.25,2,13:25:22.394066463
5050.25,9,13:25:22.394541209
5050.25,1,13:25:22.394717964
5050.25,2,13:25:22.394770000
5050.25,1,13:25:23.983533597
5050.25,4,13:25:23.983628187
5050.25,5,13:25:24.457814357
5050.25,2,13:25:24.498469329
5050.25,1,13:25:24.584863668
5050.25,1,13:25:25.015445172
5050.25,4,13:25:26.112045358
5050.25,2,13:25:26.112109027
5050.25,5,13:25:26.112175652
5050.25,1,13:25:26.122686331
5050.25,1,13:25:26.122859995
5050.25,2,13:25:26.122899506
5050.25,4,13:25:26.128596798
5050.25,1,13:25:26.128982768
5050.25,1,13:25:26.129328938
5050.25,1,13:25:26.130243168
5050.25,2,13:25:26.131581063
5050.25,1,13:25:26.439406845
5050.25,1,13:25:26.513269752
5050.0,1,13:25:27.152655364
5050.0,4,13:25:28.002175678
5050.0,3,13:25:28.002208581
5050.0,1,13:25:28.002296542
5050.0,2,13:25:28.002296542
5050.0,3,13:25:28.002421642
5050.0,1,13:25:28.002524572
5050.0,4,13:25:28.002524572
5050.0,2,13:25:28.002638085
5050.0,1,13:25:28.002728167
5050.0,1,13:25:28.002764711
5050.0,3,13:25:28.002887380
5050.0,2,13:25:28.002887380
5050.0,1,13:25:28.003235419
5050.0,1,13:25:28.003368851
5050.0,2,13:25:28.003531563
5050.0,4,13:25:28.003789971
5050.0,1,13:25:28.003873490
5049.75,13,13:25:29.222775044
5049.75,1,13:25:29.222793716
5049.75,1,13:25:29.222926615
5049.75,7,13:25:29.222993416
5049.75,3,13:25:29.223072391
5049.75,1,13:25:29.223072391
5049.75,6,13:25:29.223344348
5049.75,6,13:25:29.223621509
5049.75,1,13:25:29.224004339
5049.75,8,13:25:29.224379502
5049.75,9,13:25:29.226136312
5049.75,5,13:25:29.260194194
5049.75,2,13:25:29.260356537
5049.75,1,13:25:29.260466820
5049.75,1,13:25:29.260515215
5049.75,5,13:25:29.260674627
5049.75,2,13:25:29.260674627
5049.75,1,13:25:29.260838256
5049.75,2,13:25:29.260838256
5049.75,1,13:25:29.260884771
5049.75,1,13:25:29.261029193
5049.75,1,13:25:29.261068017
5049.75,12,13:25:29.323696899
5050.0,5,13:25:30.011504046
5050.0,1,13:25:30.011526571
5050.0,1,13:25:30.011645153
5050.0,2,13:25:30.012558608
5050.0,1,13:25:30.012588939
5050.0,3,13:25:30.012644075
5050.0,1,13:25:30.012676780
5050.0,1,13:25:30.024262415
5050.0,2,13:25:30.024447670
5050.0,2,13:25:30.063786708
5050.0,2,13:25:30.063998885
5050.0,3,13:25:30.064077926
5050.0,1,13:25:30.064142964
5050.0,1,13:25:30.064182261
5050.0,2,13:25:30.064243959
5050.0,2,13:25:30.078310280
5050.0,3,13:25:30.078380198
5050.0,1,13:25:30.079008329
5049.75,1,13:25:31.514053159
5049.75,1,13:25:32.912971846
5050.0,1,13:25:33.185723679
5049.75,10,13:25:33.700287629
5049.75,3,13:25:33.700331774
5049.75,6,13:25:33.700516082
5049.75,1,13:25:33.700565389
5049.75,2,13:25:33.700604554
5049.75,1,13:25:33.702144163
5049.75,9,13:25:33.702390139
5049.75,1,13:25:33.702451865
5049.75,1,13:25:33.702684455
5049.75,2,13:25:33.702738123
5049.75,2,13:25:33.702880203
5049.75,5,13:25:33.703017130
5049.75,1,13:25:33.703125638
5049.75,3,13:25:33.705591615
5049.75,1,13:25:33.705673913
5049.75,1,13:25:33.705800684
5049.75,1,13:25:33.705861299
5049.75,13,13:25:34.183773033
5049.5,1,13:25:34.843903254
5049.5,1,13:25:34.843913212
5049.5,1,13:25:34.860164483
5049.5,1,13:25:35.563171565
5049.5,8,13:25:36.046670980
5049.5,5,13:25:36.123929777
5049.5,1,13:25:36.124064541
5049.5,1,13:25:36.124101102
5049.5,6,13:25:36.490777898
5049.5,29,13:25:36.491194537
5049.5,2,13:25:36.491463704
5049.5,1,13:25:36.491487155
5049.5,23,13:25:36.491613829
5049.5,3,13:25:36.491641263
5049.5,1,13:25:36.491663103
5049.5,1,13:25:36.491742174
5049.5,14,13:25:36.491820748
5049.5,1,13:25:36.491820748
5049.5,1,13:25:36.491907559
5049.5,6,13:25:36.491957304
5049.5,30,13:25:36.492070952
5049.75,14,13:25:36.547321501
5049.75,2,13:25:36.547362203
5049.75,1,13:25:36.547484090
5049.75,1,13:25:36.547512266
5049.75,5,13:25:36.547707608
5049.75,1,13:25:36.547836328
5049.75,1,13:25:36.548047436
5049.75,2,13:25:36.548087818
5049.75,3,13:25:36.548131942
5049.75,2,13:25:36.548215323
5049.75,2,13:25:36.548417962
5049.75,1,13:25:36.548603901
5049.75,5,13:25:36.548806693
5049.75,6,13:25:36.548987077
5049.75,1,13:25:36.549097739
5049.75,3,13:25:36.549321463
5049.75,1,13:25:36.549368591
5049.75,6,13:25:36.549543801
5049.75,1,13:25:36.549697962
5049.75,1,13:25:36.549850531
5049.5,4,13:25:36.567890644
5049.75,1,13:25:36.651641368
5049.5,5,13:25:36.713169743
5049.75,7,13:25:36.713469182
5049.75,7,13:25:36.713559667
5049.75,1,13:25:36.713650028
5049.75,1,13:25:36.713708589
5049.75,4,13:25:36.713887748
5049.75,1,13:25:36.714057803
5049.75,1,13:25:36.714092580
5049.5,2,13:25:37.159750765
5049.75,2,13:25:37.236021461
5049.75,19,13:25:37.236192895
5049.75,12,13:25:37.236304706
5049.75,1,13:25:37.236559380
5049.75,2,13:25:37.236627676
5049.75,1,13:25:37.238146775
5049.5,8,13:25:37.366981293
5049.75,4,13:25:37.495364955
5049.5,1,13:25:37.506452004
5049.5,1,13:25:37.563627891
5049.5,1,13:25:38.334046939
5049.75,25,13:25:39.214369300
5049.75,1,13:25:39.214488156
5049.75,1,13:25:39.214584219
5049.75,2,13:25:39.214635640
5049.75,23,13:25:39.215233003
5049.75,1,13:25:39.215370359
5049.75,1,13:25:39.215474265
5049.75,2,13:25:39.215504327
5049.75,1,13:25:39.215558328
5049.75,1,13:25:39.215785475
5049.75,1,13:25:39.215939273
5050.0,1,13:25:39.356696263
5049.75,2,13:25:39.869353066
5050.0,1,13:25:40.192065308
5050.0,23,13:25:40.435966958
5050.0,9,13:25:40.485183693
5050.0,1,13:25:40.485339222
5050.0,1,13:25:40.485412772
5050.0,10,13:25:40.485805679
5050.0,3,13:25:40.486025511
5050.0,1,13:25:40.486161620
5050.0,3,13:25:40.486161620
5050.0,1,13:25:40.486313587
5050.0,1,13:25:40.489170367
5050.0,1,13:25:40.489990429
5050.0,1,13:25:40.724534960
5050.0,1,13:25:40.724556349
5050.25,2,13:25:40.962537863
5050.25,1,13:25:42.586532604
5050.25,10,13:25:42.586654852
5050.25,2,13:25:42.587040157
5050.25,3,13:25:42.587095366
5050.25,2,13:25:42.587162574
5050.25,1,13:25:42.587258606
5050.25,1,13:25:42.587363720
5050.25,4,13:25:42.687360093
5050.25,3,13:25:43.574623573
5050.25,1,13:25:44.050664585
5050.25,1,13:25:44.336442696
5050.25,26,13:25:44.416316689
5050.25,2,13:25:44.416736269
5050.25,1,13:25:44.416814618
5050.25,2,13:25:44.416814618
5050.25,1,13:25:44.416864994
5050.25,2,13:25:44.417014899
5050.25,1,13:25:44.417173740
5050.25,3,13:25:44.417288744
5050.25,18,13:25:44.435005354
5050.25,1,13:25:44.435226346
5050.25,1,13:25:44.435256557
5050.25,1,13:25:44.435316950
5050.25,1,13:25:44.435414920
5050.25,3,13:25:44.435489155
5050.25,3,13:25:44.928196175
5050.25,8,13:25:44.928447812
5050.25,4,13:25:44.928628738
5050.25,2,13:25:44.928787134
5050.25,1,13:25:44.928829217
5050.25,1,13:25:44.928865141
5050.25,1,13:25:44.928957205
5050.25,2,13:25:46.403895271
5050.25,9,13:25:46.404124885
5050.25,1,13:25:46.404433038
5050.25,1,13:25:46.404482594
5050.25,1,13:25:46.417298066
5050.25,2,13:25:46.417484005
5050.25,1,13:25:46.778495201
5050.25,1,13:25:46.778677345
5050.0,2,13:25:52.465985629
5050.0,1,13:25:52.466036375
5050.0,2,13:25:52.466099799
5050.0,3,13:25:52.466140581
5050.0,2,13:25:52.466244844
5049.75,10,13:25:52.469308515
5049.75,8,13:25:53.204894793
5049.75,1,13:25:53.502488794
5049.5,10,13:25:54.413121255
5049.5,1,13:25:55.320922303
5049.75,1,13:25:56.976332041
5049.5,1,13:25:58.677391452
5049.5,3,13:25:58.677450881
5049.5,1,13:25:58.677475345
5049.5,1,13:25:58.677604951
5049.5,1,13:25:58.677749686
5049.5,19,13:25:58.678028083
5049.5,1,13:25:58.678190166
5049.5,2,13:25:58.678213574
5049.5,2,13:25:58.678251411
5049.5,1,13:25:58.678320434
5049.5,2,13:25:58.678320434
5049.5,2,13:25:58.678389757
5049.5,1,13:25:58.678389757
5049.5,4,13:25:58.678435073
5049.5,10,13:25:58.678991126
5049.5,3,13:25:58.679031501
5049.5,1,13:25:59.755487025
5049.25,1,13:26:00.705373875
5049.25,1,13:26:00.705384425
5049.25,1,13:26:00.705546950
5049.25,1,13:26:00.705579871
5049.25,1,13:26:00.714781677
5049.25,1,13:26:01.370037658
5049.5,2,13:26:01.612183721
5049.5,4,13:26:01.612447335
5049.5,2,13:26:01.612493108
5049.5,4,13:26:01.612550797
5049.5,1,13:26:01.612618276
5049.5,4,13:26:01.612618276
5049.5,6,13:26:01.612757143
5049.5,1,13:26:01.612829206
5049.5,11,13:26:01.612917517
5049.5,1,13:26:01.612969787
5049.5,1,13:26:01.613166975
5049.5,3,13:26:01.613254391
5049.5,2,13:26:01.613372713
5049.5,1,13:26:01.613463993
5049.5,1,13:26:01.613713562
5049.5,1,13:26:01.613762274
5049.5,3,13:26:01.613869972
5049.5,1,13:26:02.185395792
5049.75,1,13:26:02.929076765
5049.75,4,13:26:02.956891684
5049.75,3,13:26:02.957126713
5049.75,1,13:26:02.957159959
5049.75,2,13:26:02.957567026
5049.75,2,13:26:02.957765034
5049.75,5,13:26:02.957826078
5049.75,3,13:26:02.957894133
5049.75,2,13:26:02.958961058
5049.75,1,13:26:02.959048061
5049.75,1,13:26:02.959183187
5049.75,8,13:26:02.966055936
5049.5,1,13:26:03.671188511
5049.5,20,13:26:04.440161060
5049.5,1,13:26:04.703188547
5049.5,1,13:26:05.008214256
5049.25,19,13:26:06.294118134
5049.25,1,13:26:06.750407635
5049.25,3,13:26:07.276138801
5049.25,5,13:26:07.276412468
5049.25,1,13:26:07.276589659
5049.25,4,13:26:07.276819289
5049.25,1,13:26:07.276990144
5049.25,1,13:26:07.277234618
5049.25,1,13:26:07.277349770
5049.25,1,13:26:07.968243105
5049.0,3,13:26:08.611646316
5049.0,1,13:26:08.611663760
5049.0,50,13:26:08.611663760
5049.0,4,13:26:08.611663760
5049.0,2,13:26:08.611663760
5049.0,32,13:26:08.612166596
5049.0,1,13:26:08.612225387
5049.25,33,13:26:08.612518440
5049.0,1,13:26:08.612795482
5049.0,4,13:26:08.612826801
5049.25,2,13:26:08.613096048
5049.25,1,13:26:08.613096048
5049.25,2,13:26:08.613199871
5049.25,4,13:26:08.613199871
5049.25,1,13:26:08.613380496
5049.25,3,13:26:08.613380496
5049.25,4,13:26:08.613541865
5049.25,1,13:26:08.613682419
5049.25,1,13:26:08.614027306
5049.25,3,13:26:08.614101601
5049.25,7,13:26:08.615559906
5049.25,2,13:26:08.615629325
5049.25,1,13:26:08.615629325
5049.25,1,13:26:08.615703976
5049.25,7,13:26:08.615967185
5049.25,1,13:26:08.616155816
5049.25,1,13:26:08.616307460
5049.25,3,13:26:08.616307460
5049.25,2,13:26:08.616307460
5049.25,2,13:26:08.616374063
5049.25,1,13:26:08.616532707
5049.25,1,13:26:08.623595553
5049.25,1,13:26:08.640865814
5049.5,2,13:26:08.699405292
5049.5,4,13:26:08.699470077
5049.5,4,13:26:08.699536689
5049.5,1,13:26:08.699663095
5049.5,1,13:26:08.699710564
5049.5,1,13:26:08.699751974
5049.5,1,13:26:08.746671924
5049.5,1,13:26:08.746832141
5049.5,2,13:26:08.746855955
5049.5,1,13:26:08.746901205
5049.5,1,13:26:08.746939248
5049.25,9,13:26:10.074235665
5049.25,16,13:26:11.145201458
5049.25,1,13:26:11.145652767
5049.25,7,13:26:12.557317520
5049.25,1,13:26:13.328137589
5049.25,1,13:26:14.426945714
5049.25,3,13:26:14.427015341
5049.25,8,13:26:14.427076037
5049.25,1,13:26:14.427342614
5049.25,2,13:26:14.427570146
5049.25,3,13:26:14.427633174
5049.25,8,13:26:14.434336737
5049.25,3,13:26:14.434760678
5049.0,1,13:26:15.549773612
5049.0,1,13:26:15.549800716
5049.0,2,13:26:15.549931020
5049.0,1,13:26:15.549957628
5049.0,3,13:26:15.549983837
5049.25,30,13:26:16.337894970
5049.0,9,13:26:17.213774740
5049.25,1,13:26:17.463297840
5049.0,20,13:26:18.785708014
5049.25,8,13:26:18.908340693
5049.25,3,13:26:18.908370210
5049.25,1,13:26:18.908408873
5049.25,1,13:26:18.908450932
5049.25,2,13:26:18.908510840
5049.25,8,13:26:18.908591303
5049.25,3,13:26:18.908713122
5049.25,1,13:26:18.908713122
5049.25,2,13:26:18.908713122
5049.25,2,13:26:18.908836926
5049.25,3,13:26:18.908836926
5049.25,7,13:26:18.908836926
5049.25,1,13:26:18.908896953
5049.25,2,13:26:18.908896953
5049.25,1,13:26:18.909004329
5049.25,1,13:26:18.909078364
5049.25,2,13:26:18.909117491
5049.25,2,13:26:18.922912551
5049.25,7,13:26:18.923001545
5049.25,3,13:26:18.923026829
5049.25,9,13:26:18.924303363
5049.25,1,13:26:18.931509272
5049.25,2,13:26:18.931623933
5049.25,1,13:26:18.931683854
5049.25,1,13:26:18.931762601
5049.25,3,13:26:19.328215428
5049.25,2,13:26:19.328381173
5049.25,1,13:26:19.328466906
5049.25,5,13:26:19.328497013
5049.25,3,13:26:19.338974256
5049.25,1,13:26:19.339094692
5049.25,1,13:26:19.396685695
5049.25,1,13:26:19.396966597
5049.25,1,13:26:20.214308328
5049.25,7,13:26:20.219693562
5049.25,2,13:26:20.219904156
5049.25,5,13:26:20.219989936
5049.25,2,13:26:20.432050419
5049.25,1,13:26:20.432253182
5049.25,1,13:26:20.432561105
5049.25,2,13:26:20.432757054
5049.25,6,13:26:20.518209042
5049.25,1,13:26:21.180388235
5049.25,2,13:26:21.676532402
5049.25,3,13:26:21.676757753
5049.25,3,13:26:21.677208896
5049.25,1,13:26:21.677419556
5049.5,3,13:26:23.568347628
5049.5,1,13:26:23.568542078
5049.5,2,13:26:23.568606562
5049.5,22,13:26:23.568730778
5049.5,7,13:26:24.476241207
5049.5,8,13:26:24.546472615
5049.5,1,13:26:24.546619783
5049.5,2,13:26:25.255077376
5049.25,7,13:26:28.119229477
5049.25,2,13:26:28.119467005
5049.25,1,13:26:28.119496277
5049.25,8,13:26:28.119606291
5049.25,3,13:26:28.119710002
5049.25,1,13:26:28.119710002
5049.25,1,13:26:28.119754419
5049.25,2,13:26:28.338107864
5049.25,2,13:26:28.338295538
5049.25,6,13:26:28.338829798
5049.25,2,13:26:28.338962390
5049.25,1,13:26:28.338962390
5049.25,2,13:26:28.339256703
5049.25,1,13:26:28.339291196
5049.25,2,13:26:28.339381211
5049.25,1,13:26:28.339381211
5049.25,1,13:26:28.574325426
5049.25,4,13:26:28.574737003
5049.25,1,13:26:28.575370529
5049.0,1,13:26:28.820658442
5049.25,1,13:26:28.998494187
5049.0,1,13:26:30.096624988
5049.0,1,13:26:30.097094089
5049.0,1,13:26:30.097645514
5049.0,1,13:26:30.098637889
5049.0,1,13:26:30.098689244
5049.0,2,13:26:30.098734857
5049.0,1,13:26:30.098789492
5049.0,2,13:26:30.098831659
5049.0,1,13:26:30.098866022
5049.0,1,13:26:30.098972875
5049.0,3,13:26:30.299533140
5049.0,1,13:26:30.299666308
5049.0,6,13:26:30.299696516
5049.0,2,13:26:30.300706751
5049.25,1,13:26:32.633348818
5049.25,8,13:26:32.633466705
5049.25,2,13:26:32.633570758
5049.25,3,13:26:32.633655842
5049.25,1,13:26:32.633655842
5049.25,2,13:26:32.633692729
5049.25,1,13:26:32.633738675
5049.25,1,13:26:32.633855814
5049.25,1,13:26:32.633913027
5049.25,1,13:26:32.647470955
5049.25,1,13:26:35.197923690
5049.0,25,13:26:35.908739618
5049.0,3,13:26:36.199204579
5049.0,10,13:26:36.216745061
5049.0,2,13:26:36.216779541
5049.0,3,13:26:36.216835260
5049.0,2,13:26:36.216976214
5049.0,8,13:26:36.217083035
5049.0,2,13:26:36.217083035
5049.0,1,13:26:36.217083035
5049.0,3,13:26:36.217083035
5049.0,3,13:26:36.217176502
5049.0,26,13:26:36.217176502
5049.0,2,13:26:36.217244607
5049.0,1,13:26:36.217244607
5049.0,6,13:26:36.217298249
5049.0,2,13:26:36.217298249
5049.0,22,13:26:36.217356896
5049.0,5,13:26:36.217356896
5049.0,9,13:26:36.217396043
5049.0,1,13:26:36.217480495
5049.0,1,13:26:36.217511114
5049.0,6,13:26:36.217676065
5049.0,3,13:26:36.217904950
5049.0,3,13:26:36.217953900
5049.0,1,13:26:36.217953900
5049.0,6,13:26:36.218060194
5049.0,18,13:26:36.218364869
5049.0,16,13:26:36.218421148
5049.0,6,13:26:36.218635347
5049.0,1,13:26:36.218748909
5049.0,14,13:26:36.218818551
5048.75,6,13:26:36.219542566
5048.75,3,13:26:36.219553629
5048.75,1,13:26:36.219553629
5048.75,2,13:26:36.219773224
5048.75,1,13:26:36.219923595
5048.75,3,13:26:36.219923595
5048.75,5,13:26:36.219991986
5048.75,5,13:26:36.220266577
5048.75,2,13:26:36.220541290
5048.75,16,13:26:36.220541290
5048.75,1,13:26:36.220541290
5048.75,1,13:26:36.220600287
5048.75,1,13:26:36.220931356
5048.75,2,13:26:36.221193624
5048.75,2,13:26:36.221353412
5048.75,4,13:26:36.221353412
5048.75,1,13:26:36.221640298
5048.75,6,13:26:36.221950877
5048.75,10,13:26:36.226296126
5049.0,1,13:26:36.229044076
5049.0,1,13:26:36.231526549
5049.0,2,13:26:36.380324057
5049.0,10,13:26:36.389888940
5049.0,2,13:26:36.389932570
5049.0,3,13:26:36.389986258
5049.0,1,13:26:36.390022168
5049.0,6,13:26:36.390082440
5049.0,1,13:26:36.390228643
5049.0,2,13:26:36.390523315
5049.0,1,13:26:36.390573790
5049.0,1,13:26:36.390700775
5049.0,1,13:26:36.390765652
5049.0,1,13:26:36.390973714
5049.0,1,13:26:36.534192946
5049.0,1,13:26:36.541820306
5049.0,1,13:26:36.580223732
5049.0,1,13:26:36.580548593
5049.0,1,13:26:36.580582801
5049.0,4,13:26:36.780004846
5049.25,1,13:26:36.789924910
5049.0,10,13:26:37.464627817
5049.25,5,13:26:40.435262459
5049.0,9,13:26:40.438491382
5049.25,24,13:26:40.438648160
5049.25,1,13:26:40.438828295
5049.25,2,13:26:40.438906238
5049.25,1,13:26:40.438906238
5049.25,3,13:26:40.439498036
5049.25,2,13:26:40.439571343
5049.25,1,13:26:40.439659083
5049.25,1,13:26:40.439891602
5049.25,1,13:26:40.440139316
5049.25,1,13:26:40.653861574
5049.5,10,13:26:40.834779912
5049.25,1,13:26:41.067462323
5049.25,24,13:26:41.152562493
5049.25,1,13:26:41.152734311
5049.25,1,13:26:41.152773937
5049.25,7,13:26:41.152868096
5049.25,1,13:26:41.153162371
5049.25,3,13:26:41.153385511
5049.25,22,13:26:41.388858188
5049.25,1,13:26:41.389036743
5049.25,4,13:26:41.416020951
5049.25,6,13:26:41.416353847
5049.25,1,13:26:41.416540878
5049.25,3,13:26:41.416756816
5049.0,14,13:26:41.678789926
5049.0,7,13:26:41.679480596
5049.0,1,13:26:41.679680811
5049.0,2,13:26:41.679740793
5049.0,3,13:26:41.681736903
5049.0,1,13:26:41.689828341
5049.0,10,13:26:41.714760699
5049.0,3,13:26:41.715437205
5049.0,1,13:26:41.717666614
5049.0,1,13:26:41.774224448
5049.0,5,13:26:42.116632047
5049.0,1,13:26:42.116818643
5049.0,3,13:26:42.117445215
5049.0,1,13:26:42.117748870
5049.0,2,13:26:42.117967492
5049.0,3,13:26:42.345509465
5049.0,2,13:26:42.356281948
5049.0,3,13:26:42.356449224
5049.0,2,13:26:43.253960515
5049.0,2,13:26:43.254145143
5049.0,1,13:26:43.254442259
5049.0,7,13:26:43.254698149
5049.0,3,13:26:43.379368707
5049.0,3,13:26:43.379558651
5049.0,1,13:26:43.379607798
5049.0,2,13:26:43.388071671
5049.0,7,13:26:43.873814862
5049.0,1,13:26:43.873843368
5049.0,1,13:26:43.873975911
5049.0,10,13:26:44.088879514
5049.0,1,13:26:44.088958414
5049.0,2,13:26:44.088958414
5049.0,5,13:26:44.346013906
5049.0,1,13:26:45.007999698
5048.75,1,13:26:45.507273480
5048.75,6,13:26:45.886355836
5048.75,1,13:26:45.886507430
5048.75,1,13:26:45.886565524
5048.75,1,13:26:45.886602315
5048.75,3,13:26:45.886686425
5048.75,1,13:26:45.887000713
5048.5,1,13:26:46.986727823
5048.5,23,13:26:46.986741176
5048.5,1,13:26:46.986741176
5048.75,1,13:26:47.202097078
5048.75,10,13:26:47.293229764
5048.75,2,13:26:47.293716606
5048.75,4,13:26:47.293934837
5048.75,5,13:26:47.354596801
5048.75,1,13:26:47.354753519
5048.75,1,13:26:47.354784943
5048.75,1,13:26:47.354824439
5048.75,3,13:26:47.354962675
5048.5,1,13:26:47.377825161
5048.5,1,13:26:48.632455657
5048.75,4,13:26:48.857210177
5048.75,2,13:26:48.857251896
5048.75,4,13:26:48.857324810
5048.75,1,13:26:48.857601846
5048.75,10,13:26:48.857841595
5048.75,2,13:26:48.857905355
5048.75,3,13:26:48.860559319
5048.75,3,13:26:48.896374099
5048.75,2,13:26:48.896426887
5048.75,1,13:26:48.896650571
5048.75,5,13:26:48.896846753
5048.75,3,13:26:48.896906575
5048.75,1,13:26:48.946569975
5048.75,1,13:26:49.016090515
5048.75,7,13:26:49.861706524
5048.75,1,13:26:49.861957467
5048.75,1,13:26:49.862153013
5048.75,3,13:26:49.862212589
5048.75,2,13:26:50.044847375
5048.75,17,13:26:50.301395312
5048.75,1,13:26:50.301512949
5048.75,2,13:26:50.301568579
5048.5,7,13:26:50.881160317
5048.5,1,13:26:50.881596559
5048.5,1,13:26:50.881774002
5048.5,7,13:26:50.881913938
5048.75,1,13:26:51.299688935
5048.5,1,13:26:51.595743380
5048.75,15,13:26:52.119684643
5048.75,19,13:26:52.468633746
5049.0,20,13:26:53.685780314
5049.0,1,13:26:54.252232405
5049.25,25,13:26:54.672946543
5049.25,5,13:26:54.840665306
5049.25,15,13:26:55.157049936
5049.25,1,13:26:55.157171433
5049.25,1,13:26:55.157211005
5049.25,1,13:26:55.157280299
5049.25,1,13:26:55.157867434
5049.25,1,13:26:55.158365937
5049.25,2,13:26:55.158578395
5049.25,1,13:26:55.158718773
5049.25,1,13:26:55.158892661
5049.25,1,13:26:55.166148081
5049.5,25,13:26:56.561870525
5049.25,19,13:26:57.522767143
5049.25,1,13:26:57.522839126
5049.25,1,13:26:57.522881473
5049.25,1,13:26:57.523294538
5049.25,3,13:26:57.524591905
5049.25,3,13:26:57.524768737
5049.25,1,13:26:57.876474452
5049.25,4,13:26:57.876655246
5049.25,10,13:26:57.876729014
5049.25,1,13:26:57.876964491
5049.25,1,13:26:57.877180333
5049.25,1,13:26:58.169245563
5049.5,3,13:26:58.735549171
5049.5,2,13:26:58.735593861
5049.5,5,13:26:58.735674713
5049.5,1,13:26:58.735757022
5049.5,4,13:26:58.735757022
5049.5,4,13:26:58.735836870
5049.5,2,13:26:58.735836870
5049.5,2,13:26:58.735906661
5049.5,1,13:26:58.735906661
5049.5,1,13:26:58.735952930
5049.5,6,13:26:58.736016352
5049.25,1,13:27:00.539766873
5049.25,8,13:27:00.540033019
5049.25,1,13:27:00.540136243
5049.25,3,13:27:00.540136243
5049.25,1,13:27:00.540244389
5049.25,2,13:27:00.540244389
5049.25,1,13:27:00.540378318
5049.25,2,13:27:00.540378318
5049.25,10,13:27:00.543301165
5049.25,1,13:27:00.543472823
5049.25,2,13:27:00.543573225
5049.25,1,13:27:00.543625821
5049.25,5,13:27:00.543625821
5049.25,1,13:27:00.543698212
5049.25,10,13:27:00.910035719
5049.25,3,13:27:00.910099976
5049.25,2,13:27:00.910155466
5049.25,3,13:27:00.910211009
5049.25,6,13:27:00.910318755
5049.25,2,13:27:00.910372936
5049.25,1,13:27:00.910459786
5049.25,1,13:27:00.911008193
5049.5,22,13:27:03.161980836
5049.5,3,13:27:03.162052057
5049.5,2,13:27:03.162083189
5049.5,4,13:27:03.162158088
5049.5,1,13:27:03.163029759
5049.5,13,13:27:03.896167850
5049.5,1,13:27:03.896513793
5049.5,2,13:27:03.896770003
5049.5,1,13:27:03.896821998
5049.5,1,13:27:03.896893574
5049.75,3,13:27:04.319151645
5049.75,1,13:27:04.319186661
5049.75,16,13:27:04.319410227
5049.75,1,13:27:04.497830376
5049.75,1,13:27:04.753532615
5049.75,16,13:27:06.927950627
5050.0,3,13:27:08.144854104
5050.0,1,13:27:08.145046966
5050.0,1,13:27:08.145108148
5050.0,1,13:27:08.145155711
5050.0,1,13:27:08.145255837
5050.0,1,13:27:08.145465727
5050.0,14,13:27:08.145630671
5050.0,1,13:27:08.145987232
5050.0,1,13:27:08.146212782
5050.0,2,13:27:08.146264901
5050.0,2,13:27:08.146751468
5050.0,3,13:27:08.158821887
5050.0,1,13:27:08.158864743
5050.0,2,13:27:08.158928453
5050.25,1,13:27:08.171955699
5050.0,1,13:27:08.423038366
5050.0,19,13:27:08.652789995
5050.0,4,13:27:08.652883850
5050.0,2,13:27:08.652949125
5050.0,26,13:27:09.842472469
5050.0,1,13:27:10.312261688
5050.0,1,13:27:11.452938160
5049.75,9,13:27:11.682229810
5049.75,1,13:27:11.682397586
5049.75,1,13:27:11.682458180
5049.75,2,13:27:11.682517239
5049.75,1,13:27:11.682584291
5049.75,2,13:27:11.682584291
5049.75,2,13:27:11.682673486
5049.75,1,13:27:11.682696335
5049.75,8,13:27:11.683076864
5049.75,1,13:27:11.683176318
5050.0,3,13:27:12.458661430
5050.25,1,13:27:13.068842787
5050.25,1,13:27:13.294863385
5050.0,1,13:27:13.391116605
5050.0,4,13:27:13.838471368
5050.0,1,13:27:13.838776204
5050.0,2,13:27:13.838987652
5050.0,1,13:27:14.348014256
5050.0,8,13:27:14.516329224
5050.0,1,13:27:14.516467032
5050.0,1,13:27:14.593243349
5050.0,1,13:27:14.593381719
5050.0,1,13:27:14.593635856
5050.0,3,13:27:14.593682356
5050.0,1,13:27:14.593748364
5050.0,7,13:27:14.594235858
5050.0,1,13:27:14.594387634
5050.0,1,13:27:14.594431542
5049.75,5,13:27:16.190206629
5049.75,5,13:27:16.190753763
5049.75,2,13:27:16.191196038
5049.75,1,13:27:16.191371165
5049.75,2,13:27:16.191432493
5049.75,3,13:27:16.191483515
5049.75,1,13:27:16.191544368
5049.75,1,13:27:16.191749902
5049.75,1,13:27:16.259684555
5050.0,50,13:27:16.484387565
5050.0,2,13:27:16.484690087
5050.0,1,13:27:16.484719569
5050.0,1,13:27:16.484790981
5050.0,7,13:27:16.485108255
5050.0,1,13:27:16.485379982
5050.0,1,13:27:16.485510941
5050.0,1,13:27:16.485629267
5050.0,1,13:27:16.485697662
5050.25,1,13:27:16.509249814
5050.0,3,13:27:16.702711482
5050.0,1,13:27:16.703152000
5050.0,5,13:27:17.238877833
5050.0,10,13:27:18.449991146
5050.0,1,13:27:18.450351688
5049.75,19,13:27:20.435494544
5049.75,5,13:27:20.435583010
5049.75,1,13:27:20.435913023
5049.75,5,13:27:20.436179716
5049.75,1,13:27:20.436216411
5049.75,5,13:27:20.810731503
5049.75,1,13:27:20.810799540
5049.75,1,13:27:20.810843771
5049.75,1,13:27:20.810931260
5049.75,4,13:27:20.810931260
5049.75,4,13:27:20.811011973
5049.75,3,13:27:20.811675510
5049.75,1,13:27:20.811844320
5049.75,1,13:27:21.214173201
5049.75,1,13:27:21.214215819
5049.75,3,13:27:21.214300611
5049.75,2,13:27:21.214362113
5049.75,1,13:27:21.214362113
5049.75,2,13:27:21.214410071
5049.75,1,13:27:21.214642378
5049.75,8,13:27:21.214883397
5049.75,2,13:27:21.214926410
5049.75,1,13:27:21.215307758
5049.75,4,13:27:21.215471541
5049.75,3,13:27:21.215531720
5049.5,1,13:27:21.726430866
5049.75,1,13:27:21.734493512
5049.75,1,13:27:22.093144138
5049.5,8,13:27:22.095883166
5049.75,1,13:27:22.106345681
5049.75,11,13:27:22.121319740
5049.75,6,13:27:22.137369959
5049.75,18,13:27:22.137667731
5049.75,1,13:27:22.137964678
5049.75,11,13:27:22.138284927
5049.75,7,13:27:22.578113310
5049.75,2,13:27:22.943337660
5049.75,6,13:27:23.467784253
5049.75,1,13:27:25.007284690
5049.5,26,13:27:25.252180610
5049.25,6,13:27:25.252375283
5049.25,1,13:27:25.252388800
5049.25,3,13:27:25.287741327
5049.5,1,13:27:25.498497814
5049.25,15,13:27:25.498837049
5049.25,1,13:27:25.499022825
5049.25,3,13:27:25.593969998
5049.25,1,13:27:25.594119047
5049.0,19,13:27:26.017216931
5049.0,1,13:27:26.017663840
5049.0,1,13:27:26.017843657
5049.0,1,13:27:28.344797172
5048.75,3,13:27:28.650502738
5048.75,5,13:27:28.650647062
5048.75,1,13:27:28.650994909
5048.75,1,13:27:28.651017239
5048.75,2,13:27:28.651067496
5048.75,1,13:27:28.651098137
5048.75,2,13:27:28.651173936
5048.75,1,13:27:28.651210798
5048.75,1,13:27:28.651607897
5048.75,1,13:27:28.651815421
5048.75,2,13:27:28.660802060
5048.75,2,13:27:28.660983232
5048.75,1,13:27:28.661026727
5048.75,2,13:27:28.661063918
5048.75,7,13:27:28.662649966
5048.75,11,13:27:28.898029634
5048.5,19,13:27:29.261550245
5048.5,5,13:27:29.261562188
5048.5,2,13:27:29.261604218
5048.5,1,13:27:29.261705388
5048.5,1,13:27:29.261740781
5048.5,3,13:27:29.261822507
5048.5,1,13:27:29.261822507
5048.5,1,13:27:29.261869001
5048.5,3,13:27:29.261869001
5048.5,1,13:27:29.261953287
5048.5,6,13:27:29.262030464
5048.5,1,13:27:29.262030464
5048.5,5,13:27:29.262030464
5048.5,14,13:27:29.262100614
5048.5,2,13:27:29.262138846
5048.5,66,13:27:29.262178053
5048.75,2,13:27:29.262672284
5048.75,1,13:27:29.262696893
5048.75,2,13:27:29.262740017
5048.75,2,13:27:29.262790664
5048.75,4,13:27:29.262887165
5048.75,1,13:27:29.262887165
5048.75,8,13:27:29.262991577
5048.75,1,13:27:29.262991577
5048.75,1,13:27:29.263092972
5048.75,4,13:27:29.263190739
5048.75,2,13:27:29.263190739
5048.75,12,13:27:29.263233201
5048.75,2,13:27:29.263233201
5048.75,1,13:27:29.263546158
5049.0,2,13:27:31.540304801
5049.0,1,13:27:31.540374491
5049.0,5,13:27:31.540552783
5049.0,3,13:27:31.540604951
5049.0,2,13:27:31.540604951
5049.0,1,13:27:31.540685551
5049.0,5,13:27:31.540756218
5049.0,11,13:27:31.540890096
5049.0,1,13:27:31.541204784
5049.0,1,13:27:31.541259105
5049.0,7,13:27:31.545934357
5049.0,3,13:27:31.545996602
5049.0,1,13:27:31.546069090
5048.75,8,13:27:31.567233616
5049.0,9,13:27:31.569802414
5049.25,6,13:27:31.582722965
5049.0,1,13:27:32.005833822
5049.25,20,13:27:32.462801986
5049.25,6,13:27:32.463131340
5049.25,1,13:27:32.463324903
5049.25,1,13:27:32.463435433
5049.25,1,13:27:32.463566542
5049.25,1,13:27:32.463783485
5049.25,1,13:27:32.463967181
5049.25,2,13:27:32.464351371
5049.25,13,13:27:32.553718770
5049.25,2,13:27:32.554077156
5049.25,1,13:27:32.554284623
5049.5,1,13:27:32.566139787
5049.25,2,13:27:32.779038179
5049.25,6,13:27:33.181456802
5049.25,1,13:27:33.233963056
5049.25,6,13:27:33.340755429
5049.25,11,13:27:33.468926021
5049.25,1,13:27:33.468959622
5049.25,1,13:27:33.469245669
5049.25,4,13:27:33.469500618
5049.25,1,13:27:33.469611738
5049.25,1,13:27:33.469758739
5049.25,1,13:27:33.469830878
5049.25,1,13:27:33.586258398
5049.25,1,13:27:33.586768844
5049.25,4,13:27:33.586815494
5049.25,1,13:27:33.586849649
5049.25,8,13:27:33.590559769
5049.5,1,13:27:33.671055150
5049.5,28,13:27:34.422125106
5049.75,1,13:27:34.644770917
5049.75,1,13:27:35.149056557
5049.75,5,13:27:35.683649314
5049.75,20,13:27:38.580144348
5049.75,1,13:27:38.580248539
5049.75,1,13:27:38.580338749
5049.75,4,13:27:38.580372459
5049.75,1,13:27:38.580450402
5049.75,1,13:27:38.580502304
5049.75,8,13:27:38.580842212
5049.75,1,13:27:38.581004990
5049.5,8,13:27:39.022065803
5049.5,1,13:27:39.022164592
5049.5,3,13:27:39.022276092
5049.5,1,13:27:39.022321168
5049.5,5,13:27:39.022394788
5049.5,1,13:27:39.256665299
5049.5,1,13:27:40.125945201
5049.5,20,13:27:40.134461792
5049.5,2,13:27:40.134518346
5049.75,6,13:27:41.378413619
5049.75,7,13:27:41.378683287
5049.75,1,13:27:41.378775201
5049.75,2,13:27:41.378775201
5049.75,6,13:27:41.378886313
5049.75,1,13:27:41.378886313
5049.75,1,13:27:41.410460867
5049.75,4,13:27:41.410636730
5049.75,1,13:27:41.410664584
5049.75,1,13:27:41.410695576
5049.75,23,13:27:42.342132601
5049.75,1,13:27:42.342264773
5049.75,3,13:27:42.342548781
5049.75,1,13:27:42.342604011
5049.75,2,13:27:42.342657049
5049.75,1,13:27:42.342732181
5049.75,1,13:27:42.342832832
5049.75,2,13:27:42.661826137
5049.75,2,13:27:43.111802411
5049.75,3,13:27:43.111850476
5049.75,1,13:27:43.111894675
5049.75,1,13:27:43.112102183
5049.75,8,13:27:43.112344524
5049.75,1,13:27:43.112461957
5049.5,16,13:27:43.743313085
5049.5,2,13:27:43.743443696
5049.5,4,13:27:43.743885440
5049.5,1,13:27:43.743945610
5049.5,6,13:27:43.744474641
5049.5,11,13:27:43.744526275
5049.5,1,13:27:43.744526275
5049.5,1,13:27:43.744592590
5049.5,2,13:27:43.744777816
5049.5,4,13:27:43.744840937
5049.5,1,13:27:43.745187753
5049.5,1,13:27:43.745243502
5049.75,8,13:27:43.745369165
5049.5,1,13:27:43.745424269
5049.5,1,13:27:43.745618245
5049.5,4,13:27:43.745709246
5049.5,1,13:27:43.748348912
5049.5,5,13:27:43.748427970
5049.5,1,13:27:43.748473048
5049.75,2,13:27:44.313134446
5049.75,1,13:27:44.355321207
5049.75,1,13:27:44.370137407
5049.75,3,13:27:47.168806159
5049.75,1,13:27:47.168947765
5049.75,3,13:27:47.169031322
5049.75,7,13:27:47.196429631
5049.75,2,13:27:47.196495140
5049.75,2,13:27:47.196544334
5049.75,1,13:27:47.196789028
5049.75,3,13:27:47.196955441
5049.75,1,13:27:47.196987025
5049.75,3,13:27:47.197041199
5049.75,1,13:27:47.197117677
5049.75,1,13:27:47.197144264
5049.75,7,13:27:47.197247511
5049.75,1,13:27:47.197319183
5049.75,7,13:27:49.817808959
