bidVolume,bidPrice,askVolume,askPrice,timestamp
48,118.49,35,118.5,09:00:00.045418442
48,118.49,32,118.5,09:00:00.058683382
48,118.49,31,118.5,09:00:00.058817942
52,118.49,31,118.5,09:00:00.089206822
53,118.49,31,118.5,09:00:00.148049495
54,118.49,31,118.5,09:00:00.148201770
54,118.49,27,118.5,09:00:00.148353844
54,118.49,23,118.5,09:00:00.148579831
54,118.49,17,118.5,09:00:00.148661632
54,118.49,16,118.5,09:00:00.148661632
56,118.49,16,118.5,09:00:00.148828464
56,118.49,14,118.5,09:00:00.148889357
57,118.49,14,118.5,09:00:00.148995773
57,118.49,15,118.5,09:00:00.149071517
57,118.49,17,118.5,09:00:00.149212829
56,118.49,17,118.5,09:00:00.464296653
55,118.49,17,118.5,09:00:00.467077031
55,118.49,24,118.5,09:00:00.537924540
55,118.49,25,118.5,09:00:00.538197234
55,118.49,18,118.5,09:00:00.694488881
55,118.49,17,118.5,09:00:00.694787169
55,118.49,18,118.5,09:00:00.824751343
55,118.49,25,118.5,09:00:00.824921382
55,118.49,27,118.5,09:00:00.824983094
54,118.49,27,118.5,09:00:00.955602403
52,118.49,27,118.5,09:00:00.955776666
52,118.49,34,118.5,09:00:00.955851618
52,118.49,37,118.5,09:00:00.955851618
44,118.49,37,118.5,09:00:00.968207366
42,118.49,37,118.5,09:00:00.968273443
42,118.49,39,118.5,09:00:00.969012293
32,118.49,39,118.5,09:00:00.969174172
32,118.49,46,118.5,09:00:00.969426627
29,118.49,46,118.5,09:00:01.011734729
29,118.49,55,118.5,09:00:01.011734729
25,118.49,55,118.5,09:00:01.011796943
25,118.49,60,118.5,09:00:01.011873330
25,118.49,62,118.5,09:00:01.011873330
25,118.49,66,118.5,09:00:01.011873330
18,118.49,66,118.5,09:00:01.012027403
18,118.49,67,118.5,09:00:01.012027403
18,118.49,69,118.5,09:00:01.012112632
18,118.49,71,118.5,09:00:01.012261420
17,118.49,71,118.5,09:00:01.012519189
16,118.49,71,118.5,09:00:01.012737074
15,118.49,71,118.5,09:00:01.012804887
14,118.49,71,118.5,09:00:01.013350741
15,118.49,71,118.5,09:00:01.016309835
14,118.49,71,118.5,09:00:01.016530306
16,118.49,71,118.5,09:00:01.016787509
17,118.49,71,118.5,09:00:01.016787509
21,118.49,71,118.5,09:00:01.016787509
22,118.49,71,118.5,09:00:01.016873294
22,118.49,67,118.5,09:00:01.017981192
22,118.49,58,118.5,09:00:01.018047486
21,118.49,58,118.5,09:00:01.020680767
19,118.49,58,118.5,09:00:01.020964924
15,118.49,58,118.5,09:00:01.021435765
14,118.49,58,118.5,09:00:01.022072203
10,118.49,58,118.5,09:00:01.022432401
13,118.49,58,118.5,09:00:01.023686118
14,118.49,58,118.5,09:00:01.024054118
15,118.49,58,118.5,09:00:01.025432882
12,118.49,58,118.5,09:00:01.027476986
11,118.49,58,118.5,09:00:01.027966899
13,118.49,58,118.5,09:00:01.028660143
11,118.49,58,118.5,09:00:01.029310607
12,118.49,58,118.5,09:00:01.030202392
11,118.49,58,118.5,09:00:01.030324379
13,118.49,58,118.5,09:00:01.032359565
11,118.49,58,118.5,09:00:01.036918838
10,118.49,58,118.5,09:00:01.041227849
11,118.49,58,118.5,09:00:01.051162629
13,118.49,58,118.5,09:00:01.051230491
11,118.49,58,118.5,09:00:01.052109617
10,118.49,58,118.5,09:00:01.052639857
11,118.49,58,118.5,09:00:01.054439791
12,118.49,58,118.5,09:00:01.054505379
13,118.49,58,118.5,09:00:01.055328412
12,118.49,58,118.5,09:00:01.056247515
11,118.49,58,118.5,09:00:01.056390900
10,118.49,58,118.5,09:00:01.056491329
11,118.49,58,118.5,09:00:01.058919836
10,118.49,58,118.5,09:00:01.060125025
10,118.49,62,118.5,09:00:01.079423174
10,118.49,63,118.5,09:00:01.079616422
8,118.49,63,118.5,09:00:01.080178511
7,118.49,63,118.5,09:00:01.080488671
6,118.49,63,118.5,09:00:01.080569672
5,118.49,63,118.5,09:00:01.080584091
4,118.49,63,118.5,09:00:01.080897327
3,118.49,63,118.5,09:00:01.081007630
1,118.49,63,118.5,09:00:01.081130238
87,118.48,63,118.5,09:00:01.081130238
87,118.48,3,118.49,09:00:01.081130238
85,118.48,3,118.49,09:00:01.081547793
84,118.48,3,118.49,09:00:01.081564503
84,118.48,5,118.49,09:00:01.081663886
84,118.48,2,118.49,09:00:01.081663886
84,118.48,81,118.5,09:00:01.081682513
84,118.48,76,118.5,09:00:01.081682513
84,118.48,74,118.5,09:00:01.081682513
84,118.48,1,118.49,09:00:01.081871560
86,118.48,1,118.49,09:00:01.081923768
86,118.48,4,118.49,09:00:01.082134154
86,118.48,3,118.49,09:00:01.082350417
86,118.48,84,118.5,09:00:01.082368564
3,118.49,84,118.5,09:00:01.082368564
5,118.49,84,118.5,09:00:01.082630132
6,118.49,84,118.5,09:00:01.082645680
6,118.49,93,118.5,09:00:01.082645680
6,118.49,97,118.5,09:00:01.082714506
3,118.49,97,118.5,09:00:01.082714506
1,118.49,97,118.5,09:00:01.082867707
86,118.48,97,118.5,09:00:01.083148365
86,118.48,1,118.49,09:00:01.083334464
86,118.48,2,118.49,09:00:01.083591855
86,118.48,10,118.49,09:00:01.083978230
86,118.48,9,118.49,09:00:01.097243423
86,118.48,8,118.49,09:00:01.097924050
86,118.48,2,118.49,09:00:01.098017544
86,118.48,97,118.5,09:00:01.098036254
86,118.48,90,118.5,09:00:01.098036254
86,118.48,87,118.5,09:00:01.098036254
1,118.49,87,118.5,09:00:01.098204478
3,118.49,87,118.5,09:00:01.098313537
4,118.49,87,118.5,09:00:01.098313537
7,118.49,87,118.5,09:00:01.098583720
6,118.49,87,118.5,09:00:01.098583720
7,118.49,87,118.5,09:00:01.098583720
6,118.49,87,118.5,09:00:01.099431089
6,118.49,86,118.5,09:00:01.099431089
5,118.49,86,118.5,09:00:01.099600141
2,118.49,86,118.5,09:00:01.101682374
3,118.49,86,118.5,09:00:01.113183856
2,118.49,86,118.5,09:00:01.113364928
1,118.49,86,118.5,09:00:01.117468368
94,118.48,86,118.5,09:00:01.117616102
92,118.48,86,118.5,09:00:01.117801241
86,118.48,86,118.5,09:00:01.117867795
86,118.48,91,118.5,09:00:01.117980109
86,118.48,93,118.5,09:00:01.118178965
86,118.48,1,118.49,09:00:01.130007325
86,118.48,88,118.5,09:00:01.175028551
1,118.49,88,118.5,09:00:01.175028551
3,118.49,88,118.5,09:00:01.175749374
1,118.49,88,118.5,09:00:01.202566131
2,118.49,88,118.5,09:00:01.216691609
1,118.49,88,118.5,09:00:01.220053225
3,118.49,88,118.5,09:00:01.222163585
5,118.49,88,118.5,09:00:01.222233665
6,118.49,88,118.5,09:00:01.222233665
4,118.49,88,118.5,09:00:01.222453307
5,118.49,88,118.5,09:00:01.222528356
6,118.49,88,118.5,09:00:01.222619438
7,118.49,88,118.5,09:00:01.222790621
8,118.49,88,118.5,09:00:01.222935358
9,118.49,88,118.5,09:00:01.223212161
10,118.49,88,118.5,09:00:01.223353495
9,118.49,88,118.5,09:00:01.225002415
8,118.49,88,118.5,09:00:01.225074201
7,118.49,88,118.5,09:00:01.225143910
8,118.49,88,118.5,09:00:01.225278310
10,118.49,88,118.5,09:00:01.225581532
8,118.49,88,118.5,09:00:01.225778847
9,118.49,88,118.5,09:00:01.226048987
8,118.49,88,118.5,09:00:01.226189736
7,118.49,88,118.5,09:00:01.226262872
5,118.49,88,118.5,09:00:01.226411141
6,118.49,88,118.5,09:00:01.226882244
7,118.49,88,118.5,09:00:01.227518064
6,118.49,88,118.5,09:00:01.230028459
5,118.49,88,118.5,09:00:01.230192479
5,118.49,93,118.5,09:00:01.230256229
5,118.49,95,118.5,09:00:01.230316187
6,118.49,95,118.5,09:00:01.231889140
8,118.49,95,118.5,09:00:01.232036244
6,118.49,95,118.5,09:00:01.234529026
5,118.49,95,118.5,09:00:01.234690245
7,118.49,95,118.5,09:00:01.247457506
7,118.49,94,118.5,09:00:01.253329833
8,118.49,94,118.5,09:00:01.253542211
15,118.49,94,118.5,09:00:01.253542211
16,118.49,94,118.5,09:00:01.253604384
14,118.49,94,118.5,09:00:01.253717741
16,118.49,94,118.5,09:00:01.253792499
15,118.49,94,118.5,09:00:01.253792499
8,118.49,94,118.5,09:00:01.258496438
7,118.49,94,118.5,09:00:01.258656883
5,118.49,94,118.5,09:00:01.258727241
5,118.49,107,118.5,09:00:01.266290487
7,118.49,107,118.5,09:00:01.284376533
14,118.49,107,118.5,09:00:01.304180999
15,118.49,107,118.5,09:00:01.304370365
14,118.49,107,118.5,09:00:01.304608522
15,118.49,107,118.5,09:00:01.304683335
16,118.49,107,118.5,09:00:01.309578947
15,118.49,107,118.5,09:00:01.315584411
14,118.49,107,118.5,09:00:01.315728475
14,118.49,108,118.5,09:00:01.334564186
7,118.49,108,118.5,09:00:01.334720179
6,118.49,108,118.5,09:00:01.481604965
4,118.49,108,118.5,09:00:01.481676991
6,118.49,108,118.5,09:00:01.481999060
5,118.49,108,118.5,09:00:01.481999060
4,118.49,108,118.5,09:00:01.482636779
3,118.49,108,118.5,09:00:01.484301993
2,118.49,108,118.5,09:00:01.484399251
90,118.48,108,118.5,09:00:01.484399251
90,118.48,6,118.49,09:00:01.484464323
90,118.48,7,118.49,09:00:01.484699593
90,118.48,10,118.49,09:00:01.484794601
88,118.48,10,118.49,09:00:01.484794601
88,118.48,11,118.49,09:00:01.484927849
88,118.48,12,118.49,09:00:01.485015011
88,118.48,11,118.49,09:00:01.485015011
88,118.48,5,118.49,09:00:01.485267705
88,118.48,2,118.49,09:00:01.488733190
88,118.48,3,118.49,09:00:01.519532854
88,118.48,4,118.49,09:00:01.519710636
88,118.48,7,118.49,09:00:01.519775081
88,118.48,14,118.49,09:00:01.519878108
88,118.48,15,118.49,09:00:01.519954748
88,118.48,19,118.49,09:00:01.520065781
88,118.48,18,118.49,09:00:01.520145442
86,118.48,18,118.49,09:00:01.522519424
86,118.48,27,118.49,09:00:01.522693523
84,118.48,27,118.49,09:00:01.532774523
84,118.48,26,118.49,09:00:01.532774523
84,118.48,25,118.49,09:00:01.532841192
84,118.48,16,118.49,09:00:01.533068444
83,118.48,16,118.49,09:00:01.533068444
83,118.48,9,118.49,09:00:01.533149685
86,118.48,9,118.49,09:00:01.533149685
87,118.48,9,118.49,09:00:01.533335823
86,118.48,9,118.49,09:00:01.533335823
85,118.48,9,118.49,09:00:01.533450079
85,118.48,10,118.49,09:00:01.533607253
85,118.48,11,118.49,09:00:01.533732648
82,118.48,11,118.49,09:00:01.542318660
82,118.48,12,118.49,09:00:01.542518161
82,118.48,19,118.49,09:00:01.542518161
82,118.48,20,118.49,09:00:01.542583688
84,118.48,20,118.49,09:00:01.583552412
84,118.48,19,118.49,09:00:01.583766406
84,118.48,12,118.49,09:00:01.583766406
85,118.48,12,118.49,09:00:01.583830171
85,118.48,11,118.49,09:00:01.583940735
86,118.48,11,118.49,09:00:01.584087519
86,118.48,12,118.49,09:00:01.591729590
86,118.48,17,118.49,09:00:01.591935862
86,118.48,16,118.49,09:00:01.620098756
86,118.48,15,118.49,09:00:01.621060679
86,118.48,10,118.49,09:00:01.621164889
86,118.48,9,118.49,09:00:01.621371853
86,118.48,8,118.49,09:00:01.673814533
86,118.48,9,118.49,09:00:01.731832590
86,118.48,11,118.49,09:00:01.732052049
86,118.48,12,118.49,09:00:01.732205985
86,118.48,11,118.49,09:00:01.826442646
86,118.48,9,118.49,09:00:01.826519622
86,118.48,8,118.49,09:00:01.826519622
86,118.48,5,118.49,09:00:01.826682820
91,118.48,5,118.49,09:00:01.826827351
93,118.48,5,118.49,09:00:01.826935684
99,118.48,5,118.49,09:00:01.827082551
99,118.48,6,118.49,09:00:01.922430251
93,118.48,6,118.49,09:00:02.001734069
93,118.48,7,118.49,09:00:02.042866107
93,118.48,9,118.49,09:00:02.042866107
93,118.48,11,118.49,09:00:02.042938956
93,118.48,14,118.49,09:00:02.043064985
93,118.48,15,118.49,09:00:02.043167292
93,118.48,24,118.49,09:00:02.043407403
93,118.48,23,118.49,09:00:02.043494945
93,118.48,25,118.49,09:00:02.185788811
93,118.48,30,118.49,09:00:02.185954968
91,118.48,30,118.49,09:00:02.601844493
91,118.48,31,118.49,09:00:02.602008784
90,118.48,31,118.49,09:00:02.602153238
90,118.48,26,118.49,09:00:02.602230563
90,118.48,25,118.49,09:00:02.602302726
90,118.48,30,118.49,09:00:02.602302726
89,118.48,30,118.49,09:00:02.602448454
89,118.48,25,118.49,09:00:02.714737972
90,118.48,25,118.49,09:00:03.084991815
90,118.48,23,118.49,09:00:03.323864102
90,118.48,14,118.49,09:00:03.323864102
90,118.48,12,118.49,09:00:03.324204044
90,118.48,9,118.49,09:00:03.324204044
92,118.48,9,118.49,09:00:03.324291416
92,118.48,8,118.49,09:00:03.324369093
92,118.48,4,118.49,09:00:03.810863831
92,118.48,6,118.49,09:00:03.820725264
92,118.48,10,118.49,09:00:03.820937151
92,118.48,11,118.49,09:00:03.821218226
92,118.48,10,118.49,09:00:03.821461516
92,118.48,11,118.49,09:00:03.821534876
92,118.48,12,118.49,09:00:03.821830962
92,118.48,11,118.49,09:00:03.822488072
93,118.48,11,118.49,09:00:03.831625363
93,118.48,9,118.49,09:00:03.831697076
93,118.48,8,118.49,09:00:03.832738221
93,118.48,9,118.49,09:00:03.841933129
93,118.48,12,118.49,09:00:03.851947026
93,118.48,14,118.49,09:00:03.852022552
93,118.48,15,118.49,09:00:03.852094517
93,118.48,22,118.49,09:00:03.852172615
92,118.48,22,118.49,09:00:03.852239156
92,118.48,31,118.49,09:00:03.853378100
92,118.48,33,118.49,09:00:03.856316024
92,118.48,26,118.49,09:00:03.858235939
92,118.48,25,118.49,09:00:03.858342726
92,118.48,23,118.49,09:00:03.858481778
93,118.48,23,118.49,09:00:03.858619405
93,118.48,21,118.49,09:00:03.861427262
92,118.48,21,118.49,09:00:03.861564001
92,118.48,12,118.49,09:00:03.863683846
93,118.48,12,118.49,09:00:03.863786046
93,118.48,9,118.49,09:00:03.880054854
93,118.48,11,118.49,09:00:03.898407317
93,118.48,12,118.49,09:00:03.898545746
93,118.48,13,118.49,09:00:03.898881751
93,118.48,12,118.49,09:00:03.899223348
93,118.48,13,118.49,09:00:03.912355236
92,118.48,13,118.49,09:00:03.912530599
92,118.48,12,118.49,09:00:03.912694964
92,118.48,14,118.49,09:00:03.912766545
92,118.48,21,118.49,09:00:03.912844423
92,118.48,22,118.49,09:00:03.912933130
92,118.48,21,118.49,09:00:03.914721497
92,118.48,30,118.49,09:00:03.967075515
92,118.48,31,118.49,09:00:03.967218372
92,118.48,32,118.49,09:00:03.967399214
90,118.48,32,118.49,09:00:03.967553022
90,118.48,33,118.49,09:00:03.968236435
90,118.48,32,118.49,09:00:04.157257922
90,118.48,31,118.49,09:00:04.157382853
90,118.48,24,118.49,09:00:04.157585470
91,118.48,24,118.49,09:00:04.157734667
91,118.48,15,118.49,09:00:04.165529493
93,118.48,15,118.49,09:00:04.165700226
93,118.48,13,118.49,09:00:04.165776738
93,118.48,12,118.49,09:00:04.165776738
93,118.48,11,118.49,09:00:04.165928024
93,118.48,9,118.49,09:00:04.170094004
94,118.48,9,118.49,09:00:04.218195486
94,118.48,8,118.49,09:00:04.806671925
94,118.48,18,118.49,09:00:04.825940338
94,118.48,22,118.49,09:00:04.825960159
92,118.48,22,118.49,09:00:04.825960159
92,118.48,29,118.49,09:00:04.825960159
92,118.48,31,118.49,09:00:04.825978828
87,118.48,31,118.49,09:00:04.826043273
87,118.48,47,118.49,09:00:04.826062841
87,118.48,48,118.49,09:00:04.826076342
87,118.48,49,118.49,09:00:04.826113721
86,118.48,49,118.49,09:00:04.826113721
86,118.48,56,118.49,09:00:04.826189891
86,118.48,49,118.49,09:00:04.826189891
86,118.48,50,118.49,09:00:04.826413753
83,118.48,50,118.49,09:00:04.826413753
81,118.48,50,118.49,09:00:04.826429987
73,118.48,50,118.49,09:00:04.826429987
71,118.48,50,118.49,09:00:04.826429987
67,118.48,50,118.49,09:00:04.826429987
67,118.48,51,118.49,09:00:04.826496719
67,118.48,53,118.49,09:00:04.826617296
68,118.48,53,118.49,09:00:04.852459305
68,118.48,52,118.49,09:00:04.852603059
68,118.48,50,118.49,09:00:04.852777039
72,118.48,50,118.49,09:00:04.852851584
72,118.48,49,118.49,09:00:04.853002169
72,118.48,33,118.49,09:00:04.853271238
73,118.48,33,118.49,09:00:04.853435404
73,118.48,26,118.49,09:00:04.853435404
73,118.48,27,118.49,09:00:05.024375243
73,118.48,29,118.49,09:00:05.024651595
73,118.48,30,118.49,09:00:05.024893995
73,118.48,31,118.49,09:00:05.025038049
72,118.48,31,118.49,09:00:05.025115380
72,118.48,30,118.49,09:00:05.046114440
72,118.48,29,118.49,09:00:05.049172379
72,118.48,28,118.49,09:00:05.049318927
72,118.48,29,118.49,09:00:05.180960801
72,118.48,31,118.49,09:00:05.181133275
72,118.48,32,118.49,09:00:05.181286942
72,118.48,33,118.49,09:00:05.409994495
72,118.48,32,118.49,09:00:05.467936135
72,118.48,33,118.49,09:00:05.468244363
72,118.48,35,118.49,09:00:05.468411153
72,118.48,33,118.49,09:00:05.765506226
72,118.48,32,118.49,09:00:05.765639695
72,118.48,30,118.49,09:00:05.766119044
72,118.48,29,118.49,09:00:05.766220237
72,118.48,30,118.49,09:00:05.766377262
72,118.48,32,118.49,09:00:05.766535979
72,118.48,33,118.49,09:00:05.766696542
72,118.48,32,118.49,09:00:05.929673733
72,118.48,30,118.49,09:00:05.930677876
72,118.48,29,118.49,09:00:05.930781585
72,118.48,30,118.49,09:00:05.931501364
72,118.48,32,118.49,09:00:05.931662925
72,118.48,33,118.49,09:00:05.931849763
72,118.48,32,118.49,09:00:05.935648982
72,118.48,31,118.49,09:00:05.935917485
72,118.48,30,118.49,09:00:05.936257421
72,118.48,31,118.49,09:00:05.940081078
72,118.48,32,118.49,09:00:05.940299757
72,118.48,34,118.49,09:00:05.940420436
73,118.48,34,118.49,09:00:06.045401094
73,118.48,33,118.49,09:00:06.105362819
73,118.48,31,118.49,09:00:06.105525431
73,118.48,29,118.49,09:00:06.105924957
73,118.48,28,118.49,09:00:06.106059942
73,118.48,26,118.49,09:00:06.106247827
73,118.48,27,118.49,09:00:06.174036020
73,118.48,28,118.49,09:00:06.174190073
73,118.48,29,118.49,09:00:06.174255809
73,118.48,33,118.49,09:00:06.174319700
73,118.48,34,118.49,09:00:06.174394884
73,118.48,33,118.49,09:00:06.281400354
73,118.48,29,118.49,09:00:06.282428042
73,118.48,30,118.49,09:00:06.431413596
73,118.48,35,118.49,09:00:06.431578527
73,118.48,30,118.49,09:00:06.690842831
81,118.48,30,118.49,09:00:06.771744291
81,118.48,29,118.49,09:00:06.771926425
81,118.48,28,118.49,09:00:06.771994905
81,118.48,27,118.49,09:00:06.771994905
81,118.48,28,118.49,09:00:06.842384596
81,118.48,33,118.49,09:00:06.842579546
81,118.48,35,118.49,09:00:06.842758394
81,118.48,36,118.49,09:00:07.074097979
82,118.48,36,118.49,09:00:07.483558340
82,118.48,35,118.49,09:00:07.483733959
82,118.48,30,118.49,09:00:07.489863631
82,118.48,28,118.49,09:00:07.490012806
82,118.48,27,118.49,09:00:07.786690562
82,118.48,28,118.49,09:00:07.789064253
82,118.48,30,118.49,09:00:07.789230439
82,118.48,32,118.49,09:00:07.789385354
82,118.48,30,118.49,09:00:07.791149132
82,118.48,29,118.49,09:00:07.791283765
82,118.48,30,118.49,09:00:07.796883421
82,118.48,32,118.49,09:00:07.797050721
82,118.48,34,118.49,09:00:07.797203723
82,118.48,32,118.49,09:00:07.803184083
82,118.48,33,118.49,09:00:07.818086782
82,118.48,34,118.49,09:00:07.897437689
82,118.48,38,118.49,09:00:07.926446579
78,118.48,38,118.49,09:00:07.926508223
78,118.48,39,118.49,09:00:08.110700333
78,118.48,38,118.49,09:00:08.110867117
78,118.48,39,118.49,09:00:08.110931812
76,118.48,39,118.49,09:00:08.114977540
76,118.48,40,118.49,09:00:08.115194413
73,118.48,40,118.49,09:00:08.116185059
75,118.48,40,118.49,09:00:08.118515720
76,118.48,40,118.49,09:00:08.118683809
76,118.48,39,118.49,09:00:08.118754919
76,118.48,38,118.49,09:00:08.234358283
75,118.48,38,118.49,09:00:08.385846797
73,118.48,38,118.49,09:00:08.386506530
73,118.48,39,118.49,09:00:08.386598998
71,118.48,39,118.49,09:00:08.386598998
71,118.48,40,118.49,09:00:08.386613973
71,118.48,44,118.49,09:00:08.386715794
66,118.48,44,118.49,09:00:08.391906091
58,118.48,44,118.49,09:00:08.391974600
58,118.48,45,118.49,09:00:08.392097710
51,118.48,45,118.49,09:00:08.392162654
51,118.48,47,118.49,09:00:08.392306500
51,118.48,49,118.49,09:00:08.392375521
51,118.48,61,118.49,09:00:08.402302957
50,118.48,61,118.49,09:00:08.402850937
49,118.48,61,118.49,09:00:08.402924697
48,118.48,61,118.49,09:00:08.402924697
47,118.48,61,118.49,09:00:08.403182226
47,118.48,59,118.49,09:00:08.642692609
47,118.48,65,118.49,09:00:08.661859132
46,118.48,65,118.49,09:00:08.661873135
37,118.48,65,118.49,09:00:08.661889375
37,118.48,83,118.49,09:00:08.661908415
33,118.48,83,118.49,09:00:08.661908415
33,118.48,84,118.49,09:00:08.662172776
33,118.48,91,118.49,09:00:08.662172776
33,118.48,98,118.49,09:00:08.662363426
21,118.48,98,118.49,09:00:08.662567678
46,118.48,98,118.49,09:00:08.662567678
45,118.48,98,118.49,09:00:08.662581320
44,118.48,98,118.49,09:00:08.662599249
42,118.48,98,118.49,09:00:08.662617979
41,118.48,98,118.49,09:00:08.662634340
40,118.48,98,118.49,09:00:08.662813847
39,118.48,98,118.49,09:00:08.662827435
35,118.48,98,118.49,09:00:08.662841597
34,118.48,98,118.49,09:00:08.662855840
26,118.48,98,118.49,09:00:08.662868963
25,118.48,98,118.49,09:00:08.662883988
14,118.48,98,118.49,09:00:08.663013390
8,118.48,98,118.49,09:00:08.663197269
56,118.47,98,118.49,09:00:08.663237390
1,118.48,98,118.49,09:00:08.663237390
56,118.47,98,118.49,09:00:08.663267297
25,118.48,98,118.49,09:00:08.663267297
23,118.48,98,118.49,09:00:08.663288785
18,118.48,98,118.49,09:00:08.663328395
13,118.48,98,118.49,09:00:08.663360075
10,118.48,98,118.49,09:00:08.663382372
9,118.48,98,118.49,09:00:08.663409671
8,118.48,98,118.49,09:00:08.663425578
4,118.48,98,118.49,09:00:08.663452107
4,118.48,91,118.49,09:00:08.663698176
4,118.48,90,118.49,09:00:08.663791356
4,118.48,92,118.49,09:00:08.663805369
55,118.47,92,118.49,09:00:08.663819357
55,118.47,98,118.49,09:00:08.663835225
55,118.47,1,118.48,09:00:08.663835225
43,118.47,1,118.48,09:00:08.663896618
43,118.47,98,118.49,09:00:08.663924067
1,118.48,98,118.49,09:00:08.663924067
46,118.47,98,118.49,09:00:08.664170708
46,118.47,1,118.48,09:00:08.664170708
46,118.47,98,118.49,09:00:08.664211821
3,118.48,98,118.49,09:00:08.664211821
4,118.48,98,118.49,09:00:08.664465056
7,118.48,98,118.49,09:00:08.664536419
7,118.48,99,118.49,09:00:08.664582915
4,118.48,99,118.49,09:00:08.664612711
3,118.48,99,118.49,09:00:08.664626329
56,118.47,99,118.49,09:00:08.664715352
63,118.47,99,118.49,09:00:08.664715352
63,118.47,93,118.49,09:00:08.664752127
1,118.48,93,118.49,09:00:08.664752127
3,118.48,93,118.49,09:00:08.664771051
3,118.48,92,118.49,09:00:08.664771051
2,118.48,92,118.49,09:00:08.664789840
3,118.48,92,118.49,09:00:08.672981274
3,118.48,93,118.49,09:00:08.675455240
3,118.48,100,118.49,09:00:08.675615831
5,118.48,100,118.49,09:00:08.707001402
6,118.48,100,118.49,09:00:08.707997471
9,118.48,100,118.49,09:00:08.708159417
10,118.48,100,118.49,09:00:08.708262209
11,118.48,100,118.49,09:00:08.708333292
15,118.48,100,118.49,09:00:08.708396834
17,118.48,100,118.49,09:00:08.711001254
17,118.48,93,118.49,09:00:08.711154237
18,118.48,93,118.49,09:00:08.711325411
20,118.48,93,118.49,09:00:08.715059706
20,118.48,92,118.49,09:00:08.717542843
20,118.48,91,118.49,09:00:08.717556632
21,118.48,91,118.49,09:00:08.717724085
22,118.48,91,118.49,09:00:08.717819899
23,118.48,91,118.49,09:00:08.717819899
22,118.48,91,118.49,09:00:08.717888536
27,118.48,91,118.49,09:00:08.717960990
27,118.48,73,118.49,09:00:08.718044433
28,118.48,73,118.49,09:00:08.718287795
28,118.48,61,118.49,09:00:08.718287795
36,118.48,61,118.49,09:00:08.718370299
38,118.48,61,118.49,09:00:08.718370299
37,118.48,61,118.49,09:00:08.718582660
38,118.48,61,118.49,09:00:08.718582660
38,118.48,60,118.49,09:00:08.718675495
38,118.48,53,118.49,09:00:08.718693581
33,118.48,53,118.49,09:00:08.718693581
33,118.48,47,118.49,09:00:08.718693581
33,118.48,46,118.49,09:00:08.718934996
34,118.48,46,118.49,09:00:08.719052631
33,118.48,46,118.49,09:00:08.719218803
33,118.48,44,118.49,09:00:08.720370738
33,118.48,40,118.49,09:00:08.720370738
33,118.48,37,118.49,09:00:08.720436991
44,118.48,37,118.49,09:00:08.720613385
46,118.48,37,118.49,09:00:08.720613385
46,118.48,33,118.49,09:00:08.720698239
46,118.48,32,118.49,09:00:08.720698239
46,118.48,31,118.49,09:00:08.720698239
50,118.48,31,118.49,09:00:08.720773477
51,118.48,31,118.49,09:00:08.720773477
51,118.48,30,118.49,09:00:08.720855737
51,118.48,28,118.49,09:00:08.722879716
56,118.48,28,118.49,09:00:08.723039457
56,118.48,26,118.49,09:00:08.724771545
56,118.48,24,118.49,09:00:08.762857295
57,118.48,24,118.49,09:00:08.763192754
57,118.48,23,118.49,09:00:08.766693222
57,118.48,22,118.49,09:00:08.766763593
63,118.48,22,118.49,09:00:08.766875193
63,118.48,23,118.49,09:00:08.771601362
63,118.48,30,118.49,09:00:08.771852463
63,118.48,23,118.49,09:00:08.885491929
63,118.48,21,118.49,09:00:08.885744764
62,118.48,21,118.49,09:00:08.896871485
62,118.48,24,118.49,09:00:08.897050412
56,118.48,24,118.49,09:00:08.897127802
56,118.48,29,118.49,09:00:08.897127802
55,118.48,29,118.49,09:00:09.601362637
55,118.48,24,118.49,09:00:09.601420077
50,118.48,24,118.49,09:00:09.601682899
50,118.48,34,118.49,09:00:09.808375185
39,118.48,34,118.49,09:00:09.808653406
39,118.48,46,118.49,09:00:09.810300038
37,118.48,46,118.49,09:00:09.810314723
37,118.48,50,118.49,09:00:09.810770009
36,118.48,50,118.49,09:00:09.810770009
28,118.48,50,118.49,09:00:09.811043238
26,118.48,50,118.49,09:00:09.811043238
26,118.48,56,118.49,09:00:09.811441422
26,118.48,57,118.49,09:00:09.811518395
28,118.48,57,118.49,09:00:09.811553695
27,118.48,57,118.49,09:00:09.811749499
26,118.48,57,118.49,09:00:09.811769129
26,118.48,58,118.49,09:00:09.811824136
30,118.48,58,118.49,09:00:09.811824136
28,118.48,58,118.49,09:00:09.854064903
24,118.48,58,118.49,09:00:09.881625955
23,118.48,58,118.49,09:00:10.014869220
22,118.48,58,118.49,09:00:10.014869220
18,118.48,58,118.49,09:00:10.014939226
14,118.48,58,118.49,09:00:10.014939226
13,118.48,58,118.49,09:00:10.015164367
13,118.48,60,118.49,09:00:10.015258941
13,118.48,62,118.49,09:00:10.015366310
18,118.48,62,118.49,09:00:10.081765540
19,118.48,62,118.49,09:00:10.081932045
20,118.48,62,118.49,09:00:10.090942598
21,118.48,62,118.49,09:00:10.493347774
23,118.48,62,118.49,09:00:10.493505352
24,118.48,62,118.49,09:00:10.493891857
25,118.48,62,118.49,09:00:10.493960196
25,118.48,60,118.49,09:00:10.494093243
26,118.48,60,118.49,09:00:10.497543585
30,118.48,60,118.49,09:00:10.497609048
30,118.48,58,118.49,09:00:10.497863828
30,118.48,46,118.49,09:00:10.502349862
30,118.48,40,118.49,09:00:10.761832881
30,118.48,39,118.49,09:00:10.768559183
30,118.48,38,118.49,09:00:10.774068423
31,118.48,38,118.49,09:00:10.774240122
41,118.48,38,118.49,09:00:10.774311287
42,118.48,38,118.49,09:00:10.774531805
41,118.48,38,118.49,09:00:10.774714900
41,118.48,37,118.49,09:00:10.774796461
42,118.48,37,118.49,09:00:10.774796461
43,118.48,37,118.49,09:00:11.347953943
42,118.48,37,118.49,09:00:11.350475192
46,118.48,37,118.49,09:00:11.574371938
46,118.48,34,118.49,09:00:11.574530402
46,118.48,30,118.49,09:00:11.574755944
46,118.48,20,118.49,09:00:11.574863144
47,118.48,20,118.49,09:00:11.574932459
47,118.48,16,118.49,09:00:11.575001265
47,118.48,17,118.49,09:00:11.577613977
47,118.48,18,118.49,09:00:11.577751211
47,118.48,17,118.49,09:00:11.578181926
47,118.48,16,118.49,09:00:11.578246133
47,118.48,17,118.49,09:00:11.578382556
47,118.48,19,118.49,09:00:11.579488584
46,118.48,19,118.49,09:00:11.579598855
46,118.48,17,118.49,09:00:11.580109671
47,118.48,17,118.49,09:00:11.580339693
47,118.48,16,118.49,09:00:11.580404646
47,118.48,14,118.49,09:00:11.580704618
47,118.48,15,118.49,09:00:11.582560312
47,118.48,16,118.49,09:00:11.582658697
46,118.48,16,118.49,09:00:11.582725605
46,118.48,17,118.49,09:00:11.582833061
46,118.48,18,118.49,09:00:11.582897986
46,118.48,17,118.49,09:00:11.586648542
47,118.48,17,118.49,09:00:11.586817464
47,118.48,16,118.49,09:00:11.586883528
47,118.48,15,118.49,09:00:11.586988437
47,118.48,14,118.49,09:00:11.587122149
47,118.48,15,118.49,09:00:11.587606273
47,118.48,16,118.49,09:00:11.587795873
47,118.48,17,118.49,09:00:11.587865157
46,118.48,17,118.49,09:00:11.587865157
46,118.48,24,118.49,09:00:11.587927572
46,118.48,25,118.49,09:00:11.587990756
46,118.48,26,118.49,09:00:11.588064696
46,118.48,25,118.49,09:00:11.594030826
46,118.48,18,118.49,09:00:11.598768371
46,118.48,17,118.49,09:00:11.598932457
46,118.48,16,118.49,09:00:11.599006094
47,118.48,16,118.49,09:00:11.599006094
47,118.48,17,118.49,09:00:11.601990234
47,118.48,18,118.49,09:00:11.602096330
46,118.48,18,118.49,09:00:11.602166048
46,118.48,17,118.49,09:00:11.673992358
48,118.48,17,118.49,09:00:11.685065425
48,118.48,18,118.49,09:00:11.993531582
48,118.48,19,118.49,09:00:11.993594817
48,118.48,16,118.49,09:00:12.041106038
48,118.48,15,118.49,09:00:12.041181321
48,118.48,14,118.49,09:00:12.041467033
60,118.48,14,118.49,09:00:12.041481967
60,118.48,13,118.49,09:00:12.041569212
60,118.48,12,118.49,09:00:12.041569212
60,118.48,11,118.49,09:00:12.041587282
60,118.48,10,118.49,09:00:12.041587282
61,118.48,10,118.49,09:00:12.041587282
68,118.48,10,118.49,09:00:12.041587282
70,118.48,10,118.49,09:00:12.041758590
70,118.48,9,118.49,09:00:12.041852411
70,118.48,8,118.49,09:00:12.041950147
70,118.48,7,118.49,09:00:12.052838781
70,118.48,6,118.49,09:00:12.064691179
74,118.48,6,118.49,09:00:12.071520418
74,118.48,5,118.49,09:00:12.071810648
74,118.48,4,118.49,09:00:12.071912949
74,118.48,2,118.49,09:00:12.071931861
74,118.48,90,118.5,09:00:12.071931861
75,118.48,90,118.5,09:00:12.071931861
75,118.48,86,118.5,09:00:12.072160664
68,118.48,86,118.5,09:00:12.072259931
2,118.49,86,118.5,09:00:12.086733511
3,118.49,86,118.5,09:00:12.086919380
5,118.49,86,118.5,09:00:12.104428818
3,118.49,86,118.5,09:00:12.109076105
2,118.49,86,118.5,09:00:12.109295151
66,118.48,86,118.5,09:00:12.109390098
66,118.48,93,118.5,09:00:12.109550174
2,118.49,93,118.5,09:00:12.120266835
4,118.49,93,118.5,09:00:12.123212823
6,118.49,93,118.5,09:00:12.123284558
9,118.49,93,118.5,09:00:12.124864847
10,118.49,93,118.5,09:00:12.141316292
10,118.49,92,118.5,09:00:12.153018938
10,118.49,91,118.5,09:00:12.153018938
11,118.49,91,118.5,09:00:12.153260702
13,118.49,91,118.5,09:00:12.153341793
13,118.49,92,118.5,09:00:12.153341793
16,118.49,92,118.5,09:00:12.153429169
20,118.49,92,118.5,09:00:12.153445966
21,118.49,92,118.5,09:00:12.153641034
19,118.49,92,118.5,09:00:12.154362777
19,118.49,90,118.5,09:00:12.154362777
25,118.49,90,118.5,09:00:12.158005937
29,118.49,90,118.5,09:00:12.158077642
29,118.49,88,118.5,09:00:12.158377053
23,118.49,88,118.5,09:00:12.170508177
19,118.49,88,118.5,09:00:12.170576087
19,118.49,90,118.5,09:00:12.170686151
15,118.49,90,118.5,09:00:12.179695139
12,118.49,90,118.5,09:00:12.179840983
10,118.49,90,118.5,09:00:12.180001133
11,118.49,90,118.5,09:00:12.208143176
12,118.49,90,118.5,09:00:12.211409477
16,118.49,90,118.5,09:00:12.211484055
15,118.49,90,118.5,09:00:12.211544799
17,118.49,90,118.5,09:00:12.211618427
19,118.49,90,118.5,09:00:12.211679051
20,118.49,90,118.5,09:00:12.211816059
21,118.49,90,118.5,09:00:12.270996616
21,118.49,88,118.5,09:00:12.272410425
21,118.49,89,118.5,09:00:12.446459388
20,118.49,89,118.5,09:00:12.446606930
20,118.49,90,118.5,09:00:12.446789846
18,118.49,90,118.5,09:00:12.446862172
17,118.49,90,118.5,09:00:12.690843328
15,118.49,90,118.5,09:00:12.690978912
11,118.49,90,118.5,09:00:12.691088752
11,118.49,91,118.5,09:00:12.901590851
12,118.49,91,118.5,09:00:13.369566326
13,118.49,91,118.5,09:00:13.369709382
14,118.49,91,118.5,09:00:13.369961638
15,118.49,91,118.5,09:00:13.370043119
16,118.49,91,118.5,09:00:13.370043119
18,118.49,91,118.5,09:00:13.370392143
17,118.49,91,118.5,09:00:13.373161236
16,118.49,91,118.5,09:00:13.373303783
15,118.49,91,118.5,09:00:13.373447623
16,118.49,91,118.5,09:00:13.376728433
17,118.49,91,118.5,09:00:13.381743521
18,118.49,91,118.5,09:00:13.414511518
19,118.49,91,118.5,09:00:13.414666661
19,118.49,90,118.5,09:00:13.608574119
19,118.49,89,118.5,09:00:13.608574119
23,118.49,89,118.5,09:00:13.612632923
21,118.49,89,118.5,09:00:13.648314106
21,118.49,90,118.5,09:00:13.648377549
20,118.49,90,118.5,09:00:13.648487987
20,118.49,91,118.5,09:00:13.648623491
19,118.49,91,118.5,09:00:13.648701085
18,118.49,91,118.5,09:00:13.648776626
14,118.49,91,118.5,09:00:13.648848557
13,118.49,91,118.5,09:00:13.649011744
12,118.49,91,118.5,09:00:13.649011744
11,118.49,91,118.5,09:00:13.650075132
13,118.49,91,118.5,09:00:13.650538878
11,118.49,91,118.5,09:00:13.654242930
13,118.49,91,118.5,09:00:13.663895672
14,118.49,91,118.5,09:00:13.664074744
15,118.49,91,118.5,09:00:13.664144488
14,118.49,91,118.5,09:00:13.716102625
12,118.49,91,118.5,09:00:13.716160769
14,118.49,91,118.5,09:00:13.717845549
15,118.49,91,118.5,09:00:13.717944390
19,118.49,91,118.5,09:00:13.718200114
21,118.49,91,118.5,09:00:13.748353404
21,118.49,90,118.5,09:00:13.748537747
26,118.49,90,118.5,09:00:14.074206540
27,118.49,90,118.5,09:00:14.075701352
27,118.49,89,118.5,09:00:14.341749285
27,118.49,90,118.5,09:00:14.348333850
26,118.49,90,118.5,09:00:14.531798345
26,118.49,91,118.5,09:00:14.531969702
24,118.49,91,118.5,09:00:14.532049011
20,118.49,91,118.5,09:00:14.572072280
18,118.49,91,118.5,09:00:14.572205592
18,118.49,90,118.5,09:00:15.782242602
19,118.49,90,118.5,09:00:15.961218699
18,118.49,90,118.5,09:00:16.060447034
23,118.49,90,118.5,09:00:16.067934906
24,118.49,90,118.5,09:00:16.096736152
26,118.49,90,118.5,09:00:16.097708727
28,118.49,90,118.5,09:00:16.097776458
28,118.49,89,118.5,09:00:16.097880270
35,118.49,89,118.5,09:00:16.097957633
38,118.49,89,118.5,09:00:16.098036234
42,118.49,89,118.5,09:00:16.098116013
42,118.49,88,118.5,09:00:16.098186368
43,118.49,88,118.5,09:00:16.187754759
43,118.49,87,118.5,09:00:16.195319675
44,118.49,87,118.5,09:00:16.731622372
44,118.49,92,118.5,09:00:16.831485464
46,118.49,92,118.5,09:00:17.047019490
47,118.49,92,118.5,09:00:17.047228839
48,118.49,92,118.5,09:00:17.081229862
47,118.49,92,118.5,09:00:17.511162917
43,118.49,92,118.5,09:00:17.738364944
43,118.49,93,118.5,09:00:17.742133262
41,118.49,93,118.5,09:00:17.751939012
40,118.49,93,118.5,09:00:17.754191580
37,118.49,93,118.5,09:00:17.762495868
30,118.49,93,118.5,09:00:17.762565583
30,118.49,94,118.5,09:00:17.762668924
33,118.49,94,118.5,09:00:18.069923336
33,118.49,102,118.5,09:00:18.127200821
35,118.49,102,118.5,09:00:18.731035890
33,118.49,102,118.5,09:00:18.742335150
32,118.49,102,118.5,09:00:18.995813334
31,118.49,102,118.5,09:00:18.995842390
33,118.49,102,118.5,09:00:19.031081732
35,118.49,102,118.5,09:00:20.066971533
33,118.49,102,118.5,09:00:20.272838742
31,118.49,102,118.5,09:00:20.272838742
28,118.49,102,118.5,09:00:20.272951468
27,118.49,102,118.5,09:00:20.272966924
26,118.49,102,118.5,09:00:20.272966924
25,118.49,102,118.5,09:00:20.272966924
24,118.49,102,118.5,09:00:20.273086447
23,118.49,102,118.5,09:00:20.273192412
21,118.49,102,118.5,09:00:20.273316422
16,118.49,102,118.5,09:00:20.273331551
15,118.49,102,118.5,09:00:20.273331551
14,118.49,102,118.5,09:00:20.273331551
10,118.49,102,118.5,09:00:20.273501180
8,118.49,102,118.5,09:00:20.273501180
7,118.49,102,118.5,09:00:20.273501180
4,118.49,102,118.5,09:00:20.273523270
2,118.49,102,118.5,09:00:20.273523270
61,118.48,102,118.5,09:00:20.273523270
54,118.48,102,118.5,09:00:20.273523270
53,118.48,102,118.5,09:00:20.273729177
53,118.48,8,118.49,09:00:20.273806990
53,118.48,11,118.49,09:00:20.274063484
53,118.48,12,118.49,09:00:20.274063484
51,118.48,12,118.49,09:00:20.274180632
49,118.48,12,118.49,09:00:20.274204549
49,118.48,13,118.49,09:00:20.294753615
49,118.48,11,118.49,09:00:20.315604514
49,118.48,10,118.49,09:00:20.315745410
55,118.48,10,118.49,09:00:20.315841961
55,118.48,9,118.49,09:00:20.317718327
55,118.48,11,118.49,09:00:20.319736819
55,118.48,12,118.49,09:00:20.320030687
55,118.48,13,118.49,09:00:20.320030687
55,118.48,14,118.49,09:00:20.320030687
55,118.48,12,118.49,09:00:20.320844286
56,118.48,12,118.49,09:00:20.320990463
56,118.48,10,118.49,09:00:20.323852277
55,118.48,10,118.49,09:00:20.324014751
55,118.48,11,118.49,09:00:20.324177078
57,118.48,11,118.49,09:00:20.362890552
57,118.48,10,118.49,09:00:20.383713311
57,118.48,9,118.49,09:00:20.383869023
57,118.48,11,118.49,09:00:20.617747072
57,118.48,15,118.49,09:00:20.617959542
57,118.48,16,118.49,09:00:20.618029968
57,118.48,24,118.49,09:00:20.618182614
57,118.48,26,118.49,09:00:20.618331568
57,118.48,22,118.49,09:00:20.618466216
55,118.48,22,118.49,09:00:20.618537657
49,118.48,22,118.49,09:00:20.618847558
49,118.48,23,118.49,09:00:20.619019347
49,118.48,27,118.49,09:00:20.620025954
37,118.48,27,118.49,09:00:20.620387934
37,118.48,36,118.49,09:00:20.620463931
37,118.48,39,118.49,09:00:20.620533310
37,118.48,40,118.49,09:00:20.620617646
37,118.48,39,118.49,09:00:20.620784561
37,118.48,40,118.49,09:00:20.620784561
36,118.48,40,118.49,09:00:20.630209808
33,118.48,40,118.49,09:00:20.633029640
23,118.48,40,118.49,09:00:20.633096216
23,118.48,42,118.49,09:00:20.633201873
24,118.48,42,118.49,09:00:20.633268542
24,118.48,48,118.49,09:00:20.633416253
23,118.48,48,118.49,09:00:20.633488675
27,118.48,48,118.49,09:00:20.633550484
28,118.48,48,118.49,09:00:20.633733415
27,118.48,48,118.49,09:00:20.633892110
28,118.48,48,118.49,09:00:20.634888653
28,118.48,45,118.49,09:00:20.637246952
28,118.48,36,118.49,09:00:20.637246952
28,118.48,32,118.49,09:00:20.637397989
35,118.48,32,118.49,09:00:20.637562029
28,118.48,32,118.49,09:00:20.637975009
28,118.48,26,118.49,09:00:20.638166487
27,118.48,26,118.49,09:00:20.638166487
28,118.48,26,118.49,09:00:20.638497999
31,118.48,26,118.49,09:00:20.638781139
31,118.48,24,118.49,09:00:20.640397273
31,118.48,23,118.49,09:00:20.647585381
38,118.48,23,118.49,09:00:20.647743600
38,118.48,15,118.49,09:00:20.647974022
38,118.48,13,118.49,09:00:20.648069490
38,118.48,14,118.49,09:00:20.648208547
38,118.48,18,118.49,09:00:20.648387371
39,118.48,18,118.49,09:00:20.654739870
41,118.48,18,118.49,09:00:20.654836058
41,118.48,17,118.49,09:00:20.706159408
41,118.48,13,118.49,09:00:20.719487398
41,118.48,12,118.49,09:00:20.719664080
41,118.48,11,118.49,09:00:20.719738649
41,118.48,12,118.49,09:00:20.719853929
41,118.48,15,118.49,09:00:20.720012546
41,118.48,16,118.49,09:00:20.732236589
41,118.48,15,118.49,09:00:20.735558266
47,118.48,15,118.49,09:00:20.735633428
51,118.48,15,118.49,09:00:20.735693470
51,118.48,12,118.49,09:00:20.735813155
52,118.48,12,118.49,09:00:20.753571562
52,118.48,10,118.49,09:00:20.770685200
52,118.48,9,118.49,09:00:20.770858682
52,118.48,10,118.49,09:00:20.903185500
52,118.48,11,118.49,09:00:20.903396487
52,118.48,12,118.49,09:00:21.014068027
52,118.48,11,118.49,09:00:21.017219508
52,118.48,12,118.49,09:00:21.056657909
52,118.48,16,118.49,09:00:21.214201068
52,118.48,24,118.49,09:00:22.183907476
52,118.48,26,118.49,09:00:22.183976261
52,118.48,25,118.49,09:00:22.184084164
45,118.48,25,118.49,09:00:22.184150814
45,118.48,26,118.49,09:00:22.184975130
45,118.48,25,118.49,09:00:22.185145091
42,118.48,25,118.49,09:00:22.185208039
42,118.48,26,118.49,09:00:22.185331511
42,118.48,27,118.49,09:00:22.185448247
42,118.48,28,118.49,09:00:22.185595571
42,118.48,30,118.49,09:00:22.185750368
42,118.48,31,118.49,09:00:22.185819053
36,118.48,31,118.49,09:00:22.190790838
32,118.48,31,118.49,09:00:22.190858335
32,118.48,30,118.49,09:00:22.190969193
32,118.48,40,118.49,09:00:22.191077897
32,118.48,42,118.49,09:00:22.195210114
31,118.48,42,118.49,09:00:22.204856741
31,118.48,46,118.49,09:00:22.205379717
31,118.48,48,118.49,09:00:22.207523290
27,118.48,48,118.49,09:00:22.207770841
27,118.48,53,118.49,09:00:22.207923235
27,118.48,54,118.49,09:00:22.208096579
23,118.48,54,118.49,09:00:22.218381390
23,118.48,53,118.49,09:00:22.281123040
22,118.48,53,118.49,09:00:22.303357368
20,118.48,53,118.49,09:00:22.368007900
19,118.48,53,118.49,09:00:22.369204024
18,118.48,53,118.49,09:00:22.369695624
17,118.48,53,118.49,09:00:22.369695624
17,118.48,57,118.49,09:00:22.369857582
13,118.48,57,118.49,09:00:22.369933953
13,118.48,59,118.49,09:00:22.370036996
13,118.48,58,118.49,09:00:22.370140046
12,118.48,58,118.49,09:00:22.370155927
12,118.48,59,118.49,09:00:22.370155927
11,118.48,59,118.49,09:00:22.370248365
10,118.48,59,118.49,09:00:22.370319886
9,118.48,59,118.49,09:00:22.370398673
8,118.48,59,118.49,09:00:22.370634276
7,118.48,59,118.49,09:00:22.375069040
6,118.48,59,118.49,09:00:22.375069040
5,118.48,59,118.49,09:00:22.375069040
4,118.48,59,118.49,09:00:22.375234033
3,118.48,59,118.49,09:00:22.375234033
1,118.48,59,118.49,09:00:22.375234033
66,118.47,59,118.49,09:00:22.375234033
66,118.47,1,118.48,09:00:22.375253248
66,118.47,10,118.48,09:00:22.375253248
66,118.47,11,118.48,09:00:22.375458429
65,118.47,11,118.48,09:00:22.375458429
65,118.47,15,118.48,09:00:22.375478739
65,118.47,23,118.48,09:00:22.375478739
65,118.47,27,118.48,09:00:22.375478739
70,118.47,27,118.48,09:00:22.375478739
70,118.47,28,118.48,09:00:22.375751987
69,118.47,28,118.48,09:00:22.375835424
69,118.47,32,118.48,09:00:22.375858991
65,118.47,32,118.48,09:00:22.376134086
65,118.47,34,118.48,09:00:22.376153708
65,118.47,30,118.48,09:00:22.376153708
68,118.47,30,118.48,09:00:22.376314383
68,118.47,21,118.48,09:00:22.376341075
68,118.47,38,118.48,09:00:22.376341075
68,118.47,40,118.48,09:00:22.376358707
68,118.47,39,118.48,09:00:22.376358707
68,118.47,35,118.48,09:00:22.376579017
61,118.47,35,118.48,09:00:22.377151304
58,118.47,35,118.48,09:00:22.377304533
58,118.47,39,118.48,09:00:22.377327618
58,118.47,42,118.48,09:00:22.377327618
56,118.47,42,118.48,09:00:22.377865873
56,118.47,43,118.48,09:00:22.379564893
56,118.47,42,118.48,09:00:22.381940578
56,118.47,43,118.48,09:00:22.382362152
56,118.47,42,118.48,09:00:22.386884168
56,118.47,43,118.48,09:00:22.387641747
56,118.47,45,118.48,09:00:22.400407153
56,118.47,47,118.48,09:00:22.400581828
49,118.47,47,118.48,09:00:22.400581828
49,118.47,48,118.48,09:00:22.400661134
49,118.47,52,118.48,09:00:22.400844177
49,118.47,51,118.48,09:00:22.401236944
49,118.47,50,118.48,09:00:22.401443267
55,118.47,50,118.48,09:00:22.401504487
55,118.47,51,118.48,09:00:22.412500571
55,118.47,52,118.48,09:00:22.425650366
55,118.47,53,118.48,09:00:22.425715540
55,118.47,51,118.48,09:00:22.425809672
54,118.47,51,118.48,09:00:22.425824737
53,118.47,51,118.48,09:00:22.425824737
50,118.47,51,118.48,09:00:22.426089892
50,118.47,52,118.48,09:00:22.426291221
44,118.47,52,118.48,09:00:22.426291221
44,118.47,48,118.48,09:00:22.426379934
42,118.47,48,118.48,09:00:22.426480775
40,118.47,48,118.48,09:00:22.426496586
40,118.47,50,118.48,09:00:22.426700484
40,118.47,51,118.48,09:00:22.442472924
40,118.47,53,118.48,09:00:22.442688447
40,118.47,54,118.48,09:00:22.442864834
40,118.47,53,118.48,09:00:22.451065576
39,118.47,53,118.48,09:00:22.451065576
39,118.47,52,118.48,09:00:22.451219905
38,118.47,52,118.48,09:00:22.451219905
33,118.47,52,118.48,09:00:22.451289292
31,118.47,52,118.48,09:00:22.451361055
25,118.47,52,118.48,09:00:22.451438856
25,118.47,53,118.48,09:00:22.451531854
25,118.47,55,118.48,09:00:22.451729175
25,118.47,53,118.48,09:00:22.456526318
28,118.47,53,118.48,09:00:22.456778056
29,118.47,53,118.48,09:00:22.456850401
31,118.47,53,118.48,09:00:22.456850401
28,118.47,53,118.48,09:00:22.456918798
28,118.47,55,118.48,09:00:22.467619120
30,118.47,55,118.48,09:00:22.484233482
33,118.47,55,118.48,09:00:22.484408707
33,118.47,54,118.48,09:00:22.484564406
34,118.47,54,118.48,09:00:22.530337204
36,118.47,54,118.48,09:00:22.530426487
37,118.47,54,118.48,09:00:22.530426487
38,118.47,54,118.48,09:00:22.530426487
38,118.47,52,118.48,09:00:22.530533303
40,118.47,52,118.48,09:00:22.530601808
40,118.47,50,118.48,09:00:22.530676176
40,118.47,49,118.48,09:00:22.531305373
40,118.47,48,118.48,09:00:22.531305373
40,118.47,46,118.48,09:00:22.531445468
41,118.47,46,118.48,09:00:22.531517724
42,118.47,46,118.48,09:00:22.531810384
44,118.47,46,118.48,09:00:22.544088151
47,118.47,46,118.48,09:00:22.544222471
44,118.47,46,118.48,09:00:22.643191553
45,118.47,46,118.48,09:00:22.647817248
47,118.47,46,118.48,09:00:22.647985882
46,118.47,46,118.48,09:00:22.692364092
44,118.47,46,118.48,09:00:22.704616575
44,118.47,55,118.48,09:00:23.205305204
43,118.47,55,118.48,09:00:23.776775466
41,118.47,55,118.48,09:00:23.776960043
40,118.47,55,118.48,09:00:23.781301650
38,118.47,55,118.48,09:00:23.781363755
38,118.47,56,118.48,09:00:23.781554123
37,118.47,56,118.48,09:00:23.781801191
37,118.47,55,118.48,09:00:23.781801191
38,118.47,55,118.48,09:00:23.794639960
39,118.47,55,118.48,09:00:23.794797096
39,118.47,56,118.48,09:00:23.901896546
38,118.47,56,118.48,09:00:23.904105301
38,118.47,57,118.48,09:00:23.906726128
38,118.47,56,118.48,09:00:23.906868800
37,118.47,56,118.48,09:00:24.031017592
37,118.47,66,118.48,09:00:24.097833555
37,118.47,69,118.48,09:00:24.097906096
36,118.47,69,118.48,09:00:24.097978191
35,118.47,69,118.48,09:00:24.098056435
34,118.47,69,118.48,09:00:24.098131533
31,118.47,69,118.48,09:00:24.131480944
30,118.47,69,118.48,09:00:24.657865282
29,118.47,69,118.48,09:00:24.658056458
29,118.47,70,118.48,09:00:24.658122394
29,118.47,72,118.48,09:00:24.658253341
27,118.47,72,118.48,09:00:24.955645611
27,118.47,73,118.48,09:00:25.029893438
25,118.47,73,118.48,09:00:25.051902267
24,118.47,73,118.48,09:00:25.051996827
21,118.47,73,118.48,09:00:25.051996827
17,118.47,73,118.48,09:00:25.051996827
17,118.47,74,118.48,09:00:25.052250175
17,118.47,76,118.48,09:00:25.052250175
17,118.47,80,118.48,09:00:25.052250175
17,118.47,82,118.48,09:00:25.052411762
17,118.47,90,118.48,09:00:25.052526327
13,118.47,90,118.48,09:00:25.054852611
9,118.47,90,118.48,09:00:25.055247347
7,118.47,90,118.48,09:00:25.055583426
6,118.47,90,118.48,09:00:25.055848383
6,118.47,91,118.48,09:00:25.063533136
5,118.47,91,118.48,09:00:25.123628226
4,118.47,91,118.48,09:00:25.123628226
2,118.47,91,118.48,09:00:25.123727518
1,118.47,91,118.48,09:00:25.123743663
36,118.46,91,118.48,09:00:25.123743663
39,118.46,91,118.48,09:00:25.123991452
41,118.46,91,118.48,09:00:25.123991452
51,118.46,91,118.48,09:00:25.124104988
52,118.46,91,118.48,09:00:25.124122520
51,118.46,91,118.48,09:00:25.124122520
49,118.46,91,118.48,09:00:25.124122520
53,118.46,91,118.48,09:00:25.124242129
60,118.46,91,118.48,09:00:25.124415093
64,118.46,91,118.48,09:00:25.124415093
2,118.47,91,118.48,09:00:25.170414501
64,118.46,91,118.48,09:00:25.171101157
64,118.46,97,118.48,09:00:25.171269051
64,118.46,91,118.48,09:00:25.171427189
64,118.46,1,118.47,09:00:25.181525478
64,118.46,2,118.47,09:00:25.181934534
64,118.46,1,118.47,09:00:25.182092937
69,118.46,1,118.47,09:00:25.274141660
71,118.46,1,118.47,09:00:25.274204045
72,118.46,1,118.47,09:00:25.274313510
72,118.46,82,118.48,09:00:25.280738686
1,118.47,82,118.48,09:00:25.280955157
3,118.47,82,118.48,09:00:25.281198231
2,118.47,82,118.48,09:00:25.281198231
3,118.47,82,118.48,09:00:25.281278272
1,118.47,82,118.48,09:00:25.281491572
65,118.46,82,118.48,09:00:25.281608737
65,118.46,87,118.48,09:00:25.281608737
65,118.46,94,118.48,09:00:25.281732257
67,118.46,94,118.48,09:00:25.281732257
67,118.46,96,118.48,09:00:25.281732257
67,118.46,89,118.48,09:00:25.290606337
65,118.46,89,118.48,09:00:25.290790077
65,118.46,1,118.47,09:00:25.302191201
70,118.46,1,118.47,09:00:25.302464337
72,118.46,1,118.47,09:00:25.302534190
73,118.46,1,118.47,09:00:25.302709124
74,118.46,1,118.47,09:00:25.313356770
75,118.46,1,118.47,09:00:25.313520504
76,118.46,1,118.47,09:00:26.218171306
75,118.46,1,118.47,09:00:26.233091903
76,118.46,1,118.47,09:00:26.242172869
76,118.46,83,118.48,09:00:26.507068021
1,118.47,83,118.48,09:00:26.507130670
3,118.47,83,118.48,09:00:26.507529342
3,118.47,88,118.48,09:00:26.507529342
4,118.47,88,118.48,09:00:26.507547687
3,118.47,88,118.48,09:00:26.507547687
3,118.47,90,118.48,09:00:26.507622260
1,118.47,90,118.48,09:00:26.507949889
70,118.46,90,118.48,09:00:26.508046238
70,118.46,93,118.48,09:00:26.508046238
68,118.46,93,118.48,09:00:26.518170700
1,118.47,93,118.48,09:00:26.539326921
68,118.46,93,118.48,09:00:26.539522258
1,118.47,93,118.48,09:00:26.539592828
67,118.46,93,118.48,09:00:26.539863673
67,118.46,94,118.48,09:00:26.539966513
66,118.46,94,118.48,09:00:26.540043797
2,118.47,94,118.48,09:00:26.552740684
66,118.46,94,118.48,09:00:26.594165436
66,118.46,1,118.47,09:00:26.594375762
66,118.46,2,118.47,09:00:26.594746664
66,118.46,1,118.47,09:00:26.594936667
66,118.46,2,118.47,09:00:26.595510865
66,118.46,6,118.47,09:00:26.595615342
66,118.46,10,118.47,09:00:26.595692989
66,118.46,11,118.47,09:00:26.595795896
62,118.46,11,118.47,09:00:26.596017462
55,118.46,11,118.47,09:00:26.596108204
55,118.46,20,118.47,09:00:26.596672554
55,118.46,22,118.47,09:00:26.596921849
55,118.46,18,118.47,09:00:26.599853528
55,118.46,14,118.47,09:00:26.600140180
55,118.46,12,118.47,09:00:26.604452007
55,118.46,16,118.47,09:00:26.608597675
55,118.46,17,118.47,09:00:26.608781395
55,118.46,19,118.47,09:00:26.610143670
55,118.46,23,118.47,09:00:26.610208864
51,118.46,23,118.47,09:00:26.612560177
41,118.46,23,118.47,09:00:26.612787387
41,118.46,25,118.47,09:00:26.612860651
41,118.46,37,118.47,09:00:26.618210291
41,118.46,38,118.47,09:00:26.618409283
41,118.46,39,118.47,09:00:26.618633436
35,118.46,39,118.47,09:00:26.618925059
32,118.46,39,118.47,09:00:26.619003638
28,118.46,39,118.47,09:00:26.619003638
26,118.46,39,118.47,09:00:26.619112662
26,118.46,40,118.47,09:00:26.619128860
26,118.46,54,118.47,09:00:26.619437007
26,118.46,60,118.47,09:00:26.619437007
26,118.46,63,118.47,09:00:26.619437007
23,118.46,63,118.47,09:00:26.619931832
19,118.46,63,118.47,09:00:26.619949877
21,118.46,63,118.47,09:00:26.620030776
22,118.46,63,118.47,09:00:26.620343647
26,118.46,63,118.47,09:00:26.620451961
24,118.46,63,118.47,09:00:26.620553573
23,118.46,63,118.47,09:00:26.620661646
24,118.46,63,118.47,09:00:26.621543175
23,118.46,63,118.47,09:00:26.621607226
26,118.46,63,118.47,09:00:26.622271113
27,118.46,63,118.47,09:00:26.622271113
31,118.46,63,118.47,09:00:26.623272217
28,118.46,63,118.47,09:00:26.625833233
24,118.46,63,118.47,09:00:26.627315391
23,118.46,63,118.47,09:00:26.630756877
19,118.46,63,118.47,09:00:26.631261629
12,118.46,63,118.47,09:00:26.631591538
11,118.46,63,118.47,09:00:26.632370613
10,118.46,63,118.47,09:00:26.656018716
11,118.46,63,118.47,09:00:26.687094984
12,118.46,63,118.47,09:00:26.687273336
12,118.46,62,118.47,09:00:26.688119620
13,118.46,62,118.47,09:00:26.688275232
12,118.46,62,118.47,09:00:26.688429265
12,118.46,69,118.47,09:00:26.700183502
11,118.46,69,118.47,09:00:26.803612854
12,118.46,69,118.47,09:00:26.837833676
13,118.46,69,118.47,09:00:26.922691255
14,118.46,69,118.47,09:00:26.922875461
14,118.46,78,118.47,09:00:27.223883526
14,118.46,75,118.47,09:00:27.224053587
14,118.46,76,118.47,09:00:27.224119798
16,118.46,76,118.47,09:00:27.256710109
17,118.46,76,118.47,09:00:27.256710109
16,118.46,76,118.47,09:00:27.257020595
14,118.46,76,118.47,09:00:27.257147821
14,118.46,73,118.47,09:00:27.257216553
18,118.46,73,118.47,09:00:27.257333123
19,118.46,73,118.47,09:00:27.257409862
20,118.46,73,118.47,09:00:27.257409862
21,118.46,73,118.47,09:00:27.257773836
21,118.46,72,118.47,09:00:27.257773836
20,118.46,72,118.47,09:00:27.257842227
22,118.46,72,118.47,09:00:27.257903862
21,118.46,72,118.47,09:00:27.258016518
22,118.46,72,118.47,09:00:27.258336623
23,118.46,72,118.47,09:00:27.260839588
24,118.46,72,118.47,09:00:27.266596978
23,118.46,72,118.47,09:00:27.334505172
27,118.46,72,118.47,09:00:27.365339786
27,118.46,58,118.47,09:00:27.365502510
27,118.46,49,118.47,09:00:27.365655002
28,118.46,49,118.47,09:00:27.365810685
27,118.46,49,118.47,09:00:27.366009514
27,118.46,42,118.47,09:00:27.366009514
28,118.46,42,118.47,09:00:27.498035417
27,118.46,42,118.47,09:00:27.522985430
28,118.46,42,118.47,09:00:27.964371755
27,118.46,42,118.47,09:00:28.105795496
25,118.46,42,118.47,09:00:28.115357607
26,118.46,42,118.47,09:00:28.138772024
25,118.46,42,118.47,09:00:28.163796473
24,118.46,42,118.47,09:00:28.167341139
25,118.46,42,118.47,09:00:28.168471330
25,118.46,49,118.47,09:00:28.202108006
24,118.46,49,118.47,09:00:28.202763054
20,118.46,49,118.47,09:00:28.202908479
19,118.46,49,118.47,09:00:28.203135554
18,118.46,49,118.47,09:00:28.203211918
17,118.46,49,118.47,09:00:28.204108433
17,118.46,59,118.47,09:00:28.210465983
13,118.46,59,118.47,09:00:28.211750210
12,118.46,59,118.47,09:00:28.215588005
9,118.46,59,118.47,09:00:28.216080286
9,118.46,75,118.47,09:00:28.216249969
7,118.46,75,118.47,09:00:28.216412948
7,118.46,76,118.47,09:00:28.216476897
6,118.46,76,118.47,09:00:28.216773889
6,118.46,78,118.47,09:00:28.217126263
5,118.46,78,118.47,09:00:28.221837811
4,118.46,78,118.47,09:00:28.221837811
3,118.46,78,118.47,09:00:28.221837811
2,118.46,78,118.47,09:00:28.221852311
1,118.46,78,118.47,09:00:28.221852311
49,118.45,78,118.47,09:00:28.221949120
49,118.45,4,118.46,09:00:28.221949120
49,118.45,17,118.46,09:00:28.222086643
59,118.45,17,118.46,09:00:28.222086643
42,118.45,17,118.46,09:00:28.222265254
46,118.45,17,118.46,09:00:28.222265254
49,118.45,17,118.46,09:00:28.222347196
50,118.45,17,118.46,09:00:28.222429693
49,118.45,17,118.46,09:00:28.222429693
53,118.45,17,118.46,09:00:28.222451203
58,118.45,17,118.46,09:00:28.222451203
58,118.45,13,118.46,09:00:28.222581660
58,118.45,78,118.47,09:00:28.222581660
60,118.45,78,118.47,09:00:28.222930341
4,118.46,78,118.47,09:00:28.223020488
6,118.46,78,118.47,09:00:28.223140614
7,118.46,78,118.47,09:00:28.223330899
3,118.46,78,118.47,09:00:28.224408549
2,118.46,78,118.47,09:00:28.224657144
60,118.45,78,118.47,09:00:28.224916888
60,118.45,2,118.46,09:00:28.225456139
60,118.45,78,118.47,09:00:28.225759469
5,118.46,78,118.47,09:00:28.225759469
4,118.46,78,118.47,09:00:28.225827248
4,118.46,71,118.47,09:00:28.225908442
6,118.46,71,118.47,09:00:28.226159728
8,118.46,71,118.47,09:00:28.226159728
8,118.46,78,118.47,09:00:28.226243913
4,118.46,78,118.47,09:00:28.226243913
2,118.46,78,118.47,09:00:28.226422642
67,118.45,78,118.47,09:00:28.226516153
60,118.45,78,118.47,09:00:28.226696537
60,118.45,85,118.47,09:00:28.226765498
2,118.46,85,118.47,09:00:28.282473967
6,118.46,85,118.47,09:00:28.282613561
7,118.46,85,118.47,09:00:28.282797177
9,118.46,85,118.47,09:00:28.282977503
11,118.46,85,118.47,09:00:28.301849879
9,118.46,85,118.47,09:00:28.302079617
10,118.46,85,118.47,09:00:28.316734889
11,118.46,85,118.47,09:00:28.323773271
12,118.46,85,118.47,09:00:28.324040384
13,118.46,85,118.47,09:00:28.336279025
14,118.46,85,118.47,09:00:28.345111239
17,118.46,85,118.47,09:00:28.345235415
21,118.46,85,118.47,09:00:28.345984857
22,118.46,85,118.47,09:00:28.345984857
22,118.46,78,118.47,09:00:28.346277670
21,118.46,78,118.47,09:00:28.346277670
22,118.46,78,118.47,09:00:28.347803025
22,118.46,62,118.47,09:00:28.348004603
22,118.46,52,118.47,09:00:28.348102644
23,118.46,52,118.47,09:00:28.348102644
23,118.46,45,118.47,09:00:28.348319489
24,118.46,45,118.47,09:00:28.348319489
24,118.46,43,118.47,09:00:28.348319489
26,118.46,43,118.47,09:00:28.348684586
34,118.46,43,118.47,09:00:28.348790634
36,118.46,43,118.47,09:00:28.348790634
44,118.46,43,118.47,09:00:28.351708103
46,118.46,43,118.47,09:00:28.351816459
48,118.46,43,118.47,09:00:28.351959726
48,118.46,44,118.47,09:00:28.382560291
48,118.46,50,118.47,09:00:28.382742590
46,118.46,50,118.47,09:00:28.382940471
38,118.46,50,118.47,09:00:28.383021383
36,118.46,50,118.47,09:00:28.383021383
28,118.46,50,118.47,09:00:28.383104349
27,118.46,50,118.47,09:00:28.383329616
25,118.46,50,118.47,09:00:28.383958803
26,118.46,50,118.47,09:00:28.384135260
26,118.46,65,118.47,09:00:28.384135260
28,118.46,65,118.47,09:00:28.384451193
28,118.46,50,118.47,09:00:28.384526124
27,118.46,50,118.47,09:00:28.384744396
27,118.46,44,118.47,09:00:28.385004923
27,118.46,48,118.47,09:00:28.395988141
27,118.46,53,118.47,09:00:28.396170640
28,118.46,53,118.47,09:00:28.457570453
29,118.46,53,118.47,09:00:28.563663813
29,118.46,48,118.47,09:00:28.564430228
27,118.46,48,118.47,09:00:28.893078919
27,118.46,64,118.47,09:00:28.894533556
27,118.46,67,118.47,09:00:28.894770361
26,118.46,67,118.47,09:00:29.066233820
26,118.46,64,118.47,09:00:29.155535329
26,118.46,48,118.47,09:00:29.155942785
27,118.46,48,118.47,09:00:29.156102561
26,118.46,48,118.47,09:00:29.382890965
27,118.46,48,118.47,09:00:29.383063219
26,118.46,48,118.47,09:00:29.518562148
27,118.46,48,118.47,09:00:29.524734710
26,118.46,48,118.47,09:00:29.720201525
27,118.46,48,118.47,09:00:29.720549528
31,118.46,48,118.47,09:00:29.766185123
30,118.46,48,118.47,09:00:29.965105186
31,118.46,48,118.47,09:00:29.975184709
30,118.46,48,118.47,09:00:29.982968549
29,118.46,48,118.47,09:00:29.983146264
28,118.46,48,118.47,09:00:29.983210197
25,118.46,48,118.47,09:00:29.983996702
25,118.46,50,118.47,09:00:29.984180587
25,118.46,52,118.47,09:00:29.984535092
25,118.46,67,118.47,09:00:29.984635581
25,118.46,70,118.47,09:00:29.984635581
23,118.46,70,118.47,09:00:29.996326690
23,118.46,68,118.47,09:00:30.011140730
19,118.46,68,118.47,09:00:30.051847553
19,118.46,75,118.47,09:00:30.099470080
19,118.46,76,118.47,09:00:30.099689591
18,118.46,76,118.47,09:00:30.099755187
17,118.46,76,118.47,09:00:30.123018990
16,118.46,76,118.47,09:00:30.123093390
15,118.46,76,118.47,09:00:30.132292439
14,118.46,76,118.47,09:00:30.344075559
16,118.46,76,118.47,09:00:30.360413479
14,118.46,76,118.47,09:00:30.361574189
16,118.46,76,118.47,09:00:30.366988482
14,118.46,76,118.47,09:00:30.371198642
16,118.46,76,118.47,09:00:30.501529651
17,118.46,76,118.47,09:00:30.501772525
20,118.46,76,118.47,09:00:30.506920124
17,118.46,76,118.47,09:00:30.538770247
16,118.46,76,118.47,09:00:30.538944492
14,118.46,76,118.47,09:00:30.539122166
15,118.46,76,118.47,09:00:30.562265794
16,118.46,76,118.47,09:00:30.567701582
15,118.46,76,118.47,09:00:30.576799396
14,118.46,76,118.47,09:00:30.576861153
15,118.46,76,118.47,09:00:30.616956854
14,118.46,76,118.47,09:00:30.708802852
15,118.46,76,118.47,09:00:30.839574620
16,118.46,76,118.47,09:00:30.839754914
17,118.46,76,118.47,09:00:30.843528107
16,118.46,76,118.47,09:00:30.847793723
15,118.46,76,118.47,09:00:30.847937157
14,118.46,76,118.47,09:00:30.848087352
12,118.46,76,118.47,09:00:31.012140510
12,118.46,86,118.47,09:00:31.018854930
10,118.46,86,118.47,09:00:31.019298980
6,118.46,86,118.47,09:00:31.019298980
5,118.46,86,118.47,09:00:31.019317933
4,118.46,86,118.47,09:00:31.019317933
61,118.45,86,118.47,09:00:31.019317933
61,118.45,90,118.47,09:00:31.019317933
61,118.45,1,118.46,09:00:31.019701957
56,118.45,1,118.46,09:00:31.019720789
55,118.45,1,118.46,09:00:31.019720789
55,118.45,2,118.46,09:00:31.020199200
55,118.45,4,118.46,09:00:31.020580369
55,118.45,5,118.46,09:00:31.020702107
55,118.45,13,118.46,09:00:31.020994819
55,118.45,28,118.46,09:00:31.021125603
55,118.45,30,118.46,09:00:31.021125603
55,118.45,32,118.46,09:00:31.021220964
55,118.45,34,118.46,09:00:31.021332378
53,118.45,34,118.46,09:00:31.021332378
53,118.45,40,118.46,09:00:31.021429664
53,118.45,43,118.46,09:00:31.021546842
53,118.45,41,118.46,09:00:31.021564516
53,118.45,35,118.46,09:00:31.023246860
53,118.45,32,118.46,09:00:31.023246860
53,118.45,17,118.46,09:00:31.023340207
53,118.45,18,118.46,09:00:31.023598202
53,118.45,16,118.46,09:00:31.028935342
53,118.45,8,118.46,09:00:31.029009006
53,118.45,7,118.46,09:00:31.029120798
53,118.45,5,118.46,09:00:31.029205795
53,118.45,6,118.46,09:00:31.029460342
53,118.45,8,118.46,09:00:31.029684615
53,118.45,12,118.46,09:00:31.030562096
53,118.45,16,118.46,09:00:31.030628493
53,118.45,18,118.46,09:00:31.030946562
53,118.45,20,118.46,09:00:31.032157615
53,118.45,26,118.46,09:00:31.033602852
53,118.45,20,118.46,09:00:31.039511827
53,118.45,23,118.46,09:00:31.042540858
53,118.45,25,118.46,09:00:31.042750666
53,118.45,24,118.46,09:00:31.067608132
53,118.45,23,118.46,09:00:31.067624640
53,118.45,21,118.46,09:00:31.067770900
52,118.45,21,118.46,09:00:31.103978844
52,118.45,22,118.46,09:00:31.104200025
52,118.45,29,118.46,09:00:31.104378194
52,118.45,22,118.46,09:00:31.110507150
48,118.45,22,118.46,09:00:31.114563761
44,118.45,22,118.46,09:00:31.116880396
48,118.45,22,118.46,09:00:31.117461692
49,118.45,22,118.46,09:00:31.117638335
49,118.45,30,118.46,09:00:31.133325549
49,118.45,32,118.46,09:00:31.133471625
48,118.45,32,118.46,09:00:31.133540150
48,118.45,36,118.46,09:00:31.133606899
49,118.45,36,118.46,09:00:31.134617778
49,118.45,32,118.46,09:00:31.151776389
48,118.45,32,118.46,09:00:31.169201615
49,118.45,32,118.46,09:00:31.172141686
48,118.45,32,118.46,09:00:31.174539447
49,118.45,32,118.46,09:00:31.174989249
50,118.45,32,118.46,09:00:31.175159265
49,118.45,32,118.46,09:00:31.192475536
50,118.45,32,118.46,09:00:31.192957514
51,118.45,32,118.46,09:00:31.199305208
50,118.45,32,118.46,09:00:31.200312187
51,118.45,32,118.46,09:00:31.202784284
50,118.45,32,118.46,09:00:31.261675894
43,118.45,32,118.46,09:00:31.289313234
43,118.45,39,118.46,09:00:31.289718235
39,118.45,39,118.46,09:00:31.289899537
32,118.45,39,118.46,09:00:31.290012081
29,118.45,39,118.46,09:00:31.290012081
29,118.45,40,118.46,09:00:31.290079300
30,118.45,40,118.46,09:00:31.290188487
30,118.45,33,118.46,09:00:31.290326020
31,118.45,33,118.46,09:00:31.292536956
35,118.45,33,118.46,09:00:31.293203905
34,118.45,33,118.46,09:00:31.311357870
35,118.45,33,118.46,09:00:31.331133135
36,118.45,33,118.46,09:00:31.331287919
35,118.45,33,118.46,09:00:31.473327384
36,118.45,33,118.46,09:00:31.532697035
36,118.45,32,118.46,09:00:31.533420432
35,118.45,32,118.46,09:00:31.535456169
36,118.45,32,118.46,09:00:31.536937427
35,118.45,32,118.46,09:00:31.539998370
36,118.45,32,118.46,09:00:31.701997275
36,118.45,28,118.46,09:00:31.712092797
46,118.45,28,118.46,09:00:31.712779942
46,118.45,27,118.46,09:00:31.713042882
36,118.45,27,118.46,09:00:31.718121938
36,118.45,31,118.46,09:00:31.720730198
35,118.45,31,118.46,09:00:31.720991257
36,118.45,31,118.46,09:00:31.722179080
35,118.45,31,118.46,09:00:31.730605471
31,118.45,31,118.46,09:00:31.797970399
31,118.45,38,118.46,09:00:31.798488975
31,118.45,39,118.46,09:00:31.798681624
31,118.45,32,118.46,09:00:31.799132808
32,118.45,32,118.46,09:00:31.866950766
32,118.45,33,118.46,09:00:31.903397659
32,118.45,34,118.46,09:00:31.903589849
36,118.45,34,118.46,09:00:32.001192118
37,118.45,34,118.46,09:00:32.001346972
36,118.45,34,118.46,09:00:32.001499883
36,118.45,33,118.46,09:00:32.001797020
36,118.45,32,118.46,09:00:32.002890232
37,118.45,32,118.46,09:00:32.003053339
37,118.45,28,118.46,09:00:32.003562682
47,118.45,28,118.46,09:00:32.005106556
47,118.45,26,118.46,09:00:32.006229839
47,118.45,24,118.46,09:00:32.008581656
47,118.45,25,118.46,09:00:32.012622492
37,118.45,25,118.46,09:00:32.022921490
36,118.45,25,118.46,09:00:32.034463072
37,118.45,25,118.46,09:00:32.044086424
36,118.45,25,118.46,09:00:32.044849077
37,118.45,25,118.46,09:00:32.073489833
36,118.45,25,118.46,09:00:32.081628489
37,118.45,25,118.46,09:00:32.120871614
37,118.45,24,118.46,09:00:32.122691039
47,118.45,24,118.46,09:00:32.122975232
47,118.45,25,118.46,09:00:32.141921927
47,118.45,24,118.46,09:00:32.142988867
47,118.45,20,118.46,09:00:32.143914474
47,118.45,18,118.46,09:00:32.144493180
47,118.45,10,118.46,09:00:32.144562185
47,118.45,8,118.46,09:00:32.144706310
47,118.45,7,118.46,09:00:32.144785011
47,118.45,5,118.46,09:00:32.144785011
49,118.45,5,118.46,09:00:32.144942403
56,118.45,5,118.46,09:00:32.145006668
56,118.45,3,118.46,09:00:32.146110184
56,118.45,4,118.46,09:00:32.180060826
56,118.45,3,118.46,09:00:32.180425568
56,118.45,4,118.46,09:00:32.194994998
56,118.45,3,118.46,09:00:32.195352559
56,118.45,10,118.46,09:00:32.195352559
49,118.45,10,118.46,09:00:32.195597852
50,118.45,10,118.46,09:00:32.204265921
51,118.45,10,118.46,09:00:32.204455468
51,118.45,3,118.46,09:00:32.214409815
50,118.45,3,118.46,09:00:32.215674650
50,118.45,4,118.46,09:00:32.233456655
50,118.45,3,118.46,09:00:32.233669267
50,118.45,6,118.46,09:00:32.233935726
50,118.45,8,118.46,09:00:32.236836554
50,118.45,9,118.46,09:00:32.237007907
50,118.45,7,118.46,09:00:32.240487837
50,118.45,6,118.46,09:00:32.241108288
50,118.45,8,118.46,09:00:32.245916848
50,118.45,10,118.46,09:00:32.246080867
50,118.45,20,118.46,09:00:32.246546210
50,118.45,21,118.46,09:00:32.250600486
50,118.45,23,118.46,09:00:32.250850351
49,118.45,23,118.46,09:00:32.255708849
49,118.45,22,118.46,09:00:32.255708849
49,118.45,21,118.46,09:00:32.255882309
49,118.45,19,118.46,09:00:32.255948274
49,118.45,20,118.46,09:00:32.256086440
49,118.45,21,118.46,09:00:32.256223169
49,118.45,20,118.46,09:00:32.256374158
49,118.45,10,118.46,09:00:32.260091038
49,118.45,11,118.46,09:00:32.260255285
49,118.45,10,118.46,09:00:32.260413528
49,118.45,12,118.46,09:00:32.260601829
51,118.45,12,118.46,09:00:32.301267513
51,118.45,10,118.46,09:00:32.301428825
51,118.45,8,118.46,09:00:32.305537983
51,118.45,7,118.46,09:00:32.306336411
58,118.45,7,118.46,09:00:32.330098042
58,118.45,5,118.46,09:00:32.330269846
58,118.45,4,118.46,09:00:32.330343385
58,118.45,1,118.46,09:00:32.331306152
58,118.45,2,118.46,09:00:32.331823569
58,118.45,1,118.46,09:00:32.341411981
58,118.45,2,118.46,09:00:32.350063850
58,118.45,8,118.46,09:00:32.355353530
58,118.45,7,118.46,09:00:32.363056240
56,118.45,7,118.46,09:00:32.370890244
56,118.45,6,118.46,09:00:32.370907303
56,118.45,5,118.46,09:00:32.370907303
56,118.45,4,118.46,09:00:32.371094257
61,118.45,4,118.46,09:00:32.371164327
61,118.45,5,118.46,09:00:32.375284416
56,118.45,5,118.46,09:00:32.376310272
56,118.45,7,118.46,09:00:32.378682885
56,118.45,17,118.46,09:00:32.378847009
56,118.45,18,118.46,09:00:32.378902923
56,118.45,19,118.46,09:00:32.379041432
56,118.45,18,118.46,09:00:32.379115984
56,118.45,17,118.46,09:00:32.379206858
56,118.45,18,118.46,09:00:32.379579092
56,118.45,20,118.46,09:00:32.379750135
56,118.45,19,118.46,09:00:32.403387250
56,118.45,20,118.46,09:00:32.418734813
56,118.45,19,118.46,09:00:32.418895382
56,118.45,20,118.46,09:00:32.418957177
56,118.45,21,118.46,09:00:32.421341717
56,118.45,20,118.46,09:00:32.442283749
56,118.45,19,118.46,09:00:32.442467083
56,118.45,20,118.46,09:00:32.669642806
49,118.45,20,118.46,09:00:32.669815342
49,118.45,21,118.46,09:00:32.669876151
49,118.45,20,118.46,09:00:32.686192327
49,118.45,19,118.46,09:00:32.939962237
49,118.45,9,118.46,09:00:33.110543714
56,118.45,9,118.46,09:00:33.111209739
56,118.45,7,118.46,09:00:33.114801080
56,118.45,5,118.46,09:00:33.125117255
56,118.45,7,118.46,09:00:33.187263390
56,118.45,17,118.46,09:00:33.223735621
56,118.45,26,118.46,09:00:33.223937125
56,118.45,28,118.46,09:00:33.223937125
49,118.45,28,118.46,09:00:33.223996415
49,118.45,30,118.46,09:00:33.224119333
49,118.45,31,118.46,09:00:33.228985118
49,118.45,26,118.46,09:00:33.285795939
48,118.45,26,118.46,09:00:33.303767762
46,118.45,26,118.46,09:00:33.303767762
45,118.45,26,118.46,09:00:33.303767762
44,118.45,26,118.46,09:00:33.303846328
41,118.45,26,118.46,09:00:33.304038162
41,118.45,27,118.46,09:00:33.304211855
31,118.45,27,118.46,09:00:33.304230703
31,118.45,31,118.46,09:00:33.304230703
31,118.45,32,118.46,09:00:33.304329928
29,118.45,32,118.46,09:00:33.304329928
29,118.45,38,118.46,09:00:33.304352984
29,118.45,39,118.46,09:00:33.304352984
29,118.45,41,118.46,09:00:33.304352984
29,118.45,42,118.46,09:00:33.304352984
29,118.45,49,118.46,09:00:33.304352984
30,118.45,49,118.46,09:00:33.304432616
33,118.45,49,118.46,09:00:33.304432616
37,118.45,49,118.46,09:00:33.304515390
37,118.45,54,118.46,09:00:33.304515390
37,118.45,53,118.46,09:00:33.304639829
37,118.45,46,118.46,09:00:33.304639829
38,118.45,46,118.46,09:00:33.304768069
39,118.45,46,118.46,09:00:33.304789746
39,118.45,45,118.46,09:00:33.304789746
39,118.45,40,118.46,09:00:33.304819029
39,118.45,34,118.46,09:00:33.317135484
39,118.45,30,118.46,09:00:33.317207019
39,118.45,31,118.46,09:00:33.325902645
39,118.45,33,118.46,09:00:33.326084901
39,118.45,32,118.46,09:00:33.427105116
39,118.45,33,118.46,09:00:33.491987989
39,118.45,34,118.46,09:00:33.492156686
38,118.45,34,118.46,09:00:33.492360023
38,118.45,35,118.46,09:00:33.492427854
38,118.45,41,118.46,09:00:33.492830215
37,118.45,41,118.46,09:00:33.493039684
37,118.45,50,118.46,09:00:33.493512519
33,118.45,50,118.46,09:00:33.493921328
23,118.45,50,118.46,09:00:33.494887839
23,118.45,54,118.46,09:00:33.495040169
24,118.45,54,118.46,09:00:33.498679520
25,118.45,54,118.46,09:00:33.498744528
26,118.45,54,118.46,09:00:33.499398937
25,118.45,54,118.46,09:00:33.502374429
25,118.45,56,118.46,09:00:33.512011557
25,118.45,54,118.46,09:00:33.650726999
24,118.45,54,118.46,09:00:33.660995995
24,118.45,52,118.46,09:00:33.669821526
24,118.45,54,118.46,09:00:33.670223779
24,118.45,56,118.46,09:00:33.689379720
23,118.45,56,118.46,09:00:33.700091605
22,118.45,56,118.46,09:00:33.700197458
21,118.45,56,118.46,09:00:33.700327279
17,118.45,56,118.46,09:00:33.972593854
14,118.45,56,118.46,09:00:33.983409257
14,118.45,54,118.46,09:00:33.983633236
13,118.45,54,118.46,09:00:33.983633236
12,118.45,54,118.46,09:00:33.983729189
12,118.45,52,118.46,09:00:33.983729189
10,118.45,52,118.46,09:00:33.983729189
10,118.45,58,118.46,09:00:33.984042533
10,118.45,60,118.46,09:00:33.984144325
6,118.45,60,118.46,09:00:33.984425184
5,118.45,60,118.46,09:00:33.984425184
4,118.45,60,118.46,09:00:33.984713422
3,118.45,60,118.46,09:00:33.984730517
2,118.45,60,118.46,09:00:33.984730517
1,118.45,60,118.46,09:00:33.984754517
52,118.44,60,118.46,09:00:33.984754517
1,118.45,60,118.46,09:00:33.984754517
1,118.45,64,118.46,09:00:33.984754517
3,118.45,64,118.46,09:00:33.984754517
3,118.45,67,118.46,09:00:33.984787297
3,118.45,68,118.46,09:00:33.984787297
1,118.45,68,118.46,09:00:33.984921624
52,118.44,68,118.46,09:00:33.984921624
62,118.44,68,118.46,09:00:33.984940055
62,118.44,69,118.46,09:00:33.984975857
65,118.44,69,118.46,09:00:33.984975857
1,118.45,69,118.46,09:00:33.984975857
65,118.44,69,118.46,09:00:33.985252912
65,118.44,4,118.45,09:00:33.985252912
64,118.44,4,118.45,09:00:33.985252912
64,118.44,7,118.45,09:00:33.985266858
63,118.44,7,118.45,09:00:33.985392990
65,118.44,7,118.45,09:00:33.985392990
48,118.44,7,118.45,09:00:33.985392990
52,118.44,7,118.45,09:00:33.985409966
53,118.44,7,118.45,09:00:33.985409966
57,118.44,7,118.45,09:00:33.985497543
57,118.44,3,118.45,09:00:33.985765760
57,118.44,87,118.46,09:00:33.985783287
57,118.44,91,118.46,09:00:33.985945670
53,118.44,91,118.46,09:00:33.985945670
8,118.45,91,118.46,09:00:33.985961981
5,118.45,91,118.46,09:00:33.986056141
5,118.45,85,118.46,09:00:33.986056141
6,118.45,85,118.46,09:00:33.986227003
1,118.45,85,118.46,09:00:33.986335504
62,118.44,85,118.46,09:00:33.986503705
62,118.44,88,118.46,09:00:33.986865068
55,118.44,88,118.46,09:00:33.987010536
53,118.44,88,118.46,09:00:33.988070860
2,118.45,88,118.46,09:00:34.029397415
2,118.45,85,118.46,09:00:34.029595494
4,118.45,85,118.46,09:00:34.029753501
8,118.45,85,118.46,09:00:34.030919746
10,118.45,85,118.46,09:00:34.032823207
11,118.45,85,118.46,09:00:34.032972298
13,118.45,85,118.46,09:00:34.033164377
13,118.45,84,118.46,09:00:34.033164377
14,118.45,84,118.46,09:00:34.033431238
15,118.45,84,118.46,09:00:34.033544909
16,118.45,84,118.46,09:00:34.033785715
15,118.45,84,118.46,09:00:34.050054116
14,118.45,84,118.46,09:00:34.050190397
13,118.45,84,118.46,09:00:34.050348849
14,118.45,84,118.46,09:00:34.056666641
15,118.45,84,118.46,09:00:34.056840661
16,118.45,84,118.46,09:00:34.056941954
17,118.45,84,118.46,09:00:34.057095791
16,118.45,84,118.46,09:00:34.103970984
15,118.45,84,118.46,09:00:34.104116463
14,118.45,84,118.46,09:00:34.104267967
13,118.45,84,118.46,09:00:34.111906719
12,118.45,84,118.46,09:00:34.115162230
10,118.45,84,118.46,09:00:34.115484198
11,118.45,84,118.46,09:00:34.175197459
12,118.45,84,118.46,09:00:34.316336659
12,118.45,85,118.46,09:00:34.387028196
12,118.45,89,118.46,09:00:34.387234656
14,118.45,89,118.46,09:00:34.494423420
14,118.45,85,118.46,09:00:34.495456167
15,118.45,85,118.46,09:00:34.495608584
16,118.45,85,118.46,09:00:34.495807284
18,118.45,85,118.46,09:00:34.495962020
17,118.45,85,118.46,09:00:34.750309821
15,118.45,85,118.46,09:00:34.750460701
14,118.45,85,118.46,09:00:34.750597600
15,118.45,85,118.46,09:00:34.804885390
16,118.45,85,118.46,09:00:34.804952424
17,118.45,85,118.46,09:00:34.805100661
16,118.45,85,118.46,09:00:34.816959404
15,118.45,85,118.46,09:00:34.817106354
14,118.45,85,118.46,09:00:34.817248255
12,118.45,85,118.46,09:00:34.838598287
8,118.45,85,118.46,09:00:34.838655481
8,118.45,86,118.46,09:00:34.845084931
8,118.45,88,118.46,09:00:34.845266276
9,118.45,88,118.46,09:00:34.967225575
9,118.45,87,118.46,09:00:34.967439063
9,118.45,85,118.46,09:00:34.974734824
8,118.45,85,118.46,09:00:34.989654947
8,118.45,86,118.46,09:00:35.003624531
8,118.45,88,118.46,09:00:35.003793132
7,118.45,88,118.46,09:00:35.064826195
7,118.45,89,118.46,09:00:35.065004278
6,118.45,89,118.46,09:00:35.065093625
5,118.45,89,118.46,09:00:35.115051947
4,118.45,89,118.46,09:00:35.115244935
3,118.45,89,118.46,09:00:35.115343748
2,118.45,89,118.46,09:00:35.115460764
1,118.45,89,118.46,09:00:35.115476560
53,118.44,89,118.46,09:00:35.115476560
53,118.44,1,118.45,09:00:35.117223875
51,118.44,1,118.45,09:00:35.117311631
51,118.44,3,118.45,09:00:35.117402860
51,118.44,11,118.45,09:00:35.117402860
51,118.44,15,118.45,09:00:35.117492235
51,118.44,17,118.45,09:00:35.117766585
51,118.44,18,118.45,09:00:35.117766585
51,118.44,14,118.45,09:00:35.117912012
51,118.44,15,118.45,09:00:35.117985205
51,118.44,17,118.45,09:00:35.121301014
51,118.44,18,118.45,09:00:35.121379629
51,118.44,20,118.45,09:00:35.121514486
51,118.44,19,118.45,09:00:35.121581945
51,118.44,11,118.45,09:00:35.125442221
51,118.44,9,118.45,09:00:35.125518445
51,118.44,7,118.45,09:00:35.125590508
51,118.44,8,118.45,09:00:35.126365737
51,118.44,7,118.45,09:00:35.126624690
51,118.44,6,118.45,09:00:35.127405538
51,118.44,10,118.45,09:00:35.132873918
52,118.44,10,118.45,09:00:35.152667193
55,118.44,10,118.45,09:00:35.152843900
55,118.44,8,118.45,09:00:35.187231132
55,118.44,7,118.45,09:00:35.187547398
59,118.44,7,118.45,09:00:35.187547398
62,118.44,7,118.45,09:00:35.187642155
65,118.44,7,118.45,09:00:35.187700741
65,118.44,5,118.45,09:00:35.188593080
65,118.44,9,118.45,09:00:35.189850826
65,118.44,11,118.45,09:00:35.192969688
62,118.44,11,118.45,09:00:35.192969688
58,118.44,11,118.45,09:00:35.193069518
55,118.44,11,118.45,09:00:35.194239351
55,118.44,12,118.45,09:00:35.194343987
55,118.44,14,118.45,09:00:35.195641762
55,118.44,12,118.45,09:00:35.195700745
55,118.44,14,118.45,09:00:35.195729696
55,118.44,13,118.45,09:00:35.196347234
55,118.44,11,118.45,09:00:35.197541698
55,118.44,12,118.45,09:00:35.202459899
55,118.44,11,118.45,09:00:35.203192865
55,118.44,9,118.45,09:00:35.205167986
55,118.44,5,118.45,09:00:35.208144301
55,118.44,4,118.45,09:00:35.219519140
55,118.44,83,118.46,09:00:35.219855658
62,118.44,83,118.46,09:00:35.219953687
64,118.44,83,118.46,09:00:35.219977741
1,118.45,83,118.46,09:00:35.219991742
3,118.45,83,118.46,09:00:35.220392045
4,118.45,83,118.46,09:00:35.220392045
3,118.45,83,118.46,09:00:35.220482749
3,118.45,82,118.46,09:00:35.220565011
1,118.45,82,118.46,09:00:35.220788650
64,118.44,82,118.46,09:00:35.221472646
1,118.45,82,118.46,09:00:35.221573564
2,118.45,82,118.46,09:00:35.221833596
2,118.45,89,118.46,09:00:35.221941583
1,118.45,89,118.46,09:00:35.221941583
57,118.44,89,118.46,09:00:35.222071798
57,118.44,1,118.45,09:00:35.224716801
57,118.44,5,118.45,09:00:35.225108918
61,118.44,5,118.45,09:00:35.225108918
64,118.44,5,118.45,09:00:35.225108918
71,118.44,5,118.45,09:00:35.225287785
64,118.44,5,118.45,09:00:35.229115693
64,118.44,1,118.45,09:00:35.229436223
64,118.44,83,118.46,09:00:35.235112934
61,118.44,83,118.46,09:00:35.235312668
57,118.44,83,118.46,09:00:35.235383110
57,118.44,4,118.45,09:00:35.242251511
57,118.44,5,118.45,09:00:35.242417396
57,118.44,6,118.45,09:00:35.272138625
57,118.44,12,118.45,09:00:35.272219230
57,118.44,16,118.45,09:00:35.272219230
57,118.44,17,118.45,09:00:35.272382135
57,118.44,18,118.45,09:00:35.272464526
55,118.44,18,118.45,09:00:35.272464526
55,118.44,17,118.45,09:00:35.272728599
55,118.44,18,118.45,09:00:35.273048103
55,118.44,17,118.45,09:00:35.273238724
55,118.44,18,118.45,09:00:35.274836636
55,118.44,17,118.45,09:00:35.276106961
55,118.44,13,118.45,09:00:35.276311646
55,118.44,12,118.45,09:00:35.276386577
55,118.44,6,118.45,09:00:35.276386577
55,118.44,5,118.45,09:00:35.285366990
55,118.44,3,118.45,09:00:35.294509780
58,118.44,3,118.45,09:00:35.294806320
58,118.44,1,118.45,09:00:35.294914135
60,118.44,1,118.45,09:00:35.295071955
60,118.44,4,118.45,09:00:35.295774012
60,118.44,5,118.45,09:00:35.295951094
60,118.44,4,118.45,09:00:35.296475554
60,118.44,8,118.45,09:00:35.307333783
60,118.44,9,118.45,09:00:35.313679087
60,118.44,10,118.45,09:00:35.313881519
57,118.44,10,118.45,09:00:35.314052181
55,118.44,10,118.45,09:00:35.314200565
55,118.44,9,118.45,09:00:35.322828921
55,118.44,5,118.45,09:00:35.331364678
55,118.44,12,118.45,09:00:35.485156072
55,118.44,5,118.45,09:00:35.765301603
59,118.44,5,118.45,09:00:35.765591887
59,118.44,4,118.45,09:00:35.765673974
62,118.44,4,118.45,09:00:35.765688082
64,118.44,4,118.45,09:00:35.765775189
66,118.44,4,118.45,09:00:35.765855607
66,118.44,3,118.45,09:00:35.765924559
67,118.44,3,118.45,09:00:35.780360529
68,118.44,3,118.45,09:00:35.780690848
68,118.44,7,118.45,09:00:35.790349629
68,118.44,3,118.45,09:00:35.840592471
67,118.44,3,118.45,09:00:35.936692839
67,118.44,10,118.45,09:00:35.936854785
67,118.44,14,118.45,09:00:35.946125686
67,118.44,19,118.45,09:00:36.206059732
67,118.44,15,118.45,09:00:36.297202645
67,118.44,8,118.45,09:00:36.298078174
65,118.44,8,118.45,09:00:36.341278670
65,118.44,9,118.45,09:00:36.417639418
65,118.44,8,118.45,09:00:36.427791017
67,118.44,8,118.45,09:00:36.611923113
68,118.44,8,118.45,09:00:36.612133414
68,118.44,9,118.45,09:00:37.096286232
68,118.44,13,118.45,09:00:37.096356015
68,118.44,14,118.45,09:00:37.096510085
67,118.44,14,118.45,09:00:37.096666782
67,118.44,16,118.45,09:00:37.097115591
67,118.44,17,118.45,09:00:37.097115591
63,118.44,17,118.45,09:00:37.097184478
60,118.44,17,118.45,09:00:37.097184478
58,118.44,17,118.45,09:00:37.097289214
58,118.44,18,118.45,09:00:37.097373882
55,118.44,18,118.45,09:00:37.097436759
55,118.44,19,118.45,09:00:37.097513290
53,118.44,19,118.45,09:00:37.097848695
53,118.44,26,118.45,09:00:37.097957581
53,118.44,32,118.45,09:00:37.098156749
53,118.44,36,118.45,09:00:37.098328793
53,118.44,35,118.45,09:00:37.102236551
53,118.44,34,118.45,09:00:37.103233145
53,118.44,27,118.45,09:00:37.103843826
53,118.44,26,118.45,09:00:37.103843826
53,118.44,20,118.45,09:00:37.104492421
53,118.44,16,118.45,09:00:37.104561445
53,118.44,14,118.45,09:00:37.104665583
54,118.44,14,118.45,09:00:37.131518733
55,118.44,14,118.45,09:00:37.131616711
56,118.44,14,118.45,09:00:37.131726896
58,118.44,14,118.45,09:00:37.264967761
58,118.44,10,118.45,09:00:37.274397975
58,118.44,9,118.45,09:00:37.274557843
58,118.44,13,118.45,09:00:37.322788411
58,118.44,14,118.45,09:00:37.342105961
58,118.44,15,118.45,09:00:37.547804929
57,118.44,15,118.45,09:00:37.589909018
56,118.44,15,118.45,09:00:37.638511687
54,118.44,15,118.45,09:00:37.638668558
54,118.44,17,118.45,09:00:37.638814695
54,118.44,18,118.45,09:00:37.778893258
50,118.44,18,118.45,09:00:37.988961659
50,118.44,19,118.45,09:00:37.988961659
50,118.44,23,118.45,09:00:37.989036961
50,118.44,33,118.45,09:00:37.989036961
49,118.44,33,118.45,09:00:37.989110286
49,118.44,32,118.45,09:00:37.989176238
49,118.44,34,118.45,09:00:37.992688283
49,118.44,36,118.45,09:00:37.992857441
49,118.44,26,118.45,09:00:38.008586728
49,118.44,22,118.45,09:00:38.008838421
50,118.44,22,118.45,09:00:38.008914616
50,118.44,20,118.45,09:00:38.008914616
49,118.44,20,118.45,09:00:38.010201264
49,118.44,19,118.45,09:00:38.023685907
50,118.44,19,118.45,09:00:38.023749175
49,118.44,19,118.45,09:00:38.069709824
49,118.44,20,118.45,09:00:38.069856569
49,118.44,21,118.45,09:00:38.070037936
49,118.44,31,118.45,09:00:38.121466708
45,118.44,31,118.45,09:00:39.710191198
45,118.44,35,118.45,09:00:39.710354353
42,118.44,35,118.45,09:00:39.713533191
42,118.44,36,118.45,09:00:39.713597339
32,118.44,36,118.45,09:00:39.713744306
33,118.44,36,118.45,09:00:39.713814309
34,118.44,36,118.45,09:00:39.713889547
35,118.44,36,118.45,09:00:39.713955493
35,118.44,35,118.45,09:00:39.714029375
34,118.44,35,118.45,09:00:39.717058492
34,118.44,36,118.45,09:00:39.717145753
33,118.44,36,118.45,09:00:39.717161778
33,118.44,41,118.45,09:00:39.717161778
33,118.44,43,118.45,09:00:39.717224306
34,118.44,43,118.45,09:00:39.717320047
34,118.44,46,118.45,09:00:39.717386742
35,118.44,46,118.45,09:00:39.717548770
35,118.44,45,118.45,09:00:39.717548770
35,118.44,52,118.45,09:00:39.719266846
35,118.44,55,118.45,09:00:39.719266846
31,118.44,55,118.45,09:00:39.719367620
24,118.44,55,118.45,09:00:39.719513869
19,118.44,55,118.45,09:00:39.719747213
16,118.44,55,118.45,09:00:39.719747213
11,118.44,55,118.45,09:00:39.719833859
11,118.44,57,118.45,09:00:39.719936660
11,118.44,60,118.45,09:00:39.720154714
11,118.44,66,118.45,09:00:39.720154714
12,118.44,66,118.45,09:00:39.720628410
16,118.44,66,118.45,09:00:39.720712166
17,118.44,66,118.45,09:00:39.720712166
16,118.44,66,118.45,09:00:39.720863241
23,118.44,66,118.45,09:00:39.721551865
24,118.44,66,118.45,09:00:39.721674236
20,118.44,66,118.45,09:00:39.722310146
13,118.44,66,118.45,09:00:39.722699954
17,118.44,66,118.45,09:00:39.722935626
18,118.44,66,118.45,09:00:39.723261928
25,118.44,66,118.45,09:00:39.724653398
18,118.44,66,118.45,09:00:39.725337926
22,118.44,66,118.45,09:00:39.760946894
24,118.44,66,118.45,09:00:40.096957168
31,118.44,66,118.45,09:00:40.097043338
31,118.44,63,118.45,09:00:40.097043338
31,118.44,61,118.45,09:00:40.097063043
34,118.44,61,118.45,09:00:40.097063043
34,118.44,56,118.45,09:00:40.097063043
41,118.44,56,118.45,09:00:40.097063043
44,118.44,56,118.45,09:00:40.097063043
44,118.44,49,118.45,09:00:40.097063043
48,118.44,49,118.45,09:00:40.097063043
48,118.44,46,118.45,09:00:40.097264822
49,118.44,46,118.45,09:00:40.097279980
49,118.44,44,118.45,09:00:40.097340365
49,118.44,41,118.45,09:00:40.097340365
49,118.44,40,118.45,09:00:40.097462364
49,118.44,34,118.45,09:00:40.097462364
49,118.44,30,118.45,09:00:40.097552348
49,118.44,20,118.45,09:00:40.097725961
49,118.44,19,118.45,09:00:40.097983926
49,118.44,17,118.45,09:00:40.098087848
49,118.44,18,118.45,09:00:40.098087848
49,118.44,16,118.45,09:00:40.098087848
51,118.44,16,118.45,09:00:40.098172581
50,118.44,16,118.45,09:00:40.099281400
50,118.44,17,118.45,09:00:40.100370420
50,118.44,16,118.45,09:00:40.100737674
51,118.44,16,118.45,09:00:40.101620333
50,118.44,16,118.45,09:00:40.107389637
50,118.44,15,118.45,09:00:40.109580733
50,118.44,16,118.45,09:00:40.113520448
50,118.44,15,118.45,09:00:40.118028378
51,118.44,15,118.45,09:00:40.118451818
52,118.44,15,118.45,09:00:40.118611155
51,118.44,15,118.45,09:00:40.119237724
51,118.44,14,118.45,09:00:40.120631704
52,118.44,14,118.45,09:00:40.120766862
52,118.44,10,118.45,09:00:40.120836238
51,118.44,10,118.45,09:00:40.120944712
56,118.44,10,118.45,09:00:40.121411530
58,118.44,10,118.45,09:00:40.121481687
58,118.44,11,118.45,09:00:40.121592135
59,118.44,11,118.45,09:00:40.121672768
61,118.44,11,118.45,09:00:40.122602921
61,118.44,10,118.45,09:00:40.122748563
60,118.44,10,118.45,09:00:40.126591101
61,118.44,10,118.45,09:00:40.128147535
60,118.44,10,118.45,09:00:40.131308336
58,118.44,10,118.45,09:00:40.136630373
58,118.44,11,118.45,09:00:40.136782533
58,118.44,13,118.45,09:00:40.151235702
58,118.44,12,118.45,09:00:40.153954322
59,118.44,12,118.45,09:00:40.158489662
61,118.44,12,118.45,09:00:40.158627269
60,118.44,12,118.45,09:00:40.185714659
61,118.44,12,118.45,09:00:41.016836609
61,118.44,11,118.45,09:00:41.017199277
61,118.44,9,118.45,09:00:41.017199277
61,118.44,4,118.45,09:00:41.017304343
61,118.44,3,118.45,09:00:41.017324752
61,118.44,2,118.45,09:00:41.017324752
61,118.44,78,118.46,09:00:41.017324752
1,118.45,78,118.46,09:00:41.017583037
3,118.45,78,118.46,09:00:41.017745456
3,118.45,82,118.46,09:00:41.017838236
3,118.45,85,118.46,09:00:41.017935903
2,118.45,85,118.46,09:00:41.017951811
56,118.44,85,118.46,09:00:41.018246470
56,118.44,99,118.46,09:00:41.018405014
1,118.45,99,118.46,09:00:41.053053679
2,118.45,99,118.46,09:00:41.053263401
1,118.45,99,118.46,09:00:41.053373596
3,118.45,99,118.46,09:00:41.071629864
5,118.45,99,118.46,09:00:41.073204182
6,118.45,99,118.46,09:00:41.073357625
10,118.45,99,118.46,09:00:41.073572617
9,118.45,99,118.46,09:00:41.073646204
10,118.45,99,118.46,09:00:41.107354560
9,118.45,99,118.46,09:00:41.107939126
10,118.45,99,118.46,09:00:41.108910347
11,118.45,99,118.46,09:00:41.109190039
11,118.45,98,118.46,09:00:41.109320830
12,118.45,98,118.46,09:00:41.109398171
11,118.45,98,118.46,09:00:41.114133160
10,118.45,98,118.46,09:00:41.114278407
9,118.45,98,118.46,09:00:41.114424263
10,118.45,98,118.46,09:00:41.145359593
12,118.45,98,118.46,09:00:41.145517139
10,118.45,98,118.46,09:00:41.149003207
9,118.45,98,118.46,09:00:41.149138698
8,118.45,98,118.46,09:00:41.214240437
8,118.45,97,118.46,09:00:41.214358795
9,118.45,97,118.46,09:00:41.214515858
10,118.45,97,118.46,09:00:41.214664927
11,118.45,97,118.46,09:00:41.226384639
13,118.45,97,118.46,09:00:41.278418645
11,118.45,97,118.46,09:00:41.297740745
10,118.45,97,118.46,09:00:41.297813331
9,118.45,97,118.46,09:00:41.297881872
8,118.45,97,118.46,09:00:41.297954189
9,118.45,97,118.46,09:00:41.337075510
10,118.45,97,118.46,09:00:41.337253935
8,118.45,97,118.46,09:00:41.463463053
5,118.45,97,118.46,09:00:41.463527619
4,118.45,97,118.46,09:00:41.463648138
3,118.45,97,118.46,09:00:41.463720852
4,118.45,97,118.46,09:00:41.504547525
5,118.45,97,118.46,09:00:41.512171056
6,118.45,97,118.46,09:00:41.525525112
10,118.45,97,118.46,09:00:41.609234090
12,118.45,97,118.46,09:00:41.609434452
14,118.45,97,118.46,09:00:41.609514810
15,118.45,97,118.46,09:00:41.609514810
13,118.45,97,118.46,09:00:41.675830830
12,118.45,97,118.46,09:00:41.675830830
11,118.45,97,118.46,09:00:41.675986174
10,118.45,97,118.46,09:00:41.675999880
9,118.45,97,118.46,09:00:41.675999880
5,118.45,97,118.46,09:00:41.676014654
3,118.45,97,118.46,09:00:41.676014654
1,118.45,97,118.46,09:00:41.676014654
62,118.44,97,118.46,09:00:41.676029275
61,118.44,97,118.46,09:00:41.676029275
60,118.44,97,118.46,09:00:41.676043294
58,118.44,97,118.46,09:00:41.676043294
57,118.44,97,118.46,09:00:41.676199470
56,118.44,97,118.46,09:00:41.676214574
55,118.44,97,118.46,09:00:41.676228106
54,118.44,97,118.46,09:00:41.676244091
53,118.44,97,118.46,09:00:41.676244091
52,118.44,97,118.46,09:00:41.676257073
51,118.44,97,118.46,09:00:41.676270465
47,118.44,97,118.46,09:00:41.676283130
46,118.44,97,118.46,09:00:41.676446844
42,118.44,97,118.46,09:00:41.676461046
40,118.44,97,118.46,09:00:41.676476467
33,118.44,97,118.46,09:00:41.676476467
30,118.44,97,118.46,09:00:41.676490285
27,118.44,97,118.46,09:00:41.676507888
29,118.44,97,118.46,09:00:41.676507888
29,118.44,1,118.45,09:00:41.676526342
28,118.44,1,118.45,09:00:41.676526342
28,118.44,2,118.45,09:00:41.676526342
28,118.44,5,118.45,09:00:41.676542663
28,118.44,6,118.45,09:00:41.676542663
31,118.44,6,118.45,09:00:41.676618452
31,118.44,7,118.45,09:00:41.676618452
31,118.44,18,118.45,09:00:41.676635201
31,118.44,19,118.45,09:00:41.676650327
31,118.44,23,118.45,09:00:41.676679594
29,118.44,23,118.45,09:00:41.676679594
30,118.44,23,118.45,09:00:41.676695175
23,118.44,23,118.45,09:00:41.676711613
23,118.44,24,118.45,09:00:41.676843243
23,118.44,25,118.45,09:00:41.676843243
27,118.44,25,118.45,09:00:41.677000186
27,118.44,29,118.45,09:00:41.677017437
25,118.44,29,118.45,09:00:41.677043024
32,118.44,29,118.45,09:00:41.677043024
32,118.44,36,118.45,09:00:41.677043024
32,118.44,38,118.45,09:00:41.677043024
32,118.44,39,118.45,09:00:41.677043024
36,118.44,39,118.45,09:00:41.677043024
36,118.44,40,118.45,09:00:41.677057706
36,118.44,39,118.45,09:00:41.677165882
36,118.44,35,118.45,09:00:41.677183238
36,118.44,42,118.45,09:00:41.679467557
36,118.44,45,118.45,09:00:41.680416654
42,118.44,45,118.45,09:00:41.686106282
45,118.44,45,118.45,09:00:41.686283008
52,118.44,45,118.45,09:00:41.686935877
52,118.44,44,118.45,09:00:41.718275598
52,118.44,43,118.45,09:00:41.718275598
52,118.44,40,118.45,09:00:41.718455339
52,118.44,33,118.45,09:00:41.718611886
52,118.44,22,118.45,09:00:41.718611886
53,118.44,22,118.45,09:00:41.718611886
53,118.44,20,118.45,09:00:41.718718104
53,118.44,13,118.45,09:00:41.718791730
55,118.44,13,118.45,09:00:41.718939127
55,118.44,11,118.45,09:00:41.721061699
55,118.44,10,118.45,09:00:41.721229478
55,118.44,9,118.45,09:00:41.724656019
55,118.44,8,118.45,09:00:41.724656019
55,118.44,4,118.45,09:00:41.724887959
55,118.44,3,118.45,09:00:41.728165444
55,118.44,2,118.45,09:00:41.728180669
57,118.44,2,118.45,09:00:41.728331908
57,118.44,1,118.45,09:00:41.728414439
57,118.44,115,118.46,09:00:41.792043328
57,118.44,114,118.46,09:00:41.792043328
1,118.45,114,118.46,09:00:41.792266897
3,118.45,114,118.46,09:00:41.792667077
3,118.45,118,118.46,09:00:41.823997336
3,118.45,121,118.46,09:00:41.824066636
4,118.45,121,118.46,09:00:41.843706599
6,118.45,121,118.46,09:00:41.843849238
10,118.45,121,118.46,09:00:41.843917532
11,118.45,121,118.46,09:00:41.844080865
12,118.45,121,118.46,09:00:41.846192537
16,118.45,121,118.46,09:00:41.848590557
18,118.45,121,118.46,09:00:41.848922707
19,118.45,121,118.46,09:00:41.848922707
22,118.45,121,118.46,09:00:41.849303571
20,118.45,121,118.46,09:00:41.849303571
16,118.45,121,118.46,09:00:41.868561022
15,118.45,121,118.46,09:00:41.868808542
14,118.45,121,118.46,09:00:41.868894708
13,118.45,121,118.46,09:00:41.868910583
12,118.45,121,118.46,09:00:41.869096359
9,118.45,121,118.46,09:00:41.869647729
5,118.45,121,118.46,09:00:41.870126484
3,118.45,121,118.46,09:00:41.870370880
2,118.45,121,118.46,09:00:41.887440311
1,118.45,121,118.46,09:00:41.939388611
57,118.44,121,118.46,09:00:41.939616444
1,118.45,121,118.46,09:00:41.942015620
8,118.45,121,118.46,09:00:41.971562040
9,118.45,121,118.46,09:00:41.980920393
10,118.45,121,118.46,09:00:42.100912660
10,118.45,124,118.46,09:00:42.101078890
11,118.45,124,118.46,09:00:42.101155255
10,118.45,124,118.46,09:00:44.334131959
12,118.45,124,118.46,09:00:44.685346780
16,118.45,124,118.46,09:00:44.685460389
23,118.45,124,118.46,09:00:44.685548977
24,118.45,124,118.46,09:00:44.685569818
25,118.45,124,118.46,09:00:44.685847413
26,118.45,124,118.46,09:00:44.686043096
19,118.45,124,118.46,09:00:44.686060591
18,118.45,124,118.46,09:00:44.686148856
14,118.45,124,118.46,09:00:44.722283734
12,118.45,124,118.46,09:00:44.722434445
13,118.45,124,118.46,09:00:44.944115301
12,118.45,124,118.46,09:00:44.944855643
13,118.45,124,118.46,09:00:44.945120270
12,118.45,124,118.46,09:00:44.945383783
13,118.45,124,118.46,09:00:44.948401083
14,118.45,124,118.46,09:00:44.948468165
15,118.45,124,118.46,09:00:44.948569451
17,118.45,124,118.46,09:00:44.948637986
18,118.45,124,118.46,09:00:44.948705214
17,118.45,124,118.46,09:00:44.955410851
16,118.45,124,118.46,09:00:44.955553065
15,118.45,124,118.46,09:00:44.955697631
15,118.45,123,118.46,09:00:44.977690717
15,118.45,114,118.46,09:00:44.977690717
15,118.45,112,118.46,09:00:44.977914152
15,118.45,110,118.46,09:00:44.977929403
15,118.45,109,118.46,09:00:44.977929403
15,118.45,107,118.46,09:00:44.977942801
15,118.45,106,118.46,09:00:44.977957102
15,118.45,104,118.46,09:00:44.977957102
15,118.45,103,118.46,09:00:44.977975131
15,118.45,102,118.46,09:00:44.977991889
15,118.45,93,118.46,09:00:44.977991889
15,118.45,89,118.46,09:00:44.977991889
15,118.45,87,118.46,09:00:44.978006843
15,118.45,83,118.46,09:00:44.978006843
15,118.45,82,118.46,09:00:44.978020420
15,118.45,64,118.46,09:00:44.978034523
15,118.45,63,118.46,09:00:44.978047495
15,118.45,61,118.46,09:00:44.978063211
15,118.45,57,118.46,09:00:44.978081883
15,118.45,49,118.46,09:00:44.978109675
15,118.45,36,118.46,09:00:44.978124276
15,118.45,33,118.46,09:00:44.978138305
15,118.45,30,118.46,09:00:44.978151847
15,118.45,24,118.46,09:00:44.978176350
15,118.45,21,118.46,09:00:44.978300677
23,118.45,21,118.46,09:00:44.978377434
31,118.45,21,118.46,09:00:44.978393328
32,118.45,21,118.46,09:00:44.978407686
36,118.45,21,118.46,09:00:44.978424176
40,118.45,21,118.46,09:00:44.978424176
41,118.45,21,118.46,09:00:44.978827918
44,118.45,21,118.46,09:00:44.978844590
47,118.45,21,118.46,09:00:44.979076912
47,118.45,17,118.46,09:00:44.979076912
54,118.45,17,118.46,09:00:44.979094513
57,118.45,17,118.46,09:00:44.979094513
57,118.45,6,118.46,09:00:44.979143748
57,118.45,3,118.46,09:00:44.979158307
57,118.45,70,118.47,09:00:44.979171927
59,118.45,70,118.47,09:00:44.979189136
65,118.45,70,118.47,09:00:44.979189136
67,118.45,70,118.47,09:00:44.979202612
69,118.45,70,118.47,09:00:44.979217747
69,118.45,73,118.47,09:00:44.979260777
69,118.45,1,118.46,09:00:44.979260777
69,118.45,3,118.46,09:00:44.979456118
71,118.45,3,118.46,09:00:44.979490596
64,118.45,3,118.46,09:00:44.979556461
64,118.45,2,118.46,09:00:44.979749757
64,118.45,1,118.46,09:00:44.979765443
64,118.45,99,118.47,09:00:44.979801504
64,118.45,1,118.46,09:00:44.979981066
64,118.45,80,118.47,09:00:44.980323372
3,118.46,80,118.47,09:00:44.980524748
3,118.46,86,118.47,09:00:44.981011070
58,118.45,86,118.47,09:00:44.981011070
58,118.45,87,118.47,09:00:44.981090085
58,118.45,103,118.47,09:00:44.981283302
58,118.45,1,118.46,09:00:44.989315859
58,118.45,2,118.46,09:00:44.989610062
64,118.45,2,118.46,09:00:44.989610062
64,118.45,7,118.46,09:00:44.989872769
70,118.45,7,118.46,09:00:44.990153697
74,118.45,7,118.46,09:00:44.990657114
74,118.45,6,118.46,09:00:45.000229741
74,118.45,10,118.46,09:00:45.006403791
74,118.45,9,118.46,09:00:45.006664921
73,118.45,9,118.46,09:00:45.006786297
73,118.45,8,118.46,09:00:45.006891858
75,118.45,8,118.46,09:00:45.006958015
75,118.45,4,118.46,09:00:45.006958015
74,118.45,4,118.46,09:00:45.007076913
76,118.45,4,118.46,09:00:45.020259442
81,118.45,4,118.46,09:00:45.020431966
83,118.45,4,118.46,09:00:45.023482929
85,118.45,4,118.46,09:00:45.026930863
85,118.45,2,118.46,09:00:45.030964771
85,118.45,78,118.47,09:00:45.035856921
85,118.45,94,118.47,09:00:45.036003577
80,118.45,94,118.47,09:00:45.036074579
4,118.46,94,118.47,09:00:45.039923899
6,118.46,94,118.47,09:00:45.040135216
6,118.46,93,118.47,09:00:45.040317033
7,118.46,93,118.47,09:00:45.040408290
8,118.46,93,118.47,09:00:45.040548278
11,118.46,93,118.47,09:00:45.042733783
13,118.46,93,118.47,09:00:45.046200757
14,118.46,93,118.47,09:00:45.046366843
14,118.46,92,118.47,09:00:45.049248437
14,118.46,91,118.47,09:00:45.049248437
14,118.46,90,118.47,09:00:45.049324940
14,118.46,89,118.47,09:00:45.049324940
15,118.46,89,118.47,09:00:45.049520615
19,118.46,89,118.47,09:00:45.049520615
21,118.46,89,118.47,09:00:45.049613473
25,118.46,89,118.47,09:00:45.049613473
26,118.46,89,118.47,09:00:45.049634014
28,118.46,89,118.47,09:00:45.049634014
29,118.46,89,118.47,09:00:45.049634014
31,118.46,89,118.47,09:00:45.049759970
31,118.46,87,118.47,09:00:45.050129054
39,118.46,87,118.47,09:00:45.069892294
39,118.46,85,118.47,09:00:45.080184340
39,118.46,75,118.47,09:00:45.080313732
39,118.46,73,118.47,09:00:45.080992438
44,118.46,73,118.47,09:00:45.081208775
44,118.46,71,118.47,09:00:45.084306407
41,118.46,71,118.47,09:00:45.088258030
41,118.46,69,118.47,09:00:45.088273333
41,118.46,68,118.47,09:00:45.088273333
42,118.46,68,118.47,09:00:45.088416661
42,118.46,67,118.47,09:00:45.091666348
42,118.46,72,118.47,09:00:45.099023635
42,118.46,68,118.47,09:00:45.113706410
34,118.46,68,118.47,09:00:45.148914096
34,118.46,65,118.47,09:00:45.148914096
34,118.46,64,118.47,09:00:45.148928080
34,118.46,62,118.47,09:00:45.148997424
34,118.46,60,118.47,09:00:45.148997424
34,118.46,55,118.47,09:00:45.149162950
34,118.46,50,118.47,09:00:45.149238259
40,118.46,50,118.47,09:00:45.149238259
44,118.46,50,118.47,09:00:45.149356524
46,118.46,50,118.47,09:00:45.150226124
48,118.46,50,118.47,09:00:45.193274047
49,118.46,50,118.47,09:00:45.324063138
50,118.46,50,118.47,09:00:45.497113590
50,118.46,49,118.47,09:00:45.501854950
50,118.46,47,118.47,09:00:45.504196436
55,118.46,47,118.47,09:00:45.509110896
57,118.46,47,118.47,09:00:45.509186647
59,118.46,47,118.47,09:00:45.509287024
61,118.46,47,118.47,09:00:45.512971073
61,118.46,44,118.47,09:00:45.513887369
61,118.46,40,118.47,09:00:45.515319625
61,118.46,25,118.47,09:00:45.515479704
71,118.46,25,118.47,09:00:45.522345149
71,118.46,24,118.47,09:00:45.522519555
71,118.46,25,118.47,09:00:45.526743641
71,118.46,26,118.47,09:00:45.526975526
71,118.46,25,118.47,09:00:45.531327925
71,118.46,22,118.47,09:00:45.536477016
71,118.46,20,118.47,09:00:45.536622946
69,118.46,20,118.47,09:00:45.567030843
69,118.46,21,118.47,09:00:45.689763756
69,118.46,23,118.47,09:00:45.689843459
69,118.46,31,118.47,09:00:45.689843459
69,118.46,33,118.47,09:00:45.689936668
67,118.46,33,118.47,09:00:45.689956197
62,118.46,33,118.47,09:00:45.689956197
62,118.46,41,118.47,09:00:45.689956197
62,118.46,45,118.47,09:00:45.689956197
62,118.46,47,118.47,09:00:45.689956197
58,118.46,47,118.47,09:00:45.690042598
57,118.46,47,118.47,09:00:45.690067148
57,118.46,48,118.47,09:00:45.690067148
57,118.46,50,118.47,09:00:45.690067148
47,118.46,50,118.47,09:00:45.690067148
47,118.46,51,118.47,09:00:45.690138576
47,118.46,56,118.47,09:00:45.690231439
45,118.46,56,118.47,09:00:45.690306691
45,118.46,57,118.47,09:00:45.690402691
45,118.46,52,118.47,09:00:45.690402691
44,118.46,52,118.47,09:00:45.690494248
43,118.46,52,118.47,09:00:45.690566613
43,118.46,51,118.47,09:00:45.690846917
42,118.46,51,118.47,09:00:45.690865161
41,118.46,51,118.47,09:00:45.690865161
41,118.46,53,118.47,09:00:45.690865161
36,118.46,53,118.47,09:00:45.690972751
39,118.46,53,118.47,09:00:45.691585451
39,118.46,52,118.47,09:00:45.692516785
40,118.46,52,118.47,09:00:45.692700183
39,118.46,52,118.47,09:00:45.693835098
36,118.46,52,118.47,09:00:45.694221980
39,118.46,52,118.47,09:00:45.694465843
39,118.46,51,118.47,09:00:45.695096041
40,118.46,51,118.47,09:00:45.695645201
40,118.46,43,118.47,09:00:45.695645201
40,118.46,41,118.47,09:00:45.695743469
40,118.46,39,118.47,09:00:45.695743469
40,118.46,31,118.47,09:00:45.695743469
39,118.46,31,118.47,09:00:45.697242010
40,118.46,31,118.47,09:00:45.698066528
44,118.46,31,118.47,09:00:45.700822224
44,118.46,29,118.47,09:00:45.701032190
44,118.46,25,118.47,09:00:45.725754725
44,118.46,29,118.47,09:00:45.775060534
44,118.46,35,118.47,09:00:45.775297517
43,118.46,35,118.47,09:00:45.784971644
44,118.46,35,118.47,09:00:45.793024862
46,118.46,35,118.47,09:00:45.793257439
46,118.46,31,118.47,09:00:45.800734647
46,118.46,25,118.47,09:00:45.809645808
44,118.46,25,118.47,09:00:46.086832113
44,118.46,26,118.47,09:00:46.108473700
44,118.46,32,118.47,09:00:46.108746186
44,118.46,36,118.47,09:00:46.330836187
43,118.46,36,118.47,09:00:46.330902436
40,118.46,36,118.47,09:00:46.333670719
41,118.46,36,118.47,09:00:46.336787872
43,118.46,36,118.47,09:00:46.336955027
45,118.46,36,118.47,09:00:46.337020393
43,118.46,36,118.47,09:00:46.339426724
39,118.46,36,118.47,09:00:46.477346525
39,118.46,30,118.47,09:00:46.712434328
40,118.46,30,118.47,09:00:46.712685847
39,118.46,30,118.47,09:00:46.724772991
39,118.46,31,118.47,09:00:46.724772991
39,118.46,36,118.47,09:00:46.725075800
39,118.46,35,118.47,09:00:46.734896660
40,118.46,35,118.47,09:00:46.735073089
42,118.46,35,118.47,09:00:46.735317216
46,118.46,35,118.47,09:00:46.743319098
46,118.46,30,118.47,09:00:46.744250486
45,118.46,30,118.47,09:00:46.776447403
43,118.46,30,118.47,09:00:46.810039617
