bidVolume,bidPrice,askVolume,askPrice,timestamp
10,2305.2,7,2305.4,08:00:00.006181257
11,2305.2,7,2305.4,08:00:00.007135468
12,2305.2,7,2305.4,08:00:00.007265538
12,2305.2,6,2305.4,08:00:00.032092207
1,2305.3,6,2305.4,08:00:00.032222612
1,2305.3,5,2305.4,08:00:00.032259738
1,2305.3,4,2305.4,08:00:00.032390623
12,2305.2,4,2305.4,08:00:00.037709524
12,2305.2,4,2305.4,08:00:00.037709524
13,2305.2,4,2305.4,08:00:00.176349448
1,2305.3,4,2305.4,08:00:00.176493897
13,2305.2,4,2305.4,08:00:00.176786671
13,2305.2,4,2305.4,08:00:00.176786671
13,2305.2,3,2305.4,08:00:00.176807843
12,2305.2,3,2305.4,08:00:00.176846304
11,2305.2,3,2305.4,08:00:00.176960738
11,2305.2,1,2305.3,08:00:00.176995884
11,2305.2,2,2305.3,08:00:00.177022893
11,2305.2,2,2305.3,08:00:00.177055076
11,2305.2,2,2305.3,08:00:00.177070878
11,2305.2,3,2305.3,08:00:00.177094949
11,2305.2,3,2305.3,08:00:00.177172051
8,2305.2,3,2305.3,08:00:00.191448029
8,2305.2,4,2305.3,08:00:00.191575625
7,2305.2,4,2305.3,08:00:00.191863592
3,2305.2,4,2305.3,08:00:00.191863592
1,2305.2,4,2305.3,08:00:00.191923196
6,2305.1,4,2305.3,08:00:00.192019605
6,2305.1,4,2305.3,08:00:00.192019605
6,2305.1,1,2305.2,08:00:00.192036786
6,2305.1,4,2305.3,08:00:00.192116807
6,2305.1,4,2305.3,08:00:00.192116807
6,2305.1,5,2305.3,08:00:00.192206598
6,2305.1,5,2305.3,08:00:00.192353999
6,2305.1,5,2305.3,08:00:00.192393056
6,2305.1,5,2305.3,08:00:00.192425223
6,2305.1,5,2305.3,08:00:00.192444615
6,2305.1,5,2305.3,08:00:00.192494479
6,2305.1,5,2305.3,08:00:00.192526687
6,2305.1,5,2305.3,08:00:00.192538810
6,2305.1,5,2305.3,08:00:00.192538810
5,2305.1,5,2305.3,08:00:00.194395554
5,2305.1,1,2305.2,08:00:00.194495895
5,2305.1,2,2305.2,08:00:00.194563218
5,2305.1,2,2305.2,08:00:00.194660695
4,2305.1,2,2305.2,08:00:00.194709746
3,2305.1,2,2305.2,08:00:00.194730706
3,2305.1,2,2305.2,08:00:00.195408109
3,2305.1,2,2305.2,08:00:00.195419555
3,2305.1,2,2305.2,08:00:00.203240750
3,2305.1,2,2305.2,08:00:00.206978556
4,2305.1,2,2305.2,08:00:00.227171076
4,2305.1,1,2305.2,08:00:00.227307603
5,2305.1,1,2305.2,08:00:00.235112278
5,2305.1,6,2305.3,08:00:00.235232102
5,2305.1,6,2305.3,08:00:00.235232102
6,2305.1,6,2305.3,08:00:00.235364473
6,2305.1,6,2305.3,08:00:00.235378578
5,2305.1,6,2305.3,08:00:00.256046237
5,2305.1,1,2305.2,08:00:00.256149019
5,2305.1,2,2305.2,08:00:00.256180076
4,2305.1,2,2305.2,08:00:00.256234304
4,2305.1,3,2305.2,08:00:00.256259063
4,2305.1,3,2305.2,08:00:00.256316937
3,2305.1,3,2305.2,08:00:00.256338323
3,2305.1,2,2305.2,08:00:00.256362285
2,2305.1,2,2305.2,08:00:00.445554481
2,2305.1,3,2305.2,08:00:00.559370783
1,2305.1,3,2305.2,08:00:00.560000618
8,2305.0,3,2305.2,08:00:00.560315015
8,2305.0,3,2305.2,08:00:00.560315015
8,2305.0,1,2305.1,08:00:00.560332932
7,2305.0,1,2305.1,08:00:00.560361384
6,2305.0,1,2305.1,08:00:00.560418754
6,2305.0,1,2305.1,08:00:00.560457587
6,2305.0,1,2305.1,08:00:00.560478058
6,2305.0,4,2305.2,08:00:00.560580716
6,2305.0,4,2305.2,08:00:00.560580716
6,2305.0,4,2305.2,08:00:00.560719513
6,2305.0,5,2305.2,08:00:00.560755913
6,2305.0,6,2305.2,08:00:00.560787978
6,2305.0,1,2305.1,08:00:00.560813975
6,2305.0,1,2305.1,08:00:00.560837502
6,2305.0,1,2305.1,08:00:00.560853019
6,2305.0,1,2305.1,08:00:00.560923104
5,2305.0,1,2305.1,08:00:00.560959534
5,2305.0,1,2305.1,08:00:00.561106861
5,2305.0,1,2305.1,08:00:00.561123130
6,2305.0,1,2305.1,08:00:00.561329116
6,2305.0,1,2305.1,08:00:00.561374194
4,2305.0,1,2305.1,08:00:00.564843135
4,2305.0,1,2305.1,08:00:00.568316251
4,2305.0,2,2305.1,08:00:00.578830697
3,2305.0,2,2305.1,08:00:00.578959820
3,2305.0,2,2305.1,08:00:00.578972306
3,2305.0,1,2305.1,08:00:00.869284994
4,2305.0,1,2305.1,08:00:00.869341356
4,2305.0,6,2305.2,08:00:00.869474708
4,2305.0,6,2305.2,08:00:00.869474708
4,2305.0,7,2305.2,08:00:00.869504309
4,2305.0,7,2305.2,08:00:00.869510309
4,2305.0,7,2305.2,08:00:00.869524684
4,2305.0,6,2305.2,08:00:00.869808511
4,2305.0,5,2305.2,08:00:00.869825501
5,2305.0,5,2305.2,08:00:00.869950460
4,2305.0,5,2305.2,08:00:00.888782823
5,2305.0,5,2305.2,08:00:00.920881115
6,2305.0,5,2305.2,08:00:00.920936569
6,2305.0,4,2305.2,08:00:00.921067554
6,2305.0,4,2305.2,08:00:00.923820070
6,2305.0,4,2305.2,08:00:00.923820070
8,2305.0,4,2305.2,08:00:00.924779990
8,2305.0,3,2305.2,08:00:01.420590729
1,2305.1,3,2305.2,08:00:01.420620304
2,2305.1,3,2305.2,08:00:01.420727974
2,2305.1,2,2305.2,08:00:01.420744012
2,2305.1,1,2305.2,08:00:01.420846594
2,2305.1,1,2305.2,08:00:01.420870203
2,2305.1,1,2305.2,08:00:01.420929107
2,2305.1,1,2305.2,08:00:01.420958634
3,2305.1,1,2305.2,08:00:01.421310226
3,2305.1,1,2305.2,08:00:02.134121669
10,2305.1,1,2305.2,08:00:02.302635491
10,2305.1,7,2305.3,08:00:02.302901345
10,2305.1,7,2305.3,08:00:02.302901345
1,2305.2,7,2305.3,08:00:02.302973486
2,2305.2,7,2305.3,08:00:02.303064171
2,2305.2,7,2305.3,08:00:02.303127356
2,2305.2,7,2305.3,08:00:02.303158551
2,2305.2,7,2305.3,08:00:02.303228901
3,2305.2,7,2305.3,08:00:02.303252070
3,2305.2,6,2305.3,08:00:02.303318915
3,2305.2,6,2305.3,08:00:02.303332138
3,2305.2,6,2305.3,08:00:02.303363877
1,2305.2,6,2305.3,08:00:02.303479731
12,2305.1,6,2305.3,08:00:02.303523544
12,2305.1,2,2305.2,08:00:02.303523544
12,2305.1,2,2305.2,08:00:02.303523544
12,2305.1,2,2305.2,08:00:02.303556300
12,2305.1,2,2305.2,08:00:02.303613587
12,2305.1,2,2305.2,08:00:02.303629779
12,2305.1,2,2305.2,08:00:02.303658276
12,2305.1,2,2305.2,08:00:02.303760470
11,2305.1,2,2305.2,08:00:02.304008632
10,2305.1,2,2305.2,08:00:02.304039464
9,2305.1,2,2305.2,08:00:02.304134870
9,2305.1,3,2305.2,08:00:02.304492638
8,2305.1,3,2305.2,08:00:02.304998406
8,2305.1,4,2305.2,08:00:02.305163168
8,2305.1,5,2305.2,08:00:02.305243072
7,2305.1,5,2305.2,08:00:02.305352521
7,2305.1,5,2305.2,08:00:02.315482726
8,2305.1,5,2305.2,08:00:02.353989124
8,2305.1,4,2305.2,08:00:02.357673154
8,2305.1,3,2305.2,08:00:02.357692335
8,2305.1,4,2305.2,08:00:02.501894271
8,2305.1,5,2305.2,08:00:02.502168328
8,2305.1,5,2305.2,08:00:02.502180239
8,2305.1,7,2305.2,08:00:02.502180239
8,2305.0,7,2305.2,08:00:02.502425645
8,2305.0,7,2305.2,08:00:02.502425645
7,2305.0,7,2305.2,08:00:02.502647604
7,2305.0,1,2305.1,08:00:02.502714409
7,2305.0,1,2305.1,08:00:02.502959371
7,2305.0,1,2305.1,08:00:02.503010105
6,2305.0,1,2305.1,08:00:02.503026565
6,2305.0,2,2305.1,08:00:02.503055997
6,2305.0,3,2305.1,08:00:02.503074816
6,2305.0,3,2305.1,08:00:02.503138542
6,2305.0,2,2305.1,08:00:02.503219050
6,2305.0,3,2305.1,08:00:02.503235904
6,2305.0,3,2305.1,08:00:02.503349263
6,2305.0,3,2305.1,08:00:02.503423821
6,2305.0,3,2305.1,08:00:02.503454875
6,2305.0,3,2305.1,08:00:02.503506134
5,2305.0,3,2305.1,08:00:02.503537578
5,2305.0,2,2305.1,08:00:02.503605979
5,2305.0,1,2305.1,08:00:02.503648114
5,2305.0,8,2305.2,08:00:02.503808543
5,2305.0,8,2305.2,08:00:02.503808543
5,2305.0,7,2305.2,08:00:02.503907054
6,2305.0,7,2305.2,08:00:02.503926939
7,2305.0,7,2305.2,08:00:02.503942277
8,2305.0,7,2305.2,08:00:02.504022870
8,2305.0,6,2305.2,08:00:02.504039968
7,2305.0,6,2305.2,08:00:02.504135846
7,2305.0,5,2305.2,08:00:02.504180196
5,2305.0,5,2305.2,08:00:02.508819835
6,2305.0,5,2305.2,08:00:02.508953866
6,2305.0,6,2305.2,08:00:02.571600493
5,2305.0,6,2305.2,08:00:02.571719282
5,2305.0,4,2305.2,08:00:03.005273483
6,2305.0,4,2305.2,08:00:03.005403438
8,2305.0,4,2305.2,08:00:03.006821793
1,2305.1,4,2305.2,08:00:03.006986144
2,2305.1,4,2305.2,08:00:03.007010129
2,2305.1,3,2305.2,08:00:03.007073746
2,2305.1,2,2305.2,08:00:03.007096070
2,2305.1,2,2305.2,08:00:03.007202840
2,2305.1,2,2305.2,08:00:03.007254883
2,2305.1,2,2305.2,08:00:03.087914327
2,2305.1,2,2305.2,08:00:03.087914327
2,2305.1,2,2305.2,08:00:03.087929969
2,2305.1,2,2305.2,08:00:03.087945092
2,2305.1,2,2305.2,08:00:03.087960789
2,2305.1,2,2305.2,08:00:03.087985717
2,2305.1,2,2305.2,08:00:03.087985717
2,2305.1,2,2305.2,08:00:03.088009484
2,2305.1,2,2305.2,08:00:03.088029177
2,2305.1,2,2305.2,08:00:03.088063714
2,2305.1,2,2305.2,08:00:03.098505248
3,2305.1,2,2305.2,08:00:03.602358746
3,2305.1,1,2305.2,08:00:03.602520932
3,2305.1,5,2305.3,08:00:03.602779042
3,2305.1,5,2305.3,08:00:03.602779042
4,2305.1,5,2305.3,08:00:03.602939068
5,2305.1,5,2305.3,08:00:03.603004327
6,2305.1,5,2305.3,08:00:03.603099420
7,2305.1,5,2305.3,08:00:03.603138285
7,2305.1,5,2305.3,08:00:03.603153898
8,2305.1,5,2305.3,08:00:03.603170967
10,2305.1,5,2305.3,08:00:03.606978714
1,2305.2,5,2305.3,08:00:03.607122698
2,2305.2,5,2305.3,08:00:03.607158577
2,2305.2,4,2305.3,08:00:03.607174754
2,2305.2,3,2305.3,08:00:03.607247943
2,2305.2,3,2305.3,08:00:03.607277546
3,2305.2,3,2305.3,08:00:03.607379219
3,2305.2,3,2305.3,08:00:03.607554150
3,2305.2,3,2305.3,08:00:03.607568998
3,2305.2,3,2305.3,08:00:03.611095888
7,2305.2,3,2305.3,08:00:03.969760475
7,2305.2,6,2305.4,08:00:03.970113499
7,2305.2,6,2305.4,08:00:03.970113499
7,2305.2,5,2305.4,08:00:03.970133144
1,2305.3,5,2305.4,08:00:03.970281557
1,2305.3,4,2305.4,08:00:03.970316729
1,2305.3,4,2305.4,08:00:03.970336976
1,2305.3,4,2305.4,08:00:03.970407083
2,2305.3,4,2305.4,08:00:03.970501226
3,2305.3,4,2305.4,08:00:03.970536372
3,2305.3,3,2305.4,08:00:03.970554497
3,2305.3,2,2305.4,08:00:03.970592383
3,2305.3,2,2305.4,08:00:03.970603960
3,2305.3,2,2305.4,08:00:03.970739470
3,2305.3,2,2305.4,08:00:03.970753205
3,2305.3,2,2305.4,08:00:03.971333729
3,2305.3,2,2305.4,08:00:03.978314532
3,2305.3,2,2305.4,08:00:03.984226955
3,2305.3,2,2305.4,08:00:04.020568583
3,2305.3,2,2305.4,08:00:04.091645060
3,2305.3,2,2305.4,08:00:04.152227122
11,2305.2,2,2305.4,08:00:05.006148820
11,2305.2,2,2305.4,08:00:05.006148820
11,2305.2,3,2305.4,08:00:05.006267415
11,2305.2,4,2305.4,08:00:05.006713225
11,2305.2,5,2305.4,08:00:05.006737366
11,2305.2,6,2305.4,08:00:05.006797627
11,2305.2,6,2305.4,08:00:05.006797627
9,2305.2,6,2305.4,08:00:05.009632116
8,2305.2,6,2305.4,08:00:05.041584178
8,2305.2,1,2305.3,08:00:05.041690634
8,2305.2,2,2305.3,08:00:05.041766677
10,2305.1,2,2305.3,08:00:05.041903179
10,2305.1,2,2305.3,08:00:05.041903179
10,2305.1,4,2305.3,08:00:05.041922789
10,2305.1,4,2305.3,08:00:05.041957205
9,2305.1,4,2305.3,08:00:05.041974924
9,2305.1,3,2305.3,08:00:05.041998541
9,2305.1,1,2305.2,08:00:05.042226196
9,2305.1,1,2305.2,08:00:05.042248770
9,2305.1,1,2305.2,08:00:05.042261938
8,2305.1,1,2305.2,08:00:05.042340347
8,2305.1,1,2305.2,08:00:05.042439007
8,2305.1,1,2305.2,08:00:05.042451507
8,2305.1,1,2305.2,08:00:05.042532583
8,2305.1,1,2305.2,08:00:05.042550213
8,2305.1,1,2305.2,08:00:05.042582341
8,2305.1,1,2305.2,08:00:05.042639786
8,2305.1,1,2305.2,08:00:05.042650960
8,2305.1,1,2305.2,08:00:05.042666801
8,2305.1,5,2305.3,08:00:05.042692379
8,2305.1,5,2305.3,08:00:05.042692379
8,2305.1,5,2305.3,08:00:05.042745532
8,2305.1,5,2305.3,08:00:05.042761868
7,2305.1,5,2305.3,08:00:05.042779453
6,2305.1,5,2305.3,08:00:05.042875543
6,2305.1,5,2305.3,08:00:05.042989355
4,2305.1,5,2305.3,08:00:05.047297540
5,2305.1,5,2305.3,08:00:05.047417351
5,2305.1,2,2305.2,08:00:05.065476841
4,2305.1,2,2305.2,08:00:05.065603183
4,2305.1,3,2305.2,08:00:05.065625269
3,2305.1,3,2305.2,08:00:05.065643088
3,2305.1,3,2305.2,08:00:05.065671795
2,2305.1,3,2305.2,08:00:05.065749871
1,2305.1,3,2305.2,08:00:05.065917326
1,2305.1,3,2305.2,08:00:05.076219921
2,2305.1,3,2305.2,08:00:05.128976485
3,2305.1,3,2305.2,08:00:05.129095089
3,2305.1,2,2305.2,08:00:05.129115352
4,2305.1,2,2305.2,08:00:05.129134296
3,2305.1,2,2305.2,08:00:05.288522626
2,2305.1,2,2305.2,08:00:05.288657362
2,2305.1,3,2305.2,08:00:05.288763101
8,2305.0,3,2305.2,08:00:05.289039225
8,2305.0,3,2305.2,08:00:05.289039225
8,2305.0,2,2305.1,08:00:05.289057869
8,2305.0,2,2305.1,08:00:05.289103464
8,2305.0,2,2305.1,08:00:05.289259322
8,2305.0,2,2305.1,08:00:05.289402643
8,2305.0,2,2305.1,08:00:05.289418941
7,2305.0,2,2305.1,08:00:05.289469637
7,2305.0,3,2305.1,08:00:05.289491801
7,2305.0,3,2305.1,08:00:05.289557776
7,2305.0,3,2305.1,08:00:05.289604831
6,2305.0,3,2305.1,08:00:05.289638559
6,2305.0,3,2305.1,08:00:05.289983350
5,2305.0,3,2305.1,08:00:05.290005146
5,2305.0,1,2305.1,08:00:05.290519398
5,2305.0,7,2305.2,08:00:05.290656557
5,2305.0,7,2305.2,08:00:05.290656557
6,2305.0,7,2305.2,08:00:05.290788647
6,2305.0,6,2305.2,08:00:05.290830215
6,2305.0,6,2305.2,08:00:05.290841271
7,2305.0,6,2305.2,08:00:05.290874609
7,2305.0,5,2305.2,08:00:05.291025237
5,2305.0,5,2305.2,08:00:05.292014914
5,2305.0,5,2305.2,08:00:05.297270249
7,2305.0,5,2305.2,08:00:05.298204260
7,2305.0,5,2305.2,08:00:05.298323156
7,2305.0,7,2305.2,08:00:05.485459351
7,2305.0,1,2305.1,08:00:05.485600604
6,2305.0,1,2305.1,08:00:05.485657947
6,2305.0,1,2305.1,08:00:05.485747235
4,2305.0,1,2305.1,08:00:05.486499842
3,2305.0,1,2305.1,08:00:05.486627525
2,2305.0,1,2305.1,08:00:06.034401236
2,2305.0,2,2305.1,08:00:06.034428551
1,2305.0,2,2305.1,08:00:06.034556013
7,2304.9,2,2305.1,08:00:06.034730468
7,2304.9,2,2305.1,08:00:06.034730468
7,2304.9,3,2305.1,08:00:06.034775537
7,2304.9,3,2305.1,08:00:06.034898151
1,2305.0,3,2305.1,08:00:06.034945246
2,2305.0,3,2305.1,08:00:06.035229492
2,2305.0,2,2305.1,08:00:06.035390827
2,2305.0,3,2305.1,08:00:06.842865666
2,2305.0,3,2305.1,08:00:06.951267298
2,2305.0,3,2305.1,08:00:06.951267298
2,2305.0,3,2305.1,08:00:07.131713640
2,2305.0,3,2305.1,08:00:07.131713640
7,2304.9,3,2305.1,08:00:08.868510893
7,2304.9,3,2305.1,08:00:08.868510893
7,2304.9,4,2305.1,08:00:08.868692830
7,2304.9,5,2305.1,08:00:08.868935638
7,2304.9,5,2305.1,08:00:08.868948493
7,2304.9,5,2305.1,08:00:08.868967629
7,2304.9,5,2305.1,08:00:08.869164058
7,2304.9,5,2305.1,08:00:08.877097345
7,2304.9,5,2305.1,08:00:08.885376357
7,2304.9,2,2305.0,08:00:08.885536714
6,2304.9,2,2305.0,08:00:08.885664093
5,2304.9,2,2305.0,08:00:08.885677636
4,2304.9,2,2305.0,08:00:08.885695886
4,2304.9,3,2305.0,08:00:08.885717557
4,2304.9,3,2305.0,08:00:08.885730632
3,2304.9,3,2305.0,08:00:08.885755487
3,2304.9,3,2305.0,08:00:08.885803539
3,2304.9,4,2305.0,08:00:08.885928259
3,2304.9,4,2305.0,08:00:08.885970445
3,2304.9,4,2305.0,08:00:08.886041794
3,2304.9,3,2305.0,08:00:08.903995275
4,2304.9,3,2305.0,08:00:08.904114534
4,2304.9,2,2305.0,08:00:08.904153541
5,2304.9,2,2305.0,08:00:08.904291874
5,2304.9,1,2305.0,08:00:08.904333186
6,2304.9,1,2305.0,08:00:08.904338851
8,2304.9,1,2305.0,08:00:08.906809271
8,2304.9,5,2305.1,08:00:08.907045238
8,2304.9,5,2305.1,08:00:08.907045238
1,2305.0,5,2305.1,08:00:08.907189026
2,2305.0,5,2305.1,08:00:08.907272391
2,2305.0,4,2305.1,08:00:08.907288430
2,2305.0,3,2305.1,08:00:08.907423361
2,2305.0,3,2305.1,08:00:08.907438798
2,2305.0,3,2305.1,08:00:08.907560106
2,2305.0,2,2305.1,08:00:09.121197619
2,2305.0,2,2305.1,08:00:09.121487965
3,2305.0,2,2305.1,08:00:09.122013764
4,2305.0,2,2305.1,08:00:09.122258921
4,2305.0,1,2305.1,08:00:09.122386472
5,2305.0,1,2305.1,08:00:09.122498804
7,2305.0,1,2305.1,08:00:09.124642937
7,2305.0,6,2305.2,08:00:09.124874295
7,2305.0,6,2305.2,08:00:09.124874295
7,2305.0,5,2305.2,08:00:09.125094590
8,2305.0,5,2305.2,08:00:09.125148150
8,2305.0,5,2305.2,08:00:09.133255056
12,2305.0,5,2305.2,08:00:09.185387018
12,2305.0,4,2305.2,08:00:09.185536493
12,2305.0,3,2305.2,08:00:09.185590802
1,2305.1,3,2305.2,08:00:09.185619960
1,2305.1,2,2305.2,08:00:09.185646319
2,2305.1,2,2305.2,08:00:09.185689738
3,2305.1,2,2305.2,08:00:09.185828211
3,2305.1,2,2305.2,08:00:09.185839447
3,2305.1,2,2305.2,08:00:09.185861309
3,2305.1,2,2305.2,08:00:09.185933653
3,2305.1,2,2305.2,08:00:09.204250803
5,2305.1,2,2305.2,08:00:09.205211847
5,2305.1,6,2305.3,08:00:09.616293863
5,2305.1,6,2305.3,08:00:09.616293863
6,2305.1,6,2305.3,08:00:09.616659109
6,2305.1,6,2305.3,08:00:09.616673378
6,2305.1,6,2305.3,08:00:09.616692274
1,2305.2,6,2305.3,08:00:09.616740425
1,2305.2,6,2305.3,08:00:09.617205987
1,2305.2,6,2305.3,08:00:09.617221008
1,2305.2,6,2305.3,08:00:09.617253728
1,2305.2,5,2305.3,08:00:09.617276917
1,2305.2,5,2305.3,08:00:09.617306315
1,2305.2,4,2305.3,08:00:09.617472437
1,2305.2,4,2305.3,08:00:09.624500875
1,2305.2,4,2305.3,08:00:10.374460827
1,2305.2,4,2305.3,08:00:10.374460827
2,2305.2,4,2305.3,08:00:10.932150881
2,2305.2,3,2305.3,08:00:10.932171870
1,2305.2,3,2305.3,08:00:10.932400219
1,2305.2,2,2305.3,08:00:10.932477626
1,2305.2,1,2305.3,08:00:10.932529295
2,2305.2,1,2305.3,08:00:10.932547762
3,2305.2,1,2305.3,08:00:10.932567042
4,2305.2,1,2305.3,08:00:10.932643850
4,2305.2,1,2305.3,08:00:10.932674245
5,2305.2,1,2305.3,08:00:10.932692632
4,2305.2,1,2305.3,08:00:10.932826955
3,2305.2,1,2305.3,08:00:10.932852959
4,2305.2,1,2305.3,08:00:10.932870735
3,2305.2,1,2305.3,08:00:10.932925501
3,2305.2,2,2305.3,08:00:10.932951828
3,2305.2,3,2305.3,08:00:10.932969889
3,2305.2,3,2305.3,08:00:10.933051078
4,2305.2,3,2305.3,08:00:10.933101168
3,2305.2,3,2305.3,08:00:10.933119070
3,2305.2,4,2305.3,08:00:10.933141886
3,2305.2,6,2305.4,08:00:10.933191631
3,2305.2,6,2305.4,08:00:10.933191631
4,2305.2,6,2305.4,08:00:10.933343634
5,2305.2,6,2305.4,08:00:10.933390061
6,2305.2,6,2305.4,08:00:10.933410797
5,2305.2,6,2305.4,08:00:10.933445067
4,2305.2,6,2305.4,08:00:10.933603809
4,2305.2,5,2305.4,08:00:10.933663982
4,2305.2,5,2305.4,08:00:10.933804847
4,2305.2,5,2305.4,08:00:10.933969720
6,2305.2,5,2305.4,08:00:10.937621336
6,2305.2,5,2305.4,08:00:10.941364525
6,2305.2,5,2305.4,08:00:10.941378017
6,2305.2,5,2305.4,08:00:10.942224539
1,2305.3,5,2305.4,08:00:12.643553293
2,2305.3,5,2305.4,08:00:12.643651307
2,2305.3,4,2305.4,08:00:12.643675672
2,2305.3,3,2305.4,08:00:12.643696367
2,2305.3,2,2305.4,08:00:12.643734890
2,2305.3,1,2305.4,08:00:12.643785730
2,2305.3,1,2305.4,08:00:12.643818768
2,2305.3,7,2305.5,08:00:12.643959708
2,2305.3,7,2305.5,08:00:12.643959708
2,2305.3,7,2305.5,08:00:12.644018682
3,2305.3,7,2305.5,08:00:12.644366465
3,2305.3,7,2305.5,08:00:12.644414117
4,2305.3,7,2305.5,08:00:12.644437970
4,2305.3,7,2305.5,08:00:12.644481708
6,2305.3,7,2305.5,08:00:12.648683178
6,2305.3,7,2305.5,08:00:12.648683178
6,2305.3,7,2305.5,08:00:12.656241024
6,2305.3,7,2305.5,08:00:12.659511493
6,2305.3,7,2305.5,08:00:12.659511493
6,2305.3,7,2305.5,08:00:12.660641100
6,2305.3,8,2305.5,08:00:12.661288245
6,2305.3,8,2305.5,08:00:12.960184320
6,2305.3,8,2305.5,08:00:12.973284993
7,2305.3,8,2305.5,08:00:16.121611996
8,2305.3,8,2305.5,08:00:16.121767253
8,2305.3,8,2305.5,08:00:16.121781904
8,2305.3,8,2305.5,08:00:16.121896872
7,2305.3,8,2305.5,08:00:17.183216266
7,2305.3,9,2305.5,08:00:18.298928831
6,2305.3,9,2305.5,08:00:18.299198299
4,2305.3,9,2305.5,08:00:18.300791352
5,2305.3,9,2305.5,08:00:18.510954601
6,2305.3,9,2305.5,08:00:18.511097147
6,2305.3,9,2305.5,08:00:18.978958097
8,2305.3,9,2305.5,08:00:19.141582807
1,2305.4,9,2305.5,08:00:19.141759197
1,2305.4,8,2305.5,08:00:19.141793956
2,2305.4,8,2305.5,08:00:19.141886301
2,2305.4,7,2305.5,08:00:19.141894377
2,2305.4,7,2305.5,08:00:19.141908282
2,2305.4,7,2305.5,08:00:19.141923972
2,2305.4,6,2305.5,08:00:19.141940746
2,2305.4,6,2305.5,08:00:19.142069482
2,2305.4,6,2305.5,08:00:19.142082855
2,2305.4,6,2305.5,08:00:19.142114897
2,2305.4,6,2305.5,08:00:19.142354125
3,2305.4,6,2305.5,08:00:19.192689241
3,2305.4,6,2305.5,08:00:19.192924682
3,2305.4,6,2305.5,08:00:19.195806113
2,2305.4,6,2305.5,08:00:19.380334871
1,2305.4,6,2305.5,08:00:19.380658423
1,2305.4,7,2305.5,08:00:19.380683768
2,2305.4,7,2305.5,08:00:19.637807531
2,2305.4,6,2305.5,08:00:19.637984061
3,2305.4,6,2305.5,08:00:19.638026041
4,2305.4,6,2305.5,08:00:19.638061004
4,2305.4,9,2305.5,08:00:19.641089747
7,2305.3,9,2305.5,08:00:19.641403356
7,2305.3,9,2305.5,08:00:19.641403356
7,2305.3,10,2305.5,08:00:19.641541871
7,2305.3,1,2305.4,08:00:19.641741083
6,2305.3,1,2305.4,08:00:19.641767801
5,2305.3,1,2305.4,08:00:19.641792264
5,2305.3,1,2305.4,08:00:19.641822523
5,2305.3,1,2305.4,08:00:19.641915895
4,2305.3,1,2305.4,08:00:19.641980786
4,2305.3,1,2305.4,08:00:19.641996665
4,2305.3,2,2305.4,08:00:19.642030160
4,2305.3,2,2305.4,08:00:19.642158152
3,2305.3,2,2305.4,08:00:19.642179766
3,2305.3,2,2305.4,08:00:19.643360705
3,2305.3,1,2305.4,08:00:19.647965677
1,2305.3,1,2305.4,08:00:19.650127329
2,2305.3,1,2305.4,08:00:19.650262943
2,2305.3,2,2305.4,08:00:19.650300141
2,2305.3,3,2305.4,08:00:19.650428278
2,2305.3,2,2305.4,08:00:19.673614233
2,2305.3,2,2305.4,08:00:19.674070680
1,2305.3,2,2305.4,08:00:19.674170029
1,2305.3,2,2305.4,08:00:19.674316868
15,2305.2,2,2305.4,08:00:19.674444732
15,2305.2,2,2305.4,08:00:19.674444732
15,2305.2,3,2305.4,08:00:19.674493895
15,2305.2,3,2305.4,08:00:19.674574341
15,2305.2,4,2305.4,08:00:19.674598953
15,2305.2,5,2305.4,08:00:19.674616022
1,2305.3,5,2305.4,08:00:19.674641536
1,2305.3,6,2305.4,08:00:19.674809552
1,2305.3,6,2305.4,08:00:19.674809552
1,2305.3,5,2305.4,08:00:19.684870795
15,2305.2,5,2305.4,08:00:19.685002017
15,2305.2,5,2305.4,08:00:19.685002017
15,2305.2,5,2305.4,08:00:19.685128125
15,2305.2,5,2305.4,08:00:20.394654960
15,2305.2,4,2305.4,08:00:20.454091415
1,2305.3,4,2305.4,08:00:20.454475701
1,2305.3,5,2305.4,08:00:20.454681680
15,2305.2,5,2305.4,08:00:20.454815708
15,2305.2,5,2305.4,08:00:20.454815708
15,2305.2,4,2305.4,08:00:20.455355076
15,2305.2,5,2305.4,08:00:20.455603497
15,2305.2,5,2305.4,08:00:20.674218234
3,2305.3,5,2305.4,08:00:21.165513304
3,2305.3,4,2305.4,08:00:21.165647749
3,2305.3,3,2305.4,08:00:21.165704204
4,2305.3,3,2305.4,08:00:22.205707661
4,2305.3,3,2305.4,08:00:22.205909665
3,2305.3,3,2305.4,08:00:22.205992730
7,2305.3,3,2305.4,08:00:22.279386410
7,2305.3,2,2305.4,08:00:22.279563608
7,2305.3,7,2305.5,08:00:23.092604957
7,2305.3,7,2305.5,08:00:23.092604957
8,2305.3,7,2305.5,08:00:23.092834785
8,2305.3,7,2305.5,08:00:23.092849496
9,2305.3,7,2305.5,08:00:23.092900467
1,2305.4,7,2305.5,08:00:23.092928780
1,2305.4,7,2305.5,08:00:23.092964493
1,2305.4,7,2305.5,08:00:23.093073107
1,2305.4,6,2305.5,08:00:23.093095677
1,2305.4,6,2305.5,08:00:23.093143921
2,2305.4,6,2305.5,08:00:23.093521286
10,2305.3,6,2305.5,08:00:23.093785083
10,2305.3,6,2305.5,08:00:23.093785083
10,2305.3,1,2305.4,08:00:23.093806433
10,2305.3,1,2305.4,08:00:23.093830002
10,2305.3,1,2305.4,08:00:23.093838294
10,2305.3,1,2305.4,08:00:23.093838294
9,2305.3,1,2305.4,08:00:23.093986054
8,2305.3,1,2305.4,08:00:23.094019417
8,2305.3,2,2305.4,08:00:23.094049037
7,2305.3,2,2305.4,08:00:23.094060827
7,2305.3,2,2305.4,08:00:23.094093099
9,2305.3,2,2305.4,08:00:23.096697078
7,2305.3,2,2305.4,08:00:23.104925989
7,2305.3,2,2305.4,08:00:23.105051725
4,2305.3,2,2305.4,08:00:23.185291671
4,2305.3,6,2305.5,08:00:23.185509691
4,2305.3,6,2305.5,08:00:23.185509691
4,2305.3,7,2305.5,08:00:23.185549545
5,2305.3,7,2305.5,08:00:23.185590602
6,2305.3,7,2305.5,08:00:23.185628868
6,2305.3,7,2305.5,08:00:23.185711579
7,2305.3,7,2305.5,08:00:23.185797613
9,2305.3,7,2305.5,08:00:23.189707663
9,2305.3,6,2305.5,08:00:23.225961537
9,2305.3,6,2305.5,08:00:23.226272027
9,2305.3,5,2305.5,08:00:23.226724661
9,2305.3,6,2305.5,08:00:23.305806310
9,2305.3,7,2305.5,08:00:23.306027751
2,2305.4,7,2305.5,08:00:24.205414401
2,2305.4,6,2305.5,08:00:24.205565595
2,2305.4,6,2305.5,08:00:24.205585848
2,2305.4,5,2305.5,08:00:24.205605907
2,2305.4,4,2305.5,08:00:24.205695150
2,2305.4,5,2305.5,08:00:24.772751660
9,2305.3,5,2305.5,08:00:24.773116243
9,2305.3,5,2305.5,08:00:24.773116243
9,2305.3,6,2305.5,08:00:24.773963963
9,2305.3,7,2305.5,08:00:24.773978162
9,2305.3,8,2305.5,08:00:24.774102634
9,2305.3,9,2305.5,08:00:24.774118958
9,2305.3,1,2305.4,08:00:24.774178079
9,2305.3,2,2305.4,08:00:24.774245549
9,2305.3,2,2305.4,08:00:24.774257551
9,2305.3,2,2305.4,08:00:24.774272515
9,2305.3,2,2305.4,08:00:24.774334319
8,2305.3,2,2305.4,08:00:24.774354717
7,2305.3,2,2305.4,08:00:24.774463631
6,2305.3,2,2305.4,08:00:24.774528505
4,2305.3,2,2305.4,08:00:24.779130195
4,2305.3,8,2305.5,08:00:25.021575784
6,2305.4,8,2305.5,08:00:25.021575784
6,2305.4,8,2305.5,08:00:25.021575784
6,2305.4,8,2305.5,08:00:25.021575784
6,2305.4,8,2305.5,08:00:25.021668554
6,2305.4,7,2305.5,08:00:25.021765775
7,2305.4,7,2305.5,08:00:25.021782153
7,2305.4,6,2305.5,08:00:25.021799427
7,2305.4,6,2305.5,08:00:25.021834635
7,2305.4,6,2305.5,08:00:25.022034808
5,2305.4,6,2305.5,08:00:25.022229929
7,2305.3,6,2305.5,08:00:25.022296186
7,2305.3,6,2305.5,08:00:25.022296186
7,2305.3,6,2305.5,08:00:25.022323829
7,2305.3,5,2305.5,08:00:25.022323829
7,2305.3,5,2305.5,08:00:25.022340817
7,2305.3,5,2305.5,08:00:25.022596608
7,2305.3,6,2305.5,08:00:25.022667237
7,2305.3,7,2305.5,08:00:25.022683496
7,2305.3,8,2305.5,08:00:25.022757785
7,2305.3,1,2305.4,08:00:25.022843969
6,2305.3,1,2305.4,08:00:25.022867989
6,2305.3,2,2305.4,08:00:25.022982225
6,2305.3,2,2305.4,08:00:25.023007838
6,2305.3,2,2305.4,08:00:25.023025983
5,2305.3,2,2305.4,08:00:25.023042678
4,2305.3,2,2305.4,08:00:25.023059856
4,2305.3,2,2305.4,08:00:25.023072896
4,2305.3,2,2305.4,08:00:25.023171659
4,2305.3,3,2305.4,08:00:25.023285525
4,2305.3,3,2305.4,08:00:25.023312290
5,2305.3,3,2305.4,08:00:25.024338935
5,2305.3,3,2305.4,08:00:25.024467935
5,2305.3,3,2305.4,08:00:25.034456981
5,2305.3,4,2305.4,08:00:25.254930135
5,2305.3,4,2305.4,08:00:25.255223065
5,2305.3,3,2305.4,08:00:25.265632683
5,2305.3,2,2305.4,08:00:25.774689318
5,2305.3,1,2305.4,08:00:25.774717978
6,2305.3,1,2305.4,08:00:25.774735252
6,2305.3,9,2305.5,08:00:25.775051277
6,2305.3,9,2305.5,08:00:25.775051277
7,2305.3,9,2305.5,08:00:25.775160510
7,2305.3,8,2305.5,08:00:25.775212332
8,2305.3,8,2305.5,08:00:25.775244080
8,2305.3,7,2305.5,08:00:25.775263227
8,2305.3,7,2305.5,08:00:25.775288863
8,2305.3,6,2305.5,08:00:26.506108011
1,2305.4,6,2305.5,08:00:26.506147660
1,2305.4,5,2305.5,08:00:26.506350631
2,2305.4,5,2305.5,08:00:26.506894632
2,2305.4,5,2305.5,08:00:26.507048120
2,2305.4,5,2305.5,08:00:26.507459367
2,2305.4,5,2305.5,08:00:26.510712056
3,2305.4,5,2305.5,08:00:26.557777094
3,2305.4,7,2305.5,08:00:26.582185070
2,2305.4,7,2305.5,08:00:26.582317232
1,2305.4,7,2305.5,08:00:26.582443554
1,2305.4,8,2305.5,08:00:26.582462301
1,2305.4,8,2305.5,08:00:28.124717128
1,2305.4,8,2305.5,08:00:28.124717128
1,2305.4,8,2305.5,08:00:28.124914604
1,2305.4,7,2305.5,08:00:28.125180718
2,2305.4,7,2305.5,08:00:28.125212121
3,2305.4,7,2305.5,08:00:28.125228531
4,2305.4,7,2305.5,08:00:28.125322926
4,2305.4,7,2305.5,08:00:28.125372431
3,2305.4,7,2305.5,08:00:28.252708349
4,2305.4,7,2305.5,08:00:28.252861271
4,2305.4,7,2305.5,08:00:29.342841083
4,2305.4,7,2305.5,08:00:29.342841083
3,2305.4,7,2305.5,08:00:31.065848587
2,2305.4,7,2305.5,08:00:31.066161286
2,2305.4,8,2305.5,08:00:31.066181899
9,2305.3,8,2305.5,08:00:31.067021996
9,2305.3,8,2305.5,08:00:31.067021996
9,2305.3,3,2305.4,08:00:31.067066566
8,2305.3,3,2305.4,08:00:31.067101553
8,2305.3,3,2305.4,08:00:31.067326626
8,2305.3,3,2305.4,08:00:31.067358911
8,2305.3,3,2305.4,08:00:31.067477938
8,2305.3,3,2305.4,08:00:31.067514757
7,2305.3,3,2305.4,08:00:31.067543683
5,2305.3,3,2305.4,08:00:31.072252393
5,2305.3,3,2305.4,08:00:31.286972734
5,2305.3,10,2305.5,08:00:32.005236547
5,2305.3,10,2305.5,08:00:32.005236547
5,2305.3,1,2305.4,08:00:32.005441054
5,2305.3,2,2305.4,08:00:32.463482915
5,2305.3,2,2305.4,08:00:32.608295470
5,2305.3,2,2305.4,08:00:32.675165268
6,2305.3,2,2305.4,08:00:32.714059316
6,2305.3,1,2305.4,08:00:32.714203197
6,2305.3,9,2305.5,08:00:32.714223341
6,2305.3,9,2305.5,08:00:32.714223341
6,2305.3,9,2305.5,08:00:33.617981421
6,2305.3,1,2305.4,08:00:33.794731897
6,2305.3,2,2305.4,08:00:33.795133176
5,2305.3,2,2305.4,08:00:33.795530640
5,2305.3,3,2305.4,08:00:33.795645552
5,2305.3,4,2305.4,08:00:35.051303955
6,2305.3,4,2305.4,08:00:35.718488132
6,2305.3,3,2305.4,08:00:35.718668433
6,2305.3,2,2305.4,08:00:35.718803300
6,2305.3,1,2305.4,08:00:35.719068691
6,2305.3,2,2305.4,08:00:37.453779445
6,2305.3,3,2305.4,08:00:37.453951592
6,2305.3,4,2305.4,08:00:37.454063053
6,2305.3,5,2305.4,08:00:38.112041523
4,2305.3,5,2305.4,08:00:38.112340310
4,2305.3,4,2305.4,08:00:38.112367184
7,2305.2,4,2305.4,08:00:38.112633698
7,2305.2,4,2305.4,08:00:38.112633698
7,2305.2,1,2305.3,08:00:38.112802229
6,2305.2,1,2305.3,08:00:38.112827027
6,2305.2,1,2305.3,08:00:38.112996729
6,2305.2,4,2305.4,08:00:38.113023133
6,2305.2,4,2305.4,08:00:38.113023133
6,2305.2,4,2305.4,08:00:38.113121382
6,2305.2,5,2305.4,08:00:38.113158183
6,2305.2,1,2305.3,08:00:38.113179994
6,2305.2,2,2305.3,08:00:38.113211255
6,2305.2,2,2305.3,08:00:38.113233044
5,2305.2,2,2305.3,08:00:38.113408847
5,2305.2,2,2305.3,08:00:38.113421637
5,2305.2,2,2305.3,08:00:38.113439622
3,2305.2,2,2305.3,08:00:38.116606784
2,2305.2,2,2305.3,08:00:38.116751609
1,2305.2,2,2305.3,08:00:38.117108262
1,2305.2,2,2305.3,08:00:38.117252265
2,2305.2,2,2305.3,08:00:38.117393660
2,2305.2,2,2305.3,08:00:38.120615782
2,2305.2,1,2305.3,08:00:38.633581299
3,2305.2,1,2305.3,08:00:38.633694018
4,2305.2,1,2305.3,08:00:38.633712188
4,2305.2,6,2305.4,08:00:38.633880751
4,2305.2,6,2305.4,08:00:38.633880751
4,2305.2,6,2305.4,08:00:38.633911362
1,2305.3,6,2305.4,08:00:38.633929772
1,2305.3,6,2305.4,08:00:38.634068797
1,2305.3,5,2305.4,08:00:38.634124226
1,2305.3,4,2305.4,08:00:38.634144754
1,2305.3,3,2305.4,08:00:38.634166552
1,2305.3,3,2305.4,08:00:38.634227734
1,2305.3,2,2305.4,08:00:38.634286789
1,2305.3,2,2305.4,08:00:38.634298526
2,2305.3,2,2305.4,08:00:38.676925830
3,2305.3,2,2305.4,08:00:38.677043101
2,2305.3,2,2305.4,08:00:38.677116420
1,2305.3,2,2305.4,08:00:39.183114139
1,2305.3,3,2305.4,08:00:39.183257657
6,2305.2,3,2305.4,08:00:39.183301574
6,2305.2,3,2305.4,08:00:39.183301574
6,2305.2,4,2305.4,08:00:39.183498113
6,2305.2,4,2305.4,08:00:40.012068339
2,2305.3,4,2305.4,08:00:41.145497389
2,2305.3,4,2305.4,08:00:41.145749216
2,2305.3,3,2305.4,08:00:41.145970868
2,2305.3,2,2305.4,08:00:41.146123380
2,2305.3,2,2305.4,08:00:41.157110571
2,2305.3,2,2305.4,08:00:41.157110571
2,2305.3,2,2305.4,08:00:41.830448045
2,2305.3,3,2305.4,08:00:42.203325446
2,2305.3,4,2305.4,08:00:42.203406234
2,2305.3,4,2305.4,08:00:42.455137893
2,2305.3,3,2305.4,08:00:42.455256737
3,2305.3,3,2305.4,08:00:42.455275659
3,2305.3,2,2305.4,08:00:42.455317455
4,2305.3,2,2305.4,08:00:42.455336150
5,2305.3,2,2305.4,08:00:42.455354493
5,2305.3,1,2305.4,08:00:42.455384164
5,2305.3,10,2305.5,08:00:42.455462808
5,2305.3,10,2305.5,08:00:42.455462808
5,2305.3,10,2305.5,08:00:42.455580818
5,2305.3,10,2305.5,08:00:42.463760086
5,2305.3,9,2305.5,08:00:43.128839928
1,2305.4,9,2305.5,08:00:43.128954585
1,2305.4,8,2305.5,08:00:43.129083577
1,2305.4,8,2305.5,08:00:43.129161009
1,2305.4,7,2305.5,08:00:43.129435242
1,2305.4,7,2305.5,08:00:43.129449984
1,2305.4,7,2305.5,08:00:43.129481767
6,2305.3,7,2305.5,08:00:43.129581683
6,2305.3,7,2305.5,08:00:43.129581683
6,2305.3,8,2305.5,08:00:43.129694927
6,2305.3,9,2305.5,08:00:43.129729977
6,2305.3,9,2305.5,08:00:43.129743744
6,2305.3,1,2305.4,08:00:43.130287934
5,2305.3,1,2305.4,08:00:43.130459144
4,2305.3,1,2305.4,08:00:43.130505107
4,2305.3,1,2305.4,08:00:43.140634821
2,2305.3,1,2305.4,08:00:43.165336701
2,2305.3,9,2305.5,08:00:43.165517754
2,2305.3,9,2305.5,08:00:43.165517754
2,2305.3,10,2305.5,08:00:43.165553707
3,2305.3,10,2305.5,08:00:43.165627562
4,2305.3,10,2305.5,08:00:43.165722792
5,2305.3,10,2305.5,08:00:43.165894799
6,2305.3,10,2305.5,08:00:43.165894799
8,2305.3,10,2305.5,08:00:43.168792588
8,2305.3,1,2305.4,08:00:43.193585356
7,2305.3,1,2305.4,08:00:43.193750591
6,2305.3,1,2305.4,08:00:43.193796160
4,2305.3,1,2305.4,08:00:43.196961353
3,2305.3,1,2305.4,08:00:43.197084234
4,2305.3,1,2305.4,08:00:43.225672893
3,2305.3,1,2305.4,08:00:43.226158416
4,2305.3,1,2305.4,08:00:43.236806282
8,2305.3,1,2305.4,08:00:44.185368475
8,2305.3,10,2305.5,08:00:44.185600976
8,2305.3,10,2305.5,08:00:44.185600976
1,2305.4,10,2305.5,08:00:44.185639802
1,2305.4,9,2305.5,08:00:44.185665214
1,2305.4,8,2305.5,08:00:44.185682199
2,2305.4,8,2305.5,08:00:44.185814455
2,2305.4,7,2305.5,08:00:44.185864357
1,2305.4,7,2305.5,08:00:44.185888501
1,2305.4,7,2305.5,08:00:44.185940077
1,2305.4,7,2305.5,08:00:44.185955063
2,2305.4,7,2305.5,08:00:44.245765798
3,2305.4,7,2305.5,08:00:44.245828647
4,2305.4,7,2305.5,08:00:44.245846606
5,2305.4,7,2305.5,08:00:44.245922511
4,2305.4,7,2305.5,08:00:44.248428184
3,2305.4,7,2305.5,08:00:44.248536387
4,2305.4,7,2305.5,08:00:44.344725799
8,2305.4,7,2305.5,08:00:45.380664796
8,2305.4,7,2305.5,08:00:45.380786139
8,2305.4,7,2305.5,08:00:46.205302846
8,2305.4,5,2305.5,08:00:46.205528710
8,2305.4,4,2305.6,08:00:46.205808236
8,2305.4,4,2305.6,08:00:46.205808236
8,2305.4,3,2305.6,08:00:46.206033600
1,2305.5,3,2305.6,08:00:46.206077649
1,2305.5,3,2305.6,08:00:46.206155647
2,2305.5,3,2305.6,08:00:46.206238053
2,2305.5,3,2305.6,08:00:46.206337469
3,2305.5,3,2305.6,08:00:46.206408789
3,2305.5,2,2305.6,08:00:46.206431314
3,2305.5,2,2305.6,08:00:46.206450342
3,2305.5,2,2305.6,08:00:46.206497165
3,2305.5,2,2305.6,08:00:46.206511620
3,2305.5,2,2305.6,08:00:46.206576780
3,2305.5,2,2305.6,08:00:46.206603954
3,2305.5,2,2305.6,08:00:46.206635894
3,2305.5,2,2305.6,08:00:46.206650797
3,2305.5,2,2305.6,08:00:46.206666720
3,2305.5,2,2305.6,08:00:46.206687178
2,2305.5,2,2305.6,08:00:46.206818320
2,2305.5,2,2305.6,08:00:46.206832545
2,2305.5,2,2305.6,08:00:46.207029931
2,2305.5,3,2305.6,08:00:46.207070588
1,2305.5,3,2305.6,08:00:46.207302106
12,2305.4,3,2305.6,08:00:46.207330315
12,2305.4,3,2305.6,08:00:46.207330315
12,2305.4,4,2305.6,08:00:46.207366799
12,2305.4,5,2305.6,08:00:46.207445901
11,2305.4,5,2305.6,08:00:46.207495969
11,2305.4,6,2305.6,08:00:46.207514402
11,2305.4,7,2305.6,08:00:46.207610852
13,2305.4,7,2305.6,08:00:46.213079909
13,2305.4,6,2305.6,08:00:46.213201866
13,2305.4,5,2305.6,08:00:46.213220846
13,2305.4,5,2305.6,08:00:46.214005944
13,2305.4,5,2305.6,08:00:46.214019314
13,2305.4,5,2305.6,08:00:46.214331954
13,2305.4,5,2305.6,08:00:46.227603063
1,2305.5,5,2305.6,08:00:46.227869580
1,2305.5,4,2305.6,08:00:46.227895031
1,2305.5,4,2305.6,08:00:46.228022518
1,2305.5,3,2305.6,08:00:46.228043648
1,2305.5,3,2305.6,08:00:46.338198009
1,2305.5,3,2305.6,08:00:46.338220611
2,2305.5,3,2305.6,08:00:46.379009239
2,2305.5,2,2305.6,08:00:46.379407305
2,2305.5,2,2305.6,08:00:46.388233451
7,2305.5,2,2305.6,08:00:46.568785031
7,2305.5,1,2305.6,08:00:46.568990418
8,2305.5,1,2305.6,08:00:46.569004732
8,2305.5,4,2305.7,08:00:46.569283093
8,2305.5,4,2305.7,08:00:46.569283093
8,2305.5,4,2305.7,08:00:46.569380032
8,2305.5,4,2305.7,08:00:46.569394666
9,2305.5,4,2305.7,08:00:46.569993084
9,2305.5,4,2305.7,08:00:46.570029984
9,2305.5,4,2305.7,08:00:46.570029984
1,2305.6,4,2305.7,08:00:46.570031443
1,2305.6,4,2305.7,08:00:46.570083918
2,2305.6,4,2305.7,08:00:46.570103814
2,2305.6,4,2305.7,08:00:46.570548539
2,2305.6,4,2305.7,08:00:46.570564594
2,2305.6,4,2305.7,08:00:46.570614956
2,2305.6,4,2305.7,08:00:46.570630915
2,2305.6,4,2305.7,08:00:46.570808945
2,2305.6,3,2305.7,08:00:46.570821457
2,2305.6,3,2305.7,08:00:46.570917196
2,2305.6,3,2305.7,08:00:46.570933600
2,2305.6,3,2305.7,08:00:46.570982212
2,2305.6,3,2305.7,08:00:46.579222276
3,2305.6,3,2305.7,08:00:46.586666404
3,2305.6,2,2305.7,08:00:46.586897391
2,2305.6,2,2305.7,08:00:46.587437613
2,2305.6,2,2305.7,08:00:46.587555692
2,2305.6,3,2305.7,08:00:46.721294885
1,2305.6,3,2305.7,08:00:46.721445310
11,2305.5,3,2305.7,08:00:46.721543213
11,2305.5,3,2305.7,08:00:46.721543213
11,2305.5,4,2305.7,08:00:46.721678646
1,2305.6,4,2305.7,08:00:46.721772913
1,2305.6,3,2305.7,08:00:46.723658897
3,2305.6,3,2305.7,08:00:47.225390928
3,2305.6,2,2305.7,08:00:47.225525328
3,2305.6,1,2305.7,08:00:47.225554381
3,2305.6,1,2305.7,08:00:47.225726279
5,2305.6,1,2305.7,08:00:47.229845789
5,2305.6,1,2305.7,08:00:47.229845789
5,2305.6,6,2305.8,08:00:47.478540594
5,2305.6,6,2305.8,08:00:47.478540594
6,2305.6,6,2305.8,08:00:47.478644952
6,2305.6,5,2305.8,08:00:47.479051123
7,2305.6,5,2305.8,08:00:47.479070237
1,2305.7,5,2305.8,08:00:47.479144417
1,2305.7,5,2305.8,08:00:47.479168501
1,2305.7,5,2305.8,08:00:47.479228695
1,2305.7,5,2305.8,08:00:47.479257825
1,2305.7,5,2305.8,08:00:47.479257825
1,2305.7,5,2305.8,08:00:47.479456284
1,2305.7,5,2305.8,08:00:47.479529542
1,2305.7,5,2305.8,08:00:47.479545203
1,2305.7,5,2305.8,08:00:47.479561482
1,2305.7,5,2305.8,08:00:47.479577569
1,2305.7,5,2305.8,08:00:47.479598606
1,2305.7,5,2305.8,08:00:47.479712864
1,2305.7,5,2305.8,08:00:47.480161469
1,2305.7,5,2305.8,08:00:47.486950882
1,2305.7,5,2305.8,08:00:47.490227150
1,2305.7,5,2305.8,08:00:47.494225077
1,2305.7,5,2305.8,08:00:47.577670674
1,2305.7,4,2305.8,08:00:47.605504074
9,2305.6,4,2305.8,08:00:47.605674467
9,2305.6,4,2305.8,08:00:47.605674467
9,2305.6,4,2305.8,08:00:47.605705556
8,2305.6,4,2305.8,08:00:47.605859479
8,2305.6,4,2305.8,08:00:47.605872452
8,2305.6,4,2305.8,08:00:47.605872452
1,2305.7,4,2305.8,08:00:47.629428751
1,2305.7,4,2305.8,08:00:47.629583852
9,2305.6,4,2305.8,08:00:48.244777545
9,2305.6,4,2305.8,08:00:48.244777545
8,2305.6,4,2305.8,08:00:48.244941932
8,2305.6,5,2305.8,08:00:48.245463952
8,2305.6,1,2305.7,08:00:48.245618857
7,2305.6,1,2305.7,08:00:48.245913773
7,2305.6,1,2305.7,08:00:48.245930729
6,2305.6,1,2305.7,08:00:48.246043826
13,2305.6,1,2305.7,08:00:48.269507052
13,2305.6,1,2305.7,08:00:48.269507052
13,2305.6,6,2305.8,08:00:48.269753908
13,2305.6,6,2305.8,08:00:48.269753908
1,2305.7,6,2305.8,08:00:48.269857493
1,2305.7,5,2305.8,08:00:48.269918174
13,2305.6,5,2305.8,08:00:48.269987282
13,2305.6,5,2305.8,08:00:48.269987282
14,2305.6,5,2305.8,08:00:48.270012175
15,2305.6,5,2305.8,08:00:48.270026492
15,2305.6,4,2305.8,08:00:48.270044080
14,2305.6,4,2305.8,08:00:48.280163417
14,2305.6,5,2305.8,08:00:48.280282490
14,2305.6,5,2305.8,08:00:48.409324329
4,2305.6,5,2305.8,08:00:48.417727581
4,2305.6,1,2305.7,08:00:48.417747187
4,2305.6,2,2305.7,08:00:48.417803851
4,2305.6,2,2305.7,08:00:48.417820184
4,2305.6,3,2305.7,08:00:48.417896647
4,2305.6,4,2305.7,08:00:48.417954248
4,2305.6,5,2305.7,08:00:48.418007481
4,2305.6,5,2305.7,08:00:48.418067517
4,2305.6,6,2305.7,08:00:48.418138600
4,2305.6,7,2305.7,08:00:48.418246801
3,2305.6,7,2305.7,08:00:48.418486108
3,2305.6,7,2305.7,08:00:48.418501750
3,2305.6,7,2305.7,08:00:48.418583102
3,2305.6,7,2305.7,08:00:48.418619067
3,2305.6,6,2305.7,08:00:48.418699792
13,2305.5,6,2305.7,08:00:48.418855363
13,2305.5,6,2305.7,08:00:48.418855363
13,2305.5,3,2305.6,08:00:48.418884938
13,2305.5,3,2305.6,08:00:48.419072734
12,2305.5,3,2305.6,08:00:48.419136808
12,2305.5,6,2305.7,08:00:48.419167814
12,2305.5,6,2305.7,08:00:48.419167814
12,2305.5,6,2305.7,08:00:48.419190426
12,2305.5,6,2305.7,08:00:48.419203406
12,2305.5,1,2305.6,08:00:48.419248622
12,2305.5,2,2305.6,08:00:48.419330156
11,2305.5,2,2305.6,08:00:48.419346145
11,2305.5,3,2305.6,08:00:48.419540334
9,2305.5,3,2305.6,08:00:48.423997163
8,2305.5,3,2305.6,08:00:48.424112583
9,2305.5,3,2305.6,08:00:48.470047337
9,2305.5,6,2305.7,08:00:48.535574449
9,2305.5,6,2305.7,08:00:48.535574449
10,2305.5,6,2305.7,08:00:48.535738446
10,2305.5,5,2305.7,08:00:48.535763989
11,2305.5,5,2305.7,08:00:48.535821363
13,2305.5,5,2305.7,08:00:48.539059473
12,2305.5,5,2305.7,08:00:48.654575697
1,2305.6,5,2305.7,08:00:50.284519007
12,2305.5,5,2305.7,08:00:50.285119695
12,2305.5,5,2305.7,08:00:50.285119695
10,2305.5,5,2305.7,08:00:50.288380062
10,2305.5,4,2305.7,08:00:51.062184823
1,2305.6,4,2305.7,08:00:51.062291667
1,2305.6,4,2305.7,08:00:51.062314726
1,2305.6,5,2305.7,08:00:51.062371432
11,2305.5,5,2305.7,08:00:51.062458711
11,2305.5,5,2305.7,08:00:51.062458711
12,2305.5,5,2305.7,08:00:52.274760624
1,2305.6,5,2305.7,08:00:52.274898191
1,2305.6,4,2305.7,08:00:52.274925622
2,2305.6,4,2305.7,08:00:52.274955846
2,2305.6,3,2305.7,08:00:52.275100251
2,2305.6,3,2305.7,08:00:52.275127663
2,2305.6,4,2305.7,08:00:52.275547724
1,2305.6,4,2305.7,08:00:52.275701880
12,2305.5,4,2305.7,08:00:52.275798510
12,2305.5,4,2305.7,08:00:52.275798510
12,2305.5,5,2305.7,08:00:52.275823250
12,2305.5,5,2305.7,08:00:52.276021599
12,2305.5,7,2305.7,08:00:52.905270935
1,2305.6,7,2305.7,08:00:52.971287389
1,2305.6,6,2305.7,08:00:52.971312590
2,2305.6,6,2305.7,08:00:52.971323610
3,2305.6,6,2305.7,08:00:52.971470103
2,2305.6,6,2305.7,08:00:52.972118616
1,2305.6,6,2305.7,08:00:52.972239657
2,2305.6,6,2305.7,08:00:52.973942332
2,2305.6,5,2305.7,08:00:52.973969261
3,2305.6,5,2305.7,08:00:52.976560567
4,2305.6,5,2305.7,08:00:52.976580225
5,2305.6,5,2305.7,08:00:52.976633301
6,2305.6,5,2305.7,08:00:52.976701482
6,2305.6,5,2305.7,08:00:52.976747512
7,2305.6,5,2305.7,08:00:52.976769516
6,2305.6,5,2305.7,08:00:52.976884875
6,2305.6,1,2305.7,08:00:52.976975977
6,2305.6,1,2305.7,08:00:52.977542917
6,2305.6,1,2305.7,08:00:52.977712024
6,2305.6,1,2305.7,08:00:52.977726312
5,2305.6,1,2305.7,08:00:52.977901692
5,2305.6,2,2305.7,08:00:52.977958566
4,2305.6,2,2305.7,08:00:52.978031109
3,2305.6,2,2305.7,08:00:52.978117773
2,2305.6,2,2305.7,08:00:52.978187301
2,2305.6,3,2305.7,08:00:52.978207855
1,2305.6,3,2305.7,08:00:52.978233119
1,2305.6,2,2305.7,08:00:52.978351640
1,2305.6,1,2305.7,08:00:52.978468820
1,2305.6,2,2305.7,08:00:52.978542674
12,2305.5,2,2305.7,08:00:52.978727520
12,2305.5,2,2305.7,08:00:52.978727520
12,2305.5,1,2305.7,08:00:52.978762193
12,2305.5,2,2305.7,08:00:52.978802363
12,2305.5,2,2305.7,08:00:52.978866383
1,2305.6,2,2305.7,08:00:52.978930176
2,2305.6,2,2305.7,08:00:52.978965662
2,2305.6,2,2305.7,08:00:52.979000879
3,2305.6,2,2305.7,08:00:52.979093968
2,2305.6,2,2305.7,08:00:52.979126232
2,2305.6,3,2305.7,08:00:52.979195504
1,2305.6,3,2305.7,08:00:52.979218032
1,2305.6,4,2305.7,08:00:52.979319141
1,2305.6,5,2305.7,08:00:52.979364941
12,2305.5,5,2305.7,08:00:52.979473385
12,2305.5,5,2305.7,08:00:52.979473385
12,2305.5,4,2305.7,08:00:52.979648466
12,2305.5,4,2305.7,08:00:52.979812021
12,2305.5,5,2305.7,08:00:52.980062219
12,2305.5,4,2305.7,08:00:52.980748085
1,2305.6,4,2305.7,08:00:52.980886830
1,2305.6,3,2305.7,08:00:52.980998033
1,2305.6,2,2305.7,08:00:52.981043973
1,2305.6,1,2305.7,08:00:52.981149601
2,2305.6,1,2305.7,08:00:52.981269292
3,2305.6,1,2305.7,08:00:52.981325380
3,2305.6,1,2305.7,08:00:52.981389033
4,2305.6,1,2305.7,08:00:52.982704092
5,2305.6,1,2305.7,08:00:52.982740036
5,2305.6,5,2305.8,08:00:52.982853347
5,2305.6,5,2305.8,08:00:52.982853347
5,2305.6,5,2305.8,08:00:52.985331154
5,2305.6,5,2305.8,08:00:52.985763675
6,2305.6,5,2305.8,08:00:52.985821384
8,2305.6,5,2305.8,08:00:52.998781649
8,2305.6,6,2305.8,08:00:53.409590951
8,2305.6,7,2305.8,08:00:53.409730076
7,2305.6,7,2305.8,08:00:53.410195971
6,2305.6,7,2305.8,08:00:53.410311036
4,2305.6,7,2305.8,08:00:53.411966966
4,2305.6,1,2305.7,08:00:53.412107919
3,2305.6,1,2305.7,08:00:53.412269136
2,2305.6,1,2305.7,08:00:53.412345083
2,2305.6,1,2305.7,08:00:53.412357742
2,2305.6,2,2305.7,08:00:53.412407193
2,2305.6,2,2305.7,08:00:53.412530805
2,2305.6,1,2305.7,08:00:54.005715258
2,2305.6,1,2305.7,08:00:54.005838764
2,2305.6,1,2305.7,08:00:54.005849834
3,2305.6,1,2305.7,08:00:54.005987648
3,2305.6,1,2305.7,08:00:54.200701360
3,2305.6,6,2305.8,08:00:55.040546484
3,2305.6,6,2305.8,08:00:55.040546484
4,2305.6,6,2305.8,08:00:55.040580155
4,2305.6,5,2305.8,08:00:55.040676970
5,2305.6,5,2305.8,08:00:55.040694819
6,2305.6,5,2305.8,08:00:55.040743883
6,2305.6,6,2305.8,08:00:55.040767711
7,2305.6,6,2305.8,08:00:55.040802025
1,2305.7,6,2305.8,08:00:55.040914791
7,2305.6,6,2305.8,08:00:55.041695198
7,2305.6,1,2305.7,08:00:55.041695198
7,2305.6,1,2305.7,08:00:55.041695198
7,2305.6,1,2305.7,08:00:55.041728462
8,2305.6,1,2305.7,08:00:55.041728462
7,2305.6,1,2305.7,08:00:55.041873425
6,2305.6,1,2305.7,08:00:55.041906550
5,2305.6,1,2305.7,08:00:55.041939836
4,2305.6,1,2305.7,08:00:55.041991226
4,2305.6,2,2305.7,08:00:55.042115430
3,2305.6,2,2305.7,08:00:55.042129082
2,2305.6,2,2305.7,08:00:55.042170554
2,2305.6,3,2305.7,08:00:55.042190469
1,2305.6,3,2305.7,08:00:55.042215867
1,2305.6,3,2305.7,08:00:55.042367551
12,2305.5,3,2305.7,08:00:55.042413257
12,2305.5,3,2305.7,08:00:55.042413257
12,2305.5,4,2305.7,08:00:55.042579485
12,2305.5,4,2305.7,08:00:55.220770795
12,2305.5,4,2305.7,08:00:55.393508669
12,2305.5,4,2305.7,08:00:55.393642255
13,2305.5,4,2305.7,08:00:55.579066486
1,2305.6,4,2305.7,08:00:55.579230227
2,2305.6,4,2305.7,08:00:55.579296766
2,2305.6,3,2305.7,08:00:55.579307496
2,2305.6,2,2305.7,08:00:55.579328803
2,2305.6,1,2305.7,08:00:55.579376074
2,2305.6,1,2305.7,08:00:55.579436381
2,2305.6,1,2305.7,08:00:55.579557546
2,2305.6,2,2305.7,08:00:55.624468685
1,2305.6,2,2305.7,08:00:55.624501655
1,2305.6,3,2305.7,08:00:55.624525451
13,2305.5,3,2305.7,08:00:55.624549887
13,2305.5,3,2305.7,08:00:55.624549887
13,2305.5,4,2305.7,08:00:55.624657153
1,2305.6,4,2305.7,08:00:55.981491090
1,2305.6,4,2305.7,08:00:55.981724067
13,2305.5,4,2305.7,08:00:56.392146023
13,2305.5,4,2305.7,08:00:56.392146023
13,2305.5,5,2305.7,08:00:56.393373596
12,2305.5,5,2305.7,08:00:56.393953230
12,2305.5,5,2305.7,08:00:57.254773537
12,2305.5,6,2305.7,08:00:57.780316985
12,2305.5,6,2305.7,08:00:57.782089871
11,2305.5,6,2305.7,08:00:57.865870780
11,2305.5,1,2305.6,08:00:57.865921268
11,2305.5,2,2305.6,08:00:57.865993839
11,2305.5,2,2305.6,08:00:57.866068253
10,2305.5,2,2305.6,08:00:57.866106696
10,2305.5,3,2305.6,08:00:57.866128639
10,2305.5,2,2305.6,08:00:57.866450206
9,2305.5,2,2305.6,08:00:57.866483746
9,2305.5,1,2305.6,08:00:57.866602376
9,2305.5,6,2305.7,08:00:57.866642316
9,2305.5,6,2305.7,08:00:57.866642316
9,2305.5,5,2305.7,08:00:57.957660251
10,2305.5,5,2305.7,08:00:57.957765837
10,2305.5,5,2305.7,08:00:58.024078313
9,2305.5,5,2305.7,08:00:58.024475755
10,2305.5,5,2305.7,08:00:58.050984142
11,2305.5,5,2305.7,08:00:58.511944461
12,2305.5,5,2305.7,08:00:58.512096608
11,2305.5,5,2305.7,08:00:58.530916338
11,2305.5,5,2305.7,08:00:58.705929996
11,2305.5,5,2305.7,08:00:58.705929996
11,2305.5,6,2305.7,08:00:58.738192071
10,2305.5,6,2305.7,08:00:59.117348482
10,2305.5,1,2305.6,08:00:59.117494024
9,2305.5,1,2305.6,08:00:59.117516386
9,2305.5,6,2305.7,08:00:59.235271885
9,2305.5,6,2305.7,08:00:59.235271885
10,2305.5,6,2305.7,08:01:00.006039757
1,2305.6,6,2305.7,08:01:00.006191321
1,2305.6,5,2305.7,08:01:00.006234430
1,2305.6,4,2305.7,08:01:00.006303257
2,2305.6,4,2305.7,08:01:00.006419438
2,2305.6,4,2305.7,08:01:00.006426402
2,2305.6,4,2305.7,08:01:00.006563566
1,2305.6,4,2305.7,08:01:00.018470878
10,2305.5,4,2305.7,08:01:00.018657663
10,2305.5,4,2305.7,08:01:00.018657663
1,2305.6,4,2305.7,08:01:00.018820421
2,2305.6,4,2305.7,08:01:00.082364630
3,2305.6,4,2305.7,08:01:00.082723463
3,2305.6,3,2305.7,08:01:00.168989432
3,2305.6,2,2305.7,08:01:00.170426988
3,2305.6,2,2305.7,08:01:00.171781505
3,2305.6,2,2305.7,08:01:00.513979486
3,2305.6,2,2305.7,08:01:00.513979486
3,2305.6,3,2305.7,08:01:00.810164441
2,2305.6,3,2305.7,08:01:00.810224688
2,2305.6,4,2305.7,08:01:00.810247172
1,2305.6,4,2305.7,08:01:00.810343333
1,2305.6,5,2305.7,08:01:00.810379472
1,2305.6,6,2305.7,08:01:00.810415243
11,2305.5,6,2305.7,08:01:00.810503730
11,2305.5,6,2305.7,08:01:00.810503730
11,2305.5,5,2305.7,08:01:00.810691543
1,2305.6,5,2305.7,08:01:00.810716742
1,2305.6,4,2305.7,08:01:00.880975334
11,2305.5,4,2305.7,08:01:00.881144643
11,2305.5,4,2305.7,08:01:00.881144643
11,2305.5,4,2305.7,08:01:01.011371450
3,2305.6,4,2305.7,08:01:01.185562600
3,2305.6,3,2305.7,08:01:01.185684817
3,2305.6,2,2305.7,08:01:01.185700987
4,2305.6,2,2305.7,08:01:01.185721060
3,2305.6,2,2305.7,08:01:01.268651155
3,2305.6,3,2305.7,08:01:01.268709291
3,2305.6,4,2305.7,08:01:01.268730610
11,2305.5,4,2305.7,08:01:01.269312004
11,2305.5,4,2305.7,08:01:01.269312004
11,2305.5,5,2305.7,08:01:01.269773690
11,2305.5,6,2305.7,08:01:01.269850450
11,2305.5,7,2305.7,08:01:01.269896809
11,2305.5,7,2305.7,08:01:01.269915932
11,2305.5,6,2305.7,08:01:01.270078061
10,2305.5,6,2305.7,08:01:01.628653374
10,2305.5,7,2305.7,08:01:01.986983271
1,2305.6,7,2305.7,08:01:02.205495775
1,2305.6,6,2305.7,08:01:02.205676141
1,2305.6,5,2305.7,08:01:02.205723640
1,2305.6,4,2305.7,08:01:02.518300941
10,2305.5,4,2305.7,08:01:02.519222288
10,2305.5,4,2305.7,08:01:02.519222288
10,2305.5,5,2305.7,08:01:02.519379650
10,2305.5,6,2305.7,08:01:02.519396611
10,2305.5,1,2305.6,08:01:02.519443668
10,2305.5,1,2305.6,08:01:02.519571769
9,2305.5,1,2305.6,08:01:02.519589201
9,2305.5,1,2305.6,08:01:02.521032190
9,2305.5,6,2305.7,08:01:02.551670805
3,2305.6,6,2305.7,08:01:02.551670805
3,2305.6,6,2305.7,08:01:02.551670805
3,2305.6,5,2305.7,08:01:02.551781076
3,2305.6,5,2305.7,08:01:02.551906176
3,2305.6,5,2305.7,08:01:02.551935799
3,2305.6,4,2305.7,08:01:02.551976906
3,2305.6,3,2305.7,08:01:02.551993266
4,2305.6,3,2305.7,08:01:02.552012632
4,2305.6,2,2305.7,08:01:02.552233965
5,2305.6,2,2305.7,08:01:02.871247465
6,2305.6,2,2305.7,08:01:02.871540376
5,2305.6,2,2305.7,08:01:02.872092694
5,2305.6,1,2305.7,08:01:02.872865411
6,2305.6,1,2305.7,08:01:03.180344323
6,2305.6,8,2305.8,08:01:03.180615827
6,2305.6,8,2305.8,08:01:03.180615827
7,2305.6,8,2305.8,08:01:03.180847082
8,2305.6,8,2305.8,08:01:03.180862277
8,2305.6,7,2305.8,08:01:03.180881263
8,2305.6,7,2305.8,08:01:03.180895507
8,2305.6,7,2305.8,08:01:03.180911081
1,2305.7,7,2305.8,08:01:03.180940473
8,2305.6,7,2305.8,08:01:03.181132093
8,2305.6,7,2305.8,08:01:03.181132093
8,2305.6,7,2305.8,08:01:03.181156206
9,2305.6,7,2305.8,08:01:03.181166875
10,2305.6,7,2305.8,08:01:03.181182040
10,2305.6,6,2305.8,08:01:03.181378780
10,2305.6,6,2305.8,08:01:03.188984728
10,2305.6,6,2305.8,08:01:03.193214426
9,2305.6,6,2305.8,08:01:03.211340987
9,2305.6,7,2305.8,08:01:03.211467249
9,2305.6,7,2305.8,08:01:03.293888828
8,2305.6,7,2305.8,08:01:03.306454797
7,2305.6,7,2305.8,08:01:03.306569164
6,2305.6,7,2305.8,08:01:05.030982070
6,2305.6,8,2305.8,08:01:05.031203966
5,2305.6,8,2305.8,08:01:05.031249956
4,2305.6,8,2305.8,08:01:05.144181533
4,2305.6,1,2305.7,08:01:05.144328451
4,2305.6,2,2305.7,08:01:05.144377507
4,2305.6,3,2305.7,08:01:05.144396230
3,2305.6,3,2305.7,08:01:05.144414353
3,2305.6,3,2305.7,08:01:05.144496596
3,2305.6,3,2305.7,08:01:05.144528014
3,2305.6,3,2305.7,08:01:05.144595564
3,2305.6,3,2305.7,08:01:05.144686366
3,2305.6,2,2305.7,08:01:05.208557475
3,2305.6,1,2305.7,08:01:05.208706280
4,2305.6,1,2305.7,08:01:05.208725650
4,2305.6,9,2305.8,08:01:05.208816056
4,2305.6,9,2305.8,08:01:05.208816056
4,2305.6,9,2305.8,08:01:05.208851170
4,2305.6,8,2305.8,08:01:05.208969290
4,2305.6,8,2305.8,08:01:05.291080499
5,2305.6,8,2305.8,08:01:05.305444497
6,2305.6,8,2305.8,08:01:05.305552108
7,2305.6,8,2305.8,08:01:05.305566746
7,2305.6,8,2305.8,08:01:05.305667926
7,2305.6,8,2305.8,08:01:05.526197633
7,2305.6,8,2305.8,08:01:05.526197633
7,2305.6,7,2305.8,08:01:05.947177068
1,2305.7,7,2305.8,08:01:05.947368460
7,2305.6,7,2305.8,08:01:05.947632104
7,2305.6,7,2305.8,08:01:05.947632104
7,2305.6,6,2305.8,08:01:05.947659724
8,2305.6,6,2305.8,08:01:05.947677635
9,2305.6,6,2305.8,08:01:05.947694250
8,2305.6,6,2305.8,08:01:05.947857741
8,2305.6,7,2305.8,08:01:05.947894913
8,2305.6,7,2305.9,08:01:05.948134834
8,2305.6,7,2305.9,08:01:05.948134834
2,2305.8,7,2305.9,08:01:05.948171088
2,2305.8,7,2305.9,08:01:05.948202576
2,2305.8,7,2305.9,08:01:05.948266386
2,2305.8,7,2305.9,08:01:05.948280021
2,2305.8,7,2305.9,08:01:05.948333619
2,2305.8,7,2305.9,08:01:05.948361236
2,2305.8,7,2305.9,08:01:05.948400897
2,2305.8,7,2305.9,08:01:05.948416942
2,2305.8,7,2305.9,08:01:05.948601282
2,2305.8,7,2305.9,08:01:05.948715477
2,2305.8,7,2305.9,08:01:05.948767657
2,2305.8,7,2305.9,08:01:05.948836160
2,2305.8,7,2305.9,08:01:05.948852164
2,2305.8,7,2305.9,08:01:05.948977722
2,2305.8,7,2305.9,08:01:05.949060466
2,2305.8,7,2305.9,08:01:05.949084064
2,2305.8,7,2305.9,08:01:05.949133484
2,2305.8,7,2305.9,08:01:05.949154493
2,2305.8,7,2305.9,08:01:05.949184254
2,2305.8,7,2305.9,08:01:05.949198546
2,2305.8,7,2305.9,08:01:05.949234940
2,2305.8,7,2305.9,08:01:05.949253718
2,2305.8,7,2305.9,08:01:05.949267430
2,2305.8,7,2305.9,08:01:05.949332471
2,2305.8,6,2305.9,08:01:05.949379714
2,2305.8,6,2305.9,08:01:05.949392601
2,2305.8,6,2305.9,08:01:05.949678827
2,2305.8,6,2305.9,08:01:05.950082650
2,2305.8,6,2305.9,08:01:05.950949051
2,2305.8,6,2305.9,08:01:05.958243435
2,2305.8,6,2305.9,08:01:05.958256517
2,2305.8,6,2305.9,08:01:05.960791653
2,2305.8,6,2305.9,08:01:06.126502202
2,2305.8,6,2305.9,08:01:06.243790106
5,2305.7,6,2305.9,08:01:06.243915808
5,2305.7,6,2305.9,08:01:06.243915808
5,2305.7,1,2305.8,08:01:06.305485033
5,2305.7,1,2305.8,08:01:06.305631241
5,2305.7,1,2305.8,08:01:06.305645953
4,2305.7,1,2305.8,08:01:06.305843217
4,2305.7,1,2305.8,08:01:06.305858744
4,2305.7,2,2305.8,08:01:06.305962211
4,2305.7,3,2305.8,08:01:06.306022869
3,2305.7,3,2305.8,08:01:06.306216898
2,2305.7,3,2305.8,08:01:06.306255197
1,2305.7,3,2305.8,08:01:06.306336520
1,2305.7,4,2305.8,08:01:06.306470171
1,2305.7,3,2305.8,08:01:06.481387797
2,2305.7,3,2305.8,08:01:06.481490741
2,2305.7,2,2305.8,08:01:06.481570278
3,2305.7,2,2305.8,08:01:06.481626052
3,2305.7,1,2305.8,08:01:06.481719152
3,2305.7,1,2305.8,08:01:06.577639902
3,2305.7,1,2305.8,08:01:06.577639902
4,2305.7,1,2305.8,08:01:06.578864855
3,2305.7,1,2305.8,08:01:06.782974546
3,2305.7,2,2305.8,08:01:06.956166894
3,2305.7,3,2305.8,08:01:06.956334619
2,2305.7,3,2305.8,08:01:06.956356604
2,2305.7,4,2305.8,08:01:06.956378537
2,2305.7,5,2305.8,08:01:06.956395814
1,2305.7,5,2305.8,08:01:06.956468510
2,2305.7,5,2305.8,08:01:06.984832928
2,2305.7,4,2305.8,08:01:06.984846266
2,2305.7,3,2305.8,08:01:06.984958778
2,2305.7,2,2305.8,08:01:06.984979706
3,2305.7,2,2305.8,08:01:06.985124707
3,2305.7,2,2305.8,08:01:07.015525963
3,2305.7,1,2305.8,08:01:07.015779723
3,2305.7,1,2305.8,08:01:07.230535298
3,2305.7,1,2305.8,08:01:07.300391418
4,2305.7,1,2305.8,08:01:07.414783044
5,2305.7,1,2305.8,08:01:07.414804692
5,2305.7,8,2305.9,08:01:07.414992815
5,2305.7,8,2305.9,08:01:07.414992815
4,2305.7,8,2305.9,08:01:07.415640837
4,2305.7,1,2305.8,08:01:07.415765108
4,2305.7,2,2305.8,08:01:07.415829369
3,2305.7,2,2305.8,08:01:07.415846777
4,2305.7,2,2305.8,08:01:07.415932437
5,2305.7,2,2305.8,08:01:07.415988367
5,2305.7,1,2305.8,08:01:07.416032612
5,2305.7,1,2305.8,08:01:07.416200455
4,2305.7,1,2305.8,08:01:07.416387585
4,2305.7,1,2305.8,08:01:07.416405429
3,2305.7,1,2305.8,08:01:07.416728421
2,2305.7,1,2305.8,08:01:07.416746953
1,2305.7,1,2305.8,08:01:07.416779189
2,2305.7,1,2305.8,08:01:07.416963552
2,2305.7,2,2305.8,08:01:07.417160164
2,2305.7,3,2305.8,08:01:07.417692504
2,2305.7,2,2305.8,08:01:07.418080612
3,2305.7,2,2305.8,08:01:07.418101187
2,2305.7,2,2305.8,08:01:07.418563825
2,2305.7,3,2305.8,08:01:07.418609761
1,2305.7,3,2305.8,08:01:07.418680277
2,2305.7,3,2305.8,08:01:07.418810271
2,2305.7,2,2305.8,08:01:07.418891790
4,2305.7,2,2305.8,08:01:07.419030378
3,2305.7,2,2305.8,08:01:07.419047821
3,2305.7,3,2305.8,08:01:07.419101451
3,2305.7,3,2305.8,08:01:07.419223579
3,2305.7,2,2305.8,08:01:07.419247896
1,2305.7,2,2305.8,08:01:07.423212980
1,2305.7,3,2305.8,08:01:07.423368423
1,2305.7,4,2305.8,08:01:08.052245731
1,2305.7,5,2305.8,08:01:08.052264073
1,2305.7,6,2305.8,08:01:08.052355007
17,2305.6,6,2305.8,08:01:08.053584158
17,2305.6,6,2305.8,08:01:08.053584158
17,2305.6,7,2305.8,08:01:08.053701449
17,2305.6,8,2305.8,08:01:08.053719028
17,2305.6,8,2305.8,08:01:08.053734119
17,2305.6,7,2305.8,08:01:08.053755566
17,2305.6,7,2305.8,08:01:08.053769252
16,2305.6,7,2305.8,08:01:08.053811529
16,2305.6,8,2305.8,08:01:08.055056235
15,2305.6,8,2305.8,08:01:08.055730057
15,2305.6,8,2305.8,08:01:08.056566517
14,2305.6,8,2305.8,08:01:08.060515199
13,2305.6,8,2305.8,08:01:08.060601454
13,2305.6,1,2305.7,08:01:08.060685824
13,2305.6,2,2305.7,08:01:08.060734593
10,2305.6,2,2305.7,08:01:08.060747028
10,2305.6,2,2305.7,08:01:08.060852346
10,2305.6,2,2305.7,08:01:08.060865988
10,2305.6,2,2305.7,08:01:08.060881905
10,2305.6,2,2305.7,08:01:08.060899568
10,2305.6,1,2305.7,08:01:08.060928260
10,2305.6,1,2305.7,08:01:08.060973746
10,2305.6,1,2305.7,08:01:08.061044487
10,2305.6,1,2305.7,08:01:08.061088830
10,2305.6,10,2305.8,08:01:08.061119026
10,2305.6,10,2305.8,08:01:08.061119026
10,2305.6,9,2305.8,08:01:08.061237445
10,2305.6,9,2305.8,08:01:08.095324715
8,2305.6,9,2305.8,08:01:08.526942339
8,2305.6,1,2305.7,08:01:08.527074946
8,2305.6,2,2305.7,08:01:08.527251667
8,2305.6,2,2305.7,08:01:08.527330837
8,2305.6,1,2305.7,08:01:08.527377618
8,2305.6,1,2305.7,08:01:08.527403359
8,2305.6,10,2305.8,08:01:08.527494747
8,2305.6,10,2305.8,08:01:08.527494747
8,2305.6,9,2305.8,08:01:08.527651256
8,2305.6,1,2305.7,08:01:08.527711557
8,2305.6,1,2305.7,08:01:08.527783962
8,2305.6,2,2305.7,08:01:08.578116352
8,2305.6,2,2305.7,08:01:08.578267335
5,2305.6,2,2305.7,08:01:08.646454151
5,2305.6,3,2305.7,08:01:08.646532127
5,2305.6,4,2305.7,08:01:08.646573633
5,2305.6,5,2305.7,08:01:08.646612292
3,2305.6,5,2305.7,08:01:08.646783335
7,2305.5,5,2305.7,08:01:08.646931834
7,2305.5,5,2305.7,08:01:08.646931834
7,2305.5,6,2305.7,08:01:08.646967890
7,2305.5,7,2305.7,08:01:08.646967890
7,2305.5,8,2305.7,08:01:08.646976047
7,2305.5,8,2305.7,08:01:08.647062807
7,2305.5,1,2305.6,08:01:08.647342188
6,2305.5,1,2305.6,08:01:08.647366231
6,2305.5,1,2305.6,08:01:08.647373146
6,2305.5,2,2305.6,08:01:08.647387153
6,2305.5,3,2305.6,08:01:08.647628220
6,2305.5,3,2305.6,08:01:08.647630012
1,2305.5,3,2305.6,08:01:08.647722231
1,2305.5,3,2305.6,08:01:08.647749701
9,2305.4,3,2305.6,08:01:08.648057901
9,2305.4,3,2305.6,08:01:08.648057901
9,2305.4,4,2305.6,08:01:08.648220495
9,2305.4,5,2305.6,08:01:08.648220495
9,2305.4,6,2305.6,08:01:08.648233951
9,2305.4,6,2305.6,08:01:08.648259676
9,2305.4,7,2305.6,08:01:08.648420121
9,2305.4,7,2305.6,08:01:08.648560463
9,2305.4,1,2305.5,08:01:08.648723413
9,2305.4,1,2305.5,08:01:08.648772528
9,2305.4,2,2305.5,08:01:08.648826615
9,2305.4,2,2305.5,08:01:08.648834558
9,2305.4,2,2305.5,08:01:08.648951898
9,2305.4,2,2305.5,08:01:08.649019243
8,2305.4,2,2305.5,08:01:08.649095907
8,2305.4,2,2305.5,08:01:08.649142906
8,2305.4,2,2305.5,08:01:08.649142906
8,2305.4,2,2305.5,08:01:08.649170503
8,2305.4,2,2305.5,08:01:08.649184218
8,2305.4,2,2305.5,08:01:08.649271159
7,2305.4,2,2305.5,08:01:08.649294826
7,2305.4,3,2305.5,08:01:08.649334152
7,2305.4,3,2305.5,08:01:08.649401075
6,2305.4,3,2305.5,08:01:08.649537507
5,2305.4,3,2305.5,08:01:08.649555043
4,2305.4,3,2305.5,08:01:08.649572556
4,2305.4,3,2305.5,08:01:08.649587216
3,2305.4,3,2305.5,08:01:08.649743149
2,2305.4,3,2305.5,08:01:08.649968754
2,2305.4,3,2305.5,08:01:08.650131633
2,2305.4,3,2305.5,08:01:08.650705463
2,2305.4,3,2305.5,08:01:08.650705463
2,2305.4,3,2305.5,08:01:08.655127533
2,2305.4,3,2305.5,08:01:08.657237047
2,2305.4,3,2305.5,08:01:08.658234418
2,2305.4,3,2305.5,08:01:08.748196461
2,2305.4,2,2305.5,08:01:08.751162447
3,2305.4,2,2305.5,08:01:08.751291555
4,2305.4,2,2305.5,08:01:08.751396166
4,2305.4,2,2305.5,08:01:08.751425892
5,2305.4,2,2305.5,08:01:08.751443639
5,2305.4,2,2305.5,08:01:08.772761045
4,2305.4,2,2305.5,08:01:08.772863815
4,2305.4,3,2305.5,08:01:08.772901934
5,2305.3,3,2305.5,08:01:08.773149082
5,2305.3,3,2305.5,08:01:08.773149082
5,2305.3,4,2305.5,08:01:08.773169265
5,2305.3,5,2305.5,08:01:08.773191239
5,2305.3,1,2305.4,08:01:08.773536312
5,2305.3,1,2305.4,08:01:08.773593747
5,2305.3,2,2305.4,08:01:08.773608931
5,2305.3,2,2305.4,08:01:08.773615056
4,2305.3,2,2305.4,08:01:08.773667738
3,2305.3,2,2305.4,08:01:08.773689831
3,2305.3,2,2305.4,08:01:08.773821789
3,2305.3,2,2305.4,08:01:08.773852341
3,2305.3,3,2305.4,08:01:08.773874987
3,2305.3,4,2305.4,08:01:08.773960241
3,2305.3,4,2305.4,08:01:08.774020213
3,2305.3,4,2305.4,08:01:08.774089811
3,2305.3,4,2305.4,08:01:08.774243984
3,2305.3,3,2305.4,08:01:08.774265469
3,2305.3,3,2305.4,08:01:08.774278996
3,2305.3,3,2305.4,08:01:08.774304833
3,2305.3,3,2305.4,08:01:08.774324907
3,2305.3,3,2305.4,08:01:08.774405661
2,2305.3,3,2305.4,08:01:08.774456836
2,2305.3,3,2305.4,08:01:08.774476830
2,2305.3,3,2305.4,08:01:08.774519295
1,2305.3,3,2305.4,08:01:08.774683445
1,2305.3,3,2305.4,08:01:08.774842558
2,2305.3,3,2305.4,08:01:08.775226182
2,2305.3,2,2305.4,08:01:08.775407883
2,2305.3,3,2305.4,08:01:08.777977447
2,2305.3,3,2305.4,08:01:08.777986936
2,2305.3,3,2305.4,08:01:08.783235502
2,2305.3,3,2305.4,08:01:08.783249397
2,2305.3,4,2305.4,08:01:08.996326260
1,2305.3,4,2305.4,08:01:08.996486234
1,2305.3,3,2305.4,08:01:08.996727007
1,2305.3,3,2305.4,08:01:09.298139783
1,2305.3,3,2305.4,08:01:09.298139783
1,2305.3,4,2305.4,08:01:09.954489927
6,2305.2,4,2305.4,08:01:10.263274874
6,2305.2,4,2305.4,08:01:10.263274874
6,2305.2,4,2305.4,08:01:10.263544438
6,2305.2,4,2305.4,08:01:10.263638122
6,2305.2,5,2305.4,08:01:10.263660008
6,2305.2,5,2305.4,08:01:10.263672527
6,2305.2,1,2305.3,08:01:10.263703014
6,2305.2,1,2305.3,08:01:10.263803368
6,2305.2,1,2305.3,08:01:10.263867242
6,2305.2,1,2305.3,08:01:10.263881392
5,2305.2,1,2305.3,08:01:10.263915153
5,2305.2,6,2305.4,08:01:10.263982534
5,2305.2,6,2305.4,08:01:10.263982534
5,2305.2,6,2305.4,08:01:10.264001493
5,2305.2,6,2305.4,08:01:10.264027619
5,2305.2,6,2305.4,08:01:10.264096907
4,2305.2,6,2305.4,08:01:10.264118318
5,2305.2,6,2305.4,08:01:10.264149420
5,2305.2,5,2305.4,08:01:10.264184461
5,2305.2,4,2305.4,08:01:10.264204116
6,2305.2,4,2305.4,08:01:10.264327427
6,2305.2,3,2305.4,08:01:10.264359357
6,2305.2,3,2305.4,08:01:10.264488067
6,2305.2,4,2305.4,08:01:10.314879815
7,2305.2,4,2305.4,08:01:10.314999536
7,2305.2,4,2305.4,08:01:10.491195859
7,2305.2,3,2305.4,08:01:10.494051674
1,2305.3,3,2305.4,08:01:10.494156920
2,2305.3,3,2305.4,08:01:10.494214304
2,2305.3,2,2305.4,08:01:10.494245636
3,2305.3,2,2305.4,08:01:10.494298606
4,2305.3,2,2305.4,08:01:10.494318194
3,2305.3,2,2305.4,08:01:10.494560394
3,2305.3,1,2305.4,08:01:10.494620914
2,2305.3,1,2305.4,08:01:10.494690583
2,2305.3,2,2305.4,08:01:10.494735755
1,2305.3,2,2305.4,08:01:10.494882420
7,2305.2,2,2305.4,08:01:10.495095499
7,2305.2,2,2305.4,08:01:10.495095499
7,2305.2,3,2305.4,08:01:10.495240523
7,2305.2,4,2305.4,08:01:10.495277062
7,2305.2,5,2305.4,08:01:10.495294963
7,2305.2,6,2305.4,08:01:10.495328621
7,2305.2,7,2305.4,08:01:11.134361982
7,2305.2,2,2305.4,08:01:11.246747283
1,2305.3,2,2305.4,08:01:11.246836116
2,2305.3,2,2305.4,08:01:11.246892902
2,2305.3,2,2305.4,08:01:11.246986628
3,2305.3,2,2305.4,08:01:11.247128561
4,2305.3,2,2305.4,08:01:11.247196770
5,2305.3,2,2305.4,08:01:11.247214799
4,2305.3,2,2305.4,08:01:11.247304836
3,2305.3,2,2305.4,08:01:11.247324702
3,2305.3,1,2305.4,08:01:11.247368700
3,2305.3,1,2305.4,08:01:11.247378994
2,2305.3,1,2305.4,08:01:11.247452206
2,2305.3,2,2305.4,08:01:11.247541689
2,2305.3,3,2305.4,08:01:11.247557033
2,2305.3,4,2305.4,08:01:11.247578702
1,2305.3,4,2305.4,08:01:11.247692751
7,2305.2,4,2305.4,08:01:11.248186938
7,2305.2,4,2305.4,08:01:11.248186938
7,2305.2,3,2305.4,08:01:11.248384736
7,2305.2,1,2305.3,08:01:11.248411834
6,2305.2,1,2305.3,08:01:11.248531492
6,2305.2,1,2305.3,08:01:11.248579863
6,2305.2,3,2305.4,08:01:11.248685223
6,2305.2,3,2305.4,08:01:11.248685223
5,2305.2,3,2305.4,08:01:11.248706484
5,2305.2,4,2305.4,08:01:11.248799324
5,2305.2,4,2305.4,08:01:11.248832736
5,2305.2,4,2305.4,08:01:11.254976390
5,2305.2,5,2305.4,08:01:11.367277002
5,2305.2,5,2305.4,08:01:11.367277002
6,2305.2,5,2305.4,08:01:11.367413553
6,2305.2,4,2305.4,08:01:11.979424083
6,2305.2,5,2305.4,08:01:12.001790454
6,2305.2,6,2305.4,08:01:12.050073559
7,2305.2,6,2305.4,08:01:12.061356023
7,2305.2,5,2305.4,08:01:12.061470505
7,2305.2,6,2305.4,08:01:12.167320971
7,2305.2,7,2305.4,08:01:12.167495069
7,2305.2,7,2305.4,08:01:12.167688747
7,2305.2,1,2305.3,08:01:12.287403799
6,2305.2,1,2305.3,08:01:12.287473884
6,2305.2,2,2305.3,08:01:12.287544752
6,2305.2,2,2305.3,08:01:12.287667772
5,2305.2,2,2305.3,08:01:12.287687814
4,2305.2,2,2305.3,08:01:12.287705574
4,2305.2,2,2305.3,08:01:12.287721126
3,2305.2,2,2305.3,08:01:12.287765733
3,2305.2,3,2305.3,08:01:12.287785007
3,2305.2,3,2305.3,08:01:12.287816150
2,2305.2,3,2305.3,08:01:12.288448989
2,2305.2,3,2305.3,08:01:12.288908575
2,2305.2,3,2305.3,08:01:12.306198997
2,2305.2,3,2305.3,08:01:12.306212223
2,2305.2,4,2305.3,08:01:12.328292341
1,2305.2,4,2305.3,08:01:12.328435532
7,2305.1,4,2305.3,08:01:12.328552021
7,2305.1,4,2305.3,08:01:12.328552021
7,2305.1,4,2305.3,08:01:12.328573240
7,2305.1,4,2305.3,08:01:12.328902604
6,2305.1,4,2305.3,08:01:12.328922288
6,2305.1,4,2305.3,08:01:12.328934720
5,2305.1,4,2305.3,08:01:12.329001428
5,2305.1,4,2305.3,08:01:12.329211522
5,2305.1,5,2305.3,08:01:12.329457892
5,2305.1,5,2305.3,08:01:12.329622449
3,2305.1,5,2305.3,08:01:12.331947726
3,2305.1,5,2305.3,08:01:12.332077605
3,2305.1,5,2305.3,08:01:12.336158725
3,2305.1,5,2305.3,08:01:12.336158725
4,2305.1,5,2305.3,08:01:12.378477071
4,2305.1,5,2305.3,08:01:12.897955107
4,2305.1,5,2305.3,08:01:12.897955107
4,2305.1,5,2305.3,08:01:13.204532944
4,2305.1,5,2305.3,08:01:13.204532944
4,2305.1,5,2305.3,08:01:13.301052360
4,2305.1,6,2305.3,08:01:13.361505999
4,2305.1,8,2305.3,08:01:13.607527501
4,2305.1,1,2305.2,08:01:13.607670166
4,2305.1,2,2305.2,08:01:13.607739524
4,2305.1,3,2305.2,08:01:13.607758721
4,2305.1,4,2305.2,08:01:13.607818435
3,2305.1,4,2305.2,08:01:13.607841578
3,2305.1,4,2305.2,08:01:13.607853870
2,2305.1,4,2305.2,08:01:13.607922975
1,2305.1,4,2305.2,08:01:13.607963756
1,2305.1,4,2305.2,08:01:13.608025428
1,2305.1,4,2305.2,08:01:13.608179326
1,2305.1,4,2305.2,08:01:13.608212939
6,2305.0,4,2305.2,08:01:13.608472778
6,2305.0,4,2305.2,08:01:13.608472778
6,2305.0,4,2305.2,08:01:13.608693887
7,2305.0,4,2305.2,08:01:13.608724124
7,2305.0,4,2305.2,08:01:13.608770288
7,2305.0,4,2305.2,08:01:13.608770288
7,2305.0,4,2305.2,08:01:13.608892482
7,2305.0,4,2305.2,08:01:13.609019848
7,2305.0,4,2305.2,08:01:13.616441815
7,2305.0,4,2305.2,08:01:13.626648476
7,2305.0,4,2305.2,08:01:13.626661420
1,2305.1,4,2305.2,08:01:14.371008245
1,2305.1,3,2305.2,08:01:14.371034905
2,2305.1,3,2305.2,08:01:14.371128859
2,2305.1,2,2305.2,08:01:14.371177152
2,2305.1,2,2305.2,08:01:14.371245181
1,2305.1,2,2305.2,08:01:14.372192768
1,2305.1,3,2305.2,08:01:14.372318835
1,2305.1,3,2305.2,08:01:14.372332090
7,2305.0,3,2305.2,08:01:14.372435432
7,2305.0,3,2305.2,08:01:14.372435432
7,2305.0,3,2305.2,08:01:14.615580216
7,2305.0,4,2305.2,08:01:14.643688825
7,2305.0,4,2305.2,08:01:14.724312222
12,2305.0,4,2305.2,08:01:14.922997034
1,2305.1,4,2305.2,08:01:14.923138906
2,2305.1,4,2305.2,08:01:14.923173249
2,2305.1,3,2305.2,08:01:14.923189992
2,2305.1,2,2305.2,08:01:14.923212690
3,2305.1,2,2305.2,08:01:14.923262726
4,2305.1,2,2305.2,08:01:14.923332142
5,2305.1,2,2305.2,08:01:14.923422208
5,2305.1,1,2305.2,08:01:14.923544143
4,2305.1,1,2305.2,08:01:14.923548917
3,2305.1,1,2305.2,08:01:14.923646996
3,2305.1,1,2305.2,08:01:14.941762929
3,2305.1,1,2305.2,08:01:15.367158610
3,2305.1,1,2305.2,08:01:16.064704566
3,2305.1,1,2305.2,08:01:16.064704566
3,2305.1,8,2305.3,08:01:16.241484461
3,2305.1,8,2305.3,08:01:16.241484461
4,2305.1,8,2305.3,08:01:16.241751986
4,2305.1,7,2305.3,08:01:16.241768201
5,2305.1,7,2305.3,08:01:16.241965404
1,2305.2,7,2305.3,08:01:16.242060705
1,2305.2,7,2305.3,08:01:16.242187898
1,2305.2,7,2305.3,08:01:16.242223198
1,2305.2,6,2305.3,08:01:16.242242319
1,2305.2,6,2305.3,08:01:16.242258226
2,2305.2,6,2305.3,08:01:16.242291142
2,2305.2,6,2305.3,08:01:16.242316442
3,2305.2,6,2305.3,08:01:16.242531204
3,2305.2,5,2305.3,08:01:16.242688414
3,2305.2,5,2305.3,08:01:16.242702277
3,2305.2,5,2305.3,08:01:16.242756393
3,2305.2,5,2305.3,08:01:16.242771952
3,2305.2,5,2305.3,08:01:16.242788330
3,2305.2,5,2305.3,08:01:16.243029573
8,2305.1,5,2305.3,08:01:16.243176162
8,2305.1,5,2305.3,08:01:16.243176162
7,2305.1,5,2305.3,08:01:16.243211311
7,2305.1,4,2305.3,08:01:16.243290468
7,2305.1,5,2305.3,08:01:16.243383807
7,2305.1,5,2305.3,08:01:16.249899587
7,2305.1,5,2305.3,08:01:17.367020713
7,2305.1,6,2305.3,08:01:17.472604537
7,2305.1,1,2305.2,08:01:17.472753644
6,2305.1,1,2305.2,08:01:17.472774797
6,2305.1,1,2305.2,08:01:17.472923059
6,2305.1,1,2305.2,08:01:17.472972516
6,2305.1,1,2305.2,08:01:17.472988433
5,2305.1,1,2305.2,08:01:17.473006968
4,2305.1,1,2305.2,08:01:17.475040980
3,2305.1,1,2305.2,08:01:17.475066244
3,2305.1,2,2305.2,08:01:17.475297446
2,2305.1,2,2305.2,08:01:17.475453635
2,2305.1,2,2305.2,08:01:17.494223751
2,2305.1,1,2305.2,08:01:17.533488997
3,2305.1,1,2305.2,08:01:17.533521279
3,2305.1,1,2305.2,08:01:17.538293270
4,2305.1,1,2305.2,08:01:17.538725330
4,2305.1,5,2305.3,08:01:17.815866673
4,2305.1,5,2305.3,08:01:17.815866673
5,2305.1,5,2305.3,08:01:17.816041044
5,2305.1,5,2305.3,08:01:17.816073820
5,2305.1,5,2305.3,08:01:17.816170125
6,2305.1,5,2305.3,08:01:20.238657259
1,2305.2,5,2305.3,08:01:20.238706608
1,2305.2,4,2305.3,08:01:20.238735837
2,2305.2,4,2305.3,08:01:20.238787758
2,2305.2,4,2305.3,08:01:20.238798686
1,2305.2,4,2305.3,08:01:20.238968994
1,2305.2,4,2305.3,08:01:20.239042768
6,2305.1,4,2305.3,08:01:20.239072420
6,2305.1,4,2305.3,08:01:20.239072420
6,2305.1,5,2305.3,08:01:20.239094065
6,2305.1,6,2305.3,08:01:20.239449614
6,2305.1,1,2305.2,08:01:20.239653932
6,2305.1,2,2305.2,08:01:20.239875348
5,2305.1,2,2305.2,08:01:20.239983788
5,2305.1,2,2305.2,08:01:20.240016636
4,2305.1,2,2305.2,08:01:20.240034364
4,2305.1,2,2305.2,08:01:20.240048785
3,2305.1,2,2305.2,08:01:20.240089759
2,2305.1,2,2305.2,08:01:20.240256595
1,2305.1,2,2305.2,08:01:20.240334256
12,2305.0,2,2305.2,08:01:20.240395272
12,2305.0,2,2305.2,08:01:20.240395272
12,2305.0,3,2305.2,08:01:20.240421238
12,2305.0,3,2305.2,08:01:20.240586182
3,2305.1,3,2305.2,08:01:20.242413188
3,2305.1,2,2305.2,08:01:20.242547293
3,2305.1,2,2305.2,08:01:20.242594318
3,2305.1,2,2305.2,08:01:20.252672476
3,2305.1,2,2305.2,08:01:20.349384869
3,2305.1,2,2305.2,08:01:20.564676763
3,2305.1,2,2305.2,08:01:20.564676763
3,2305.1,1,2305.2,08:01:20.894771963
4,2305.1,1,2305.2,08:01:20.894842879
5,2305.1,1,2305.2,08:01:20.894936481
6,2305.1,1,2305.2,08:01:20.894952421
6,2305.1,7,2305.3,08:01:20.895100987
6,2305.1,7,2305.3,08:01:20.895100987
6,2305.1,1,2305.2,08:01:20.895369770
5,2305.1,1,2305.2,08:01:20.895387418
4,2305.1,1,2305.2,08:01:20.895475065
3,2305.1,1,2305.2,08:01:20.895509085
3,2305.1,2,2305.2,08:01:20.895848640
3,2305.1,1,2305.2,08:01:21.764880959
4,2305.1,1,2305.2,08:01:21.764998859
4,2305.1,2,2305.2,08:01:21.901018686
3,2305.1,2,2305.2,08:01:21.901179739
3,2305.1,3,2305.2,08:01:21.901286567
3,2305.1,4,2305.2,08:01:23.102572175
3,2305.1,3,2305.2,08:01:23.930621455
3,2305.1,2,2305.2,08:01:23.931002733
2,2305.1,2,2305.2,08:01:24.005088136
2,2305.1,3,2305.2,08:01:24.005245799
2,2305.1,4,2305.2,08:01:24.005418289
2,2305.1,3,2305.2,08:01:24.268354989
2,2305.1,3,2305.2,08:01:24.936561306
2,2305.1,4,2305.2,08:01:24.936687447
2,2305.1,3,2305.2,08:01:25.589383835
2,2305.1,3,2305.2,08:01:26.578784514
2,2305.1,4,2305.2,08:01:26.579054289
1,2305.1,4,2305.2,08:01:26.584843586
7,2305.0,4,2305.2,08:01:26.585099342
7,2305.0,4,2305.2,08:01:26.585099342
7,2305.0,1,2305.1,08:01:26.585122853
6,2305.0,1,2305.1,08:01:26.585262305
6,2305.0,1,2305.1,08:01:26.585432616
6,2305.0,1,2305.1,08:01:26.585451909
6,2305.0,1,2305.1,08:01:26.585480946
6,2305.0,1,2305.1,08:01:26.585498690
6,2305.0,5,2305.2,08:01:26.585523174
6,2305.0,5,2305.2,08:01:26.585523174
6,2305.0,5,2305.2,08:01:26.585550435
6,2305.0,5,2305.2,08:01:26.585575095
6,2305.0,6,2305.2,08:01:26.585610584
6,2305.0,6,2305.2,08:01:26.585623147
6,2305.0,7,2305.2,08:01:26.585641468
6,2305.0,7,2305.2,08:01:26.585655433
5,2305.0,7,2305.2,08:01:26.585769176
5,2305.0,7,2305.2,08:01:26.585970601
5,2305.0,7,2305.2,08:01:26.586020461
5,2305.0,6,2305.2,08:01:26.586038925
5,2305.0,1,2305.1,08:01:26.586063870
5,2305.0,6,2305.2,08:01:26.586114799
5,2305.0,6,2305.2,08:01:26.586114799
6,2305.0,6,2305.2,08:01:26.587222709
6,2305.0,7,2305.2,08:01:26.695581748
6,2305.0,7,2305.2,08:01:26.695581748
5,2305.0,7,2305.2,08:01:26.696334387
5,2305.0,1,2305.1,08:01:26.696362822
5,2305.0,2,2305.1,08:01:26.696447467
4,2305.0,2,2305.1,08:01:26.696518038
4,2305.0,3,2305.1,08:01:26.696567246
3,2305.0,3,2305.1,08:01:26.696663785
3,2305.0,3,2305.1,08:01:26.696729419
2,2305.0,3,2305.1,08:01:26.696770921
2,2305.0,4,2305.1,08:01:26.696821027
2,2305.0,4,2305.1,08:01:26.696943586
1,2305.0,4,2305.1,08:01:26.697068344
1,2305.0,4,2305.1,08:01:26.697167338
7,2304.9,4,2305.1,08:01:26.697201432
7,2304.9,4,2305.1,08:01:26.697201432
7,2304.9,4,2305.1,08:01:26.697225409
7,2304.9,4,2305.1,08:01:26.697369584
7,2304.9,4,2305.1,08:01:26.700878021
1,2305.0,4,2305.1,08:01:28.021730402
1,2305.0,3,2305.1,08:01:28.021863582
2,2305.0,3,2305.1,08:01:28.021933286
2,2305.0,2,2305.1,08:01:28.021953908
2,2305.0,2,2305.1,08:01:28.022022923
1,2305.0,2,2305.1,08:01:28.022175691
1,2305.0,3,2305.1,08:01:28.022705042
6,2304.9,3,2305.1,08:01:28.355951081
6,2304.9,3,2305.1,08:01:28.355951081
5,2304.9,3,2305.1,08:01:28.356045786
5,2304.9,1,2305.0,08:01:28.356119471
4,2304.9,1,2305.0,08:01:28.356145897
4,2304.9,1,2305.0,08:01:28.356158457
4,2304.9,1,2305.0,08:01:28.356206795
4,2304.9,2,2305.0,08:01:28.356235358
4,2304.9,1,2305.0,08:01:28.356277155
4,2304.9,1,2305.0,08:01:28.356332534
4,2304.9,1,2305.0,08:01:28.357240857
4,2304.9,1,2305.0,08:01:28.357240857
3,2304.9,1,2305.0,08:01:28.357240857
3,2304.9,1,2305.0,08:01:28.357248499
3,2304.9,7,2305.1,08:01:28.357248499
3,2304.9,7,2305.1,08:01:28.357248499
3,2304.9,7,2305.1,08:01:28.357279187
3,2304.9,7,2305.1,08:01:28.357279187
4,2304.9,7,2305.1,08:01:28.357279187
3,2304.9,7,2305.1,08:01:28.357305051
3,2304.9,7,2305.1,08:01:28.357337630
4,2304.9,7,2305.1,08:01:28.357337630
5,2304.9,7,2305.1,08:01:28.357355576
6,2304.9,7,2305.1,08:01:28.357400441
6,2304.9,6,2305.1,08:01:28.357435728
7,2304.9,6,2305.1,08:01:28.357500715
7,2304.9,5,2305.1,08:01:28.357550156
1,2305.0,5,2305.1,08:01:28.357575932
1,2305.0,4,2305.1,08:01:28.357683272
1,2305.0,4,2305.1,08:01:28.357834695
1,2305.0,4,2305.1,08:01:28.615132911
1,2305.0,5,2305.1,08:01:28.700448052
1,2305.0,5,2305.1,08:01:28.700587097
8,2304.9,5,2305.1,08:01:28.700614909
8,2304.9,5,2305.1,08:01:28.700614909
8,2304.9,5,2305.1,08:01:28.766575771
8,2304.9,5,2305.1,08:01:28.766575771
13,2304.9,5,2305.1,08:01:29.039516693
1,2305.0,5,2305.1,08:01:29.039661118
2,2305.0,5,2305.1,08:01:29.039684988
2,2305.0,4,2305.1,08:01:29.039709205
3,2305.0,4,2305.1,08:01:29.039769968
3,2305.0,3,2305.1,08:01:29.039817943
4,2305.0,3,2305.1,08:01:29.039857973
4,2305.0,4,2305.1,08:01:29.039940711
3,2305.0,4,2305.1,08:01:29.040051042
3,2305.0,3,2305.1,08:01:29.040099523
3,2305.0,2,2305.1,08:01:29.040174879
3,2305.0,8,2305.2,08:01:29.040258346
3,2305.0,8,2305.2,08:01:29.040258346
2,2305.0,8,2305.2,08:01:29.040341014
3,2305.0,8,2305.2,08:01:29.040551510
4,2305.0,8,2305.2,08:01:29.040569085
5,2305.0,8,2305.2,08:01:29.040638843
5,2305.0,7,2305.2,08:01:29.040729882
6,2305.0,7,2305.2,08:01:29.040772388
6,2305.0,6,2305.2,08:01:29.040790472
7,2305.0,6,2305.2,08:01:29.040807052
7,2305.0,1,2305.1,08:01:29.040917124
6,2305.0,1,2305.1,08:01:29.040986492
6,2305.0,6,2305.2,08:01:29.041011632
6,2305.0,6,2305.2,08:01:29.041011632
6,2305.0,6,2305.2,08:01:29.041043280
6,2305.0,5,2305.2,08:01:29.041064189
6,2305.0,6,2305.2,08:01:29.041179017
5,2305.0,6,2305.2,08:01:29.041212983
5,2305.0,6,2305.2,08:01:29.048418443
4,2305.0,6,2305.2,08:01:29.345707618
4,2305.0,7,2305.2,08:01:29.345820087
4,2305.0,1,2305.1,08:01:29.345981610
4,2305.0,2,2305.1,08:01:29.346055015
3,2305.0,2,2305.1,08:01:29.346106994
3,2305.0,2,2305.1,08:01:29.346141089
3,2305.0,2,2305.1,08:01:29.346223407
2,2305.0,2,2305.1,08:01:29.346245479
1,2305.0,2,2305.1,08:01:29.346328024
13,2304.9,2,2305.1,08:01:29.346392054
13,2304.9,2,2305.1,08:01:29.346392054
13,2304.9,3,2305.1,08:01:29.347600318
1,2305.0,3,2305.1,08:01:30.411568859
2,2305.0,3,2305.1,08:01:30.411624399
2,2305.0,2,2305.1,08:01:30.411759967
2,2305.0,8,2305.2,08:01:30.411886731
1,2305.1,8,2305.2,08:01:30.411886731
1,2305.1,8,2305.2,08:01:30.411886731
1,2305.1,8,2305.2,08:01:30.412001610
1,2305.1,7,2305.2,08:01:30.412190100
1,2305.1,7,2305.2,08:01:30.412221768
1,2305.1,6,2305.2,08:01:30.412324692
1,2305.1,6,2305.2,08:01:30.412338017
1,2305.1,6,2305.2,08:01:30.412348632
1,2305.1,6,2305.2,08:01:30.412364203
5,2305.0,6,2305.2,08:01:30.412427347
5,2305.0,6,2305.2,08:01:30.412427347
5,2305.0,6,2305.2,08:01:30.412448108
5,2305.0,5,2305.2,08:01:30.412524376
5,2305.0,4,2305.2,08:01:30.412731426
1,2305.1,4,2305.2,08:01:30.412758761
1,2305.1,4,2305.2,08:01:30.412793754
1,2305.1,5,2305.2,08:01:30.428710753
6,2305.0,5,2305.2,08:01:30.428824727
6,2305.0,5,2305.2,08:01:30.428824727
6,2305.0,5,2305.2,08:01:30.710365930
6,2305.0,5,2305.2,08:01:31.187352452
6,2305.0,5,2305.2,08:01:31.187352452
6,2305.0,1,2305.1,08:01:31.456946044
6,2305.0,1,2305.1,08:01:31.456983162
6,2305.0,1,2305.1,08:01:31.457125709
6,2305.0,1,2305.1,08:01:31.457141840
5,2305.0,1,2305.1,08:01:31.457164545
5,2305.0,1,2305.1,08:01:31.457179614
4,2305.0,1,2305.1,08:01:31.457215679
4,2305.0,1,2305.1,08:01:31.457286122
3,2305.0,1,2305.1,08:01:31.457347093
2,2305.0,1,2305.1,08:01:31.457404682
2,2305.0,2,2305.1,08:01:31.457464915
2,2305.0,2,2305.1,08:01:31.457542392
2,2305.0,2,2305.1,08:01:31.457652810
2,2305.0,3,2305.1,08:01:31.457996949
1,2305.0,3,2305.1,08:01:31.458115837
13,2304.9,3,2305.1,08:01:31.458141925
13,2304.9,3,2305.1,08:01:31.458141925
13,2304.9,3,2305.1,08:01:31.458299253
13,2304.9,4,2305.1,08:01:31.470352510
13,2304.9,1,2305.0,08:01:31.811534185
13,2304.9,1,2305.0,08:01:31.811700480
12,2304.9,1,2305.0,08:01:31.811758161
12,2304.9,1,2305.0,08:01:31.811769752
12,2304.9,1,2305.0,08:01:31.811787368
12,2304.9,2,2305.0,08:01:31.812515758
12,2304.9,2,2305.0,08:01:31.905190235
12,2304.9,3,2305.1,08:01:32.583047542
12,2304.9,3,2305.1,08:01:32.583047542
1,2305.0,3,2305.1,08:01:32.583278966
1,2305.0,3,2305.1,08:01:32.583299720
1,2305.0,4,2305.1,08:01:32.583344773
2,2305.0,4,2305.1,08:01:32.634015215
2,2305.0,3,2305.1,08:01:32.634157231
2,2305.0,2,2305.1,08:01:32.634436737
2,2305.0,2,2305.1,08:01:32.703931437
1,2305.0,2,2305.1,08:01:32.850850822
1,2305.0,3,2305.1,08:01:32.850873962
12,2304.9,3,2305.1,08:01:32.851002743
12,2304.9,3,2305.1,08:01:32.851002743
12,2304.9,4,2305.1,08:01:32.851302173
1,2305.0,4,2305.1,08:01:33.444666581
1,2305.0,3,2305.1,08:01:33.444799445
1,2305.0,3,2305.1,08:01:33.646971911
1,2305.0,3,2305.1,08:01:33.646971911
12,2304.9,3,2305.1,08:01:34.022161803
12,2304.9,27,2305.0,08:01:34.022161803
12,2304.9,27,2305.0,08:01:34.022161803
12,2304.9,27,2305.0,08:01:34.022264116
12,2304.9,27,2305.0,08:01:34.022309944
9,2304.9,27,2305.0,08:01:34.022610708
2,2304.9,27,2305.0,08:01:34.022824181
10,2304.8,27,2305.0,08:01:34.022824181
10,2304.8,27,2305.0,08:01:34.022824181
10,2304.8,1,2304.9,08:01:34.022962613
9,2304.8,1,2304.9,08:01:34.023058577
9,2304.8,1,2304.9,08:01:34.023142396
9,2304.8,1,2304.9,08:01:34.023190749
9,2304.8,2,2304.9,08:01:34.023327878
8,2304.8,2,2304.9,08:01:34.023336531
8,2304.8,2,2304.9,08:01:34.023422990
7,2304.8,2,2304.9,08:01:34.023441258
7,2304.8,3,2304.9,08:01:34.023649616
7,2304.8,4,2304.9,08:01:34.023947465
7,2304.8,5,2304.9,08:01:34.023966726
7,2304.8,5,2304.9,08:01:34.023985587
7,2304.8,5,2304.9,08:01:34.024045566
7,2304.8,4,2304.9,08:01:34.024066402
7,2304.8,4,2304.9,08:01:34.024077717
7,2304.8,4,2304.9,08:01:34.024092505
6,2304.8,4,2304.9,08:01:34.024123392
6,2304.8,4,2304.9,08:01:34.024135603
6,2304.8,4,2304.9,08:01:34.024165312
5,2304.8,4,2304.9,08:01:34.024443193
5,2304.8,29,2305.0,08:01:34.024546597
5,2304.8,29,2305.0,08:01:34.024546597
4,2304.8,29,2305.0,08:01:34.024570699
1,2304.9,29,2305.0,08:01:34.024594066
1,2304.9,29,2305.0,08:01:34.024745353
1,2304.9,29,2305.0,08:01:34.024763018
1,2304.9,29,2305.0,08:01:34.024763018
1,2304.9,29,2305.0,08:01:34.024944115
1,2304.9,29,2305.0,08:01:34.025009080
1,2304.9,29,2305.0,08:01:34.025009080
1,2304.9,29,2305.0,08:01:34.025181819
1,2304.9,29,2305.0,08:01:34.025275581
1,2304.9,28,2305.0,08:01:34.025543228
1,2304.9,28,2305.0,08:01:34.025678363
1,2304.9,28,2305.0,08:01:34.025710125
1,2304.9,28,2305.0,08:01:34.025724448
1,2304.9,27,2305.0,08:01:34.026100436
1,2304.9,27,2305.0,08:01:34.026333485
2,2304.9,27,2305.0,08:01:34.026670911
2,2304.9,28,2305.0,08:01:34.026803059
2,2304.9,28,2305.0,08:01:34.036926760
3,2304.9,28,2305.0,08:01:34.118026958
4,2304.9,28,2305.0,08:01:34.118046078
4,2304.9,28,2305.0,08:01:34.223398369
4,2304.9,8,2305.0,08:01:34.223652348
5,2304.9,8,2305.0,08:01:34.223722087
5,2304.9,7,2305.0,08:01:34.223974216
5,2304.9,7,2305.0,08:01:34.223981577
5,2304.9,4,2305.0,08:01:34.224026112
6,2304.9,4,2305.0,08:01:34.224026112
6,2304.9,5,2305.1,08:01:34.224228497
6,2304.9,5,2305.1,08:01:34.224228497
1,2305.0,5,2305.1,08:01:34.224286243
1,2305.0,5,2305.1,08:01:34.224391860
1,2305.0,5,2305.1,08:01:34.224612309
2,2305.0,5,2305.1,08:01:34.224660999
2,2305.0,5,2305.1,08:01:34.224698196
2,2305.0,4,2305.1,08:01:34.224738392
2,2305.0,4,2305.1,08:01:34.224756988
2,2305.0,4,2305.1,08:01:34.224774883
2,2305.0,4,2305.1,08:01:34.231859192
2,2305.0,4,2305.1,08:01:34.280782302
2,2305.0,4,2305.1,08:01:34.280782302
2,2305.0,4,2305.1,08:01:34.280902538
8,2304.9,4,2305.1,08:01:35.005830678
8,2304.9,4,2305.1,08:01:35.005830678
7,2304.9,4,2305.1,08:01:35.005849235
7,2304.9,1,2305.0,08:01:35.006070369
6,2304.9,1,2305.0,08:01:35.006188302
6,2304.9,1,2305.0,08:01:35.006201594
5,2304.9,1,2305.0,08:01:35.006219953
4,2304.9,1,2305.0,08:01:35.006237883
3,2304.9,1,2305.0,08:01:35.006358740
3,2304.9,1,2305.0,08:01:35.006371825
2,2304.9,1,2305.0,08:01:35.006496849
2,2304.9,2,2305.0,08:01:35.006524228
2,2304.9,3,2305.0,08:01:35.006664131
2,2304.9,3,2305.0,08:01:35.024730652
2,2304.9,3,2305.0,08:01:35.113462041
2,2304.9,3,2305.0,08:01:35.592093352
2,2304.9,2,2305.0,08:01:36.008528981
3,2304.9,2,2305.0,08:01:36.008658055
3,2304.9,4,2305.1,08:01:36.008823758
3,2304.9,4,2305.1,08:01:36.008823758
2,2305.0,4,2305.1,08:01:36.008843242
2,2305.0,4,2305.1,08:01:36.009084908
2,2305.0,4,2305.1,08:01:36.009207471
3,2305.0,4,2305.1,08:01:36.009264352
3,2305.0,4,2305.1,08:01:36.009346193
3,2305.0,4,2305.1,08:01:36.009414672
3,2305.0,4,2305.1,08:01:36.009432269
3,2305.0,3,2305.1,08:01:36.009525471
4,2305.0,3,2305.1,08:01:36.009609949
4,2305.0,3,2305.1,08:01:36.009720630
4,2305.0,3,2305.1,08:01:36.011050327
4,2305.0,3,2305.1,08:01:36.011171795
4,2305.0,3,2305.1,08:01:36.017041287
5,2305.0,3,2305.1,08:01:36.646191461
3,2305.0,3,2305.1,08:01:36.646324915
3,2305.0,2,2305.1,08:01:36.646352174
4,2305.0,2,2305.1,08:01:36.646369823
4,2305.0,1,2305.1,08:01:36.646402409
4,2305.0,1,2305.1,08:01:37.120916212
4,2305.0,2,2305.1,08:01:37.246733876
4,2305.0,3,2305.1,08:01:37.246901790
3,2305.0,3,2305.1,08:01:37.247059867
3,2305.0,2,2305.1,08:01:37.307512694
4,2305.0,2,2305.1,08:01:37.307556061
4,2305.0,1,2305.1,08:01:37.307785438
4,2305.0,2,2305.1,08:01:38.341374263
3,2305.0,2,2305.1,08:01:38.341489538
3,2305.0,3,2305.1,08:01:38.341546365
2,2305.0,3,2305.1,08:01:38.341600684
2,2305.0,4,2305.1,08:01:38.341831683
2,2305.0,5,2305.1,08:01:38.341854102
6,2304.9,5,2305.1,08:01:38.342528039
6,2304.9,5,2305.1,08:01:38.342528039
6,2304.9,1,2305.0,08:01:38.342833099
6,2304.9,1,2305.0,08:01:38.342891208
6,2304.9,2,2305.0,08:01:38.342920370
5,2304.9,2,2305.0,08:01:38.343066021
5,2304.9,2,2305.0,08:01:38.343135865
5,2304.9,2,2305.0,08:01:38.343249241
4,2304.9,2,2305.0,08:01:38.343533144
3,2304.9,2,2305.0,08:01:38.343652273
3,2304.9,2,2305.0,08:01:38.343666613
3,2304.9,6,2305.1,08:01:38.343821659
3,2304.9,6,2305.1,08:01:38.343821659
2,2305.0,6,2305.1,08:01:38.343852338
2,2305.0,6,2305.1,08:01:38.343904889
2,2305.0,6,2305.1,08:01:38.344027452
2,2305.0,6,2305.1,08:01:38.344157403
2,2305.0,6,2305.1,08:01:38.344173893
2,2305.0,7,2305.1,08:01:38.344193596
2,2305.0,6,2305.1,08:01:38.344319268
2,2305.0,6,2305.1,08:01:38.344331985
2,2305.0,5,2305.1,08:01:38.344358107
2,2305.0,5,2305.1,08:01:38.344371426
2,2305.0,4,2305.1,08:01:38.344610683
4,2305.0,4,2305.1,08:01:38.344682250
4,2305.0,3,2305.1,08:01:38.344901540
4,2305.0,2,2305.1,08:01:38.344943586
5,2305.0,2,2305.1,08:01:38.345052189
5,2305.0,2,2305.1,08:01:38.345068429
5,2305.0,1,2305.1,08:01:38.345111976
6,2305.0,1,2305.1,08:01:38.345230142
4,2305.0,1,2305.1,08:01:38.346496429
4,2305.0,1,2305.1,08:01:38.347082006
2,2305.0,1,2305.1,08:01:39.005223467
2,2305.0,2,2305.1,08:01:39.005435084
2,2305.0,3,2305.1,08:01:39.005448053
2,2305.0,3,2305.1,08:01:39.005482550
2,2305.0,4,2305.1,08:01:39.005547156
2,2305.0,3,2305.1,08:01:39.281644865
2,2305.0,2,2305.1,08:01:39.281779555
6,2305.0,2,2305.1,08:01:39.383599315
6,2305.0,9,2305.2,08:01:39.384095225
6,2305.0,9,2305.2,08:01:39.384095225
7,2305.0,9,2305.2,08:01:39.384134161
1,2305.1,9,2305.2,08:01:39.384156986
2,2305.1,9,2305.2,08:01:39.384306353
2,2305.1,8,2305.2,08:01:39.384334065
2,2305.1,7,2305.2,08:01:39.384341726
1,2305.1,7,2305.2,08:01:39.384406838
2,2305.1,7,2305.2,08:01:39.384436612
3,2305.1,7,2305.2,08:01:39.384452416
3,2305.1,7,2305.2,08:01:39.384471832
3,2305.1,7,2305.2,08:01:39.384504277
3,2305.1,6,2305.2,08:01:39.384521983
3,2305.1,5,2305.2,08:01:39.384555337
3,2305.1,4,2305.2,08:01:39.384574646
3,2305.1,4,2305.2,08:01:39.384624440
3,2305.1,4,2305.2,08:01:39.384729021
3,2305.1,4,2305.2,08:01:39.384729021
3,2305.1,4,2305.2,08:01:39.385018937
3,2305.1,4,2305.2,08:01:39.392548858
3,2305.1,4,2305.2,08:01:39.396231982
3,2305.1,4,2305.2,08:01:39.405006322
3,2305.1,4,2305.2,08:01:39.405006322
2,2305.1,4,2305.2,08:01:39.405114171
1,2305.1,4,2305.2,08:01:39.405266305
1,2305.1,4,2305.2,08:01:39.405284795
1,2305.1,4,2305.2,08:01:39.502051461
1,2305.1,6,2305.2,08:01:39.696440863
8,2305.0,6,2305.2,08:01:39.696708197
8,2305.0,6,2305.2,08:01:39.696708197
8,2305.0,7,2305.2,08:01:39.696737437
8,2305.0,8,2305.2,08:01:39.696746659
8,2305.0,1,2305.1,08:01:39.696825393
7,2305.0,1,2305.1,08:01:39.697019499
7,2305.0,2,2305.1,08:01:39.697048809
7,2305.0,3,2305.1,08:01:39.697066083
7,2305.0,2,2305.1,08:01:39.697087200
7,2305.0,2,2305.1,08:01:39.697117425
7,2305.0,2,2305.1,08:01:39.697132606
7,2305.0,2,2305.1,08:01:39.697145659
6,2305.0,2,2305.1,08:01:39.697188598
6,2305.0,2,2305.1,08:01:39.697255523
6,2305.0,10,2305.2,08:01:41.225637544
6,2305.0,10,2305.2,08:01:41.225637544
6,2305.0,9,2305.2,08:01:41.225897316
1,2305.1,9,2305.2,08:01:42.245392859
1,2305.1,8,2305.2,08:01:42.245525057
1,2305.1,8,2305.2,08:01:42.245542049
1,2305.1,8,2305.2,08:01:42.245557157
1,2305.1,8,2305.2,08:01:42.683112754
6,2305.1,8,2305.2,08:01:43.021716268
6,2305.1,7,2305.2,08:01:43.021872246
7,2305.1,7,2305.2,08:01:43.021890352
7,2305.1,6,2305.2,08:01:43.021943393
8,2305.1,6,2305.2,08:01:43.022021382
8,2305.1,5,2305.2,08:01:43.022117105
8,2305.1,4,2305.2,08:01:43.130673136
7,2305.1,4,2305.2,08:01:44.265329266
7,2305.1,3,2305.2,08:01:44.265570547
7,2305.1,3,2305.2,08:01:44.266377833
8,2305.1,3,2305.2,08:01:45.285399640
8,2305.1,6,2305.3,08:01:45.285692164
8,2305.1,6,2305.3,08:01:45.285692164
1,2305.2,6,2305.3,08:01:45.285720372
2,2305.2,6,2305.3,08:01:45.285863370
2,2305.2,5,2305.3,08:01:45.285871047
2,2305.2,4,2305.3,08:01:45.285932594
2,2305.2,4,2305.3,08:01:45.285979850
2,2305.2,4,2305.3,08:01:45.286025022
3,2305.2,4,2305.3,08:01:45.286047064
3,2305.2,3,2305.3,08:01:45.286067573
3,2305.2,3,2305.3,08:01:45.286120554
3,2305.2,3,2305.3,08:01:45.286161271
3,2305.2,3,2305.3,08:01:45.286194446
3,2305.2,3,2305.3,08:01:45.286209791
3,2305.2,3,2305.3,08:01:45.286226108
3,2305.2,3,2305.3,08:01:45.286237705
3,2305.2,3,2305.3,08:01:45.286304192
3,2305.2,3,2305.3,08:01:45.293918500
3,2305.2,3,2305.3,08:01:45.301222323
3,2305.2,3,2305.3,08:01:45.351205052
3,2305.2,3,2305.3,08:01:45.404785207
3,2305.2,4,2305.3,08:01:45.506566984
2,2305.2,4,2305.3,08:01:45.506718988
1,2305.2,4,2305.3,08:01:45.506744492
1,2305.2,5,2305.3,08:01:45.506837812
1,2305.2,6,2305.3,08:01:45.506855259
9,2305.1,6,2305.3,08:01:45.506997291
9,2305.1,6,2305.3,08:01:45.506997291
9,2305.1,6,2305.3,08:01:45.507225129
8,2305.1,6,2305.3,08:01:45.507291322
8,2305.1,5,2305.3,08:01:47.397748330
9,2305.1,5,2305.3,08:01:48.403858700
9,2305.1,5,2305.3,08:01:49.397410812
9,2305.1,5,2305.3,08:01:49.474047235
9,2305.1,5,2305.3,08:01:49.510735551
9,2305.1,5,2305.3,08:01:49.510776083
9,2305.1,6,2305.3,08:01:51.198356646
12,2305.1,6,2305.3,08:01:52.616224394
1,2305.2,6,2305.3,08:01:52.616391623
1,2305.2,5,2305.3,08:01:52.616442255
2,2305.2,5,2305.3,08:01:52.616523798
2,2305.2,4,2305.3,08:01:52.616541457
2,2305.2,3,2305.3,08:01:52.616559777
2,2305.2,3,2305.3,08:01:52.616575825
2,2305.2,3,2305.3,08:01:52.616621381
2,2305.2,3,2305.3,08:01:52.616730862
2,2305.2,3,2305.3,08:01:52.616929323
3,2305.2,3,2305.3,08:01:52.617420165
4,2305.2,3,2305.3,08:01:52.617437196
4,2305.2,3,2305.3,08:01:52.617773459
4,2305.2,3,2305.3,08:01:52.617880447
5,2305.2,3,2305.3,08:01:52.667043929
5,2305.2,7,2305.4,08:01:52.667292625
5,2305.2,7,2305.4,08:01:52.667292625
1,2305.3,7,2305.4,08:01:52.667441220
2,2305.3,7,2305.4,08:01:52.667483733
2,2305.3,7,2305.4,08:01:52.667618846
3,2305.3,7,2305.4,08:01:52.667640120
3,2305.3,7,2305.4,08:01:52.667656811
3,2305.3,7,2305.4,08:01:52.667670687
3,2305.3,6,2305.4,08:01:52.667709427
3,2305.3,5,2305.4,08:01:52.667726835
3,2305.3,5,2305.4,08:01:52.667739953
3,2305.3,4,2305.4,08:01:52.667818902
4,2305.3,4,2305.4,08:01:52.667837746
4,2305.3,4,2305.4,08:01:52.667871088
4,2305.3,4,2305.4,08:01:52.667888669
4,2305.3,4,2305.4,08:01:52.667903841
4,2305.3,4,2305.4,08:01:52.667917246
4,2305.3,4,2305.4,08:01:52.667998041
4,2305.3,4,2305.4,08:01:52.668050025
4,2305.3,4,2305.4,08:01:52.668133682
1,2305.3,4,2305.4,08:01:52.668183168
1,2305.3,3,2305.4,08:01:52.668208254
1,2305.3,3,2305.4,08:01:52.668238730
1,2305.3,3,2305.4,08:01:52.668298620
1,2305.3,2,2305.4,08:01:52.668342256
1,2305.3,1,2305.4,08:01:52.668407419
6,2305.2,1,2305.4,08:01:52.668462777
6,2305.2,1,2305.4,08:01:52.668462777
6,2305.2,2,2305.4,08:01:52.668559217
6,2305.2,3,2305.4,08:01:52.668672276
6,2305.2,4,2305.4,08:01:52.668735093
1,2305.3,4,2305.4,08:01:52.668766971
1,2305.3,5,2305.4,08:01:52.668814317
1,2305.3,6,2305.4,08:01:52.668879067
1,2305.3,7,2305.4,08:01:52.668911896
1,2305.3,8,2305.4,08:01:52.668927203
1,2305.3,9,2305.4,08:01:52.668959373
1,2305.3,8,2305.4,08:01:52.669123610
1,2305.3,7,2305.4,08:01:52.669242834
6,2305.2,7,2305.4,08:01:52.669329358
6,2305.2,7,2305.4,08:01:52.669329358
6,2305.2,6,2305.4,08:01:52.669367522
6,2305.2,6,2305.4,08:01:52.669453741
6,2305.2,6,2305.4,08:01:52.678224253
7,2305.2,6,2305.4,08:01:52.678368564
1,2305.3,6,2305.4,08:01:52.678507603
1,2305.3,5,2305.4,08:01:52.678531588
1,2305.3,4,2305.4,08:01:52.678622451
1,2305.3,4,2305.4,08:01:52.678633622
1,2305.3,3,2305.4,08:01:52.678656464
1,2305.3,3,2305.4,08:01:52.685302754
2,2305.3,3,2305.4,08:01:52.685407518
2,2305.3,3,2305.4,08:01:52.685555930
3,2305.3,3,2305.4,08:01:52.685699892
3,2305.3,2,2305.4,08:01:52.685812617
3,2305.3,1,2305.4,08:01:52.686048337
3,2305.3,1,2305.4,08:01:52.717325808
3,2305.3,1,2305.4,08:01:52.779010151
7,2305.3,1,2305.4,08:01:53.363579435
8,2305.3,1,2305.4,08:01:53.363781932
8,2305.3,10,2305.5,08:01:53.778443188
8,2305.3,10,2305.5,08:01:53.778443188
8,2305.3,10,2305.5,08:01:53.778650703
8,2305.3,9,2305.5,08:01:53.778650703
9,2305.3,9,2305.5,08:01:53.778714342
9,2305.3,8,2305.5,08:01:53.778732545
9,2305.3,7,2305.5,08:01:53.778760874
1,2305.4,7,2305.5,08:01:53.778789178
1,2305.4,7,2305.5,08:01:53.778841471
1,2305.4,7,2305.5,08:01:53.778909268
1,2305.4,7,2305.5,08:01:53.778959199
2,2305.4,7,2305.5,08:01:53.778991567
2,2305.4,6,2305.5,08:01:53.779004976
2,2305.4,5,2305.5,08:01:53.779023888
2,2305.4,4,2305.5,08:01:53.779040829
2,2305.4,4,2305.5,08:01:53.779092869
2,2305.4,4,2305.5,08:01:53.779092869
2,2305.4,4,2305.5,08:01:53.779161654
2,2305.4,4,2305.5,08:01:53.779176077
2,2305.4,3,2305.5,08:01:53.779198986
2,2305.4,3,2305.5,08:01:53.779573979
2,2305.4,3,2305.5,08:01:53.779634991
2,2305.4,3,2305.5,08:01:53.779650259
2,2305.4,3,2305.5,08:01:53.779825020
2,2305.4,2,2305.5,08:01:53.779869252
2,2305.4,2,2305.5,08:01:53.779882174
2,2305.4,2,2305.5,08:01:53.779882174
3,2305.4,2,2305.5,08:01:53.780030183
4,2305.4,2,2305.5,08:01:53.780409234
5,2305.4,2,2305.5,08:01:53.780478109
5,2305.4,2,2305.5,08:01:53.780587116
5,2305.4,1,2305.5,08:01:53.780626099
5,2305.4,1,2305.5,08:01:53.780630160
5,2305.4,1,2305.5,08:01:53.780677335
5,2305.4,1,2305.5,08:01:53.786789462
5,2305.4,1,2305.5,08:01:53.788925217
5,2305.4,1,2305.5,08:01:53.829338910
5,2305.4,1,2305.5,08:01:54.251948609
5,2305.4,1,2305.5,08:01:54.251948609
5,2305.4,11,2305.6,08:01:54.776394321
5,2305.4,12,2305.6,08:01:54.776394321
5,2305.4,12,2305.6,08:01:54.776394321
5,2305.4,12,2305.6,08:01:54.776543370
5,2305.4,12,2305.6,08:01:54.776563140
5,2305.4,1,2305.5,08:01:54.776600206
5,2305.4,1,2305.5,08:01:54.776674611
5,2305.4,1,2305.5,08:01:54.776674611
5,2305.4,1,2305.5,08:01:54.776690432
5,2305.4,1,2305.5,08:01:54.776720758
5,2305.4,1,2305.5,08:01:54.776761530
6,2305.4,1,2305.5,08:01:54.777030749
6,2305.4,12,2305.6,08:01:54.777156115
6,2305.4,12,2305.6,08:01:54.777156115
6,2305.4,12,2305.6,08:01:54.813194242
6,2305.4,12,2305.6,08:01:54.813206412
6,2305.4,11,2305.6,08:01:55.383794719
6,2305.4,12,2305.6,08:01:55.383922716
6,2305.4,12,2305.6,08:01:56.711568193
6,2305.4,11,2305.6,08:01:56.776018969
6,2305.4,11,2305.6,08:01:56.776018969
8,2305.3,11,2305.6,08:01:56.857362037
6,2305.2,11,2305.6,08:01:56.857362037
6,2305.2,1,2305.3,08:01:56.857362037
6,2305.2,1,2305.3,08:01:56.857362037
6,2305.2,1,2305.3,08:01:56.857362037
6,2305.2,1,2305.3,08:01:56.857412825
6,2305.2,1,2305.3,08:01:56.857412825
6,2305.2,1,2305.3,08:01:56.857500612
6,2305.2,1,2305.3,08:01:56.858618757
6,2305.2,1,2305.3,08:01:56.858625541
6,2305.2,1,2305.3,08:01:56.858625541
6,2305.2,1,2305.3,08:01:56.859131595
6,2305.2,1,2305.3,08:01:56.859240154
6,2305.2,1,2305.3,08:01:56.859275471
6,2305.2,1,2305.3,08:01:56.859323762
6,2305.2,11,2305.5,08:01:56.859620988
6,2305.2,11,2305.5,08:01:56.859620988
6,2305.2,12,2305.5,08:01:56.860587173
7,2305.2,12,2305.5,08:01:56.860607082
7,2305.2,13,2305.5,08:01:56.860624182
6,2305.2,13,2305.5,08:01:56.860681272
6,2305.2,13,2305.5,08:01:56.860727823
5,2305.2,13,2305.5,08:01:56.860780112
5,2305.2,13,2305.5,08:01:56.860820961
5,2305.2,14,2305.5,08:01:56.860846235
5,2305.2,15,2305.5,08:01:56.860861979
5,2305.2,1,2305.4,08:01:56.860888578
5,2305.2,1,2305.4,08:01:56.860967671
5,2305.2,1,2305.4,08:01:56.860967671
5,2305.2,2,2305.4,08:01:56.861150100
5,2305.2,2,2305.4,08:01:56.861204050
5,2305.2,2,2305.4,08:01:56.861276804
1,2305.3,2,2305.4,08:01:56.861334664
2,2305.3,2,2305.4,08:01:56.861434566
3,2305.3,2,2305.4,08:01:56.861451389
3,2305.3,3,2305.4,08:01:56.861472257
3,2305.3,3,2305.4,08:01:56.861503912
4,2305.3,3,2305.4,08:01:56.861522658
4,2305.3,4,2305.4,08:01:56.861580313
4,2305.3,4,2305.4,08:01:56.861591842
4,2305.3,4,2305.4,08:01:56.861611279
4,2305.3,4,2305.4,08:01:56.861698146
4,2305.3,5,2305.4,08:01:56.861722566
4,2305.3,6,2305.4,08:01:56.861736403
3,2305.3,6,2305.4,08:01:56.861761037
3,2305.3,7,2305.4,08:01:56.861776666
3,2305.3,6,2305.4,08:01:56.861808981
3,2305.3,7,2305.4,08:01:56.861839384
3,2305.3,7,2305.4,08:01:56.861883107
3,2305.3,6,2305.4,08:01:56.861987503
3,2305.3,5,2305.4,08:01:56.862024709
3,2305.3,4,2305.4,08:01:56.862054877
3,2305.3,3,2305.4,08:01:56.862073184
3,2305.3,2,2305.4,08:01:56.862112932
4,2305.3,2,2305.4,08:01:56.862134433
4,2305.3,1,2305.4,08:01:56.862174712
3,2305.3,1,2305.4,08:01:56.862218656
6,2305.3,1,2305.4,08:01:56.862238157
5,2305.3,1,2305.4,08:01:56.862251764
6,2305.3,1,2305.4,08:01:56.862289028
6,2305.3,11,2305.5,08:01:56.862367878
6,2305.3,11,2305.5,08:01:56.862367878
6,2305.3,10,2305.5,08:01:56.862418740
6,2305.3,1,2305.4,08:01:56.862444583
6,2305.3,1,2305.4,08:01:56.862467618
6,2305.3,9,2305.5,08:01:56.862516960
6,2305.3,9,2305.5,08:01:56.862516960
6,2305.3,9,2305.5,08:01:56.862962789
5,2305.3,9,2305.5,08:01:56.862980370
6,2305.3,9,2305.5,08:01:56.863003993
5,2305.3,9,2305.5,08:01:56.863020867
5,2305.3,8,2305.5,08:01:56.863037831
6,2305.3,8,2305.5,08:01:56.863139180
7,2305.3,8,2305.5,08:01:56.863254431
7,2305.3,3,2305.5,08:01:56.944101078
1,2305.4,3,2305.5,08:01:56.944134848
2,2305.4,3,2305.5,08:01:56.944208549
2,2305.4,2,2305.5,08:01:56.944256800
3,2305.4,2,2305.5,08:01:56.944293559
4,2305.4,2,2305.5,08:01:56.944346782
5,2305.4,2,2305.5,08:01:56.944379487
5,2305.4,2,2305.5,08:01:56.944412921
6,2305.4,2,2305.5,08:01:56.944428682
6,2305.4,2,2305.5,08:01:56.944443581
6,2305.4,1,2305.5,08:01:56.944532204
7,2305.4,1,2305.5,08:01:56.944650949
7,2305.4,1,2305.5,08:01:56.944666562
7,2305.4,13,2305.6,08:01:56.944822555
7,2305.4,13,2305.6,08:01:56.944822555
7,2305.4,12,2305.6,08:01:56.944848837
7,2305.4,12,2305.6,08:01:56.944855743
7,2305.4,12,2305.6,08:01:56.945039891
7,2305.4,11,2305.6,08:01:56.945069267
6,2305.4,11,2305.6,08:01:56.945085892
5,2305.4,11,2305.6,08:01:56.945207501
5,2305.4,11,2305.6,08:01:56.945274590
5,2305.4,10,2305.6,08:01:56.945304674
4,2305.4,10,2305.6,08:01:56.945394666
5,2305.4,10,2305.6,08:01:56.945412007
5,2305.4,10,2305.6,08:01:56.945491225
5,2305.4,10,2305.6,08:01:56.945491225
5,2305.4,10,2305.6,08:01:56.953151085
5,2305.4,10,2305.6,08:01:56.959992611
6,2305.4,10,2305.6,08:01:56.960186788
6,2305.4,10,2305.6,08:01:57.040977179
7,2305.4,10,2305.6,08:01:57.086396186
8,2305.4,10,2305.6,08:01:58.748934017
1,2305.5,10,2305.6,08:01:58.748965275
1,2305.5,10,2305.6,08:01:58.749072182
2,2305.5,10,2305.6,08:01:58.749106442
2,2305.5,9,2305.6,08:01:58.749175292
2,2305.5,9,2305.6,08:01:58.749205542
2,2305.5,9,2305.6,08:01:58.749221300
2,2305.5,9,2305.6,08:01:58.749236663
2,2305.5,9,2305.6,08:01:58.749252682
2,2305.5,9,2305.6,08:01:58.749268072
2,2305.5,9,2305.6,08:01:58.749309461
2,2305.5,8,2305.6,08:01:58.749329859
2,2305.5,7,2305.6,08:01:58.749344486
3,2305.5,7,2305.6,08:01:58.749448168
3,2305.5,7,2305.6,08:01:58.749448168
3,2305.5,6,2305.6,08:01:58.749464844
4,2305.5,6,2305.6,08:01:58.749484383
4,2305.5,6,2305.6,08:01:58.749515360
4,2305.5,5,2305.6,08:01:58.749896846
4,2305.5,4,2305.6,08:01:58.749975379
3,2305.5,4,2305.6,08:01:58.750287398
4,2305.5,4,2305.6,08:01:58.751730092
4,2305.5,9,2305.7,08:01:58.753470342
4,2305.5,9,2305.7,08:01:58.753470342
4,2305.5,8,2305.7,08:01:58.753636613
4,2305.5,7,2305.7,08:01:58.753693249
5,2305.5,7,2305.7,08:01:58.753830013
5,2305.5,7,2305.7,08:01:58.753844932
5,2305.5,7,2305.7,08:01:58.753859297
5,2305.5,6,2305.7,08:01:58.753878142
1,2305.6,6,2305.7,08:01:58.754050295
1,2305.6,6,2305.7,08:01:58.754106527
1,2305.6,6,2305.7,08:01:58.754317543
1,2305.6,6,2305.7,08:01:58.754331389
1,2305.6,6,2305.7,08:01:58.754421350
