price,volume,timestamp
2305.4,1,08:00:00.032081793
2305.3,1,08:00:00.176778866
2305.2,3,08:00:00.191436915
2305.2,1,08:00:00.191780385
2305.2,4,08:00:00.191863592
2305.2,2,08:00:00.191923196
2305.2,1,08:00:00.192011132
2305.1,1,08:00:00.194385596
2305.1,1,08:00:00.256036509
2305.1,1,08:00:00.559997249
2305.1,1,08:00:00.560306196
2305.2,1,08:00:02.302894504
2305.2,2,08:00:02.303450733
2305.1,8,08:00:02.502417043
2305.1,1,08:00:02.503192060
2305.1,1,08:00:02.503615547
2305.2,1,08:00:03.602771366
2305.3,3,08:00:03.970103815
2305.3,3,08:00:05.006139562
2305.2,1,08:00:05.041574094
2305.2,8,08:00:05.041892910
2305.1,2,08:00:05.289029738
2305.1,2,08:00:05.290503225
2305.0,1,08:00:08.868499008
2305.0,1,08:00:08.903984802
2305.0,1,08:00:08.907037359
2305.1,1,08:00:09.124866769
2305.2,2,08:00:09.616285517
2305.3,4,08:00:10.933158609
2305.4,4,08:00:19.641393606
2305.4,2,08:00:23.092593757
2305.4,1,08:00:23.093774958
2305.4,2,08:00:23.185501039
2305.4,2,08:00:24.773108282
2305.4,2,08:00:25.021564165
2305.4,2,08:00:25.022219701
2305.4,5,08:00:25.022285665
2305.4,1,08:00:25.775043290
2305.4,2,08:00:31.066983871
2305.3,2,08:00:38.112321116
2305.3,4,08:00:38.112623986
2305.3,1,08:00:38.633872739
2305.4,1,08:00:43.165509847
2305.4,1,08:00:44.185593267
2305.5,2,08:00:46.205518502
2305.5,5,08:00:46.205797848
2305.6,2,08:00:46.569274322
2305.7,1,08:00:47.478530002
2305.7,1,08:00:48.269742640
2305.6,10,08:00:48.417714045
2305.6,3,08:00:48.418823379
2305.6,3,08:00:48.535564845
2305.7,1,08:00:51.062173911
2305.7,5,08:00:52.976967596
2305.7,1,08:00:52.977432364
2305.7,1,08:00:52.977634247
2305.7,1,08:00:52.977866983
2305.7,1,08:00:52.978266986
2305.7,1,08:00:52.978327877
2305.7,1,08:00:55.041686798
2305.6,1,08:00:57.866436319
2305.7,1,08:00:57.957649192
2305.5,1,08:00:58.530906242
2305.5,1,08:00:59.117339298
2305.6,1,08:00:59.235263911
2305.6,3,08:01:01.269276656
2305.6,1,08:01:02.519214409
2305.6,1,08:01:02.551662789
2305.7,1,08:01:02.872848924
2305.7,1,08:01:03.180609302
2305.7,1,08:01:05.947624693
2305.8,7,08:01:05.948120655
2305.8,1,08:01:05.948134834
2305.8,1,08:01:07.414992815
2305.8,1,08:01:07.415999043
2305.7,1,08:01:08.053576385
2305.6,2,08:01:08.526932259
2305.6,3,08:01:08.646443111
2305.6,2,08:01:08.646783335
2305.6,3,08:01:08.646923427
2305.5,5,08:01:08.647722231
2305.5,1,08:01:08.648057901
2305.5,1,08:01:08.751151592
2305.4,4,08:01:08.773138966
2305.3,1,08:01:10.263266737
2305.3,1,08:01:10.263974444
2305.4,1,08:01:10.494040298
2305.4,5,08:01:11.246733737
2305.3,1,08:01:11.248676938
2305.2,1,08:01:12.328543665
2305.2,1,08:01:16.241470736
2305.2,2,08:01:16.243137349
2305.2,1,08:01:17.815858974
2305.2,1,08:01:20.238961212
2305.2,1,08:01:20.894745953
2305.1,1,08:01:24.005074977
2305.1,1,08:01:26.584834425
2305.1,1,08:01:26.585090999
2305.0,1,08:01:28.355943327
2305.1,2,08:01:29.040223331
2305.1,2,08:01:30.411877470
2305.0,2,08:01:32.583038406
2305.0,1,08:01:34.022148894
2304.9,2,08:01:34.022593540
2304.9,1,08:01:34.022610708
2304.9,7,08:01:34.022771281
2304.9,2,08:01:34.022824181
2304.9,2,08:01:34.024505755
2305.0,20,08:01:34.223634348
2305.0,1,08:01:34.223974216
2305.0,3,08:01:34.224026112
2305.0,4,08:01:34.224228497
2305.0,2,08:01:35.005821625
2305.0,2,08:01:36.008814299
2305.0,1,08:01:38.342517105
2305.0,1,08:01:38.343785191
2305.1,3,08:01:39.384085151
2305.1,1,08:01:39.696700124
2305.1,2,08:01:41.225628220
2305.2,1,08:01:44.265555475
2305.2,3,08:01:45.285680945
2305.2,1,08:01:45.506988961
2305.3,3,08:01:52.667283653
2305.3,3,08:01:52.668154869
2305.4,1,08:01:53.778434222
2305.3,8,08:01:56.857351211
2305.4,6,08:01:56.857351211
2305.3,1,08:01:56.859612917
2305.5,5,08:01:56.944088332
2305.5,1,08:01:56.944505956
2305.5,1,08:01:56.944796005
2305.6,4,08:01:58.753461244
2305.6,1,08:01:58.754810327
2305.6,2,08:01:58.756101605
2305.6,1,08:01:58.788523843
2305.6,2,08:02:00.082456977
2305.7,1,08:02:01.626323065
2305.7,4,08:02:02.042038993
2305.7,1,08:02:02.042792074
2305.7,5,08:02:02.042899170
2305.7,1,08:02:02.043887242
2305.7,1,08:02:03.998332897
2305.6,3,08:02:09.477507450
2305.6,5,08:02:10.004146027
2305.7,1,08:02:10.079510392
2305.7,2,08:02:10.988100049
2305.8,1,08:02:11.149780209
2305.8,3,08:02:11.150046314
2305.9,3,08:02:12.444389543
2305.9,3,08:02:12.591766464
2305.9,1,08:02:19.501117584
2305.9,2,08:02:19.501387599
2305.9,3,08:02:19.737825814
2305.8,5,08:02:22.352098697
2305.8,1,08:02:24.031978445
2305.7,1,08:02:24.084392075
2305.7,1,08:02:24.084706347
2305.7,1,08:02:24.085109780
2305.7,2,08:02:24.085307381
2305.8,2,08:02:24.140295573
2306.0,1,08:02:26.756399837
2306.0,1,08:02:27.076274802
2306.1,1,08:02:27.258811255
2306.1,2,08:02:27.260661116
2306.1,1,08:02:29.402490214
2306.0,1,08:02:34.729207692
2306.1,1,08:02:37.060638047
2305.9,2,08:02:40.408839313
2306.0,1,08:02:40.830165748
2306.0,1,08:02:50.058162265
2305.9,2,08:02:54.049744966
2305.8,3,08:02:56.401537215
2305.8,3,08:02:56.401556720
2305.7,1,08:02:56.403646659
2305.6,1,08:02:56.537190483
2305.5,3,08:02:58.425169497
2305.5,2,08:02:58.437567654
2305.6,1,08:02:58.502736698
2305.6,1,08:03:01.588010824
2305.9,2,08:03:09.203251064
2305.8,1,08:03:09.209433108
2305.8,1,08:03:09.866491446
2305.8,1,08:03:11.488770639
2305.9,1,08:03:13.240906528
2305.8,1,08:03:13.424682225
2305.8,1,08:03:16.294766845
2305.9,4,08:03:17.468573465
2306.0,3,08:03:17.482983575
2305.9,1,08:03:17.483784519
2305.9,1,08:03:17.483856214
2305.9,1,08:03:17.484024029
2305.9,1,08:03:17.484782242
2305.9,2,08:03:19.192876771
2306.0,1,08:03:19.270876576
2306.0,1,08:03:23.302064856
2306.0,1,08:03:23.302460106
2306.0,1,08:03:23.302627834
2306.0,1,08:03:23.302995358
2306.0,1,08:03:23.388144599
2306.0,1,08:03:23.388384540
2306.0,1,08:03:23.388605165
2306.0,1,08:03:23.388869394
2306.0,1,08:03:24.722227070
2306.0,1,08:03:24.722302424
2306.0,1,08:03:24.722409522
2306.0,1,08:03:25.079106691
2306.0,1,08:03:25.167356904
2306.1,3,08:03:25.167859400
2306.1,3,08:03:25.168013367
2306.0,3,08:03:25.168516917
2306.1,2,08:03:25.169774431
2306.1,1,08:03:25.170049726
2306.2,1,08:03:31.106384512
2306.3,2,08:03:31.159059916
2306.4,1,08:03:31.159073186
2306.3,1,08:03:31.160908308
2306.3,1,08:03:31.161284487
2306.3,1,08:03:31.479032519
2306.2,1,08:03:32.113600800
2306.2,2,08:03:32.113653476
2306.2,2,08:03:32.113735334
2306.2,1,08:03:32.537723654
2306.2,1,08:03:32.539649795
2306.4,4,08:03:34.406420116
2306.4,2,08:03:34.406660073
2306.6,8,08:03:39.616087383
2306.7,8,08:03:39.616087383
2306.8,21,08:03:39.616087383
2306.8,1,08:03:39.616104955
2306.6,1,08:03:39.630306335
2306.5,1,08:03:39.642278413
2306.6,5,08:03:39.950726507
2306.6,2,08:03:40.699813299
2306.6,1,08:03:41.205784969
2306.6,1,08:03:41.286882582
2306.6,1,08:03:41.287289548
2306.6,1,08:03:41.998170109
2306.7,4,08:03:43.557848650
2306.8,2,08:03:43.579979703
2306.8,4,08:03:43.580015722
2306.8,1,08:03:43.580173942
2306.8,1,08:03:43.580257480
2306.8,9,08:03:43.580301831
2306.9,2,08:03:43.747431158
2306.9,1,08:03:44.586814695
2306.8,1,08:03:45.313914821
2306.8,1,08:03:46.037058810
2306.8,1,08:03:46.037350602
2306.8,1,08:03:46.637088720
2306.8,1,08:03:49.813698362
2306.7,5,08:03:50.183354754
2306.7,2,08:03:53.274012235
2306.7,2,08:03:53.274055666
2306.7,1,08:03:53.357311257
2306.7,1,08:03:53.360485068
2306.6,1,08:03:54.531444106
2306.7,1,08:03:58.235451500
2306.7,1,08:04:05.071896963
2306.7,1,08:04:08.565353128
2306.8,2,08:04:08.839958124
2306.7,1,08:04:09.148585781
2306.8,1,08:04:10.426198989
2306.8,1,08:04:12.415789625
2306.8,3,08:04:15.055889514
2306.9,3,08:04:15.434680050
2306.9,2,08:04:15.434987609
2306.9,2,08:04:16.071595686
2306.8,3,08:04:16.071595686
2306.8,4,08:04:16.072231446
2306.7,4,08:04:20.935185198
2306.7,1,08:04:20.935887273
2306.7,1,08:04:20.937144489
2306.7,1,08:04:21.186362821
2306.9,1,08:04:22.955940232
2306.8,1,08:04:35.193785548
2306.9,2,08:04:38.341964444
2306.8,8,08:04:43.221120202
2306.7,4,08:04:43.295106745
2306.6,1,08:04:47.666520272
2306.5,1,08:04:52.896173498
2306.5,2,08:04:52.896465241
2306.5,1,08:04:52.897027764
2306.5,1,08:04:52.897431216
2306.5,1,08:04:55.093083513
2306.5,1,08:04:55.093589264
2306.4,3,08:04:55.434965669
2306.5,2,08:04:55.435702715
2306.6,1,08:04:55.467919684
2306.6,1,08:04:56.444808263
2306.6,1,08:04:56.444977201
2306.5,1,08:05:01.459553065
2306.5,2,08:05:01.472137603
2306.4,3,08:05:07.765833269
2306.3,1,08:05:10.868876276
2306.3,1,08:05:15.559414340
2306.2,3,08:05:21.153133927
2306.3,3,08:05:23.417653585
2306.3,1,08:05:23.418360240
2306.2,1,08:05:23.813490575
2306.2,1,08:05:26.293109354
2306.1,1,08:05:26.310125025
2306.0,2,08:05:26.789618857
2305.9,1,08:05:26.789630010
2306.0,2,08:05:26.790388630
2305.9,1,08:05:27.124563691
2306.0,1,08:05:30.747538996
2306.0,1,08:05:30.747823431
2305.9,3,08:05:35.553152296
2305.9,2,08:05:35.553250643
2305.9,1,08:05:35.555244575
2305.9,1,08:05:35.555617154
2305.9,1,08:05:35.555904559
2305.9,2,08:05:38.098918390
2305.9,1,08:05:38.099331782
2305.9,1,08:05:42.137671034
2305.9,1,08:05:42.137937036
2306.0,8,08:05:44.456120202
2306.0,3,08:05:44.456193457
2306.0,1,08:05:44.456394883
2305.8,1,08:05:51.632534536
2305.8,1,08:05:51.632850615
2305.8,1,08:05:51.632900840
2305.8,1,08:05:51.734358653
2305.8,1,08:05:56.154025659
2305.8,1,08:06:00.672611294
2305.7,5,08:06:00.750442030
2305.7,1,08:06:00.752427958
2305.8,1,08:06:02.343636145
2305.8,2,08:06:02.344065511
2305.9,1,08:06:02.346883109
2306.0,2,08:06:04.495155766
2306.0,2,08:06:04.869465866
2306.0,1,08:06:04.870249613
2306.1,2,08:06:08.084508105
2306.1,1,08:06:08.085558750
2306.1,2,08:06:08.085645162
2306.1,2,08:06:08.085704110
2306.2,1,08:06:14.756714705
2306.2,1,08:06:17.874447014
2306.2,1,08:06:17.874483101
2306.1,1,08:06:19.694046212
2306.0,3,08:06:20.921996239
2306.0,2,08:06:20.922350438
2306.0,1,08:06:20.922403223
2306.0,4,08:06:20.922682730
2306.0,1,08:06:20.922899199
2306.0,1,08:06:20.923029646
2306.0,1,08:06:20.923452973
2306.1,2,08:06:20.923571685
2306.1,2,08:06:20.924554941
2306.2,1,08:06:21.509555511
2306.1,1,08:06:23.937159249
2305.9,5,08:06:23.979836616
2305.9,1,08:06:25.105583399
2306.0,4,08:06:25.106080192
2306.0,1,08:06:25.106128119
2305.9,1,08:06:25.773394821
2305.8,2,08:06:25.774021896
2305.9,1,08:06:25.774021896
2305.8,3,08:06:25.786236021
2305.8,1,08:06:25.786284063
2305.6,3,08:06:25.787546504
2305.7,2,08:06:25.787546504
2305.6,2,08:06:25.787554473
2305.6,2,08:06:25.787561555
2305.6,1,08:06:25.788862358
2305.7,1,08:06:25.792629484
2305.7,1,08:06:26.052263386
2305.8,1,08:06:27.103425466
2305.8,1,08:06:27.107183135
2305.8,3,08:06:27.972219196
2305.8,1,08:06:27.973133420
2305.7,1,08:06:28.000440408
2305.7,2,08:06:28.068368938
2305.7,1,08:06:28.226829435
2305.7,1,08:06:28.238592340
2305.7,1,08:06:28.271734425
2305.7,1,08:06:28.271954603
2305.6,2,08:06:28.278777661
2305.6,3,08:06:28.473220583
2305.6,1,08:06:28.474619763
2305.6,1,08:06:28.706240747
2305.5,6,08:06:30.014755934
2305.5,3,08:06:30.599932915
2305.5,1,08:06:30.600373445
2305.5,2,08:06:30.601303963
2305.5,1,08:06:30.608234675
2305.4,1,08:06:30.609247248
2305.4,1,08:06:30.609504736
2305.4,1,08:06:30.610082677
2305.4,3,08:06:30.642670094
2305.3,1,08:06:30.656012799
2305.4,1,08:06:30.752357438
2305.3,1,08:06:30.902993842
2305.3,1,08:06:30.903048256
2305.2,1,08:06:30.907942384
2305.3,1,08:06:30.908015175
2305.3,1,08:06:31.084551720
2305.4,4,08:06:31.084551720
2305.4,1,08:06:31.084583734
2305.4,1,08:06:31.084615408
2305.5,3,08:06:32.414438536
2305.3,4,08:06:34.097483109
2305.2,1,08:06:34.590009720
2305.2,1,08:06:34.625107770
2305.4,5,08:06:34.666397359
2305.4,2,08:06:35.175567801
2305.4,1,08:06:35.177373937
2305.4,1,08:06:35.179910749
2305.4,1,08:06:35.180424670
2305.3,1,08:06:35.180903096
2305.3,1,08:06:35.185638244
2305.3,2,08:06:36.709940315
2305.3,1,08:06:36.763928966
2305.4,2,08:06:36.763928966
2305.4,1,08:06:36.764511525
2305.4,1,08:06:36.765289937
2305.3,1,08:06:36.768907248
2305.3,3,08:06:36.769502162
2305.3,1,08:06:36.769947218
2305.2,1,08:06:36.770111711
2305.3,1,08:06:36.771736182
2305.4,2,08:06:37.943009042
2305.4,1,08:06:37.943944149
2305.3,1,08:06:38.967405139
2305.2,1,08:06:38.980530148
2305.2,3,08:06:39.623035694
2305.2,3,08:06:40.299775108
2305.3,2,08:06:40.822057500
2305.4,5,08:06:41.225729083
2305.4,1,08:06:41.445280545
2305.4,3,08:06:41.622431551
2305.4,1,08:06:41.622689845
2305.3,1,08:06:42.133937780
2305.3,1,08:06:42.306915213
2305.3,2,08:06:43.470431323
2305.2,1,08:06:43.513659742
2305.2,3,08:06:43.513762349
2305.2,3,08:06:43.513791284
2305.3,1,08:06:43.515066058
2305.3,2,08:06:44.351425394
2305.3,1,08:06:44.351818141
2305.2,1,08:06:44.356648759
2305.3,2,08:06:44.356648759
2305.3,1,08:06:45.231482533
2305.3,3,08:06:45.231530249
2305.2,3,08:06:45.231651627
2305.3,2,08:06:46.055186393
2305.3,1,08:06:46.055512706
2305.2,3,08:06:46.060462258
2305.3,1,08:06:46.292741408
2305.4,3,08:06:46.877075599
2305.5,2,08:06:47.494995276
2305.4,2,08:06:47.528778945
2305.4,1,08:06:48.050303526
2305.4,1,08:06:49.662520191
2305.4,1,08:06:49.662748139
2305.5,1,08:06:49.677692162
2305.5,3,08:06:49.926211007
2305.5,1,08:06:50.172418454
2305.5,1,08:06:50.176165601
2305.4,2,08:06:50.269259450
2305.4,1,08:06:50.270657478
2305.4,1,08:06:50.270812210
2305.3,2,08:06:50.270812210
2305.4,1,08:06:50.271517805
2305.4,2,08:06:50.457726090
2305.4,1,08:06:50.464248001
2305.3,1,08:06:50.464248001
2305.5,1,08:06:51.937178176
2305.5,2,08:06:52.341158033
2305.4,1,08:06:52.344998885
2305.5,1,08:06:52.346196966
2305.4,3,08:06:52.372941882
2305.5,1,08:06:52.378318698
2305.4,2,08:06:52.460539639
2305.4,2,08:06:52.511576374
2305.4,1,08:06:52.518089287
2305.3,1,08:06:52.518089287
2305.3,1,08:06:53.046706032
2305.5,1,08:06:54.005790390
2305.6,1,08:06:55.127081615
2305.6,1,08:06:55.127573241
2305.4,1,08:06:57.787540435
2305.3,1,08:06:57.823442168
2305.3,1,08:06:57.855597904
2305.2,1,08:06:57.879695352
2305.3,1,08:06:57.881085694
2305.2,1,08:06:58.139553860
2305.2,1,08:06:58.162712310
2305.4,1,08:06:59.244773570
2305.5,4,08:06:59.448343650
2305.5,3,08:06:59.599891436
2305.5,1,08:06:59.599998552
2305.4,1,08:06:59.662494109
2305.4,1,08:06:59.950101947
2305.5,1,08:07:00.193734583
2305.5,1,08:07:00.194102926
2305.6,4,08:07:00.386855851
2305.7,4,08:07:00.386855851
2305.7,1,08:07:00.389602959
2305.7,1,08:07:00.459257972
2305.7,1,08:07:01.199386075
2305.7,1,08:07:01.199459859
2305.6,1,08:07:01.258991197
2305.6,1,08:07:01.262500836
2305.5,1,08:07:01.266488775
2305.6,1,08:07:01.268417275
2305.7,1,08:07:02.165492200
2305.7,1,08:07:02.938150124
2305.7,1,08:07:02.938248022
2305.6,1,08:07:03.273669229
2305.6,1,08:07:03.276466950
2305.6,1,08:07:03.276722008
2305.6,1,08:07:03.277050693
2305.5,1,08:07:03.278863017
2305.5,1,08:07:03.560691630
2305.5,2,08:07:03.563582991
2305.5,2,08:07:03.563937040
2305.5,1,08:07:03.564679506
2305.6,1,08:07:04.451019961
2305.6,1,08:07:04.528643863
2305.5,1,08:07:04.622477364
2305.5,1,08:07:04.656810782
2305.5,1,08:07:04.666714011
2305.4,1,08:07:04.734167695
2305.3,1,08:07:06.466594277
2305.2,1,08:07:06.510404382
2305.1,1,08:07:06.511234766
2305.1,2,08:07:06.534287922
2305.1,1,08:07:06.562212625
2305.1,1,08:07:06.648217720
2305.2,1,08:07:07.613854264
2305.3,2,08:07:07.678038513
2305.4,4,08:07:07.678705793
2305.5,5,08:07:07.816596819
2305.5,2,08:07:07.816916061
2305.5,1,08:07:07.817017900
2305.5,1,08:07:07.817087146
2305.5,1,08:07:08.144668678
2305.5,1,08:07:08.260569440
2305.5,1,08:07:08.260748221
2305.5,4,08:07:08.260816746
2305.5,1,08:07:08.526521180
2305.6,1,08:07:08.526521180
2305.5,1,08:07:08.542568316
2305.6,3,08:07:08.736442477
2305.6,1,08:07:09.877701995
2305.6,2,08:07:09.877965444
2305.6,1,08:07:09.878034255
2305.5,2,08:07:09.882728215
2305.5,1,08:07:09.883527892
2305.6,7,08:07:10.081979097
2305.6,2,08:07:10.082480209
2305.7,2,08:07:10.924799966
2305.6,1,08:07:11.787254025
2305.6,2,08:07:11.924030169
2305.6,1,08:07:11.924065338
2305.5,1,08:07:11.928419137
2305.5,1,08:07:11.941104768
2305.5,1,08:07:13.927167464
2305.4,1,08:07:13.927274492
2305.5,2,08:07:13.927274492
2305.6,4,08:07:14.890030679
2305.6,1,08:07:14.890301505
2305.7,1,08:07:15.003860132
2305.6,1,08:07:15.813228114
2305.7,2,08:07:15.813795319
2305.8,3,08:07:15.815068304
2305.9,1,08:07:15.963611815
2306.0,1,08:07:16.077011808
2306.0,2,08:07:16.136435965
2306.0,1,08:07:16.136873845
2305.9,2,08:07:17.303056971
2305.9,3,08:07:17.304044913
2305.9,1,08:07:17.304861800
2305.8,1,08:07:17.861917113
2305.9,1,08:07:17.863559652
2305.9,2,08:07:17.863814617
2305.8,3,08:07:18.416021977
2305.8,1,08:07:18.769762455
2305.8,2,08:07:18.769822151
2305.8,1,08:07:18.769858847
2305.8,1,08:07:18.770108721
2305.7,1,08:07:19.329791495
2305.8,1,08:07:19.438010317
2305.7,2,08:07:20.076349076
2305.7,3,08:07:21.175167335
2305.6,3,08:07:23.835281425
2305.7,2,08:07:23.835866420
2305.6,3,08:07:24.359943155
2305.6,2,08:07:24.794817447
2305.6,1,08:07:24.797682016
2305.6,1,08:07:24.943734335
2305.7,1,08:07:27.517186968
2305.9,1,08:07:29.177583356
2305.9,7,08:07:36.891752798
2305.9,13,08:07:36.892498890
2305.9,1,08:07:36.894635397
2306.0,2,08:07:36.894923986
2306.0,1,08:07:36.895979642
2306.0,1,08:07:36.896557810
2305.9,1,08:07:36.905534701
2306.0,1,08:07:36.906007690
2305.9,1,08:07:36.910349876
2306.1,2,08:07:41.973554980
2306.1,6,08:07:45.913355788
2306.1,2,08:07:45.914592466
2306.2,1,08:07:45.916054182
2306.1,1,08:07:46.760451493
2306.3,1,08:07:55.322696609
2306.4,1,08:07:57.345562685
2306.5,2,08:07:57.597148361
2306.5,1,08:07:57.597670486
2306.5,3,08:07:59.301812168
2306.6,1,08:07:59.952635501
2306.5,4,08:08:01.064225692
2306.5,4,08:08:01.991451862
2306.5,1,08:08:01.992048354
2306.4,1,08:08:02.005086375
2306.4,1,08:08:02.008104901
2306.4,6,08:08:09.844819381
2306.4,1,08:08:09.845380273
2306.4,1,08:08:09.864375864
2306.4,1,08:08:09.963080608
2306.5,1,08:08:17.314904472
2306.5,2,08:08:19.638245225
2306.5,1,08:08:19.638871446
2306.5,1,08:08:21.481213464
2306.5,2,08:08:21.650258016
2306.4,1,08:08:25.019651885
2306.4,3,08:08:25.019905025
2306.3,1,08:08:25.160472669
2306.2,1,08:08:25.169606968
2306.2,1,08:08:25.665829543
2306.0,1,08:08:26.467547120
2306.3,1,08:08:29.191619920
2306.4,1,08:08:31.819806596
2306.2,8,08:08:35.301984872
2306.1,1,08:08:35.301984872
2306.3,1,08:08:35.301984872
2306.2,1,08:08:35.725969947
2306.2,3,08:08:38.455318380
2306.2,1,08:08:39.717113992
2306.5,3,08:08:39.723339217
2306.2,2,08:08:39.723339217
2306.3,5,08:08:39.723339217
2306.4,15,08:08:39.723339217
2306.4,1,08:08:39.778594388
2306.4,1,08:08:39.779345347
2306.3,2,08:08:39.791180666
2306.4,1,08:08:40.410984620
2306.3,1,08:08:41.359649421
2306.4,5,08:08:43.056684909
2306.4,2,08:08:43.057314174
2306.4,1,08:08:43.073702925
2306.3,1,08:08:43.096975087
2306.3,3,08:08:46.302688580
2306.3,1,08:08:46.303446020
2306.3,1,08:08:49.388664060
2306.1,3,08:08:51.327478898
2306.2,1,08:08:54.154668149
2306.1,1,08:08:54.154668149
2306.2,1,08:08:56.654476115
2306.2,1,08:08:56.655177604
2306.2,1,08:08:56.656576692
2306.2,1,08:08:59.302948103
2306.1,1,08:08:59.955098625
2306.3,1,08:09:03.748991505
2306.3,2,08:09:03.749358335
2306.3,1,08:09:04.225204411
2306.4,3,08:09:09.254634363
2306.5,1,08:09:13.880628876
2306.6,1,08:09:20.112840782
2306.6,3,08:09:20.113499598
2306.6,1,08:09:20.113551353
2306.6,1,08:09:20.133481603
2306.6,1,08:09:22.411356603
2306.6,1,08:09:22.411499352
2306.6,1,08:09:22.412564922
2306.7,2,08:09:22.637014106
2306.8,4,08:09:23.829439233
2306.8,2,08:09:24.551151951
2306.8,1,08:09:27.626574005
2306.7,1,08:09:30.339912519
2306.5,1,08:09:31.652654214
2306.7,2,08:09:34.088980065
2306.6,1,08:09:34.618930528
2306.5,2,08:09:36.397264768
2306.5,1,08:09:36.398235869
2306.8,2,08:09:44.267965017
2306.9,1,08:09:44.772854718
2306.9,4,08:09:47.433329770
2306.8,4,08:09:47.434138583
2306.8,4,08:09:47.434382819
2306.8,1,08:09:47.435236734
2306.8,1,08:09:47.435693476
2306.8,1,08:09:47.452155353
2306.7,1,08:09:48.853722740
2306.7,5,08:09:48.854032023
2306.6,2,08:09:49.123898086
2306.6,3,08:09:49.124140405
2306.5,4,08:09:50.944439031
2306.4,3,08:09:51.133934755
2306.5,1,08:09:51.710894762
2306.5,3,08:09:52.139802548
2306.5,1,08:09:52.466603491
2306.5,1,08:09:52.467004699
2306.6,1,08:09:52.980015921
2306.5,1,08:09:53.595302333
2306.5,1,08:09:54.021849765
2306.5,1,08:09:56.927034300
2306.6,1,08:09:58.756680337
2306.4,3,08:09:58.833813377
2306.5,1,08:09:59.825098591
2306.6,1,08:10:02.192408705
2306.6,4,08:10:03.317586361
2306.7,2,08:10:03.557805321
2306.8,3,08:10:03.563963308
2306.8,1,08:10:03.566024505
2306.8,1,08:10:03.763104144
2306.8,1,08:10:03.763233116
2307.0,8,08:10:04.378221960
2307.1,1,08:10:04.378221960
2306.9,16,08:10:04.378221960
2307.0,1,08:10:04.625042601
2306.9,5,08:10:05.705739770
2306.8,1,08:10:05.722995157
2306.9,1,08:10:05.818194236
2306.9,1,08:10:08.014711985
2306.8,4,08:10:08.151512833
2306.9,1,08:10:08.153007673
2306.8,2,08:10:09.689408211
2306.8,1,08:10:09.689798980
2306.8,1,08:10:09.689992298
2306.9,1,08:10:13.763723513
2306.8,1,08:10:14.147705188
2307.0,1,08:10:14.496373576
2307.1,1,08:10:14.862324980
2306.9,3,08:10:22.469615726
2306.9,1,08:10:22.485646309
2307.0,1,08:10:26.405564364
2307.0,2,08:10:28.794176794
2306.9,5,08:10:28.794176794
2306.9,1,08:10:28.797737695
2306.9,2,08:10:28.799649321
2306.9,3,08:10:28.799678322
2306.9,3,08:10:28.799755997
2306.9,1,08:10:28.799819753
2306.9,1,08:10:28.800455260
2306.9,1,08:10:28.810330867
2306.9,1,08:10:28.810757544
2307.0,1,08:10:28.909463753
2307.1,2,08:10:32.936424351
2307.1,1,08:10:38.645951742
2307.0,1,08:10:40.169739843
2307.0,3,08:10:41.010455764
2307.1,4,08:10:42.017785708
2307.1,1,08:10:42.265632550
2307.1,3,08:10:42.265867566
2307.1,1,08:10:42.265899195
2307.1,1,08:10:42.266234821
2307.0,1,08:10:42.803597761
2307.4,9,08:10:44.425903755
2307.5,4,08:10:44.425903755
2307.3,8,08:10:44.425903755
2307.2,9,08:10:44.425903755
2307.5,3,08:10:44.425921736
2307.5,2,08:10:44.425921736
2307.4,1,08:10:44.433200977
2307.4,2,08:10:44.434833321
2307.4,1,08:10:44.450614707
2307.3,1,08:10:44.458591085
2307.3,1,08:10:44.465945544
2307.3,1,08:10:44.484669207
2307.2,1,08:10:44.503682608
2307.1,1,08:10:49.176653032
2307.1,2,08:10:49.788153168
2307.1,1,08:10:50.600483496
2307.1,5,08:10:50.779413675
2307.0,1,08:10:50.781863994
2307.0,2,08:10:50.782375239
2307.0,1,08:10:51.452418971
2307.0,1,08:10:51.452590168
2307.1,1,08:10:53.373535917
2307.2,5,08:10:53.860182607
2307.2,1,08:10:53.860903988
2307.2,1,08:10:55.145709362
2307.3,1,08:10:59.547695755
2307.3,1,08:10:59.762342226
2307.3,1,08:10:59.974250957
2307.3,5,08:11:03.409495756
2307.3,1,08:11:03.427218968
2307.3,3,08:11:08.805565110
2307.3,1,08:11:11.407557717
2307.3,2,08:11:11.975756995
2307.3,1,08:11:11.976564787
2307.3,1,08:11:11.977133848
2307.2,1,08:11:14.056250930
2307.4,4,08:11:15.279243707
2307.3,1,08:11:15.317912823
2307.3,2,08:11:15.318793161
2307.3,1,08:11:15.318859994
2307.3,1,08:11:18.057377602
2307.4,1,08:11:18.966292120
2307.4,1,08:11:19.028682401
2307.6,7,08:11:20.984145479
2307.8,7,08:11:20.984145479
2307.7,12,08:11:20.984145479
2307.5,8,08:11:20.984145479
2307.8,2,08:11:20.985376976
2307.8,6,08:11:20.985434910
2307.8,1,08:11:20.985492265
2307.8,4,08:11:20.985609823
2307.8,3,08:11:20.985641580
2307.7,1,08:11:20.988663071
2307.7,1,08:11:20.988722525
2307.7,1,08:11:20.988782075
2307.6,5,08:11:20.990545643
2307.6,1,08:11:20.991969884
2307.5,1,08:11:21.007500004
2307.5,1,08:11:21.035693954
2307.6,1,08:11:21.051612598
2307.4,1,08:11:21.098177715
2307.4,5,08:11:21.098514796
2307.3,3,08:11:21.099267618
2307.3,1,08:11:21.100722710
2307.4,1,08:11:21.105883528
2307.3,1,08:11:21.106083724
2307.3,1,08:11:21.106233717
2307.5,3,08:11:23.041712738
2307.5,1,08:11:23.042521635
2307.4,1,08:11:24.990139524
2307.4,9,08:11:24.990932382
2307.4,2,08:11:24.990986780
2307.4,2,08:11:24.991020729
2307.4,1,08:11:24.991213296
2307.4,8,08:11:24.991587530
2307.5,1,08:11:24.991607893
2307.5,2,08:11:24.991708538
2307.4,1,08:11:24.991742980
2307.4,6,08:11:24.991769544
2307.5,1,08:11:24.992710369
2307.6,2,08:11:25.621178469
2307.7,5,08:11:25.621178469
2307.6,1,08:11:25.621778418
2307.6,1,08:11:26.671077138
2307.6,1,08:11:27.424525467
2307.5,6,08:11:28.501041489
2307.5,1,08:11:28.717704698
2307.5,1,08:11:29.234488715
2307.6,2,08:11:31.182490928
2307.6,1,08:11:31.183129424
2307.6,1,08:11:31.183452932
2308.9,8,08:11:32.942216364
2308.5,8,08:11:32.942216364
2309.0,65,08:11:32.942216364
2307.8,9,08:11:32.942216364
2308.7,2,08:11:32.942216364
2308.2,6,08:11:32.942216364
2308.4,9,08:11:32.942216364
2307.9,10,08:11:32.942216364
2308.3,6,08:11:32.942216364
2308.1,8,08:11:32.942216364
2309.1,22,08:11:32.942216364
2308.6,8,08:11:32.942216364
2308.0,15,08:11:32.942216364
2308.8,23,08:11:32.942216364
2307.7,1,08:11:32.942216364
2309.1,1,08:11:32.943136812
2309.2,1,08:11:32.943147739
2309.1,1,08:11:32.943147739
2309.2,4,08:11:32.943147739
2309.2,1,08:11:32.943155503
2307.9,1,08:11:32.947532148
2307.9,1,08:11:32.947588332
2308.5,1,08:11:32.947701611
2308.4,1,08:11:32.948150839
2308.4,1,08:11:32.950103137
2308.4,2,08:11:32.952402179
2308.4,1,08:11:32.952882931
2308.4,1,08:11:32.953329903
2308.4,1,08:11:32.953873214
2308.5,1,08:11:32.953990358
2308.2,6,08:11:32.955724815
2308.3,4,08:11:32.955724815
2308.4,5,08:11:32.955724815
2308.5,1,08:11:32.956684768
2308.4,2,08:11:32.956769240
2308.3,1,08:11:32.956824764
2308.3,1,08:11:32.956905195
2308.3,1,08:11:32.957791023
2308.4,1,08:11:32.958158029
2308.4,1,08:11:32.959632497
2308.4,1,08:11:32.960594523
2308.4,1,08:11:32.960656137
2308.3,1,08:11:32.961199719
2308.4,1,08:11:32.961264575
2308.4,1,08:11:32.961728527
2308.3,1,08:11:32.961882866
2308.4,1,08:11:32.961882866
2308.5,1,08:11:32.962506815
2308.3,1,08:11:32.963486886
2308.3,1,08:11:32.963556500
2308.3,1,08:11:32.965255516
2308.3,1,08:11:32.965642542
2308.4,1,08:11:32.965824133
2308.4,1,08:11:32.965855656
2308.2,2,08:11:32.967242030
2308.2,1,08:11:32.967646605
2308.2,1,08:11:32.967682890
2308.3,1,08:11:32.968516395
2308.3,1,08:11:32.968730396
2308.2,2,08:11:32.969711232
2308.3,2,08:11:32.975247151
2308.4,4,08:11:32.979434704
2308.2,1,08:11:32.982804907
2308.2,1,08:11:32.983158277
2308.2,1,08:11:32.983286564
2308.2,1,08:11:32.996279079
2308.3,2,08:11:32.997343357
2308.3,1,08:11:33.007162553
2308.3,1,08:11:33.008150614
2308.3,1,08:11:33.017575809
2308.4,1,08:11:33.017575809
2308.2,2,08:11:33.018388718
2308.2,1,08:11:33.019054252
2308.3,2,08:11:33.039523563
2308.3,1,08:11:33.039820804
2308.4,2,08:11:33.059456541
2308.2,3,08:11:33.069108071
2308.1,5,08:11:33.069108071
2308.0,1,08:11:33.069108071
2308.3,1,08:11:33.083596403
2308.2,1,08:11:33.085403681
2308.1,1,08:11:33.085403681
2308.3,1,08:11:33.132481762
2308.3,1,08:11:33.136081057
2308.2,1,08:11:33.136439103
2308.2,1,08:11:33.136668925
2308.3,1,08:11:33.137117596
2308.2,1,08:11:33.190724670
2308.2,1,08:11:33.191235387
2308.2,1,08:11:33.191634495
2308.2,1,08:11:33.199181656
2308.3,1,08:11:33.205774144
2308.3,1,08:11:33.287684610
2308.3,1,08:11:33.291347697
2308.2,5,08:11:33.501841701
2308.3,4,08:11:33.548099600
2308.3,1,08:11:33.685223985
2308.3,1,08:11:33.685430750
2308.3,1,08:11:33.685805766
2308.3,1,08:11:34.600356427
2308.3,1,08:11:34.605580494
2308.3,1,08:11:35.327357520
2308.2,3,08:11:35.327722345
2308.2,1,08:11:35.328373687
2308.2,1,08:11:35.328656499
2308.1,5,08:11:36.997037812
2308.1,1,08:11:36.997405609
2308.1,1,08:11:36.997779898
2308.0,3,08:11:36.998023230
2308.0,1,08:11:36.998307134
2308.1,6,08:11:36.998307134
2308.1,3,08:11:36.998383725
2308.1,1,08:11:36.998401386
2308.1,1,08:11:36.998457621
2308.1,1,08:11:36.998489227
2308.1,2,08:11:37.000553339
2308.1,5,08:11:37.012193673
2308.0,3,08:11:37.012193673
2308.0,1,08:11:37.829927864
2308.0,1,08:11:38.151606398
2307.9,1,08:11:39.499104825
2308.0,1,08:11:39.499104825
2307.9,3,08:11:39.500092215
2307.9,1,08:11:41.166059847
2308.0,1,08:11:41.503828558
2308.0,1,08:11:41.504148186
2308.0,3,08:11:41.516588401
2307.9,1,08:11:43.164313897
2307.9,2,08:11:43.165173546
2307.9,1,08:11:43.234935845
2308.0,3,08:11:43.239862699
2308.1,2,08:11:43.239862699
2308.1,1,08:11:44.614569911
2308.1,1,08:11:44.615210965
2308.1,1,08:11:45.028632930
2308.1,1,08:11:50.607656606
2308.1,1,08:11:50.626538853
2308.1,3,08:11:50.626800826
2308.0,2,08:11:51.972813197
2308.1,1,08:11:52.635752915
2308.1,1,08:11:52.999541098
2308.1,1,08:11:53.409365082
2308.0,1,08:11:55.877769062
2308.0,6,08:12:00.086141107
2307.9,1,08:12:00.100741197
2307.9,3,08:12:00.101044524
2307.9,13,08:12:02.323987973
2307.9,1,08:12:02.324271095
2308.0,5,08:12:03.063579142
2307.9,1,08:12:03.072271609
2308.1,4,08:12:03.384698486
2308.0,2,08:12:03.384698486
2308.1,3,08:12:03.385362544
2308.1,2,08:12:03.385421141
2308.1,4,08:12:03.385577975
2308.1,1,08:12:03.385648136
2308.0,2,08:12:03.386614099
2307.9,1,08:12:05.325641771
2307.9,2,08:12:05.325827195
2307.9,2,08:12:05.326050160
2307.9,3,08:12:06.325657966
2307.9,1,08:12:06.325900233
2307.9,4,08:12:06.716884892
2307.8,6,08:12:06.716884892
2307.7,51,08:12:06.716884892
2307.7,2,08:12:06.717899770
2307.6,3,08:12:06.718204278
2307.7,2,08:12:06.719110454
2307.6,1,08:12:06.719947088
2307.6,1,08:12:06.725844826
2307.5,1,08:12:06.818709712
2307.5,1,08:12:07.347883854
2307.5,2,08:12:07.618771281
2307.5,3,08:12:08.397711322
2307.5,2,08:12:08.398136848
2307.5,1,08:12:09.847098455
2307.5,1,08:12:09.847364445
2307.5,1,08:12:09.847509315
2307.7,5,08:12:10.804846820
2307.6,11,08:12:10.804846820
2307.8,4,08:12:10.804846820
2307.7,1,08:12:10.807497002
2307.6,1,08:12:10.948476014
2307.8,5,08:12:12.174067722
2307.9,7,08:12:12.174067722
2307.7,3,08:12:12.174067722
2307.8,2,08:12:12.175933347
2307.8,1,08:12:12.194891719
2308.0,1,08:12:18.372834602
2308.0,2,08:12:24.902867970
2308.0,1,08:12:24.968497180
2308.0,2,08:12:24.968670912
2308.0,3,08:12:29.989293826
2308.0,2,08:12:29.989391688
2307.9,3,08:12:29.989947040
2307.8,1,08:12:31.440870464
2307.8,3,08:12:33.498145080
2307.8,1,08:12:33.498228336
2307.8,3,08:12:38.346088149
2307.8,1,08:12:38.448529555
2307.7,2,08:12:42.915384471
2307.7,2,08:12:42.915540567
2307.7,1,08:12:42.918178134
2307.7,2,08:12:43.597187955
2307.7,1,08:12:43.606657688
2307.8,2,08:12:44.271346793
2307.8,1,08:12:44.271812092
2307.9,5,08:12:51.671722919
2307.9,2,08:12:51.672097800
2307.9,1,08:12:51.672250139
2307.9,1,08:12:57.802356678
2307.8,3,08:13:00.007894309
2307.7,4,08:13:00.037676006
2307.5,7,08:13:00.039312494
2307.6,3,08:13:00.039312494
2307.6,1,08:13:00.039525980
2307.5,8,08:13:00.039847734
2307.6,1,08:13:00.040462837
2307.6,2,08:13:00.040495174
2307.5,3,08:13:00.041565228
2307.5,4,08:13:00.041932380
2307.5,5,08:13:00.042155624
2307.5,1,08:13:00.042245510
2307.5,1,08:13:00.042349839
2307.5,3,08:13:00.062038594
2307.5,3,08:13:00.062223570
2307.5,3,08:13:00.062350503
2307.5,1,08:13:00.062413056
2307.5,32,08:13:00.062532113
2307.5,1,08:13:00.062567506
2307.3,1,08:13:00.065049333
2307.2,1,08:13:00.065057054
2307.2,1,08:13:00.065063272
2307.3,1,08:13:00.065945722
2307.3,2,08:13:00.065977664
2307.3,2,08:13:00.066034646
2307.3,1,08:13:00.066190984
2307.2,1,08:13:00.066527778
2307.3,1,08:13:00.066737139
2307.2,1,08:13:00.070964639
2307.3,4,08:13:00.654374209
2307.4,1,08:13:00.654374209
2307.4,3,08:13:00.855234464
2307.5,1,08:13:00.950981353
2307.4,1,08:13:01.322828554
2307.6,1,08:13:03.365790019
2307.6,1,08:13:03.366298356
2307.5,1,08:13:04.164156297
2307.3,5,08:13:06.464805780
2307.3,1,08:13:06.465435185
2307.4,1,08:13:06.843528892
2307.4,3,08:13:06.843714175
2307.4,3,08:13:06.843971813
2307.3,3,08:13:07.718390630
2307.3,3,08:13:07.718820091
2307.3,2,08:13:07.725700153
2307.4,1,08:13:08.159509442
2307.4,1,08:13:08.383574322
2307.4,1,08:13:09.130175139
2307.3,1,08:13:10.932542975
2307.3,4,08:13:10.932826949
2307.6,2,08:13:15.361172307
2307.5,3,08:13:15.361172307
2307.5,1,08:13:15.362538009
2307.6,1,08:13:20.132225265
2307.7,1,08:13:20.304525487
2307.6,1,08:13:20.304603657
2307.6,2,08:13:20.861971688
2307.5,3,08:13:20.862265753
2307.6,2,08:13:20.956657651
2307.6,2,08:13:20.956885889
2307.6,4,08:13:21.973064379
2307.7,4,08:13:21.986390132
2307.6,4,08:13:22.223622271
2307.8,3,08:13:25.852968640
2307.8,1,08:13:25.853452145
2307.8,1,08:13:25.853785591
2308.1,1,08:13:25.858519939
2308.0,3,08:13:25.858519939
2308.1,1,08:13:25.858534777
2308.1,2,08:13:25.862897966
2308.1,1,08:13:25.863351774
2308.0,3,08:13:25.864712911
2308.1,1,08:13:25.868240724
2308.1,2,08:13:25.911013584
2308.2,2,08:13:25.921050855
2308.2,3,08:13:25.922080520
2308.2,1,08:13:26.037562437
2308.3,3,08:13:27.617008908
2308.2,1,08:13:30.034448051
2308.3,1,08:13:30.050698087
2308.2,2,08:13:32.011412000
2308.2,1,08:13:32.012031859
2308.2,1,08:13:32.012576692
2308.2,1,08:13:32.013398648
2308.3,1,08:13:32.761541827
2308.3,1,08:13:34.284953033
2308.3,1,08:13:34.636872471
2308.4,1,08:13:34.639285970
2308.4,1,08:13:34.639569259
2308.4,1,08:13:34.639846071
2308.3,2,08:13:34.640937626
2308.3,1,08:13:34.641183482
2308.3,1,08:13:34.642147173
2308.3,1,08:13:36.085974660
2308.3,3,08:13:36.086234909
2308.3,4,08:13:36.086410823
2308.2,1,08:13:36.086646987
2308.3,1,08:13:36.086901937
2308.1,1,08:13:40.515429480
2308.1,1,08:13:40.515445611
2308.2,1,08:13:40.516270831
2308.2,1,08:13:40.531711453
2308.3,1,08:13:41.144613837
2308.3,1,08:13:41.144842215
2308.3,1,08:13:41.145071817
2308.4,4,08:13:42.153613072
2308.4,1,08:13:42.154163640
2308.3,3,08:13:42.154433114
2308.5,1,08:13:42.972314467
2308.5,1,08:13:42.972625434
2308.6,1,08:13:43.830254363
2308.6,1,08:13:44.313988944
2308.5,8,08:13:44.319240733
2308.4,1,08:13:44.327649286
2308.4,1,08:13:44.327934118
2308.5,1,08:13:47.939260747
2308.4,1,08:13:47.939709057
2308.4,1,08:13:47.940254207
2308.5,3,08:13:48.490146773
2308.5,4,08:13:50.490053616
2308.5,1,08:13:51.427710245
2308.4,5,08:13:52.043931488
2308.5,1,08:13:52.337548117
2308.6,1,08:13:52.346806358
2308.6,1,08:13:52.346985974
2308.5,3,08:13:52.347268786
2308.5,1,08:13:52.347663438
2308.6,1,08:13:52.352998579
2308.7,1,08:13:54.436191560
2308.7,1,08:13:54.436431462
2308.7,2,08:13:54.436660891
2308.7,2,08:13:54.436743455
2308.8,1,08:13:55.611456061
2308.7,2,08:13:55.630408129
2308.7,2,08:13:56.644184461
2308.7,1,08:13:57.056071965
2308.9,5,08:13:57.622176428
2308.9,1,08:13:58.363247408
2308.8,1,08:13:59.089917805
2308.8,1,08:13:59.090465208
2308.7,3,08:14:00.018480024
2308.8,3,08:14:00.179593399
2308.8,3,08:14:00.180442595
2308.8,1,08:14:00.188046559
2308.6,3,08:14:01.395454925
2308.7,2,08:14:01.395454925
2308.8,4,08:14:04.304147813
2308.9,3,08:14:04.305113676
2308.9,1,08:14:04.306889149
2309.0,1,08:14:05.433939759
2308.9,2,08:14:05.434528948
2308.9,1,08:14:05.434595148
2308.9,2,08:14:05.435091216
2308.9,1,08:14:05.760498511
2308.8,1,08:14:06.083512704
2308.8,3,08:14:06.084121869
2308.8,11,08:14:06.084188821
2308.8,6,08:14:06.084188821
2308.8,3,08:14:06.084247069
2308.7,2,08:14:06.084737161
2308.8,1,08:14:06.987185985
2308.8,1,08:14:07.720765082
2308.7,1,08:14:08.949361590
2308.9,1,08:14:11.559292085
2308.7,3,08:14:11.559607813
2308.7,4,08:14:11.563634000
2308.7,2,08:14:11.563842542
2308.8,1,08:14:11.565566634
2308.8,5,08:14:12.586421410
2308.6,2,08:14:12.975353778
2308.6,1,08:14:12.976853495
2308.6,1,08:14:12.977906319
2308.6,1,08:14:12.977966838
2308.6,4,08:14:12.978069109
2308.6,1,08:14:12.978215468
2308.7,1,08:14:13.161016937
2308.6,1,08:14:14.083992019
2308.6,1,08:14:14.730303687
2308.5,1,08:14:15.423219891
2308.7,1,08:14:15.645037108
2308.6,1,08:14:15.645895307
2308.8,3,08:14:17.284316786
2308.6,2,08:14:17.284316786
2308.9,9,08:14:17.284316786
2308.7,3,08:14:17.284316786
2308.9,1,08:14:17.284667049
2308.9,1,08:14:17.284935365
2308.9,1,08:14:17.284996252
2308.9,1,08:14:17.285047693
2308.9,2,08:14:17.285093182
2308.9,1,08:14:17.285209805
2308.9,1,08:14:17.285306326
2308.9,1,08:14:17.285396021
2308.9,1,08:14:17.285489347
2308.9,1,08:14:17.285566696
2308.9,1,08:14:17.285760834
2308.9,1,08:14:17.285825226
2308.9,1,08:14:17.286474190
2308.7,1,08:14:17.287202726
2308.6,2,08:14:17.509971330
2308.8,1,08:14:20.082016085
2308.6,1,08:14:20.406165715
2308.6,1,08:14:20.719002747
2308.6,5,08:14:20.957722754
2308.8,3,08:14:21.260330259
2308.9,2,08:14:21.402970966
2308.7,1,08:14:24.017775011
2308.8,2,08:14:27.481540095
2308.7,5,08:14:29.556127778
2308.7,1,08:14:29.556627738
2308.6,1,08:14:29.569875383
2308.6,2,08:14:29.570083755
2308.5,3,08:14:30.003062714
2308.4,4,08:14:30.007197211
2308.3,1,08:14:30.007208946
2308.3,2,08:14:31.005384096
2308.3,3,08:14:31.005568665
2308.3,2,08:14:31.005641979
2308.3,1,08:14:31.005669739
2308.2,4,08:14:31.288062935
2308.3,11,08:14:41.493830569
2308.2,4,08:14:41.494517971
2308.3,1,08:14:41.494517971
2308.1,1,08:14:41.845997587
2308.5,18,08:14:43.744410523
2308.4,7,08:14:43.744410523
2308.1,6,08:14:44.046099158
2308.2,4,08:14:44.046099158
2308.0,4,08:14:44.046099158
2308.0,1,08:14:44.046536011
2308.0,1,08:14:44.046642832
2308.0,1,08:14:44.046720558
2308.0,1,08:14:44.046792822
2308.0,3,08:14:44.046872165
2308.0,5,08:14:44.176881624
2308.3,2,08:14:49.162122418
2308.5,1,08:14:50.408966419
2308.4,3,08:14:53.510668406
2308.4,1,08:14:53.510702960
2308.5,1,08:14:53.826540511
2308.7,1,08:14:54.089955122
2308.6,1,08:14:54.090494903
2308.6,1,08:14:54.090696837
2308.6,3,08:14:54.090903465
2308.8,1,08:14:54.749742505
2308.7,1,08:14:55.549560328
2308.6,1,08:14:55.549937863
2308.8,1,08:14:55.550289808
2308.6,2,08:14:55.647500392
2308.6,1,08:14:55.647899401
2308.5,3,08:14:55.701183193
2308.5,1,08:14:55.701380039
2308.5,2,08:14:55.701585857
2308.5,1,08:14:55.729216951
2308.4,2,08:14:55.729452740
2308.7,3,08:14:56.303839238
2308.6,1,08:14:56.904011887
2308.6,2,08:14:57.583035563
2308.5,3,08:14:57.583263918
2308.4,2,08:14:57.583552750
2308.4,1,08:14:58.250857554
2308.3,1,08:14:58.251081136
2308.3,1,08:14:58.251128250
2308.7,6,08:14:59.005821869
2308.7,2,08:14:59.008978339
2308.7,1,08:15:00.042920227
2308.8,1,08:15:00.043188241
2308.8,1,08:15:00.043468887
2308.8,1,08:15:00.043787377
2308.9,1,08:15:00.043914257
2309.0,4,08:15:00.044851498
2309.5,2,08:15:00.044873469
2309.4,2,08:15:00.044873469
2309.6,1,08:15:00.044873469
2309.1,1,08:15:00.044873469
2309.3,1,08:15:00.044873469
2309.4,8,08:15:00.044873469
2309.6,1,08:15:00.044902110
2309.6,1,08:15:00.044907118
2309.6,1,08:15:00.044913205
2309.5,1,08:15:00.045843820
2309.5,1,08:15:00.046268636
2309.2,2,08:15:00.046362612
2309.1,1,08:15:00.046362612
2309.5,1,08:15:00.046833957
2309.5,1,08:15:00.047322869
2309.6,5,08:15:00.047704432
2309.5,1,08:15:00.047762590
2309.6,1,08:15:00.048244235
2309.7,1,08:15:00.048450418
2309.7,1,08:15:00.048457375
2309.7,3,08:15:00.048502154
2309.7,1,08:15:00.048804694
2309.8,1,08:15:00.049111315
2309.9,4,08:15:00.049121600
2310.0,1,08:15:00.049121600
2310.0,1,08:15:00.049130013
2310.0,2,08:15:00.049144835
2310.0,3,08:15:00.049149834
2310.0,2,08:15:00.049157754
2310.0,1,08:15:00.049157754
2309.9,1,08:15:00.049317236
2309.9,2,08:15:00.049356756
2309.7,1,08:15:00.049403909
2309.9,3,08:15:00.049403909
2309.7,1,08:15:00.049443693
2310.0,4,08:15:00.049811245
2309.8,1,08:15:00.049811245
2310.0,1,08:15:00.049950129
2310.0,21,08:15:00.050066476
2310.0,1,08:15:00.050287255
2310.0,6,08:15:00.050375078
2310.0,1,08:15:00.050498635
2309.9,1,08:15:00.050530495
2309.8,2,08:15:00.050785314
2309.9,1,08:15:00.086828640
2309.9,1,08:15:00.099168879
2309.8,1,08:15:00.109033631
2309.6,1,08:15:00.217487782
2309.5,1,08:15:00.217720708
2309.5,1,08:15:00.217943462
2309.6,1,08:15:00.286935957
2309.3,1,08:15:00.384311089
2309.2,2,08:15:00.488974107
2309.3,2,08:15:00.488974107
2309.6,2,08:15:00.524562439
2309.6,1,08:15:00.524595838
2309.6,2,08:15:00.524921423
2309.6,1,08:15:00.525032298
2309.7,1,08:15:00.620045174
2309.8,1,08:15:00.965048469
2309.9,1,08:15:00.965256967
2309.6,1,08:15:01.088925709
2309.6,1,08:15:01.152603719
2309.6,2,08:15:01.152832300
2309.6,2,08:15:01.237184261
2309.8,2,08:15:01.376248100
2309.3,1,08:15:01.479177491
2309.2,1,08:15:01.479709399
2309.8,2,08:15:01.490216510
2309.2,5,08:15:01.589875918
2309.5,1,08:15:02.111308585
2309.3,7,08:15:02.241295067
2309.3,2,08:15:02.242077950
2309.3,1,08:15:02.794974205
2309.3,1,08:15:02.795187049
2309.3,2,08:15:02.795307472
2309.2,1,08:15:02.795718860
2309.1,1,08:15:02.796021848
2309.0,2,08:15:02.796601969
2308.8,2,08:15:02.873401078
2308.7,2,08:15:02.874081850
2308.6,2,08:15:02.874395660
2308.6,1,08:15:02.927717825
2308.6,1,08:15:03.049375673
2308.6,3,08:15:03.049718428
2308.5,1,08:15:03.082210173
2308.4,2,08:15:03.082741189
2308.3,1,08:15:03.082758401
2308.1,4,08:15:03.082758401
2308.0,2,08:15:03.082758401
2308.2,2,08:15:03.082758401
2307.9,3,08:15:03.082782643
2308.0,1,08:15:03.082782643
2308.1,1,08:15:03.084967140
2308.0,1,08:15:03.084967140
2308.2,1,08:15:03.085720228
2308.0,1,08:15:03.086758252
2308.0,1,08:15:03.087152727
2308.0,1,08:15:03.087804423
2307.9,1,08:15:03.088493631
2308.0,1,08:15:03.088551325
2307.9,1,08:15:03.088640994
2308.0,1,08:15:03.089265598
2307.8,1,08:15:03.089405758
2307.7,2,08:15:03.091519282
2307.9,1,08:15:03.098834652
2308.1,1,08:15:03.133114301
2308.0,1,08:15:03.222580025
2308.3,1,08:15:04.145777657
2308.3,1,08:15:04.146299238
2308.0,1,08:15:04.176718429
2308.0,3,08:15:06.434808447
2308.0,6,08:15:06.434856601
2307.9,2,08:15:06.436413951
2307.8,3,08:15:06.438694775
2307.7,1,08:15:06.440161620
2307.7,1,08:15:06.440969892
2307.6,1,08:15:06.454037064
2307.5,1,08:15:06.454053767
2307.4,1,08:15:06.454053767
2307.4,1,08:15:06.456343235
2307.3,1,08:15:06.458651623
2307.5,1,08:15:06.506769070
2307.5,1,08:15:06.507800761
2307.3,1,08:15:06.649824347
2307.4,1,08:15:06.650377971
2307.5,1,08:15:06.650944049
2307.6,2,08:15:06.950105474
2307.7,2,08:15:06.950380727
2307.7,1,08:15:06.950957993
2307.7,1,08:15:06.951257423
2307.8,4,08:15:06.952162926
2307.6,1,08:15:06.952162926
2307.8,4,08:15:06.953837565
2307.9,2,08:15:06.961997534
2307.9,1,08:15:07.329716408
2307.9,2,08:15:07.329928973
2308.0,12,08:15:07.773302313
2308.0,3,08:15:08.547986414
2307.8,1,08:15:08.548778635
2307.9,1,08:15:08.548778635
2307.9,1,08:15:08.548849318
2307.9,1,08:15:10.133212394
2307.8,1,08:15:10.135995471
2307.8,2,08:15:10.136215987
2307.7,3,08:15:10.136484092
2307.6,2,08:15:10.408224959
2307.5,2,08:15:10.408576022
2307.5,1,08:15:10.409992181
2307.4,1,08:15:10.429221969
2307.4,2,08:15:10.429282856
2307.4,2,08:15:10.624170641
2307.5,2,08:15:10.838952625
2307.5,1,08:15:10.839246586
2307.5,2,08:15:10.839511337
2307.3,1,08:15:10.961675563
2307.6,2,08:15:10.982823559
2307.7,3,08:15:10.984661247
2307.7,2,08:15:12.049823150
2307.4,1,08:15:12.070013047
2307.4,6,08:15:12.602823745
2307.4,2,08:15:12.603148497
2307.7,1,08:15:13.039769483
2307.7,1,08:15:13.377593275
2307.7,1,08:15:14.133773081
2307.8,2,08:15:14.134411264
2307.6,1,08:15:14.687073694
2307.6,1,08:15:15.010298357
2307.5,4,08:15:15.010909665
2307.4,7,08:15:15.011405742
2307.4,3,08:15:15.011699412
2307.2,2,08:15:15.030664340
2307.2,1,08:15:15.031704348
2307.4,1,08:15:15.062713707
2307.5,3,08:15:15.122726643
2307.6,1,08:15:15.123226311
2307.6,2,08:15:15.123422670
2307.7,1,08:15:15.124251790
2307.7,1,08:15:15.124968406
2307.7,1,08:15:15.185717901
2307.5,1,08:15:15.218990182
2307.5,1,08:15:15.308560962
2307.4,1,08:15:16.008471737
2307.3,1,08:15:16.228691382
2307.3,1,08:15:16.595438971
2307.4,1,08:15:16.758860563
2307.5,5,08:15:17.616227080
2307.7,3,08:15:17.620422853
2307.6,2,08:15:17.620422853
2307.7,2,08:15:17.621574470
2307.5,4,08:15:17.633450735
2307.4,1,08:15:17.633450735
2307.6,1,08:15:17.633450735
2307.4,2,08:15:18.349851588
2307.4,3,08:15:18.753129785
2307.5,1,08:15:18.754298439
2307.4,1,08:15:18.820032132
2307.5,2,08:15:19.079027153
2307.4,1,08:15:19.079027153
2307.5,1,08:15:19.079924915
2307.6,1,08:15:19.161235882
2307.8,3,08:15:20.789874410
2307.7,2,08:15:20.801491578
2307.8,1,08:15:21.202627388
2307.5,4,08:15:21.818166537
2307.3,1,08:15:21.822718997
2307.3,1,08:15:21.823067999
2307.4,1,08:15:21.823377855
2307.4,1,08:15:22.069487351
2307.4,1,08:15:24.524119830
2307.3,3,08:15:24.524425919
2307.3,2,08:15:24.524502120
2307.2,2,08:15:24.525126376
2307.2,1,08:15:24.525503580
2307.2,1,08:15:24.525592919
2307.2,1,08:15:24.525657817
2307.3,1,08:15:25.046698224
2307.4,9,08:15:25.048069452
2307.4,15,08:15:25.048096866
2307.4,10,08:15:25.048189963
2307.6,1,08:15:25.049455518
2307.5,1,08:15:25.666621884
2307.5,1,08:15:25.705926427
2307.4,1,08:15:26.112326543
2307.3,2,08:15:26.326068607
2307.2,1,08:15:26.327383504
2307.2,1,08:15:27.027574793
2307.1,1,08:15:27.072090391
2307.1,1,08:15:27.072102906
2307.2,1,08:15:28.670923777
2307.2,1,08:15:28.965063222
2307.2,3,08:15:28.965365980
2307.3,1,08:15:30.148004766
2307.0,1,08:15:31.221964553
2307.0,1,08:15:31.856285044
2307.1,1,08:15:32.267241105
2307.1,1,08:15:32.491851854
2307.0,3,08:15:32.491970269
2307.0,1,08:15:33.058462346
2307.1,2,08:15:33.360962973
2307.1,1,08:15:33.630616304
2307.3,1,08:15:34.594183139
2307.4,4,08:15:35.773434638
2307.5,7,08:15:35.773434638
2307.5,2,08:15:35.774526222
2307.5,3,08:15:35.774699560
2307.5,8,08:15:35.774802430
2307.5,26,08:15:35.775124430
2307.4,2,08:15:35.925977071
2307.3,9,08:15:35.925977071
2307.2,4,08:15:35.925977071
2307.3,2,08:15:35.930957809
2307.4,1,08:15:35.931903024
2307.4,1,08:15:36.568784563
2307.5,1,08:15:37.636434793
2307.5,1,08:15:38.015836722
2307.7,1,08:15:38.035919951
2307.7,1,08:15:38.729907306
2307.6,1,08:15:39.066579317
2307.5,1,08:15:39.432968811
2307.4,1,08:15:39.433614295
2307.4,1,08:15:40.470739715
2307.5,1,08:15:40.973470260
2307.4,3,08:15:41.001004698
2307.3,3,08:15:41.083530937
2307.2,1,08:15:41.084202544
2307.1,1,08:15:41.771050857
2307.1,3,08:15:41.771498158
2307.1,1,08:15:41.771963413
2307.4,3,08:15:42.390164018
2307.5,1,08:15:42.986944246
2307.4,2,08:15:42.988887742
2307.5,2,08:15:42.989021268
2307.4,1,08:15:42.991680815
2307.5,1,08:15:43.222073969
2307.5,1,08:15:43.524264218
2307.4,1,08:15:43.943256715
2307.5,1,08:15:44.016676201
2307.4,1,08:15:44.045927644
2307.4,1,08:15:44.046188878
2307.5,2,08:15:44.091408825
2307.4,1,08:15:45.047062229
2307.4,1,08:15:45.762350916
2307.3,2,08:15:45.763386544
2307.4,1,08:15:46.663500347
2307.4,1,08:15:47.901228184
2307.3,1,08:15:49.005919199
2307.3,3,08:15:49.006153156
2307.2,1,08:15:49.015060605
2307.4,1,08:15:50.205399570
2307.5,2,08:15:50.415298646
2307.5,1,08:15:50.603360435
2307.5,1,08:15:50.603418795
2307.4,2,08:15:50.604559477
2307.4,1,08:15:50.763743881
2307.6,3,08:15:53.251945599
2307.5,2,08:15:53.251945599
2307.4,2,08:15:54.070508345
2307.3,1,08:15:54.491170372
2307.1,1,08:15:55.687086007
2307.2,1,08:15:55.968771747
2307.2,1,08:15:57.426359578
2307.1,1,08:15:59.175644320
2307.2,2,08:16:00.500230983
2307.2,1,08:16:01.124229719
2307.4,2,08:16:02.008668439
2307.3,1,08:16:02.008668439
2307.4,1,08:16:02.024134692
2307.5,4,08:16:02.024134692
2307.5,1,08:16:02.024949045
2307.6,3,08:16:02.175263684
2307.6,1,08:16:02.176456406
2307.7,1,08:16:02.389615697
2307.6,1,08:16:03.030391120
2307.6,1,08:16:03.602610037
2307.6,3,08:16:03.764315788
2307.5,4,08:16:03.764754779
2307.5,1,08:16:03.765413714
2307.4,1,08:16:03.766359679
2307.4,1,08:16:03.784388118
2307.5,1,08:16:03.865636915
2307.5,2,08:16:03.865737061
2307.6,4,08:16:04.747500334
2307.6,3,08:16:04.747564044
2307.6,1,08:16:04.747602128
2307.6,1,08:16:04.747655822
2307.6,4,08:16:04.747862386
2307.6,1,08:16:04.747928141
2307.6,6,08:16:04.747961041
2307.6,7,08:16:04.748056227
2307.6,2,08:16:05.368682298
2307.6,1,08:16:05.368757026
2307.6,1,08:16:05.752321253
2307.8,1,08:16:05.808904188
2307.9,1,08:16:05.809777646
2307.8,1,08:16:05.810697809
2307.8,1,08:16:05.811324528
2307.8,1,08:16:05.811895657
2308.0,2,08:16:05.898341643
2308.1,2,08:16:05.898355188
2308.0,1,08:16:06.007491731
2308.2,1,08:16:06.651150885
2308.2,4,08:16:06.652201620
2308.1,1,08:16:06.683217024
2308.1,1,08:16:06.876673233
2308.1,1,08:16:06.877293172
2308.1,1,08:16:06.877760701
2308.2,1,08:16:06.885547501
2308.2,1,08:16:06.886170505
2308.2,1,08:16:06.886404420
2308.2,1,08:16:06.887619917
2308.1,1,08:16:07.015696792
2308.1,1,08:16:07.104737551
2308.1,2,08:16:07.294727469
2308.1,2,08:16:07.384870514
2308.2,2,08:16:07.725788181
2307.9,3,08:16:09.061950464
2307.8,2,08:16:12.166921784
2307.7,1,08:16:12.365709574
2307.8,1,08:16:12.365709574
2307.8,2,08:16:13.043147496
2308.1,4,08:16:13.043147496
2308.2,8,08:16:13.043147496
2308.0,5,08:16:13.043147496
2307.9,5,08:16:13.043147496
2308.3,1,08:16:13.043147496
2308.0,2,08:16:13.046570877
2308.0,1,08:16:13.409250420
2308.1,1,08:16:13.460585094
2308.0,1,08:16:13.500371091
2308.2,1,08:16:13.550611029
2308.2,1,08:16:13.550992551
2308.1,1,08:16:15.040372991
2308.0,2,08:16:15.042103998
2307.9,3,08:16:15.119545872
2307.8,1,08:16:15.156594916
2307.7,2,08:16:15.648074928
2307.6,2,08:16:16.506231690
2307.5,1,08:16:16.506247347
2307.6,2,08:16:16.507283599
2307.6,1,08:16:16.509392316
2307.7,1,08:16:17.486664772
2307.7,1,08:16:17.486871410
2307.8,2,08:16:19.461573163
2307.8,1,08:16:19.462458553
2307.8,1,08:16:21.041760969
2308.0,1,08:16:22.238095926
2308.0,2,08:16:23.087619997
2308.1,2,08:16:24.089027566
2308.0,1,08:16:24.297743589
2308.0,1,08:16:25.262724740
2307.9,1,08:16:25.889749651
2307.9,2,08:16:27.030892806
2307.8,4,08:16:27.400093041
2307.8,2,08:16:27.400291295
2307.8,2,08:16:28.813957872
2307.8,1,08:16:28.814797708
2307.9,1,08:16:29.169058388
2307.8,1,08:16:29.706409763
2307.7,2,08:16:29.721196122
2307.8,1,08:16:31.658973084
2307.8,1,08:16:31.659252264
2307.9,1,08:16:32.136599767
2307.9,1,08:16:32.938714131
2307.9,1,08:16:32.939183494
2307.9,1,08:16:32.939424452
2308.0,3,08:16:33.255134538
2308.1,1,08:16:34.577558924
2308.1,1,08:16:34.584437657
2308.0,1,08:16:34.584932538
2307.9,3,08:16:34.585657169
2308.0,1,08:16:34.618746159
2307.9,1,08:16:34.776521179
2308.0,1,08:16:35.383844330
2307.8,1,08:16:36.689665389
2307.7,8,08:16:37.834549385
2307.8,4,08:16:37.834549385
2307.6,5,08:16:37.834549385
2307.5,7,08:16:37.834549385
2307.6,2,08:16:37.837655767
2307.7,3,08:16:39.067268906
2307.7,1,08:16:39.463302804
2307.6,3,08:16:40.186481989
2307.5,3,08:16:40.187053597
2307.4,1,08:16:41.165659027
2307.4,1,08:16:41.264103595
2307.3,1,08:16:41.335522324
2307.4,1,08:16:41.335885741
2307.4,1,08:16:41.336311477
2307.3,4,08:16:43.260450848
2307.3,1,08:16:43.260839498
2307.3,1,08:16:43.261324917
2307.3,14,08:16:43.261387379
2307.3,7,08:16:43.261430771
2307.4,2,08:16:43.262737524
2307.4,1,08:16:43.263463888
2307.4,1,08:16:43.954286242
2307.4,1,08:16:43.954368160
2307.3,1,08:16:43.954470671
2307.4,1,08:16:45.319731853
2307.4,2,08:16:45.319906501
2307.4,1,08:16:45.320303097
2307.5,1,08:16:45.552914345
2307.3,1,08:16:46.042228227
2307.3,3,08:16:47.687877399
2307.3,1,08:16:47.688627888
2307.5,1,08:16:47.947369296
2307.5,1,08:16:47.947781756
2307.5,1,08:16:47.948457993
2307.4,1,08:16:52.720952534
2307.3,1,08:16:52.761130498
2307.4,1,08:16:55.130104072
2307.2,5,08:16:55.812795697
2307.1,1,08:16:55.814351092
2307.2,1,08:16:55.814629607
2307.2,4,08:16:56.239727712
2307.2,1,08:16:57.111212198
2307.2,1,08:16:57.551240007
2307.2,1,08:16:58.258987168
2307.1,1,08:17:00.709248683
2307.2,1,08:17:02.077635126
2307.2,1,08:17:02.960693994
2307.1,1,08:17:06.710134788
2307.2,1,08:17:07.117307658
2307.2,1,08:17:08.005637112
2307.1,1,08:17:08.699682283
2307.2,1,08:17:13.612346944
2307.4,1,08:17:13.704129005
2307.4,2,08:17:15.726036064
2307.4,1,08:17:15.726232574
2307.4,1,08:17:15.727058286
2307.6,1,08:17:16.096185092
2307.6,1,08:17:20.362203614
2307.5,1,08:17:20.363829350
2307.3,1,08:17:22.808089719
2307.3,2,08:17:22.808154764
2307.1,1,08:17:23.580710748
2307.0,1,08:17:24.460231982
2307.0,3,08:17:24.899379866
2306.9,1,08:17:25.231007551
2307.0,3,08:17:25.307727491
2307.0,1,08:17:25.307793798
2307.0,1,08:17:25.679119244
2307.1,2,08:17:27.221692920
2307.1,1,08:17:28.876924364
2307.3,2,08:17:29.234294459
2307.2,1,08:17:29.948073808
2307.4,3,08:17:32.247638577
2307.6,1,08:17:33.736106665
2307.7,2,08:17:35.241452008
2307.7,2,08:17:36.902409843
2307.8,4,08:17:39.690200563
2307.9,3,08:17:39.732807601
2307.9,1,08:17:39.982421984
2307.8,1,08:17:42.728465448
2307.7,1,08:17:42.730042632
2307.7,1,08:17:43.200689022
2307.7,1,08:17:43.260195486
2307.8,3,08:17:43.354599349
2307.9,6,08:17:43.354599349
2308.0,1,08:17:43.354599349
2307.9,1,08:17:43.467047959
2308.0,1,08:17:44.400197754
2307.8,1,08:17:45.747376008
2307.7,2,08:17:46.288640834
2307.8,1,08:17:48.064503190
2307.9,1,08:17:48.118069640
2307.9,1,08:17:48.118442006
2307.8,1,08:17:49.671397369
2307.8,2,08:17:49.671832923
2307.6,1,08:17:51.097322360
2307.8,1,08:17:53.636168540
2307.9,3,08:17:53.689498021
2307.9,1,08:17:53.851663446
2307.9,2,08:17:53.851874959
2308.0,3,08:17:55.156912831
2308.0,1,08:17:55.156945142
2308.0,1,08:17:55.158398208
2308.0,1,08:17:55.158457108
2308.0,1,08:17:57.958636006
2308.1,4,08:17:59.001287705
2308.1,1,08:17:59.002057696
2308.0,1,08:17:59.003387486
2307.8,4,08:17:59.855468014
2307.9,1,08:18:00.788620990
2308.1,1,08:18:01.187134692
2308.2,1,08:18:01.512960299
2308.2,1,08:18:05.111699567
2308.3,1,08:18:05.130487553
2308.3,1,08:18:05.131022584
2308.3,1,08:18:05.333096007
2308.3,2,08:18:05.986261555
2308.2,3,08:18:05.987873385
2308.1,1,08:18:06.632726037
2308.1,1,08:18:06.632987607
2308.1,4,08:18:06.633057026
2308.1,2,08:18:06.633102090
2308.0,2,08:18:07.831155417
2307.9,3,08:18:08.177254487
2308.1,2,08:18:11.133265852
2308.2,1,08:18:14.120124715
2308.3,1,08:18:14.120853075
2308.3,2,08:18:14.121429211
2308.3,1,08:18:16.256181256
2308.3,1,08:18:16.256421952
2308.3,1,08:18:16.273925650
2308.3,1,08:18:16.429950238
2308.3,1,08:18:17.606729960
2308.3,1,08:18:17.607027794
2308.4,4,08:18:17.681869107
2308.3,2,08:18:17.958498589
2308.4,3,08:18:18.124244335
2308.3,2,08:18:18.463699877
2308.2,18,08:18:18.463699877
2308.2,3,08:18:18.464329109
2308.1,2,08:18:18.466189012
2308.1,1,08:18:18.466231336
2308.0,2,08:18:18.696014019
2308.0,3,08:18:19.892651712
2308.0,2,08:18:22.952072667
2308.0,1,08:18:24.827830534
2308.0,1,08:18:24.828934134
2307.9,3,08:18:24.829002713
2307.9,6,08:18:24.829062475
2308.0,2,08:18:24.829535151
2307.9,7,08:18:24.829605702
2307.9,3,08:18:24.829758458
2308.0,1,08:18:24.830080861
2307.9,1,08:18:26.263843007
2308.0,2,08:18:26.264139118
2308.0,1,08:18:26.323798372
2308.1,2,08:18:28.638492806
2308.1,1,08:18:28.638745570
2308.1,1,08:18:28.646937889
2308.4,1,08:18:32.921147471
2308.4,1,08:18:32.921555287
2308.5,1,08:18:33.296062456
2308.5,1,08:18:33.296926672
2308.4,5,08:18:35.327748578
2308.4,1,08:18:35.328863343
2308.4,1,08:18:36.853698374
2308.4,1,08:18:37.589204410
2308.4,1,08:18:37.589844640
2308.4,1,08:18:37.590284521
2308.5,6,08:18:37.590284521
2308.4,1,08:18:37.590432508
2308.4,1,08:18:37.616547108
2308.5,1,08:18:39.073861349
2308.4,1,08:18:40.094051078
2308.4,5,08:18:41.282245139
2308.4,1,08:18:41.282937326
2308.5,2,08:18:42.186523442
2308.6,3,08:18:42.464128624
2308.7,4,08:18:42.550273282
2308.5,3,08:18:43.890864035
2308.6,2,08:18:43.890864035
2308.6,1,08:18:43.949397924
2308.6,1,08:18:43.988279198
2308.6,1,08:18:46.417945165
2308.7,2,08:18:47.465429258
2308.7,1,08:18:47.473466975
2308.7,1,08:18:47.473687767
2308.8,1,08:18:48.922490343
2308.7,3,08:18:49.012657470
2308.6,2,08:18:49.221309074
2308.6,2,08:18:49.221517546
2308.6,1,08:18:49.221563930
2308.6,8,08:18:49.221630444
2308.7,4,08:18:50.465920818
2308.8,8,08:18:50.465920818
2308.8,1,08:18:51.633820026
2308.7,1,08:18:51.700984299
2308.8,1,08:18:52.712900868
2308.8,1,08:18:52.713160102
2308.8,1,08:18:52.715697161
2308.6,1,08:18:54.166482637
2308.7,5,08:18:54.166482637
2308.8,1,08:18:54.300533225
2308.7,1,08:18:54.300932814
2308.8,2,08:18:56.149715817
2308.8,1,08:18:56.578458412
2308.9,3,08:18:57.774101561
2309.0,2,08:18:57.840795019
2309.0,1,08:18:57.841111093
2308.9,1,08:18:58.239345059
2308.9,2,08:18:58.891910676
2309.0,1,08:18:59.064173058
2309.0,1,08:18:59.064350774
2309.1,1,08:18:59.479390584
2309.1,2,08:19:00.051270506
2309.1,1,08:19:00.052119771
2309.1,1,08:19:00.306059450
2309.1,1,08:19:01.132606553
2308.9,6,08:19:01.658096020
2308.8,5,08:19:01.658096020
2309.1,4,08:19:01.658096020
2309.0,5,08:19:01.658096020
2308.9,2,08:19:02.092003048
2308.9,1,08:19:02.092405843
2308.9,2,08:19:02.584443185
2309.0,5,08:19:02.838581593
2309.1,3,08:19:02.839237942
2309.1,1,08:19:02.840425067
2309.0,1,08:19:02.857218836
2309.0,1,08:19:02.881281919
2309.0,1,08:19:02.905250944
2309.1,1,08:19:03.562209104
2309.0,6,08:19:03.647289752
2309.0,1,08:19:03.647332489
2309.0,1,08:19:03.647475609
2309.0,6,08:19:03.647527296
2309.0,9,08:19:03.647635967
2309.0,1,08:19:03.647654189
2309.0,1,08:19:03.647792191
2309.0,1,08:19:03.649240173
2308.9,1,08:19:04.098706669
2308.8,6,08:19:04.197892070
2308.7,5,08:19:04.197892070
2308.5,8,08:19:04.197892070
2308.6,11,08:19:04.197892070
2308.6,1,08:19:04.199662859
2308.6,1,08:19:04.202528253
2308.7,1,08:19:04.202912182
2308.6,1,08:19:04.203594935
2308.5,2,08:19:04.532437477
2308.5,1,08:19:04.532450338
2308.5,1,08:19:04.588203671
2308.5,2,08:19:04.588474211
2308.5,2,08:19:05.425513058
2308.5,1,08:19:05.444090684
2308.5,1,08:19:07.763063117
2308.3,1,08:19:07.935631625
2308.4,1,08:19:08.263917546
2308.5,1,08:19:09.054073628
2308.5,1,08:19:09.054139613
2308.6,1,08:19:10.117626409
2308.5,1,08:19:10.335771352
2308.5,1,08:19:10.573367251
2308.5,1,08:19:11.573139695
2308.5,1,08:19:12.373527443
2308.5,4,08:19:14.736527819
2308.5,1,08:19:14.737212054
2308.3,9,08:19:15.379955625
2308.3,1,08:19:15.517409764
2308.2,1,08:19:16.765155920
2308.0,1,08:19:18.443765377
2308.0,1,08:19:18.443773416
2308.0,1,08:19:18.770795727
2308.0,2,08:19:19.249871939
2308.0,1,08:19:19.250418050
2307.9,1,08:19:19.605184958
2308.0,3,08:19:19.817157895
2308.0,1,08:19:21.775013208
2308.0,1,08:19:24.723054367
2308.1,1,08:19:25.788253080
2308.1,1,08:19:25.908061879
2308.0,1,08:19:26.124807224
2308.0,1,08:19:26.124901844
2308.0,1,08:19:26.386631779
2308.0,1,08:19:28.659333585
2307.9,1,08:19:28.819890335
2308.1,1,08:19:30.140273397
2308.1,1,08:19:30.140678531
2308.0,1,08:19:30.595311052
2308.1,2,08:19:30.595311052
2308.2,2,08:19:31.384946734
2308.3,1,08:19:32.781046010
2308.3,1,08:19:32.783704282
2308.4,5,08:19:32.797735151
2308.4,1,08:19:32.799586394
2308.5,1,08:19:32.800571521
2308.3,1,08:19:32.820561621
2308.4,1,08:19:33.024732823
2308.3,4,08:19:34.038761662
2308.3,1,08:19:36.729948777
2308.1,1,08:19:39.615061191
2308.1,1,08:19:40.919923994
2308.1,1,08:19:40.920377328
2308.2,1,08:19:41.054319658
2308.2,2,08:19:45.065472431
2308.3,3,08:19:47.602824902
2308.2,1,08:19:47.837048832
2308.3,3,08:19:58.008404851
2308.3,1,08:19:58.008965839
2308.4,1,08:19:58.081611514
2308.4,1,08:19:58.081960963
2308.5,1,08:19:58.495477164
2308.1,7,08:19:59.008348233
2307.9,31,08:19:59.008348233
2308.0,9,08:19:59.008348233
2308.3,5,08:19:59.008348233
2308.2,7,08:19:59.008348233
2307.9,2,08:19:59.008557328
2308.1,3,08:19:59.012419752
2307.9,1,08:19:59.348509141
2307.9,1,08:19:59.352199708
2307.9,2,08:19:59.352668882
2307.7,1,08:19:59.410559843
2307.7,1,08:19:59.410577207
2307.7,1,08:19:59.687956480
2307.7,4,08:20:00.021529614
2307.8,2,08:20:00.021529614
2307.8,1,08:20:00.030715294
2307.7,1,08:20:00.031187790
2307.7,3,08:20:00.031582831
2307.6,1,08:20:00.051747181
2307.6,2,08:20:00.093392058
2307.6,1,08:20:00.094793554
2307.6,2,08:20:00.141725562
2307.6,1,08:20:00.141958827
2307.5,1,08:20:00.289679702
2307.5,1,08:20:00.406450451
2307.7,1,08:20:00.499171290
2307.5,1,08:20:00.673572278
2307.7,1,08:20:00.674108321
2307.7,2,08:20:00.674898952
2307.7,1,08:20:00.960073077
2307.7,2,08:20:00.978987414
2307.8,1,08:20:00.996034447
2307.8,1,08:20:01.017303708
2307.8,1,08:20:01.037922676
2307.9,1,08:20:01.143627433
2307.9,1,08:20:01.208606871
2307.9,1,08:20:01.312663280
2307.8,1,08:20:01.313544409
2307.7,3,08:20:01.313544409
2307.7,1,08:20:01.336935483
2307.7,1,08:20:01.569061739
2307.7,1,08:20:01.583540861
2307.6,1,08:20:01.608937258
2307.7,1,08:20:01.912802079
2307.8,1,08:20:01.919104481
2307.7,1,08:20:01.936298367
2307.8,1,08:20:01.957162705
2307.7,1,08:20:01.960477255
2307.7,1,08:20:01.981775175
2307.7,1,08:20:02.020565955
2307.8,1,08:20:02.032852823
2307.7,1,08:20:02.041400404
2307.7,1,08:20:02.062146323
2307.7,1,08:20:02.082854526
2307.5,3,08:20:02.590373013
2307.6,1,08:20:02.590906630
2307.6,2,08:20:02.591159797
2307.7,2,08:20:03.107429125
2307.9,1,08:20:04.004285659
2307.8,4,08:20:04.004285659
2307.9,1,08:20:04.021480471
2307.7,3,08:20:04.083440529
2307.7,1,08:20:05.074509653
2307.6,2,08:20:05.192370746
2307.3,3,08:20:05.356095077
2307.4,1,08:20:05.356852686
2307.3,1,08:20:05.717774821
2307.3,1,08:20:06.158340358
2307.3,1,08:20:06.489602347
2307.2,3,08:20:07.064399919
2307.1,3,08:20:07.181501728
2307.0,1,08:20:07.182721309
2307.3,2,08:20:08.101379467
2307.1,1,08:20:09.065597264
2307.0,3,08:20:09.151131406
2307.0,1,08:20:09.251833603
2306.9,1,08:20:09.264369968
2306.9,1,08:20:09.444612409
2306.8,1,08:20:09.627405596
2306.8,1,08:20:09.627421519
2306.9,1,08:20:09.709500935
2306.8,1,08:20:09.865672107
2306.7,2,08:20:10.028548634
2306.8,4,08:20:10.058497986
2306.9,2,08:20:10.059831949
2307.0,3,08:20:10.061478286
2306.9,1,08:20:10.144608478
2306.8,1,08:20:10.328975607
2306.9,2,08:20:10.393369549
2306.9,1,08:20:10.394882722
2306.8,2,08:20:10.580384095
2306.8,5,08:20:10.653861164
2306.9,1,08:20:10.987837253
2306.8,5,08:20:11.883940895
2306.8,1,08:20:11.967896047
2306.7,3,08:20:12.927351998
2306.7,1,08:20:12.947541341
2306.7,5,08:20:13.030500198
2306.7,1,08:20:13.401761315
2306.7,1,08:20:13.401989890
2306.7,1,08:20:13.402295915
2306.7,2,08:20:13.927489776
2306.6,2,08:20:13.987313674
2306.6,1,08:20:13.987325693
2306.7,2,08:20:14.005853148
2306.8,1,08:20:14.075405723
2306.8,3,08:20:14.075721588
2306.7,1,08:20:14.165116198
2306.7,1,08:20:14.957554818
2306.8,1,08:20:14.957554818
2306.9,5,08:20:15.084125409
2306.9,1,08:20:15.100092176
2306.8,2,08:20:15.100092176
2306.9,1,08:20:15.162837185
2307.0,5,08:20:15.257264855
2307.0,1,08:20:15.278256863
2307.0,2,08:20:15.278469091
2307.0,1,08:20:16.005801404
2306.9,2,08:20:16.385018496
2306.8,1,08:20:17.793644462
2306.8,2,08:20:17.793793061
2306.8,1,08:20:17.798509850
2306.7,4,08:20:18.119514999
2306.8,1,08:20:18.637962150
2306.7,1,08:20:19.195838512
2306.6,8,08:20:19.685675615
2306.7,2,08:20:19.685675615
2306.6,1,08:20:19.686260366
2306.8,1,08:20:19.713837005
2306.8,3,08:20:19.713948286
2306.7,3,08:20:20.531132836
2306.7,1,08:20:20.844456687
2306.7,1,08:20:20.844600956
2306.7,1,08:20:21.848530410
2306.7,1,08:20:21.848941471
2306.7,1,08:20:22.100979459
2306.6,3,08:20:22.134101653
2306.5,1,08:20:23.172213559
2306.5,4,08:20:23.613205477
2306.4,3,08:20:23.613967825
2306.3,1,08:20:23.616323290
2306.3,1,08:20:23.617550265
2306.3,1,08:20:23.617748935
2306.4,3,08:20:23.620559116
2306.4,1,08:20:23.621119092
2306.3,1,08:20:23.725599588
2306.3,4,08:20:23.765010542
2306.4,1,08:20:24.030674702
2306.4,1,08:20:24.030888105
2306.4,3,08:20:24.694900730
2306.4,1,08:20:24.696166314
2306.4,1,08:20:24.871450334
2306.4,1,08:20:24.930167983
2306.3,1,08:20:25.274097475
2306.4,1,08:20:25.416309440
2306.3,4,08:20:25.610364982
2306.4,1,08:20:25.785610918
2306.4,1,08:20:26.267959568
2306.4,1,08:20:26.621981739
2306.3,5,08:20:27.086699058
2306.3,15,08:20:27.087600094
2306.3,3,08:20:27.087647814
2306.3,5,08:20:27.087684755
2306.4,1,08:20:27.089110071
2306.3,1,08:20:27.089227523
2306.3,1,08:20:27.090108254
2306.3,2,08:20:27.092241192
2306.4,1,08:20:27.145001086
2306.4,2,08:20:27.145318549
2306.3,3,08:20:27.479743715
2306.3,1,08:20:27.954482398
2306.3,2,08:20:27.954727744
2306.3,1,08:20:27.959387770
2306.3,1,08:20:28.031613253
2306.2,1,08:20:28.130850785
2306.2,2,08:20:28.130937295
2306.2,2,08:20:28.143379114
2306.3,1,08:20:28.231265143
2306.3,2,08:20:28.231516998
2306.3,1,08:20:28.476560636
2306.3,1,08:20:28.485540408
2306.2,1,08:20:28.533888532
2306.1,3,08:20:28.815974034
2306.1,1,08:20:28.837784233
2306.2,3,08:20:29.018730741
2306.1,4,08:20:29.664345718
2306.1,1,08:20:29.666117623
2306.2,1,08:20:30.164074499
2306.2,1,08:20:30.164142736
2306.2,4,08:20:30.164420102
2306.3,2,08:20:30.349374389
2306.3,4,08:20:30.349560732
2306.3,2,08:20:30.574525374
2306.3,1,08:20:30.744119220
2306.3,2,08:20:30.810683571
2306.2,1,08:20:30.899740714
2306.4,14,08:20:31.516693142
2306.5,1,08:20:31.518188100
2306.5,2,08:20:31.518271708
2306.5,1,08:20:31.519736691
2306.5,1,08:20:31.540892145
2306.5,1,08:20:31.544997303
2306.5,1,08:20:31.552607792
2306.4,1,08:20:31.561448988
2306.4,1,08:20:31.573360521
2306.5,1,08:20:31.573585736
2306.4,1,08:20:31.582051439
2306.4,1,08:20:31.593919435
2306.4,1,08:20:31.614503476
2306.4,2,08:20:32.477998619
2306.4,1,08:20:32.718686547
2306.4,1,08:20:33.166344720
2306.4,2,08:20:33.166843689
2306.3,5,08:20:33.862231062
2306.2,3,08:20:35.845213902
2306.1,3,08:20:36.086177579
2306.1,1,08:20:36.086241081
2306.1,3,08:20:36.086414800
2306.1,2,08:20:36.086505528
2306.1,5,08:20:36.086566207
2306.1,3,08:20:36.086603313
2306.1,1,08:20:36.086708672
2306.2,1,08:20:36.246323256
2306.3,1,08:20:36.350004815
2306.3,1,08:20:36.458532692
2306.3,1,08:20:36.955183965
2306.2,4,08:20:37.393198007
2306.0,1,08:20:38.155851280
2306.2,1,08:20:38.276806990
2306.1,1,08:20:38.297293250
2306.1,2,08:20:38.531867242
2306.0,10,08:20:38.562971614
2306.0,1,08:20:38.645370437
2305.9,1,08:20:38.971977174
2305.9,1,08:20:39.125366539
2305.7,4,08:20:39.221442206
2305.6,1,08:20:39.221459953
2305.6,2,08:20:39.221459953
2305.7,2,08:20:39.221459953
2305.7,1,08:20:39.223174223
2305.8,3,08:20:39.268217012
2305.8,4,08:20:39.268566482
2305.7,4,08:20:39.293680214
2305.8,1,08:20:39.294689860
2305.8,1,08:20:39.380493722
2305.8,1,08:20:39.380699192
2305.9,5,08:20:40.027432339
2305.9,5,08:20:40.027534910
2305.9,1,08:20:40.029719051
2305.9,1,08:20:40.029927842
2305.7,6,08:20:40.100266140
2305.8,4,08:20:40.100266140
2305.7,3,08:20:40.301660045
2305.6,8,08:20:40.649083111
2305.6,1,08:20:40.649749250
2305.6,1,08:20:40.649878114
2305.7,1,08:20:40.807406397
2305.6,4,08:20:40.946445747
2305.6,2,08:20:41.962836723
2305.6,5,08:20:42.258220257
2305.7,1,08:20:42.386431603
2305.7,3,08:20:42.386700732
2305.7,1,08:20:42.386994386
2305.7,3,08:20:42.387019730
2305.7,2,08:20:42.387198960
2305.8,1,08:20:42.495680465
2305.7,1,08:20:42.958763803
2305.7,1,08:20:42.958829773
2305.7,2,08:20:43.657187844
2305.7,1,08:20:43.676672202
2305.6,5,08:20:43.804120391
2305.7,3,08:20:44.034331388
2305.7,1,08:20:44.302704744
2305.8,3,08:20:44.512096822
2305.7,2,08:20:44.792085588
2305.6,1,08:20:45.019686375
2305.7,1,08:20:45.757331362
2305.6,2,08:20:45.921345596
2305.6,2,08:20:45.921609035
2305.6,1,08:20:45.921805698
2305.7,1,08:20:46.052614430
2305.5,2,08:20:46.176048125
2305.5,1,08:20:46.176062268
2305.5,1,08:20:46.309827051
2305.6,1,08:20:46.333119643
2305.6,4,08:20:46.333477157
2305.6,1,08:20:46.333902289
2305.5,1,08:20:46.425095643
2305.5,3,08:20:46.425335344
2305.6,1,08:20:46.425509894
2305.6,1,08:20:46.870655666
2305.5,3,08:20:46.899504949
2305.4,2,08:20:47.806243887
2305.3,4,08:20:47.954488354
2305.4,2,08:20:47.965124667
2305.4,2,08:20:47.965421093
2305.4,4,08:20:47.965531681
2305.5,3,08:20:47.973792992
2305.4,1,08:20:48.091221987
2305.4,2,08:20:48.124073663
2305.5,6,08:20:48.333568651
2305.6,1,08:20:48.436755537
2305.6,2,08:20:48.437045716
2305.6,1,08:20:48.457847796
2305.6,1,08:20:48.458055192
2305.5,1,08:20:49.021163699
2305.4,1,08:20:49.210487912
2305.4,1,08:20:49.279966591
2305.5,1,08:20:49.360465426
2305.6,4,08:20:49.949782038
2305.7,2,08:20:49.957354457
2305.6,1,08:20:49.970619495
2305.6,1,08:20:50.266980497
2305.6,1,08:20:50.403276829
2305.8,1,08:20:50.457304847
2305.8,1,08:20:50.457542448
2305.7,3,08:20:50.652658816
2305.8,1,08:20:50.990484520
2305.8,1,08:20:51.373424237
2305.9,1,08:20:51.464974297
2305.9,3,08:20:51.465536593
2305.9,3,08:20:51.465943203
2306.0,1,08:20:51.467368768
2306.1,8,08:20:51.467380672
2306.2,10,08:20:51.467380672
2306.2,1,08:20:51.467763061
2306.2,1,08:20:51.468775052
2306.1,1,08:20:51.472208334
2306.1,1,08:20:51.473774872
2306.1,1,08:20:51.507686874
2306.2,1,08:20:51.570012172
2306.2,1,08:20:51.650349911
2306.4,1,08:20:51.864831804
2306.3,1,08:20:51.865193612
2306.3,1,08:20:51.865688099
2306.2,3,08:20:52.012483939
2306.1,2,08:20:52.112925235
2306.0,6,08:20:52.191656521
2306.0,1,08:20:52.193338850
2305.9,5,08:20:52.282313981
2305.8,4,08:20:52.360461320
2305.8,1,08:20:52.655065862
2305.8,3,08:20:53.431252494
2305.8,1,08:20:53.431544208
2305.8,1,08:20:53.431765611
2305.9,1,08:20:53.467473252
2305.9,4,08:20:53.706261943
2306.0,1,08:20:55.911141549
2306.0,2,08:20:55.911154451
2306.0,1,08:20:57.278727785
2306.1,1,08:20:59.313359214
2306.1,1,08:20:59.313572540
2306.2,2,08:20:59.828531012
2306.3,1,08:20:59.849387523
2306.2,1,08:21:00.036487596
2306.4,7,08:21:00.587702356
2306.3,2,08:21:00.587702356
2306.5,1,08:21:00.590728932
2306.4,1,08:21:00.608114227
2306.4,1,08:21:00.628780996
2306.4,1,08:21:00.629100337
2306.4,1,08:21:00.649518701
2306.5,3,08:21:00.683521695
2306.6,2,08:21:01.538645733
2306.8,1,08:21:02.726703781
2306.8,1,08:21:02.750818607
2306.8,1,08:21:02.757203280
2306.7,1,08:21:03.283173199
2306.8,2,08:21:05.202233237
2306.9,1,08:21:05.419318942
2306.8,1,08:21:05.821471233
2306.8,1,08:21:06.162435568
2306.7,1,08:21:07.160978020
2306.9,1,08:21:07.349937470
2306.8,2,08:21:08.739333516
2306.8,1,08:21:08.895707575
2306.7,3,08:21:09.147891801
2306.7,1,08:21:09.150408143
2306.8,1,08:21:09.165923380
2306.8,1,08:21:10.210252860
2306.9,2,08:21:10.989508410
2306.9,1,08:21:10.989801084
2307.0,2,08:21:11.380209613
2307.0,2,08:21:11.508990963
2307.0,1,08:21:11.509210190
2307.0,1,08:21:11.525872990
2307.0,1,08:21:11.526111942
2307.1,4,08:21:12.583436297
2307.1,1,08:21:12.607915082
2307.1,1,08:21:12.608114676
2307.0,7,08:21:13.161916017
2307.0,1,08:21:13.226552245
2307.0,1,08:21:13.239493049
2307.0,11,08:21:13.239562133
2307.1,1,08:21:13.241410483
2307.2,2,08:21:13.340113088
2307.3,1,08:21:13.347716224
2307.2,1,08:21:13.605267985
2307.2,1,08:21:13.665908051
2307.2,1,08:21:16.068497942
2307.3,1,08:21:16.068624511
2307.3,2,08:21:16.069148768
2307.2,1,08:21:17.077294522
2307.2,1,08:21:17.077848354
2307.1,3,08:21:18.281592660
2307.1,3,08:21:18.281775701
2307.1,1,08:21:18.282336166
2306.9,5,08:21:18.438753286
2306.8,1,08:21:18.440136587
2306.8,1,08:21:18.441165440
2306.9,3,08:21:19.009297120
2306.9,1,08:21:19.011808221
2306.9,1,08:21:19.012402822
2306.8,1,08:21:19.420048455
2306.8,1,08:21:20.024622068
2306.8,4,08:21:20.071903711
2306.8,3,08:21:20.077700145
2306.8,1,08:21:20.209239149
2306.9,3,08:21:20.525859125
2306.9,1,08:21:20.546540921
2306.9,1,08:21:20.546618107
2307.0,3,08:21:20.577071936
2307.0,4,08:21:20.578268594
2307.0,2,08:21:20.578292210
2307.0,3,08:21:20.578347824
2307.0,6,08:21:20.578410026
2307.0,7,08:21:20.578410026
2307.0,1,08:21:20.579260476
2307.1,2,08:21:20.580012021
2307.0,1,08:21:20.700320389
2306.9,1,08:21:21.015408313
2306.9,1,08:21:21.015657451
2306.9,1,08:21:21.025111711
2306.9,1,08:21:21.590702082
2307.0,2,08:21:21.680329920
2306.9,1,08:21:21.688194951
2306.8,1,08:21:22.039584849
2306.9,1,08:21:22.407760275
2306.9,2,08:21:23.342688481
2307.0,1,08:21:24.334533354
2306.9,2,08:21:26.384608782
2306.9,1,08:21:26.384930978
2306.9,1,08:21:26.563953400
2306.8,4,08:21:27.591556145
2306.8,1,08:21:27.593532563
2306.8,1,08:21:27.594523530
2306.9,2,08:21:29.285927229
2306.9,1,08:21:29.319130144
2306.9,1,08:21:29.850221144
2307.0,1,08:21:32.112029054
2307.0,1,08:21:32.112630100
2307.0,1,08:21:32.112863679
2307.1,1,08:21:32.113798924
2307.1,1,08:21:32.115201379
2307.1,1,08:21:32.115515707
2307.0,1,08:21:32.133530131
2307.1,5,08:21:32.184618922
2307.0,2,08:21:32.184618922
2307.0,2,08:21:32.186661310
2307.0,2,08:21:32.187484081
2306.9,1,08:21:33.095120740
2306.9,1,08:21:33.095285773
2306.9,1,08:21:33.578260550
2306.8,1,08:21:33.903983545
2306.8,1,08:21:35.624967712
2306.8,1,08:21:35.625181969
2306.7,12,08:21:35.854404305
2306.7,1,08:21:35.855533378
2306.6,2,08:21:37.532270989
2306.6,1,08:21:37.533574474
2306.6,1,08:21:37.534894449
2306.7,1,08:21:38.042022144
2306.7,1,08:21:38.042587903
2306.8,3,08:21:38.811372267
2306.9,4,08:21:39.030289898
2306.9,1,08:21:39.256297374
2307.0,1,08:21:39.889535330
2307.0,2,08:21:39.889843160
2307.0,1,08:21:39.890071424
2307.1,1,08:21:40.757737322
2307.4,1,08:21:41.537516537
2307.3,3,08:21:42.130809550
2307.3,1,08:21:42.130857276
2307.2,3,08:21:42.802248132
2307.1,4,08:21:42.803314668
2307.1,3,08:21:42.803412069
2307.0,1,08:21:43.672527358
2307.1,5,08:21:44.076488767
2307.1,2,08:21:47.723294756
2307.2,4,08:21:47.973136402
2307.2,2,08:21:47.973304668
2307.2,3,08:21:47.973416516
2307.2,1,08:21:47.973457461
2307.1,1,08:21:48.171825119
2307.1,1,08:21:48.318891042
2307.2,1,08:21:48.644355098
2307.1,1,08:21:49.152928070
2307.2,1,08:21:49.324555964
2307.0,2,08:21:49.870877351
2307.1,1,08:21:49.871101361
2307.0,1,08:21:49.872206113
2307.1,1,08:21:49.872273824
2307.0,1,08:21:49.872691388
2306.9,1,08:21:50.175165025
2306.9,2,08:21:50.175337154
2306.9,1,08:21:50.204295641
2306.8,1,08:21:51.437997729
2306.9,1,08:21:52.006638980
2307.0,6,08:21:57.674940948
2307.1,8,08:21:57.674940948
2307.2,4,08:21:57.674940948
2307.0,1,08:21:57.678901995
2307.0,1,08:21:57.678946818
2306.9,1,08:21:57.691161794
2306.8,1,08:21:57.843627893
2306.6,1,08:22:00.065583313
2306.7,1,08:22:00.066247380
2306.8,1,08:22:00.067404101
2306.8,1,08:22:00.206416350
2306.7,1,08:22:00.541731544
2306.7,1,08:22:00.542135178
2306.6,1,08:22:02.808927083
2306.6,4,08:22:04.592907362
2306.5,1,08:22:04.738963803
2306.3,1,08:22:06.103637795
2306.4,1,08:22:09.109672716
2306.4,4,08:22:09.109926301
2306.4,1,08:22:09.131024352
2306.4,1,08:22:09.151981888
2306.3,1,08:22:09.517174000
2306.3,2,08:22:09.517341655
2306.2,2,08:22:10.959880537
2306.2,1,08:22:10.960257354
2306.2,3,08:22:10.960802535
2306.3,4,08:22:11.697759800
2306.3,1,08:22:12.027176690
2306.2,1,08:22:13.027597334
2306.2,7,08:22:13.178986852
2306.1,3,08:22:14.741739725
2306.1,1,08:22:15.029175880
2306.2,1,08:22:17.225032397
2306.2,1,08:22:17.225297445
2306.3,1,08:22:19.845253046
2306.3,1,08:22:20.459321642
2306.3,1,08:22:20.460161419
2306.3,2,08:22:20.460468385
2306.3,1,08:22:20.476508228
2306.4,2,08:22:21.449296821
2306.4,1,08:22:21.470232651
2306.4,1,08:22:21.869538884
2306.4,1,08:22:22.676647868
2306.3,1,08:22:22.712447754
2306.3,1,08:22:22.936569571
2306.4,1,08:22:24.941458315
2306.5,1,08:22:25.163714978
2306.6,1,08:22:25.237677717
2306.7,4,08:22:26.601205766
2306.7,1,08:22:26.601824246
2306.7,1,08:22:26.601872202
2306.7,1,08:22:26.602412648
2306.6,1,08:22:27.061306331
2306.6,1,08:22:28.255240503
2306.7,1,08:22:28.607580684
2306.7,1,08:22:28.607755948
2306.7,1,08:22:30.023738651
2306.6,1,08:22:31.400432628
2306.6,3,08:22:31.400582433
2306.8,4,08:22:32.208588183
2306.7,4,08:22:32.208588183
2306.7,1,08:22:32.210489777
2306.6,1,08:22:32.229472581
2306.5,4,08:22:33.029775564
2306.4,1,08:22:33.149631790
2306.4,1,08:22:33.796475509
2306.5,1,08:22:34.420762020
2306.4,1,08:22:35.051108688
2306.5,1,08:22:35.822852778
2306.6,2,08:22:39.289097804
2306.7,1,08:22:39.998660193
2306.7,1,08:22:40.525418959
2306.5,1,08:22:42.173137505
2306.4,1,08:22:44.604283217
2306.4,1,08:22:44.956217760
2306.4,1,08:22:47.537791214
2306.3,1,08:22:47.734693623
2306.2,1,08:22:49.138157725
2306.2,1,08:22:49.849442267
2306.1,1,08:22:49.931166505
2306.1,1,08:22:49.931367232
2306.1,1,08:22:49.932292617
2306.1,1,08:22:49.932500804
2306.0,6,08:22:50.842806398
2306.1,1,08:22:50.842806398
2305.9,3,08:22:50.842806398
2306.0,1,08:22:51.805231302
2306.0,1,08:22:51.805613815
2306.0,1,08:22:52.594648219
2306.0,1,08:22:52.844672129
2306.0,1,08:22:52.844918531
2306.0,1,08:22:56.433400208
2306.0,1,08:22:56.531938443
2305.9,1,08:22:56.745013948
2305.9,1,08:22:56.894888456
2305.9,1,08:22:56.895110451
2306.0,3,08:22:59.298630469
2306.1,1,08:22:59.317096123
2306.1,1,08:22:59.331852469
2306.1,1,08:22:59.398220536
2306.2,4,08:23:01.325651896
2306.2,1,08:23:01.325766063
2306.2,2,08:23:01.326120323
2306.2,1,08:23:01.350532888
2306.2,1,08:23:02.034375518
2306.2,1,08:23:02.034764901
2306.4,1,08:23:02.354604758
2306.4,2,08:23:03.198455699
2306.3,2,08:23:03.517031612
2306.2,1,08:23:04.033394135
2306.1,1,08:23:04.205080817
2306.1,2,08:23:04.205250933
2306.1,2,08:23:04.666855970
2306.0,3,08:23:04.666855970
2306.1,3,08:23:05.345715614
2306.0,1,08:23:06.946910675
2306.0,2,08:23:06.947253703
2305.9,1,08:23:09.455606399
2305.9,1,08:23:09.701237735
2306.0,1,08:23:09.816125964
2305.9,1,08:23:09.842319626
2305.9,1,08:23:09.850175010
2305.9,2,08:23:10.565024901
2305.9,1,08:23:10.569413098
2306.0,1,08:23:11.594373538
2306.0,3,08:23:11.594618445
2306.0,1,08:23:11.615525362
2306.0,1,08:23:11.615891963
2305.9,1,08:23:11.694964658
2305.9,1,08:23:11.695858180
2305.9,1,08:23:11.894422275
2305.8,4,08:23:11.900945393
2305.8,5,08:23:13.491703237
2305.8,1,08:23:13.492666981
2306.0,1,08:23:13.817899588
2305.9,1,08:23:14.759623867
2305.9,1,08:23:15.104701675
2305.9,3,08:23:15.104962844
2305.8,1,08:23:16.012180759
2305.9,2,08:23:16.777889221
2305.8,2,08:23:16.777889221
2305.8,3,08:23:16.777944157
2305.7,1,08:23:16.777944157
2305.7,1,08:23:18.172937088
2305.7,1,08:23:18.181543797
2305.7,1,08:23:18.188661418
2305.7,1,08:23:18.192660429
2305.6,1,08:23:18.192660429
2305.5,2,08:23:19.554896112
2305.5,3,08:23:19.554968446
2305.5,1,08:23:19.559287784
2305.5,1,08:23:19.561502779
2305.5,2,08:23:19.753840511
2305.5,1,08:23:19.760479022
2305.5,1,08:23:19.760724512
2305.4,6,08:23:19.820549110
2305.5,1,08:23:19.820549110
2305.4,3,08:23:19.821022970
2305.4,2,08:23:19.821133054
2305.4,5,08:23:19.821172203
2305.4,3,08:23:19.821238312
2305.6,1,08:23:20.140816343
2305.6,2,08:23:20.141388075
2305.6,1,08:23:20.141596000
2305.5,1,08:23:20.498266903
2305.5,1,08:23:20.796845773
2305.6,1,08:23:21.003854786
2305.6,1,08:23:21.004159327
2305.6,1,08:23:21.025103428
2305.6,1,08:23:21.046558833
2305.6,1,08:23:21.068176912
2305.7,2,08:23:22.115383547
2305.8,1,08:23:22.267453892
2305.8,1,08:23:22.525113770
2305.7,1,08:23:22.990842453
2305.7,2,08:23:23.035839888
2305.6,1,08:23:23.048288538
2305.8,2,08:23:23.049048048
2305.7,4,08:23:23.090390850
2305.5,7,08:23:23.090390850
2305.6,9,08:23:23.090390850
2305.5,1,08:23:23.345839149
2305.7,1,08:23:23.353904879
2305.6,1,08:23:23.488706128
2305.6,1,08:23:23.489197808
2305.6,1,08:23:24.412716859
2305.6,1,08:23:24.415127899
2305.5,1,08:23:24.579059048
2305.5,1,08:23:24.579286239
2305.6,2,08:23:24.602630639
2305.7,2,08:23:25.849869453
2305.7,1,08:23:25.896006466
2305.8,4,08:23:25.909119019
2305.9,1,08:23:26.760813855
2305.9,1,08:23:26.761438384
2305.8,4,08:23:26.913285065
2305.9,1,08:23:27.401338706
2306.0,2,08:23:28.123511541
2306.0,1,08:23:28.157075571
2306.0,1,08:23:28.158379879
2305.9,1,08:23:28.732395762
2306.0,3,08:23:28.846330654
2306.1,1,08:23:28.980600612
2306.2,2,08:23:28.981991165
2306.2,3,08:23:28.988760849
2306.2,4,08:23:28.989082280
2306.3,5,08:23:29.588194423
2306.2,2,08:23:29.588194423
2306.3,1,08:23:29.589972110
2306.4,1,08:23:29.901241139
2306.3,1,08:23:29.978426342
2306.3,1,08:23:29.978535659
2306.2,1,08:23:30.236721014
2306.4,2,08:23:31.138626446
2306.4,1,08:23:31.140070984
2306.4,1,08:23:31.240865711
2306.4,1,08:23:31.241681335
2306.4,1,08:23:31.272631655
2306.3,1,08:23:31.636097847
2306.4,1,08:23:31.636251242
2306.3,1,08:23:31.636948335
2306.2,1,08:23:31.651888610
2306.2,1,08:23:31.652349255
2306.0,1,08:23:31.702406690
2306.0,1,08:23:31.711768786
2306.0,1,08:23:32.485098553
2306.1,3,08:23:32.996483649
2306.1,1,08:23:33.155020136
2306.0,1,08:23:33.317314495
2306.0,1,08:23:33.317361687
2306.0,2,08:23:33.317526048
2306.0,1,08:23:33.317612306
2306.0,1,08:23:33.317663427
2305.9,1,08:23:33.330085337
2305.9,1,08:23:33.348568326
2305.8,1,08:23:33.355919292
2305.8,3,08:23:33.397603160
2305.8,1,08:23:33.398654269
2305.8,1,08:23:33.469325688
2305.8,2,08:23:33.469575095
2305.8,1,08:23:33.518402933
2305.7,1,08:23:33.540939062
2305.8,1,08:23:34.234066870
2305.9,1,08:23:34.234066870
2305.8,1,08:23:34.235183053
2305.7,1,08:23:34.236577190
2305.7,1,08:23:34.237530770
2305.7,2,08:23:35.051024872
2305.7,1,08:23:35.051057650
2305.7,1,08:23:35.051956618
2305.7,1,08:23:35.055051288
2305.5,1,08:23:35.072444633
2305.5,1,08:23:35.156175037
2305.4,1,08:23:35.202784181
2305.5,2,08:23:35.315347691
2305.5,1,08:23:35.344666427
2305.6,1,08:23:37.091640010
2305.6,1,08:23:37.091920118
2305.7,4,08:23:37.106537532
2305.7,1,08:23:37.107331324
2305.7,1,08:23:37.262784768
2305.7,2,08:23:37.263019172
2305.7,1,08:23:37.263574956
2305.7,1,08:23:38.268795465
2305.8,3,08:23:38.899873415
2305.8,1,08:23:38.900055042
2305.8,1,08:23:38.952025926
2305.8,2,08:23:39.042779580
2305.8,1,08:23:39.528372807
2305.7,1,08:23:39.554175786
2305.7,1,08:23:39.554402581
2305.6,1,08:23:39.571013859
2305.6,1,08:23:39.571344221
2305.6,2,08:23:39.571902530
2305.6,2,08:23:39.572102198
2305.6,1,08:23:39.686048717
2305.5,1,08:23:39.709810570
2305.4,1,08:23:39.786491212
2305.5,1,08:23:39.787054894
2305.5,2,08:23:40.178991035
2305.4,3,08:23:40.453870928
2305.5,1,08:23:40.464279001
2305.5,1,08:23:40.505040667
2305.5,1,08:23:40.505874767
2305.6,1,08:23:40.725575671
2305.6,4,08:23:41.205735069
2305.8,1,08:23:41.975712620
2305.7,2,08:23:42.270531012
2305.8,3,08:23:42.270605480
2305.7,1,08:23:42.270988700
2305.7,1,08:23:42.271567759
2305.9,1,08:23:42.510763004
2306.0,1,08:23:42.645659805
2306.1,2,08:23:42.645659805
2306.0,1,08:23:42.646707064
2306.1,4,08:23:42.787443870
2306.1,4,08:23:42.787955406
2306.0,1,08:23:42.957551077
2306.1,1,08:23:42.958052501
2306.2,3,08:23:43.631950630
2306.3,1,08:23:43.722244009
2306.3,1,08:23:43.727496073
2306.2,1,08:23:44.052157328
2306.1,1,08:23:44.138109355
2306.1,3,08:23:44.138467305
2306.0,1,08:23:44.201673661
2306.0,1,08:23:44.252799348
2306.0,1,08:23:44.302283048
2305.9,1,08:23:44.304716006
2306.0,1,08:23:44.387940340
2306.0,1,08:23:44.604812382
2305.9,1,08:23:44.652590400
2306.0,1,08:23:45.027973203
2306.0,1,08:23:45.958022218
2306.0,1,08:23:45.958299606
2306.1,6,08:23:46.514167269
2306.2,1,08:23:46.949243856
2306.1,1,08:23:46.949243856
2306.1,1,08:23:47.015763252
2306.3,2,08:23:47.120874050
2306.2,5,08:23:47.120874050
2306.2,1,08:23:47.123436236
2306.2,1,08:23:47.135417875
2306.4,3,08:23:48.169320449
2306.5,1,08:23:48.171268901
2306.5,1,08:23:48.452108599
2306.5,1,08:23:48.452474514
2306.5,1,08:23:48.722270030
2306.6,2,08:23:48.722718436
2306.6,1,08:23:48.723047320
2306.6,1,08:23:49.044009389
2306.6,1,08:23:49.044156186
2306.4,1,08:23:49.203675924
2306.4,1,08:23:49.349515603
2306.4,1,08:23:49.349542787
2306.4,1,08:23:49.349721396
2306.4,1,08:23:49.349863335
2306.3,2,08:23:50.177551805
2306.2,2,08:23:50.178885140
2306.2,1,08:23:50.179101756
2306.2,2,08:23:51.651053171
2306.2,1,08:23:51.651355580
2306.2,4,08:23:51.779406116
2306.3,4,08:23:52.786508943
2306.2,1,08:23:52.787442233
2306.2,1,08:23:54.208974787
2306.2,1,08:23:54.240987455
2306.2,1,08:23:55.101074808
2306.2,1,08:23:56.276839825
2306.3,1,08:23:56.277985806
2306.4,1,08:23:56.282559847
2306.5,3,08:23:56.282645183
2306.5,4,08:23:56.332902554
2306.6,1,08:23:56.332902554
2306.6,1,08:23:56.332948033
2306.5,1,08:23:56.334736588
2306.6,1,08:23:56.344316694
2306.6,6,08:23:56.544279495
2306.7,1,08:23:56.835123430
2306.7,2,08:23:57.110988029
2306.8,5,08:23:57.540677269
2306.7,1,08:23:57.541373642
2306.7,1,08:23:57.652296489
2306.8,1,08:23:58.102059351
2306.7,4,08:23:58.102505068
2306.8,1,08:23:58.102505068
2306.7,1,08:23:58.402605390
2306.6,1,08:23:59.543612637
2306.7,1,08:23:59.544371757
2306.6,2,08:24:00.819199107
2306.6,4,08:24:01.087191159
2306.7,1,08:24:01.782499699
2306.7,1,08:24:02.187315848
2306.7,1,08:24:02.208163732
2306.8,4,08:24:02.294616194
2306.8,1,08:24:02.294998058
2306.8,4,08:24:02.295230271
2306.8,2,08:24:02.295715810
2306.9,1,08:24:04.281337583
2306.9,1,08:24:04.716749726
2306.8,2,08:24:06.714084968
2306.9,4,08:24:06.763744884
2306.8,1,08:24:07.319191802
2306.7,1,08:24:09.380922406
2306.8,3,08:24:10.541377047
2306.7,1,08:24:10.541490765
2306.7,1,08:24:10.541661379
2306.7,2,08:24:10.913729378
2306.7,4,08:24:10.913789671
2306.6,1,08:24:10.915073818
2306.6,1,08:24:10.915284667
2306.6,3,08:24:10.915413332
2306.6,1,08:24:10.915451967
2306.6,1,08:24:10.915944149
2306.6,1,08:24:10.916446476
2306.7,1,08:24:11.244930307
2306.7,1,08:24:11.245169890
2306.8,1,08:24:11.272004297
2306.8,1,08:24:11.272238564
2306.9,2,08:24:14.652800512
2307.0,1,08:24:14.728279720
2307.0,2,08:24:14.728342204
2306.9,1,08:24:15.114558448
2307.1,3,08:24:15.693362716
2307.2,1,08:24:15.693378633
2307.2,1,08:24:17.025469019
2307.2,1,08:24:17.026489551
2307.2,1,08:24:17.027665460
2307.2,1,08:24:17.818638910
2307.2,3,08:24:17.818910538
2307.2,2,08:24:17.819820255
2307.2,2,08:24:18.476941516
2307.2,1,08:24:19.690457835
2307.2,2,08:24:19.729932775
2307.2,1,08:24:20.262376387
2307.0,1,08:24:20.972773880
2307.1,5,08:24:20.972773880
2307.2,1,08:24:22.414733312
2307.1,1,08:24:23.026062537
2307.0,5,08:24:23.026062537
2307.0,1,08:24:23.401599029
2307.0,4,08:24:23.619029313
2306.9,1,08:24:23.819570958
2306.9,1,08:24:24.629200583
2306.8,1,08:24:24.636672158
2307.0,1,08:24:26.682427724
2307.0,2,08:24:26.683555497
2307.0,1,08:24:26.704770236
2307.0,1,08:24:28.824007802
2307.3,2,08:24:32.646095891
2307.4,1,08:24:33.864365663
2307.4,1,08:24:33.864604894
2307.4,1,08:24:33.864735683
2307.5,1,08:24:35.280671656
2307.3,1,08:24:36.314499034
2307.4,1,08:24:37.131107698
2307.4,1,08:24:37.813541842
2307.3,1,08:24:37.889172268
2307.3,11,08:24:37.889473269
2307.3,1,08:24:38.356846714
2307.1,1,08:24:38.743406673
2307.1,4,08:24:38.932730037
2307.3,1,08:24:40.459869410
2307.4,1,08:24:40.580150952
2307.3,6,08:24:40.722723091
2307.2,2,08:24:40.722723091
2307.2,1,08:24:43.201650727
2307.3,4,08:24:44.391332637
2307.3,14,08:24:44.392120784
2307.3,1,08:24:44.393688614
2307.3,1,08:24:48.297166984
2307.2,5,08:24:49.160684951
2307.2,1,08:24:49.464764100
2307.2,6,08:24:50.575578556
2307.2,1,08:24:50.575855915
2307.2,1,08:24:56.525180517
2307.2,1,08:24:56.525412758
2307.2,1,08:24:56.525477386
2307.2,3,08:24:56.525736650
2307.1,5,08:24:56.546917345
2307.1,4,08:24:56.547222048
2307.0,1,08:24:57.052569327
2306.9,1,08:24:57.965954394
2306.9,2,08:24:57.966185641
2306.9,1,08:24:57.966365126
2306.9,5,08:24:57.966457710
2306.9,1,08:24:57.967289692
2306.9,1,08:24:57.967546932
2306.9,1,08:24:57.968767292
2306.8,1,08:24:58.057221602
2306.9,1,08:24:58.428037831
2307.0,1,08:25:00.012801882
2307.0,1,08:25:00.012877781
2307.0,5,08:25:00.013364102
2307.0,1,08:25:00.041264394
2306.9,1,08:25:00.453411441
2306.9,1,08:25:00.453680308
2306.8,1,08:25:01.580562239
2306.9,1,08:25:02.931956803
2306.8,1,08:25:04.303441429
2306.8,1,08:25:04.305775601
2306.8,1,08:25:04.306150335
2306.7,5,08:25:04.387874556
2306.7,1,08:25:04.401369158
2306.8,1,08:25:04.736493000
2306.6,2,08:25:05.611721041
2306.6,1,08:25:05.611767038
2306.5,1,08:25:06.053210290
2306.5,2,08:25:06.053554319
2306.4,1,08:25:06.087056604
2306.4,1,08:25:06.087315733
2306.4,3,08:25:06.995989340
2306.5,4,08:25:08.750405412
2306.5,1,08:25:09.142426576
2306.6,4,08:25:09.694753858
2306.6,2,08:25:09.696064198
2306.5,1,08:25:11.117283287
2306.6,1,08:25:12.163709916
2306.6,3,08:25:12.163865445
2306.6,1,08:25:12.185056934
2306.5,1,08:25:12.205599030
2306.5,2,08:25:12.552288906
2306.4,2,08:25:13.054179329
2306.3,2,08:25:13.065613856
2306.3,1,08:25:13.241597431
2306.3,1,08:25:15.409149323
2306.3,1,08:25:16.078211098
2306.3,1,08:25:16.096885303
2306.3,1,08:25:17.665426083
2306.3,3,08:25:17.665737580
2306.3,1,08:25:18.840501563
2306.0,6,08:25:19.091625491
2305.9,7,08:25:19.091625491
2306.1,7,08:25:19.091625491
2305.8,8,08:25:19.091625491
2306.2,2,08:25:19.091625491
2305.7,1,08:25:19.091648787
2305.8,2,08:25:19.094210896
2305.8,2,08:25:19.094313183
2305.8,2,08:25:19.094374076
2305.8,1,08:25:19.094374076
2305.8,1,08:25:19.094451752
2305.8,2,08:25:19.094481696
2305.9,1,08:25:19.098241182
2305.9,1,08:25:19.098277948
2306.0,1,08:25:19.099582870
2306.0,1,08:25:19.105445353
2306.0,1,08:25:19.105579138
2306.1,5,08:25:19.162420316
2306.1,1,08:25:19.165409617
2306.1,1,08:25:19.165476242
2306.1,1,08:25:19.165760392
2306.1,1,08:25:19.397929472
2306.0,1,08:25:19.426837554
2306.2,1,08:25:19.491315472
2306.3,3,08:25:20.007076914
2306.3,1,08:25:20.027952755
2306.4,2,08:25:20.727256048
2306.5,4,08:25:22.290783854
2306.9,1,08:25:24.024715113
2306.8,1,08:25:24.248882598
2306.8,1,08:25:24.390482919
2306.9,1,08:25:25.186700418
2306.8,1,08:25:27.131865417
2306.9,1,08:25:27.321832734
2306.8,1,08:25:29.851558158
2307.0,3,08:25:30.778138666
2307.1,1,08:25:31.619266086
2307.1,3,08:25:31.619475951
2307.3,2,08:25:32.808094312
2307.4,1,08:25:34.647420394
2307.4,1,08:25:35.097918950
2307.2,3,08:25:37.081074941
2307.3,9,08:25:37.081074941
2307.3,1,08:25:37.101423440
2307.1,3,08:25:37.386070107
2307.2,2,08:25:37.386070107
2307.2,1,08:25:37.387193094
2307.1,1,08:25:37.780237951
2307.2,2,08:25:38.317669199
2307.1,1,08:25:38.853064111
2307.1,1,08:25:38.853244546
2307.1,1,08:25:38.950307343
2307.0,1,08:25:39.026338772
2307.2,2,08:25:40.049580148
2307.2,1,08:25:40.070280548
2307.3,3,08:25:41.145771652
2307.2,3,08:25:46.214623631
2307.3,7,08:25:46.335317114
2307.1,5,08:25:47.380727625
2307.0,3,08:25:47.756835043
2306.9,1,08:25:47.767810800
2306.9,2,08:25:47.768128336
2306.9,1,08:25:47.770144373
2306.8,1,08:25:48.058963429
2306.8,1,08:25:48.336084978
2306.9,7,08:25:48.336084978
2307.0,1,08:25:50.413230044
2307.0,1,08:25:50.413265821
2307.0,1,08:25:50.916943886
2307.1,1,08:25:50.954456974
2307.2,2,08:25:51.015575183
2307.1,1,08:25:51.170034666
2307.1,1,08:25:51.883360435
2307.0,1,08:25:53.059320327
2306.9,1,08:25:53.060918800
2306.8,1,08:25:55.684038783
2306.7,1,08:25:55.946313435
2306.7,3,08:25:55.946563603
2306.6,1,08:25:57.396934034
2306.5,1,08:25:57.507350015
2306.6,1,08:25:57.648368009
2306.6,1,08:25:59.686153726
2306.5,1,08:26:00.447173470
2306.5,1,08:26:02.145256811
2306.5,1,08:26:02.375058625
2306.5,1,08:26:04.471683264
2306.5,2,08:26:04.471962421
2306.5,1,08:26:04.773469970
2306.5,1,08:26:05.240231018
2306.6,1,08:26:09.581865603
2306.5,1,08:26:12.062328651
2306.5,1,08:26:12.063363554
2306.5,1,08:26:12.063473618
2306.4,1,08:26:13.117557421
2306.4,5,08:26:13.117798335
2306.6,1,08:26:14.116005801
2306.6,2,08:26:14.116273432
2306.6,1,08:26:14.136700432
2306.6,1,08:26:14.884103039
2306.6,1,08:26:14.905543135
2306.6,1,08:26:14.906795216
2306.5,1,08:26:17.826933443
2306.5,1,08:26:17.827222206
2306.5,2,08:26:17.827318455
2306.5,1,08:26:18.486290324
2306.6,1,08:26:20.186546239
2306.5,3,08:26:20.892577733
2306.4,4,08:26:23.765474244
2306.4,1,08:26:26.417145220
2306.5,1,08:26:26.759414848
2306.4,2,08:26:27.743672908
2306.3,4,08:26:27.780779495
2306.3,1,08:26:27.781027123
2306.5,1,08:26:29.192485561
2306.5,4,08:26:31.247429488
2306.5,2,08:26:31.247468302
2306.5,2,08:26:31.464481208
2306.6,2,08:26:31.464481208
2306.5,1,08:26:31.962868898
2306.6,2,08:26:33.186624991
2306.7,3,08:26:33.204540362
2306.7,1,08:26:33.234853408
2306.7,1,08:26:33.255631580
2306.7,1,08:26:33.273860641
2306.6,1,08:26:33.276396036
2306.6,1,08:26:33.298591081
2306.6,1,08:26:33.319806446
2306.5,1,08:26:33.629787756
2306.4,1,08:26:34.060420886
2306.4,1,08:26:34.424164833
2306.3,1,08:26:34.424397862
2306.3,2,08:26:34.424705129
2306.2,1,08:26:35.287866756
2306.4,2,08:26:36.557862298
2306.6,2,08:26:37.079779268
2306.6,2,08:26:37.080231754
2306.6,3,08:26:37.080289006
2306.6,2,08:26:37.080487404
2306.6,7,08:26:37.080536639
2306.6,6,08:26:37.080599780
2306.6,14,08:26:37.081475439
2306.6,4,08:26:37.081503363
2306.6,3,08:26:37.081632710
2306.6,1,08:26:37.081662067
2306.6,3,08:26:37.081702980
2306.6,1,08:26:37.081871985
2306.6,3,08:26:37.082024449
2306.6,3,08:26:37.082830772
2306.6,1,08:26:37.082958989
2306.6,1,08:26:37.084673203
2306.6,1,08:26:37.084946383
2306.6,1,08:26:38.065179061
2306.5,1,08:26:39.149862972
2306.5,4,08:26:39.150047236
2306.5,1,08:26:39.150086961
2306.7,3,08:26:41.145762990
2306.6,6,08:26:43.350901285
2306.5,7,08:26:43.351618225
2306.5,1,08:26:43.354554597
2306.6,2,08:26:44.613729299
2306.7,2,08:26:44.688575430
2306.7,8,08:26:44.688759226
2306.7,1,08:26:44.688872776
2306.7,1,08:26:44.688971992
2306.7,2,08:26:44.689035382
2306.7,4,08:26:44.689109329
2306.7,3,08:26:44.689109329
2306.7,1,08:26:44.689285813
2306.7,1,08:26:44.689352521
2306.7,1,08:26:44.713385201
2306.7,1,08:26:44.713562304
2306.7,1,08:26:44.713770501
2306.7,1,08:26:44.721802631
2306.7,1,08:26:45.021956575
2306.7,16,08:26:45.022171536
2306.7,1,08:26:45.022225358
2306.7,1,08:26:45.022355479
2306.7,2,08:26:45.022462735
2306.7,3,08:26:45.022657882
2306.8,4,08:26:45.586137290
2306.8,2,08:26:45.598725820
2306.8,1,08:26:45.598889432
2306.8,1,08:26:45.599386530
2306.9,1,08:26:46.848501603
2306.9,1,08:26:46.955754093
2306.9,1,08:26:47.231163341
2306.9,1,08:26:48.422631836
2306.9,1,08:26:52.499258091
2306.9,1,08:26:52.519943798
2307.0,1,08:26:53.087881910
2307.0,1,08:26:53.088089450
2306.9,2,08:26:54.433581132
2306.8,5,08:26:54.433914605
2306.9,1,08:26:54.434929730
2306.8,1,08:26:54.435976359
2306.9,1,08:26:55.804873775
2307.0,18,08:26:55.852059718
2307.0,2,08:26:55.852096582
2307.0,1,08:26:55.852217473
2307.0,2,08:26:55.852355820
2307.0,2,08:26:55.852417299
2307.0,18,08:26:55.852482539
2307.0,2,08:26:55.852623108
2307.0,1,08:26:55.872365244
2307.0,1,08:26:55.872561046
2307.0,3,08:26:55.878057794
2307.0,3,08:26:56.195874796
2307.0,1,08:26:56.195952091
2307.0,1,08:26:56.197171764
2307.0,1,08:26:56.198848165
2307.0,1,08:26:56.199124504
2307.0,1,08:26:58.021038636
2307.1,1,08:26:58.143943252
2307.0,1,08:26:58.170025930
2307.1,1,08:27:00.276748209
2307.1,1,08:27:01.559927658
2307.1,1,08:27:08.054234505
2307.0,1,08:27:08.601364440
2307.0,1,08:27:10.093671102
2307.0,1,08:27:10.093757724
2307.0,12,08:27:10.093899459
2307.0,1,08:27:10.093973283
2307.0,1,08:27:10.094075110
2307.0,1,08:27:10.095459269
2307.0,1,08:27:10.095771519
2307.1,1,08:27:10.095881438
2307.1,2,08:27:10.096189530
2307.2,1,08:27:10.098107358
2307.1,1,08:27:10.116819728
2307.1,1,08:27:10.133992084
2307.1,1,08:27:10.137590739
2307.1,1,08:27:10.158662696
2307.2,1,08:27:10.358524721
2307.2,1,08:27:11.613254429
2307.2,2,08:27:11.613461218
2307.1,1,08:27:12.368669645
2307.2,1,08:27:14.325679321
2307.2,1,08:27:14.754531987
2307.2,2,08:27:14.834927307
2307.3,1,08:27:15.831727007
2307.3,1,08:27:15.831957767
2307.3,1,08:27:21.172847540
2307.2,6,08:27:22.015925571
2307.2,1,08:27:23.138528384
2307.2,1,08:27:30.244914704
2307.3,1,08:27:30.244996241
2307.2,1,08:27:30.245385923
2307.3,4,08:27:32.786037489
2307.3,2,08:27:32.786238332
2307.3,1,08:27:32.787049398
2307.3,1,08:27:32.787271108
2307.2,1,08:27:33.231612089
2307.2,1,08:27:34.183699651
2307.3,2,08:27:35.231894431
2307.3,1,08:27:35.232298021
2307.3,1,08:27:35.585693078
2307.2,1,08:27:35.882143799
2307.1,1,08:27:38.032903295
2307.2,1,08:27:38.033050681
2307.1,4,08:27:38.033435751
2307.1,3,08:27:38.033474552
2307.0,5,08:27:38.071106254
2307.0,4,08:27:38.071495644
2307.0,1,08:27:38.071604184
2307.0,4,08:27:38.071675820
2307.0,1,08:27:38.072076257
2307.0,1,08:27:38.072290876
2307.0,1,08:27:38.072420997
2307.1,1,08:27:38.753666556
2307.1,1,08:27:38.753834534
2307.2,2,08:27:40.760558161
2307.2,1,08:27:40.761082568
2307.3,2,08:27:41.165538055
2307.2,4,08:27:42.419316176
2307.2,1,08:27:43.205698639
2307.1,2,08:27:43.950586794
2307.2,1,08:27:45.810522746
2307.0,2,08:27:47.091814690
2307.1,1,08:27:47.091887876
2307.0,5,08:27:47.092131659
2307.0,5,08:27:47.092204949
2307.1,1,08:27:47.092632844
2307.0,1,08:27:47.092884030
2307.0,1,08:27:47.092900037
2307.0,2,08:27:47.094249514
2306.9,4,08:27:47.094249514
2306.9,1,08:27:47.096080674
2306.9,3,08:27:47.096130130
2306.9,1,08:27:47.096162630
2306.9,6,08:27:47.097107834
2306.9,1,08:27:47.097306321
2306.9,5,08:27:47.097375084
2306.9,1,08:27:47.097391487
2306.9,1,08:27:47.097456244
2306.9,1,08:27:47.098351673
2306.9,1,08:27:48.024783950
2306.9,1,08:27:48.026476090
2306.9,1,08:27:48.026591701
2306.9,1,08:27:52.738739610
2306.9,3,08:27:52.739021118
2306.9,1,08:27:52.739330172
2306.9,1,08:27:52.739375402
2306.9,1,08:27:52.739652662
2307.0,1,08:27:53.587995920
2306.9,1,08:27:54.398373288
2306.9,1,08:27:54.398889065
2306.9,1,08:27:54.399115917
2306.9,1,08:27:54.410636745
2306.9,1,08:27:56.076498824
2306.9,2,08:27:56.076559558
2306.9,1,08:27:56.076707501
2306.9,1,08:27:56.076828056
2306.9,1,08:27:56.076850272
2306.8,2,08:27:56.077180009
2306.8,3,08:27:56.077288392
2306.7,1,08:27:56.079882537
2306.8,1,08:27:57.181149814
2306.8,1,08:27:57.181361962
2306.7,1,08:28:01.365542739
2306.7,1,08:28:01.846801769
2306.7,1,08:28:01.867473232
2306.7,1,08:28:01.867696622
2306.7,2,08:28:02.325932625
2306.7,1,08:28:02.346712608
2306.6,1,08:28:02.576695476
2306.6,2,08:28:04.786562702
2306.7,4,08:28:04.801925168
2306.6,1,08:28:11.478116130
2306.6,1,08:28:13.145546795
2306.7,1,08:28:14.165505154
2306.6,1,08:28:21.266349033
2306.6,2,08:28:22.934185057
2306.7,1,08:28:22.998769515
2306.7,1,08:28:22.998961497
2306.7,4,08:28:22.999104562
2306.7,1,08:28:23.011341935
2306.7,1,08:28:24.147217007
2306.7,1,08:28:24.941024190
2306.7,1,08:28:24.963550733
2306.6,2,08:28:25.806273345
2306.6,1,08:28:25.806567920
2306.6,1,08:28:25.830892097
2306.7,5,08:28:37.735264947
2306.7,1,08:28:37.735530485
2306.7,1,08:28:37.735618960
2306.7,1,08:28:37.756008268
2306.7,1,08:28:37.756033068
2306.7,1,08:28:38.454044776
2306.7,3,08:28:39.223554213
2306.7,1,08:28:39.244405216
2306.8,5,08:28:39.295590418
2306.9,1,08:28:40.900352654
2306.8,1,08:28:41.015467210
2306.8,1,08:28:41.031109384
2306.7,4,08:28:47.596239777
2306.7,1,08:28:47.596510852
2306.7,1,08:28:47.603810967
2306.6,1,08:28:51.629448735
2306.6,2,08:28:51.629730920
2306.6,1,08:28:51.630027793
2306.7,3,08:28:51.962908472
2306.7,1,08:28:53.672337869
2306.8,3,08:28:53.705108705
2306.8,2,08:28:53.705679140
