bidVolume,bidPrice,askVolume,askPrice,timestamp
71,109.74,196,109.75,13:20:00.820166145
59,109.74,196,109.75,13:20:00.824209364
59,109.74,178,109.75,13:20:00.831026658
59,109.74,156,109.75,13:20:03.760958382
59,109.74,154,109.75,13:20:13.130086177
59,109.74,152,109.75,13:20:13.130212970
59,109.74,150,109.75,13:20:13.130244381
59,109.74,149,109.75,13:20:13.130244381
59,109.74,148,109.75,13:20:13.130244381
59,109.74,147,109.75,13:20:13.130244381
59,109.74,146,109.75,13:20:13.130244381
59,109.74,145,109.75,13:20:13.130244381
59,109.74,135,109.75,13:20:13.130244381
59,109.74,134,109.75,13:20:13.130244381
59,109.74,132,109.75,13:20:13.130244381
69,109.74,132,109.75,13:20:13.130481567
70,109.74,132,109.75,13:20:13.130481567
70,109.74,118,109.75,13:20:13.130565212
73,109.74,118,109.75,13:20:13.130579407
82,109.74,118,109.75,13:20:13.130719351
84,109.74,118,109.75,13:20:13.130736909
84,109.74,136,109.75,13:20:13.130736909
87,109.74,136,109.75,13:20:13.130882246
87,109.74,111,109.75,13:20:13.130882246
87,109.74,112,109.75,13:20:13.130882246
99,109.74,112,109.75,13:20:13.130882246
100,109.74,112,109.75,13:20:13.130882246
91,109.74,112,109.75,13:20:13.131003943
91,109.74,94,109.75,13:20:13.131129325
91,109.74,87,109.75,13:20:13.141531311
91,109.74,86,109.75,13:20:13.141531311
91,109.74,85,109.75,13:20:13.141615508
91,109.74,67,109.75,13:20:13.141630679
91,109.74,69,109.75,13:20:13.141822923
91,109.74,45,109.75,13:20:13.152525741
122,109.74,45,109.75,13:20:13.152747467
122,109.74,27,109.75,13:20:13.152827723
184,109.74,27,109.75,13:20:13.152827723
184,109.74,28,109.75,13:20:13.152913691
185,109.74,28,109.75,13:20:13.153001092
185,109.74,38,109.75,13:20:13.153001092
185,109.74,47,109.75,13:20:13.153095361
185,109.74,50,109.75,13:20:13.153095361
185,109.74,53,109.75,13:20:13.153497281
185,109.74,55,109.75,13:20:13.156620785
185,109.74,54,109.75,13:20:13.163386517
185,109.74,42,109.75,13:20:13.163495648
185,109.74,41,109.75,13:20:13.163512145
185,109.74,40,109.75,13:20:13.163512145
185,109.74,39,109.75,13:20:13.163512145
185,109.74,32,109.75,13:20:13.163512145
185,109.74,23,109.75,13:20:13.163605500
185,109.74,21,109.75,13:20:13.163620104
185,109.74,11,109.75,13:20:13.163698012
185,109.74,23,109.75,13:20:13.163698012
185,109.74,24,109.75,13:20:13.163856482
185,109.74,26,109.75,13:20:13.163935960
185,109.74,36,109.75,13:20:13.164019892
185,109.74,37,109.75,13:20:13.164111378
185,109.74,38,109.75,13:20:13.164268379
185,109.74,37,109.75,13:20:13.174404741
185,109.74,36,109.75,13:20:13.174507882
185,109.74,35,109.75,13:20:13.174526894
185,109.74,32,109.75,13:20:13.174526894
185,109.74,29,109.75,13:20:13.174526894
185,109.74,27,109.75,13:20:13.174526894
185,109.74,15,109.75,13:20:13.174526894
185,109.74,14,109.75,13:20:13.174526894
185,109.74,4,109.75,13:20:13.174621654
185,109.74,2,109.75,13:20:13.174621654
200,109.74,2,109.75,13:20:13.174690258
200,109.74,14,109.75,13:20:13.174989330
218,109.74,14,109.75,13:20:13.174989330
218,109.74,13,109.75,13:20:13.185865542
218,109.74,12,109.75,13:20:13.185940243
218,109.74,183,109.76,13:20:13.186041288
14,109.75,183,109.76,13:20:13.186041288
6,109.75,183,109.76,13:20:13.186355815
220,109.74,183,109.76,13:20:13.186587224
220,109.74,1,109.75,13:20:13.186587224
205,109.74,1,109.75,13:20:13.186601112
205,109.74,7,109.75,13:20:13.186757096
205,109.74,13,109.75,13:20:13.186852305
214,109.74,13,109.75,13:20:13.186852305
228,109.74,13,109.75,13:20:13.186868078
228,109.74,12,109.75,13:20:13.186868078
228,109.74,6,109.75,13:20:13.187014661
214,109.74,6,109.75,13:20:13.187222537
214,109.74,7,109.75,13:20:13.196721306
214,109.74,8,109.75,13:20:13.196832441
214,109.74,2,109.75,13:20:13.197066572
214,109.74,1,109.75,13:20:13.197159154
214,109.74,183,109.76,13:20:13.197176134
18,109.75,183,109.76,13:20:13.197176134
214,109.74,183,109.76,13:20:13.197506066
214,109.74,195,109.76,13:20:13.197506066
214,109.74,198,109.76,13:20:13.197506066
232,109.74,198,109.76,13:20:13.197619557
214,109.74,198,109.76,13:20:13.198038651
26,109.75,198,109.76,13:20:13.208141437
8,109.75,198,109.76,13:20:13.210102797
6,109.75,198,109.76,13:20:13.210354874
240,109.74,198,109.76,13:20:13.210354874
240,109.74,4,109.75,13:20:13.210527207
222,109.74,4,109.75,13:20:13.210743360
222,109.74,7,109.75,13:20:13.210837241
214,109.74,7,109.75,13:20:13.211226099
214,109.74,9,109.75,13:20:13.216647449
214,109.74,11,109.75,13:20:13.216878088
214,109.74,12,109.75,13:20:13.218301953
214,109.74,13,109.75,13:20:14.895348105
214,109.74,12,109.75,13:20:14.895613246
214,109.74,13,109.75,13:20:14.895769058
214,109.74,14,109.75,13:20:14.895924594
214,109.74,13,109.75,13:20:14.921834444
214,109.74,12,109.75,13:20:14.922101993
214,109.74,13,109.75,13:20:14.926564808
214,109.74,12,109.75,13:20:14.926893128
214,109.74,9,109.75,13:20:14.927623799
214,109.74,10,109.75,13:20:14.946483195
214,109.74,9,109.75,13:20:14.976870168
214,109.74,10,109.75,13:20:15.004051506
214,109.74,9,109.75,13:20:15.164428816
214,109.74,31,109.75,13:20:15.367534551
196,109.74,31,109.75,13:20:15.367755137
196,109.74,32,109.75,13:20:15.496507833
196,109.74,33,109.75,13:20:15.497246879
196,109.74,32,109.75,13:20:15.498294920
196,109.74,31,109.75,13:20:15.503598730
196,109.74,32,109.75,13:20:15.506934769
196,109.74,31,109.75,13:20:15.507758695
196,109.74,32,109.75,13:20:15.872094658
196,109.74,31,109.75,13:20:15.954400168
196,109.74,32,109.75,13:20:16.019659647
196,109.74,33,109.75,13:20:17.453632651
196,109.74,34,109.75,13:20:17.465608321
196,109.74,70,109.75,13:20:18.709551799
196,109.74,80,109.75,13:20:18.709722925
196,109.74,86,109.75,13:20:18.709740931
196,109.74,104,109.75,13:20:18.710220817
165,109.74,104,109.75,13:20:18.710412565
165,109.74,106,109.75,13:20:18.710489574
165,109.74,132,109.75,13:20:18.710574038
165,109.74,114,109.75,13:20:18.765860190
103,109.74,114,109.75,13:20:22.022971684
103,109.74,132,109.75,13:20:22.023160471
94,109.74,132,109.75,13:20:22.498048052
94,109.74,144,109.75,13:20:23.049913945
84,109.74,144,109.75,13:20:23.049985254
82,109.74,144,109.75,13:20:23.052997735
82,109.74,165,109.75,13:20:23.053461296
82,109.74,175,109.75,13:20:23.053592056
79,109.74,175,109.75,13:20:43.886500858
80,109.74,175,109.75,13:20:44.199213514
81,109.74,175,109.75,13:20:44.405845865
82,109.74,175,109.75,13:20:47.670215253
81,109.74,175,109.75,13:20:48.095541544
82,109.74,175,109.75,13:20:49.361335324
81,109.74,175,109.75,13:20:50.078320698
80,109.74,175,109.75,13:20:50.080706852
79,109.74,175,109.75,13:20:50.081753323
80,109.74,175,109.75,13:20:50.084811541
79,109.74,175,109.75,13:20:50.084981172
80,109.74,175,109.75,13:20:50.186526676
82,109.74,175,109.75,13:20:50.186668536
80,109.74,175,109.75,13:20:50.201796703
81,109.74,175,109.75,13:20:51.530577076
82,109.74,175,109.75,13:20:55.098308266
81,109.74,175,109.75,13:20:55.427083016
80,109.74,175,109.75,13:20:55.427462491
79,109.74,175,109.75,13:20:55.602827886
77,109.74,175,109.75,13:20:55.603463037
78,109.74,175,109.75,13:20:55.613743022
75,109.74,175,109.75,13:20:58.510771125
76,109.74,175,109.75,13:21:00.239892468
77,109.74,175,109.75,13:21:00.261898867
76,109.74,175,109.75,13:21:00.310502477
75,109.74,175,109.75,13:21:00.310740029
74,109.74,175,109.75,13:21:01.922868129
75,109.74,175,109.75,13:21:01.927084308
77,109.74,175,109.75,13:21:02.220174225
79,109.74,175,109.75,13:21:02.408490758
79,109.74,157,109.75,13:21:02.410513768
81,109.74,157,109.75,13:21:02.410595723
81,109.74,136,109.75,13:21:02.410614308
81,109.74,126,109.75,13:21:02.410614308
81,109.74,131,109.75,13:21:03.778747649
81,109.74,129,109.75,13:21:04.267769428
99,109.74,129,109.75,13:21:04.267875808
99,109.74,117,109.75,13:21:12.008467444
99,109.74,107,109.75,13:21:17.570227919
99,109.74,108,109.75,13:21:18.679264097
99,109.74,109,109.75,13:21:20.765522616
99,109.74,108,109.75,13:21:28.720479716
99,109.74,107,109.75,13:21:28.720583335
81,109.74,107,109.75,13:21:34.242169563
81,109.74,108,109.75,13:21:34.995157353
81,109.74,107,109.75,13:21:35.752981120
81,109.74,108,109.75,13:21:35.764211238
81,109.74,107,109.75,13:21:36.758068300
81,109.74,108,109.75,13:21:37.544881560
81,109.74,107,109.75,13:21:37.620028153
81,109.74,108,109.75,13:21:37.964962360
81,109.74,107,109.75,13:21:38.767496579
81,109.74,108,109.75,13:21:39.203346465
81,109.74,109,109.75,13:21:39.347004047
81,109.74,108,109.75,13:21:39.771860954
81,109.74,109,109.75,13:21:39.918453313
81,109.74,108,109.75,13:21:39.923558131
81,109.74,107,109.75,13:21:39.936524377
81,109.74,108,109.75,13:21:40.046277487
81,109.74,107,109.75,13:21:40.151634452
81,109.74,108,109.75,13:21:40.217781128
81,109.74,107,109.75,13:21:40.778274665
81,109.74,108,109.75,13:21:40.855280374
81,109.74,107,109.75,13:21:41.642522082
81,109.74,108,109.75,13:21:44.919692358
81,109.74,109,109.75,13:21:45.751325598
81,109.74,108,109.75,13:21:45.796073113
81,109.74,109,109.75,13:21:46.561814343
81,109.74,108,109.75,13:21:50.748011132
81,109.74,109,109.75,13:21:50.847714173
81,109.74,121,109.75,13:22:05.741000578
81,109.74,152,109.75,13:22:06.363353086
79,109.74,152,109.75,13:22:06.363574769
79,109.74,170,109.75,13:22:06.363662634
79,109.74,152,109.75,13:22:06.366667265
79,109.74,121,109.75,13:22:06.382119112
79,109.74,139,109.75,13:22:06.604485083
79,109.74,170,109.75,13:22:06.604485083
79,109.74,152,109.75,13:22:08.196475880
79,109.74,121,109.75,13:22:08.196708920
79,109.74,109,109.75,13:22:08.197575339
129,109.74,109,109.75,13:22:10.776523296
154,109.74,109,109.75,13:22:10.776610234
172,109.74,109,109.75,13:22:10.776719322
172,109.74,83,109.75,13:22:10.776719322
174,109.74,83,109.75,13:22:10.776719322
174,109.74,47,109.75,13:22:10.776865053
179,109.74,47,109.75,13:22:10.776949555
179,109.74,46,109.75,13:22:10.820962937
179,109.74,45,109.75,13:22:10.824263780
179,109.74,44,109.75,13:22:10.979719748
179,109.74,43,109.75,13:22:11.036823135
179,109.74,42,109.75,13:22:11.857460546
179,109.74,44,109.75,13:22:18.127939349
179,109.74,45,109.75,13:22:18.151427791
179,109.74,44,109.75,13:22:18.153884323
179,109.74,42,109.75,13:22:18.595619030
179,109.74,43,109.75,13:22:18.644933789
179,109.74,44,109.75,13:22:18.855090807
179,109.74,43,109.75,13:22:19.028437675
179,109.74,42,109.75,13:22:19.028892432
179,109.74,44,109.75,13:22:19.450873688
179,109.74,42,109.75,13:22:19.452913993
179,109.74,43,109.75,13:22:20.256860540
179,109.74,42,109.75,13:22:20.257285840
179,109.74,78,109.75,13:22:25.226362209
179,109.74,104,109.75,13:22:25.226449444
179,109.74,106,109.75,13:22:25.226464784
179,109.74,104,109.75,13:22:25.226798355
179,109.74,78,109.75,13:22:25.298506336
179,109.74,42,109.75,13:22:25.298583339
179,109.74,43,109.75,13:22:25.311790996
179,109.74,44,109.75,13:22:25.313206208
179,109.74,43,109.75,13:22:25.352954704
179,109.74,42,109.75,13:22:25.355743610
179,109.74,43,109.75,13:22:30.702765970
179,109.74,42,109.75,13:22:30.767928663
179,109.74,43,109.75,13:22:31.166173416
179,109.74,93,109.75,13:22:31.372350266
179,109.74,103,109.75,13:22:31.372444398
179,109.74,115,109.75,13:22:31.372462228
179,109.74,124,109.75,13:22:31.372553275
179,109.74,125,109.75,13:22:31.372572615
179,109.74,126,109.75,13:22:31.372572615
179,109.74,114,109.75,13:22:31.372654122
179,109.74,113,109.75,13:22:31.372814349
179,109.74,104,109.75,13:22:31.413994895
179,109.74,103,109.75,13:22:31.417732710
179,109.74,104,109.75,13:22:31.457378780
179,109.74,105,109.75,13:22:31.458482014
179,109.74,106,109.75,13:22:31.464639762
177,109.74,106,109.75,13:22:31.483750474
177,109.74,107,109.75,13:22:31.483750474
127,109.74,107,109.75,13:22:31.484205391
109,109.74,107,109.75,13:22:31.484205391
84,109.74,107,109.75,13:22:31.484439059
102,109.74,107,109.75,13:22:32.121787944
84,109.74,107,109.75,13:22:32.284097438
102,109.74,107,109.75,13:22:32.284480714
84,109.74,107,109.75,13:22:32.699002352
84,109.74,119,109.75,13:22:32.699197369
84,109.74,137,109.75,13:22:32.699339061
81,109.74,137,109.75,13:22:32.699339061
81,109.74,160,109.75,13:22:32.699816982
81,109.74,168,109.75,13:22:32.699996014
79,109.74,168,109.75,13:22:32.700217713
79,109.74,169,109.75,13:22:32.711275404
79,109.74,151,109.75,13:22:34.404483922
79,109.74,143,109.75,13:22:34.404574270
79,109.74,120,109.75,13:22:34.404589688
79,109.74,108,109.75,13:22:34.404887850
80,109.74,108,109.75,13:22:34.414930073
80,109.74,120,109.75,13:22:35.347995708
81,109.74,120,109.75,13:22:37.204987559
81,109.74,108,109.75,13:22:37.205212306
81,109.74,107,109.75,13:22:37.206712437
81,109.74,97,109.75,13:22:37.207481889
81,109.74,98,109.75,13:22:37.208333060
111,109.74,98,109.75,13:22:37.208735085
111,109.74,48,109.75,13:22:37.208735085
111,109.74,47,109.75,13:22:37.208947955
111,109.74,46,109.75,13:22:37.208947955
111,109.74,58,109.75,13:22:37.209005149
166,109.74,58,109.75,13:22:37.209092973
166,109.74,59,109.75,13:22:37.209513641
166,109.74,60,109.75,13:22:37.209685749
166,109.74,48,109.75,13:22:37.209685749
169,109.74,48,109.75,13:22:37.212268627
187,109.74,48,109.75,13:22:37.214437573
187,109.74,47,109.75,13:22:37.214437573
187,109.74,46,109.75,13:22:37.214437573
187,109.74,42,109.75,13:22:37.214437573
187,109.74,41,109.75,13:22:37.214437573
202,109.74,41,109.75,13:22:37.214680024
208,109.74,41,109.75,13:22:37.214680625
202,109.74,41,109.75,13:22:37.215765197
202,109.74,35,109.75,13:22:37.215788337
222,109.74,35,109.75,13:22:37.217042114
227,109.74,35,109.75,13:22:37.217114147
207,109.74,35,109.75,13:22:37.217453113
207,109.74,37,109.75,13:22:37.217869739
207,109.74,39,109.75,13:22:37.217869739
204,109.74,39,109.75,13:22:37.218703755
204,109.74,40,109.75,13:22:37.219130958
204,109.74,38,109.75,13:22:37.219130958
204,109.74,39,109.75,13:22:37.219522392
204,109.74,40,109.75,13:22:37.221104182
204,109.74,41,109.75,13:22:37.225110895
204,109.74,40,109.75,13:22:37.225477165
204,109.74,41,109.75,13:22:37.226572244
207,109.74,41,109.75,13:22:37.226793495
207,109.74,40,109.75,13:22:37.226993173
207,109.74,41,109.75,13:22:37.227635972
207,109.74,42,109.75,13:22:37.227635972
207,109.74,43,109.75,13:22:37.227657319
207,109.74,44,109.75,13:22:37.228171418
204,109.74,44,109.75,13:22:37.228303341
204,109.74,43,109.75,13:22:37.228403386
204,109.74,42,109.75,13:22:37.228403386
204,109.74,43,109.75,13:22:37.228750687
204,109.74,44,109.75,13:22:37.229163213
204,109.74,45,109.75,13:22:37.229537387
204,109.74,44,109.75,13:22:37.229689046
204,109.74,43,109.75,13:22:37.230326651
204,109.74,44,109.75,13:22:37.231934622
204,109.74,45,109.75,13:22:37.233607737
204,109.74,44,109.75,13:22:37.233706515
204,109.74,43,109.75,13:22:37.233805411
204,109.74,45,109.75,13:22:37.234978442
207,109.74,45,109.75,13:22:37.235171118
204,109.74,45,109.75,13:22:37.235379716
204,109.74,46,109.75,13:22:37.236840863
204,109.74,47,109.75,13:22:37.237131330
204,109.74,46,109.75,13:22:37.237553311
204,109.74,44,109.75,13:22:37.238659534
204,109.74,46,109.75,13:22:37.240038362
204,109.74,44,109.75,13:22:37.244592938
204,109.74,54,109.75,13:22:37.244756656
204,109.74,56,109.75,13:22:37.244944748
204,109.74,54,109.75,13:22:37.245368310
204,109.74,56,109.75,13:22:37.245663510
204,109.74,57,109.75,13:22:37.254559234
204,109.74,56,109.75,13:22:37.258543659
204,109.74,55,109.75,13:22:37.269524735
204,109.74,54,109.75,13:22:37.272295719
204,109.74,44,109.75,13:22:37.276236887
204,109.74,42,109.75,13:22:37.276784540
204,109.74,43,109.75,13:22:37.281013154
204,109.74,42,109.75,13:22:37.285793532
204,109.74,52,109.75,13:22:37.314057710
204,109.74,54,109.75,13:22:37.314057710
189,109.74,54,109.75,13:22:37.314219685
189,109.74,55,109.75,13:22:37.355016870
189,109.74,54,109.75,13:22:37.399808130
189,109.74,55,109.75,13:22:37.455304652
189,109.74,67,109.75,13:22:37.487283557
171,109.74,67,109.75,13:22:37.487496997
141,109.74,67,109.75,13:22:37.487642440
141,109.74,66,109.75,13:22:37.500004750
141,109.74,64,109.75,13:22:38.076154063
141,109.74,52,109.75,13:22:39.561500685
141,109.74,42,109.75,13:22:39.591863955
141,109.74,52,109.75,13:22:39.592190309
141,109.74,42,109.75,13:22:40.234960914
169,109.74,42,109.75,13:22:40.235061490
169,109.74,40,109.75,13:22:40.235180178
187,109.74,40,109.75,13:22:40.235180178
217,109.74,40,109.75,13:22:40.235450480
217,109.74,39,109.75,13:22:40.247741989
217,109.74,38,109.75,13:22:40.326478080
217,109.74,37,109.75,13:22:41.311039404
217,109.74,36,109.75,13:22:41.311114044
217,109.74,35,109.75,13:22:41.311114044
217,109.74,34,109.75,13:22:41.311182357
217,109.74,35,109.75,13:22:56.501093335
217,109.74,34,109.75,13:22:58.714488691
231,109.74,34,109.75,13:23:05.487506362
231,109.74,32,109.75,13:23:07.349791501
231,109.74,30,109.75,13:23:07.349805325
231,109.74,29,109.75,13:23:07.349821787
231,109.74,7,109.75,13:23:07.349821787
231,109.74,2,109.75,13:23:07.349835873
231,109.74,1,109.75,13:23:07.349850887
231,109.74,187,109.76,13:23:07.349850887
1,109.75,187,109.76,13:23:07.350233287
13,109.75,187,109.76,13:23:07.350628532
15,109.75,187,109.76,13:23:07.350628532
16,109.75,187,109.76,13:23:07.350646570
51,109.75,187,109.76,13:23:07.350744429
52,109.75,187,109.76,13:23:07.350760723
57,109.75,187,109.76,13:23:07.350781485
112,109.75,187,109.76,13:23:07.350781485
113,109.75,187,109.76,13:23:07.350914227
113,109.75,157,109.76,13:23:07.350933862
114,109.75,157,109.76,13:23:07.350933862
132,109.75,157,109.76,13:23:07.350933862
131,109.75,157,109.76,13:23:07.350933862
131,109.75,139,109.76,13:23:07.351104074
96,109.75,139,109.76,13:23:07.351123127
97,109.75,139,109.76,13:23:07.362037243
98,109.75,139,109.76,13:23:07.372039343
98,109.75,141,109.76,13:23:07.434340452
98,109.75,143,109.76,13:23:07.434582807
98,109.75,156,109.76,13:23:09.443165900
80,109.75,156,109.76,13:23:09.443312963
75,109.75,156,109.76,13:23:09.443641811
75,109.75,174,109.76,13:23:09.443641811
20,109.75,174,109.76,13:23:09.443730588
22,109.75,174,109.76,13:23:09.444026837
26,109.75,174,109.76,13:23:09.447876463
27,109.75,174,109.76,13:23:10.451419818
36,109.75,174,109.76,13:23:13.987977373
27,109.75,174,109.76,13:23:13.988533357
27,109.75,156,109.76,13:23:20.058347935
77,109.75,156,109.76,13:23:20.718526039
107,109.75,156,109.76,13:23:20.722279137
107,109.75,143,109.76,13:23:20.722461389
107,109.75,119,109.76,13:23:20.728705782
107,109.75,112,109.76,13:23:20.728721151
77,109.75,112,109.76,13:23:20.732777443
27,109.75,112,109.76,13:23:20.737596441
27,109.75,122,109.76,13:23:20.823377071
27,109.75,127,109.76,13:23:20.823445560
27,109.75,147,109.76,13:23:20.828706606
27,109.75,158,109.76,13:23:20.828810129
28,109.75,158,109.76,13:23:20.834677804
29,109.75,158,109.76,13:23:20.834746261
25,109.75,158,109.76,13:23:20.936353967
23,109.75,158,109.76,13:23:21.219584897
22,109.75,158,109.76,13:23:21.264233726
21,109.75,158,109.76,13:23:21.264233726
21,109.75,176,109.76,13:23:21.264598094
20,109.75,176,109.76,13:23:21.264707741
8,109.75,176,109.76,13:23:21.523621528
7,109.75,176,109.76,13:23:21.619788939
6,109.75,176,109.76,13:23:21.620051214
5,109.75,176,109.76,13:23:21.631053532
4,109.75,176,109.76,13:23:21.631130597
4,109.75,174,109.76,13:23:21.684132296
4,109.75,172,109.76,13:23:21.684859021
3,109.75,172,109.76,13:23:21.698166991
2,109.75,172,109.76,13:23:21.698561413
1,109.75,172,109.76,13:23:21.698561413
232,109.74,172,109.76,13:23:21.698561413
228,109.74,172,109.76,13:23:21.698715963
228,109.74,178,109.76,13:23:21.699005393
222,109.74,178,109.76,13:23:21.699157905
222,109.74,179,109.76,13:23:21.709481123
222,109.74,180,109.76,13:23:21.709898032
222,109.74,182,109.76,13:23:21.720268987
222,109.74,2,109.75,13:23:21.763192530
222,109.74,184,109.76,13:23:21.768095544
222,109.74,1,109.75,13:23:21.776057336
222,109.74,3,109.75,13:23:21.849541136
222,109.74,5,109.75,13:23:21.913044385
222,109.74,6,109.75,13:23:22.150491440
222,109.74,5,109.75,13:23:22.668425200
222,109.74,6,109.75,13:23:23.019746813
220,109.74,6,109.75,13:23:26.454147546
220,109.74,5,109.75,13:23:29.340833333
220,109.74,4,109.75,13:23:29.340897493
235,109.74,4,109.75,13:23:29.341165848
235,109.74,3,109.75,13:23:29.341302353
235,109.74,1,109.75,13:23:29.341302353
235,109.74,171,109.76,13:23:29.341302353
8,109.75,171,109.76,13:23:29.341302353
11,109.75,171,109.76,13:23:29.341549585
3,109.75,171,109.76,13:23:29.341657284
3,109.75,167,109.76,13:23:29.342054131
228,109.74,167,109.76,13:23:29.342291665
228,109.74,161,109.76,13:23:29.342475898
226,109.74,161,109.76,13:23:29.342650406
224,109.74,161,109.76,13:23:29.343017974
220,109.74,161,109.76,13:23:29.343397071
220,109.74,173,109.76,13:23:29.343556937
220,109.74,176,109.76,13:23:29.343656646
220,109.74,1,109.75,13:23:29.429997180
220,109.74,176,109.76,13:23:29.430284933
220,109.74,1,109.75,13:23:29.430284933
220,109.74,176,109.76,13:23:29.430414408
1,109.75,176,109.76,13:23:29.430414408
220,109.74,176,109.76,13:23:29.430710580
220,109.74,2,109.75,13:23:29.431275528
220,109.74,176,109.76,13:23:29.431462372
220,109.74,178,109.76,13:23:29.431784928
220,109.74,182,109.76,13:23:29.432169152
220,109.74,1,109.75,13:23:29.515137947
220,109.74,182,109.76,13:23:29.515368408
220,109.74,1,109.75,13:23:29.515435237
220,109.74,182,109.76,13:23:29.515565406
220,109.74,2,109.75,13:23:29.515894996
220,109.74,182,109.76,13:23:29.516054036
220,109.74,1,109.75,13:23:29.516497917
220,109.74,182,109.76,13:23:29.516685085
220,109.74,1,109.75,13:23:29.602574386
220,109.74,182,109.76,13:23:29.602760085
220,109.74,1,109.75,13:23:29.602952604
220,109.74,182,109.76,13:23:29.603134491
220,109.74,2,109.75,13:23:29.603444008
220,109.74,3,109.75,13:23:29.605256832
220,109.74,4,109.75,13:23:29.686785807
220,109.74,5,109.75,13:23:29.687149503
220,109.74,6,109.75,13:23:31.792409918
220,109.74,5,109.75,13:23:31.799938834
220,109.74,9,109.75,13:23:32.807132738
220,109.74,11,109.75,13:23:32.807212520
220,109.74,12,109.75,13:23:32.807212520
220,109.74,13,109.75,13:23:32.807549306
220,109.74,12,109.75,13:23:32.807549306
220,109.74,11,109.75,13:23:32.807797502
220,109.74,7,109.75,13:23:32.815831262
220,109.74,8,109.75,13:23:41.400248182
220,109.74,9,109.75,13:23:41.400311805
220,109.74,10,109.75,13:23:41.401414700
220,109.74,11,109.75,13:23:41.401608383
220,109.74,12,109.75,13:23:41.401714604
220,109.74,13,109.75,13:23:41.403615665
220,109.74,12,109.75,13:23:41.848306923
220,109.74,11,109.75,13:23:42.265009749
220,109.74,10,109.75,13:23:43.795615466
221,109.74,10,109.75,13:23:45.434230177
221,109.74,9,109.75,13:23:45.437691995
225,109.74,9,109.75,13:23:45.438722048
221,109.74,9,109.75,13:23:45.452060441
221,109.74,10,109.75,13:23:45.524982070
221,109.74,72,109.75,13:23:48.162347819
211,109.74,72,109.75,13:23:48.367373270
207,109.74,72,109.75,13:23:53.409890196
207,109.74,82,109.75,13:23:53.415462531
179,109.74,82,109.75,13:23:53.415479260
161,109.74,82,109.75,13:23:53.415479260
159,109.74,82,109.75,13:23:53.415630518
159,109.74,83,109.75,13:23:53.415797581
159,109.74,95,109.75,13:23:53.415797581
159,109.74,113,109.75,13:23:53.428061632
159,109.74,126,109.75,13:23:53.428141558
159,109.74,127,109.75,13:23:53.428217715
159,109.74,128,109.75,13:23:53.503368985
159,109.74,129,109.75,13:23:53.503667091
159,109.74,130,109.75,13:23:53.514623697
159,109.74,131,109.75,13:23:53.514744794
150,109.74,131,109.75,13:23:55.765452281
150,109.74,132,109.75,13:23:55.765713161
95,109.74,132,109.75,13:23:55.866551391
85,109.74,132,109.75,13:23:55.866634268
83,109.74,132,109.75,13:23:55.866776751
101,109.74,132,109.75,13:23:56.418899972
83,109.74,132,109.75,13:23:56.430229592
82,109.74,132,109.75,13:24:08.995398900
81,109.74,132,109.75,13:24:08.995480910
79,109.74,132,109.75,13:24:09.862242306
81,109.74,132,109.75,13:24:09.862422277
79,109.74,132,109.75,13:24:21.836937855
81,109.74,132,109.75,13:24:21.837080666
79,109.74,132,109.75,13:24:21.843565985
78,109.74,132,109.75,13:24:21.844447696
78,109.74,150,109.75,13:24:21.845130710
75,109.74,150,109.75,13:24:21.845314267
75,109.74,153,109.75,13:24:21.845453254
75,109.74,163,109.75,13:24:21.845453254
63,109.74,163,109.75,13:24:21.845453254
63,109.74,168,109.75,13:24:21.845453254
62,109.74,168,109.75,13:24:21.845453254
63,109.74,168,109.75,13:24:21.851668126
64,109.74,168,109.75,13:24:21.851968298
76,109.74,168,109.75,13:24:21.852678826
76,109.74,150,109.75,13:24:21.852678826
77,109.74,150,109.75,13:24:21.852678826
77,109.74,145,109.75,13:24:21.856528839
77,109.74,135,109.75,13:24:21.856528839
76,109.74,135,109.75,13:24:21.900379473
77,109.74,135,109.75,13:24:21.935212251
79,109.74,135,109.75,13:24:24.016761400
77,109.74,135,109.75,13:24:24.026825052
78,109.74,135,109.75,13:24:24.038215325
77,109.74,135,109.75,13:24:24.048308074
79,109.74,135,109.75,13:24:25.023276708
77,109.74,135,109.75,13:24:25.033385686
65,109.74,135,109.75,13:24:27.487325242
77,109.74,135,109.75,13:24:27.487595364
79,109.74,135,109.75,13:24:41.262034430
77,109.74,135,109.75,13:24:41.276038947
78,109.74,135,109.75,13:24:41.316962415
77,109.74,135,109.75,13:24:41.327064944
79,109.74,135,109.75,13:24:47.007643465
77,109.74,135,109.75,13:24:47.017776538
76,109.74,135,109.75,13:24:53.834176002
75,109.74,135,109.75,13:24:53.834176002
76,109.74,135,109.75,13:24:53.834802910
77,109.74,135,109.75,13:24:53.836789280
76,109.74,135,109.75,13:24:56.613462494
75,109.74,135,109.75,13:24:56.613462494
76,109.74,135,109.75,13:24:56.613623964
77,109.74,135,109.75,13:24:56.613800584
77,109.74,135,109.75,13:24:56.613800584
65,109.74,135,109.75,13:25:18.457502525
64,109.74,135,109.75,13:25:18.457502525
63,109.74,135,109.75,13:25:18.457516922
64,109.74,135,109.75,13:25:18.457922851
76,109.74,135,109.75,13:25:18.458000368
77,109.74,135,109.75,13:25:18.458016518
77,109.74,144,109.75,13:25:21.058796780
77,109.74,150,109.75,13:25:21.058873599
76,109.74,150,109.75,13:25:21.059138938
64,109.74,150,109.75,13:25:21.059380203
63,109.74,150,109.75,13:25:21.059547208
62,109.74,150,109.75,13:25:21.059563355
62,109.74,168,109.75,13:25:21.059601694
63,109.74,168,109.75,13:25:21.059953998
65,109.74,168,109.75,13:25:21.060373143
65,109.74,150,109.75,13:25:21.060555316
77,109.74,150,109.75,13:25:21.060574631
77,109.74,144,109.75,13:25:21.060737037
77,109.74,135,109.75,13:25:21.060816727
77,109.74,153,109.75,13:25:21.120845807
65,109.74,153,109.75,13:25:21.120915116
63,109.74,153,109.75,13:25:21.207901268
63,109.74,162,109.75,13:25:21.484432600
63,109.74,168,109.75,13:25:21.484536222
65,109.74,168,109.75,13:25:21.484590328
63,109.74,168,109.75,13:25:21.484966603
62,109.74,168,109.75,13:25:21.485036433
62,109.74,176,109.75,13:25:22.584996791
62,109.74,170,109.75,13:25:22.585479897
64,109.74,170,109.75,13:25:23.322274327
62,109.74,170,109.75,13:25:23.767811414
61,109.74,170,109.75,13:25:27.555521684
60,109.74,170,109.75,13:25:32.510918961
60,109.74,182,109.75,13:25:33.336462746
60,109.74,170,109.75,13:25:33.336969187
59,109.74,170,109.75,13:25:33.365846271
58,109.74,170,109.75,13:25:33.377121116
57,109.74,170,109.75,13:25:33.377200012
56,109.74,170,109.75,13:25:33.377280888
55,109.74,170,109.75,13:25:33.377361032
53,109.74,170,109.75,13:25:38.469622650
52,109.74,170,109.75,13:25:38.469622650
50,109.74,170,109.75,13:25:38.469713498
2,109.74,170,109.75,13:25:38.469983689
1,109.74,170,109.75,13:25:38.469983689
175,109.73,170,109.75,13:25:38.470103037
175,109.73,5,109.74,13:25:38.470207495
175,109.73,43,109.74,13:25:38.470227338
175,109.73,55,109.74,13:25:38.470316448
175,109.73,43,109.74,13:25:38.470866128
175,109.73,5,109.74,13:25:38.471421128
175,109.73,6,109.74,13:25:38.471793583
183,109.73,6,109.74,13:25:38.471866773
183,109.73,18,109.74,13:25:38.485393847
183,109.73,13,109.74,13:25:38.495696258
183,109.73,12,109.74,13:25:38.495793274
183,109.73,211,109.75,13:25:38.495887202
183,109.73,181,109.75,13:25:38.495980164
183,109.73,180,109.75,13:25:38.550449243
183,109.73,179,109.75,13:25:38.550604869
183,109.73,178,109.75,13:25:38.551293130
183,109.73,177,109.75,13:25:38.551791149
183,109.73,176,109.75,13:25:38.552375952
183,109.73,186,109.75,13:25:38.581264737
183,109.73,3,109.74,13:25:38.595879881
183,109.73,4,109.74,13:25:38.644278256
183,109.73,16,109.74,13:25:38.644430732
183,109.73,17,109.74,13:25:40.241011641
183,109.73,18,109.74,13:25:40.241145148
183,109.73,20,109.74,13:25:40.301255825
183,109.73,30,109.74,13:25:40.301428401
183,109.73,92,109.74,13:25:40.301447054
183,109.73,93,109.74,13:25:40.301447054
183,109.73,95,109.74,13:25:40.301447054
183,109.73,93,109.74,13:25:40.301602954
185,109.73,93,109.74,13:25:40.312728235
187,109.73,93,109.74,13:25:40.312796052
187,109.73,94,109.74,13:25:40.389379390
187,109.73,95,109.74,13:25:40.394290705
187,109.73,94,109.74,13:25:41.253226218
187,109.73,96,109.74,13:25:51.344766128
187,109.73,94,109.74,13:25:53.349814173
187,109.73,95,109.74,13:25:57.014725286
187,109.73,96,109.74,13:26:00.239215682
187,109.73,95,109.74,13:26:00.293854859
187,109.73,33,109.74,13:26:00.293998008
187,109.73,34,109.74,13:26:00.294141828
187,109.73,33,109.74,13:26:00.340166050
187,109.73,32,109.74,13:26:00.342864390
187,109.73,82,109.74,13:26:00.445484801
187,109.73,79,109.74,13:26:06.832902751
187,109.73,78,109.74,13:26:06.832902751
187,109.73,66,109.74,13:26:06.832902751
187,109.73,65,109.74,13:26:06.833012204
187,109.73,64,109.74,13:26:06.833012204
187,109.73,62,109.74,13:26:06.833038278
187,109.73,52,109.74,13:26:06.833038278
187,109.73,51,109.74,13:26:06.833038278
187,109.73,50,109.74,13:26:06.833038278
187,109.73,32,109.74,13:26:06.833038278
187,109.73,206,109.75,13:26:06.833127830
186,109.73,206,109.75,13:26:06.844228700
187,109.73,206,109.75,13:26:06.844393168
188,109.73,206,109.75,13:26:06.855191274
188,109.73,211,109.75,13:26:06.916971974
12,109.74,211,109.75,13:26:08.278303995
18,109.74,211,109.75,13:26:08.278451305
20,109.74,211,109.75,13:26:08.278596886
20,109.74,181,109.75,13:26:08.278878136
23,109.74,181,109.75,13:26:08.278911167
28,109.74,181,109.75,13:26:08.278934418
29,109.74,181,109.75,13:26:08.278934418
24,109.74,181,109.75,13:26:08.279025330
86,109.74,181,109.75,13:26:08.679647289
96,109.74,181,109.75,13:26:08.680052072
96,109.74,163,109.75,13:26:08.680351224
96,109.74,154,109.75,13:26:08.680351224
105,109.74,154,109.75,13:26:08.680544961
105,109.74,148,109.75,13:26:08.680544961
105,109.74,135,109.75,13:26:08.681491962
105,109.74,117,109.75,13:26:08.681491962
105,109.74,116,109.75,13:26:08.694938335
105,109.74,107,109.75,13:26:08.695018770
105,109.74,106,109.75,13:26:08.702883948
105,109.74,105,109.75,13:26:08.706245589
105,109.74,104,109.75,13:26:08.706331816
105,109.74,103,109.75,13:26:08.716933111
136,109.74,103,109.75,13:26:08.718773854
136,109.74,91,109.75,13:26:08.718931995
136,109.74,81,109.75,13:26:08.746027649
151,109.74,81,109.75,13:26:08.748360582
153,109.74,81,109.75,13:26:08.762606482
153,109.74,19,109.75,13:26:08.779810194
171,109.74,19,109.75,13:26:08.780402468
177,109.74,19,109.75,13:26:08.780430155
171,109.74,19,109.75,13:26:08.780954746
175,109.74,19,109.75,13:26:08.781484771
177,109.74,19,109.75,13:26:08.781757302
171,109.74,19,109.75,13:26:08.783202760
171,109.74,18,109.75,13:26:08.825664066
171,109.74,17,109.75,13:26:08.829146633
173,109.74,17,109.75,13:26:09.443556174
171,109.74,17,109.75,13:26:09.444229713
153,109.74,17,109.75,13:26:09.557673122
153,109.74,16,109.75,13:26:12.396215097
153,109.74,13,109.75,13:26:12.396404290
153,109.74,12,109.75,13:26:12.396479224
153,109.74,11,109.75,13:26:12.396871300
171,109.74,11,109.75,13:26:12.396970298
173,109.74,11,109.75,13:26:12.397066225
173,109.74,9,109.75,13:26:12.397452500
187,109.74,9,109.75,13:26:12.397709837
187,109.74,11,109.75,13:26:12.400945816
195,109.74,11,109.75,13:26:12.401120599
195,109.74,9,109.75,13:26:12.401531972
195,109.74,12,109.75,13:26:12.401531972
201,109.74,12,109.75,13:26:12.401823632
201,109.74,13,109.75,13:26:12.401926052
171,109.74,13,109.75,13:26:12.402033705
171,109.74,15,109.75,13:26:12.402219076
171,109.74,16,109.75,13:26:12.402296163
153,109.74,16,109.75,13:26:12.402371600
153,109.74,14,109.75,13:26:12.402447539
153,109.74,15,109.75,13:26:12.405521534
153,109.74,27,109.75,13:26:12.405603594
153,109.74,26,109.75,13:26:12.405666436
151,109.74,26,109.75,13:26:12.409806467
151,109.74,14,109.75,13:26:12.410425939
151,109.74,16,109.75,13:26:12.413091070
151,109.74,26,109.75,13:26:12.413185229
151,109.74,27,109.75,13:26:12.413201175
151,109.74,25,109.75,13:26:12.413293463
151,109.74,15,109.75,13:26:12.413366961
151,109.74,16,109.75,13:26:12.413730473
151,109.74,28,109.75,13:26:12.413953021
151,109.74,81,109.75,13:26:12.419876520
151,109.74,82,109.75,13:26:12.431165970
151,109.74,83,109.75,13:26:12.431233899
151,109.74,84,109.75,13:26:12.506177321
151,109.74,85,109.75,13:26:12.506449397
151,109.74,32,109.75,13:26:15.665482875
151,109.74,20,109.75,13:26:15.665763067
169,109.74,20,109.75,13:26:15.666175646
175,109.74,20,109.75,13:26:15.666190481
177,109.74,20,109.75,13:26:15.666190481
185,109.74,20,109.75,13:26:15.666542246
187,109.74,20,109.75,13:26:15.666902725
183,109.74,20,109.75,13:26:15.676943700
183,109.74,19,109.75,13:26:15.677451703
183,109.74,18,109.75,13:26:15.677526647
179,109.74,18,109.75,13:26:15.690315196
171,109.74,18,109.75,13:26:15.690687864
171,109.74,17,109.75,13:26:15.711530401
171,109.74,16,109.75,13:26:15.713810020
171,109.74,15,109.75,13:26:18.175516237
171,109.74,14,109.75,13:26:18.175578642
169,109.74,14,109.75,13:26:18.459541622
169,109.74,74,109.75,13:26:18.524356647
151,109.74,74,109.75,13:26:18.524474838
151,109.74,14,109.75,13:26:19.386185923
151,109.74,26,109.75,13:26:23.847386152
151,109.74,61,109.75,13:26:23.847464562
151,109.74,88,109.75,13:26:23.848561605
151,109.74,89,109.75,13:26:23.858733302
151,109.74,90,109.75,13:26:23.937640020
151,109.74,91,109.75,13:26:23.937861846
120,109.74,91,109.75,13:26:30.011541464
120,109.74,93,109.75,13:26:35.025793140
120,109.74,95,109.75,13:26:35.028272380
120,109.74,93,109.75,13:26:35.028588454
111,109.74,93,109.75,13:26:35.032936075
111,109.74,95,109.75,13:26:35.033083492
101,109.74,95,109.75,13:26:35.034526839
101,109.74,96,109.75,13:26:35.036747586
101,109.74,121,109.75,13:26:35.036850791
86,109.74,121,109.75,13:26:35.036930507
96,109.74,121,109.75,13:26:35.039582120
96,109.74,120,109.75,13:26:35.042225062
96,109.74,95,109.75,13:26:35.044347058
96,109.74,93,109.75,13:26:35.044551435
96,109.74,94,109.75,13:26:35.048250871
96,109.74,95,109.75,13:26:35.048667774
96,109.74,94,109.75,13:26:35.049843978
96,109.74,96,109.75,13:26:35.149174763
96,109.74,94,109.75,13:26:35.152138147
112,109.74,94,109.75,13:26:35.341287333
127,109.74,94,109.75,13:26:35.341353384
135,109.74,94,109.75,13:26:35.581587157
142,109.74,94,109.75,13:26:35.581657401
142,109.74,95,109.75,13:26:41.674953178
126,109.74,95,109.75,13:26:41.676486812
111,109.74,95,109.75,13:26:41.676486812
111,109.74,96,109.75,13:26:41.676577637
111,109.74,97,109.75,13:26:41.691920133
101,109.74,97,109.75,13:26:41.733873703
93,109.74,97,109.75,13:26:41.734026634
86,109.74,97,109.75,13:26:41.734105818
86,109.74,127,109.75,13:26:41.734650199
96,109.74,127,109.75,13:26:41.803046821
96,109.74,97,109.75,13:26:41.854065449
86,109.74,97,109.75,13:26:42.087677340
86,109.74,127,109.75,13:26:42.088624750
96,109.74,127,109.75,13:26:42.091204665
86,109.74,127,109.75,13:26:42.091423375
96,109.74,127,109.75,13:26:42.093833664
96,109.74,97,109.75,13:26:42.131510447
96,109.74,96,109.75,13:26:42.261589321
96,109.74,95,109.75,13:26:42.262338494
96,109.74,94,109.75,13:26:42.262338494
105,109.74,94,109.75,13:26:42.262533018
115,109.74,94,109.75,13:26:42.262752734
120,109.74,94,109.75,13:26:42.262767879
120,109.74,95,109.75,13:26:42.262767879
140,109.74,95,109.75,13:26:42.263882803
151,109.74,95,109.75,13:26:42.263951251
151,109.74,94,109.75,13:26:42.264730464
151,109.74,95,109.75,13:26:42.272107803
151,109.74,94,109.75,13:26:42.277467070
151,109.74,92,109.75,13:26:44.507184649
151,109.74,91,109.75,13:26:44.518438063
151,109.74,90,109.75,13:26:44.518538041
151,109.74,78,109.75,13:26:49.543867180
151,109.74,51,109.75,13:26:49.544267615
151,109.74,16,109.75,13:26:49.544286734
151,109.74,18,109.75,13:26:49.544433679
151,109.74,16,109.75,13:26:49.544755185
151,109.74,15,109.75,13:26:49.589805477
151,109.74,14,109.75,13:26:49.591912547
151,109.74,19,109.75,13:26:50.077346706
151,109.74,14,109.75,13:26:51.906136945
151,109.74,68,109.75,13:26:52.190530149
151,109.74,70,109.75,13:26:52.190704248
151,109.74,80,109.75,13:26:52.190803506
151,109.74,83,109.75,13:26:52.190824437
151,109.74,95,109.75,13:26:52.190838437
151,109.74,83,109.75,13:26:52.191133850
151,109.74,80,109.75,13:26:52.191152211
151,109.74,70,109.75,13:26:52.191382190
151,109.74,68,109.75,13:26:52.291254293
151,109.74,14,109.75,13:26:52.307865497
151,109.74,74,109.75,13:26:55.539097390
151,109.74,75,109.75,13:26:55.625771961
151,109.74,76,109.75,13:26:55.627204162
151,109.74,16,109.75,13:26:56.704636132
169,109.74,16,109.75,13:26:56.704979190
185,109.74,16,109.75,13:26:56.705252224
185,109.74,15,109.75,13:26:56.748695523
185,109.74,14,109.75,13:26:56.752055499
169,109.74,14,109.75,13:26:57.761289495
185,109.74,14,109.75,13:27:03.875485662
185,109.74,13,109.75,13:27:03.898362142
185,109.74,12,109.75,13:27:03.898581355
185,109.74,9,109.75,13:27:03.909562296
187,109.74,9,109.75,13:27:03.911091074
187,109.74,10,109.75,13:27:04.332025255
187,109.74,14,109.75,13:27:04.349339656
187,109.74,10,109.75,13:27:05.764056940
187,109.74,9,109.75,13:27:07.562218750
187,109.74,10,109.75,13:27:07.663419597
187,109.74,12,109.75,13:27:07.668096853
187,109.74,14,109.75,13:27:07.668163746
187,109.74,12,109.75,13:27:07.718023392
187,109.74,11,109.75,13:27:07.718149034
187,109.74,9,109.75,13:27:07.718222089
187,109.74,10,109.75,13:27:08.146186360
187,109.74,11,109.75,13:27:08.640200006
187,109.74,12,109.75,13:27:08.641394494
187,109.74,14,109.75,13:27:08.641858011
177,109.74,14,109.75,13:27:08.644359218
179,109.74,14,109.75,13:27:08.644952657
189,109.74,14,109.75,13:27:08.645337889
185,109.74,14,109.75,13:27:08.711339551
183,109.74,14,109.75,13:27:08.711747233
187,109.74,14,109.75,13:27:08.817722979
197,109.74,14,109.75,13:27:08.992578448
197,109.74,12,109.75,13:27:08.992815799
187,109.74,12,109.75,13:27:08.992982115
187,109.74,11,109.75,13:27:09.050083126
187,109.74,10,109.75,13:27:09.050179737
187,109.74,9,109.75,13:27:09.050357807
187,109.74,10,109.75,13:27:20.435984895
187,109.74,9,109.75,13:27:21.424585808
197,109.74,9,109.75,13:27:23.048747878
201,109.74,9,109.75,13:27:23.049325730
199,109.74,9,109.75,13:27:25.500095552
189,109.74,9,109.75,13:27:26.081344745
185,109.74,9,109.75,13:27:26.081713237
195,109.74,9,109.75,13:27:26.839365844
199,109.74,9,109.75,13:27:26.839952224
189,109.74,9,109.75,13:27:27.175845559
185,109.74,9,109.75,13:27:27.176223117
185,109.74,10,109.75,13:27:29.372286076
185,109.74,9,109.75,13:27:29.376939436
187,109.74,9,109.75,13:27:34.102021105
185,109.74,9,109.75,13:27:34.102201271
187,109.74,9,109.75,13:27:34.206042132
185,109.74,9,109.75,13:27:34.222787321
187,109.74,9,109.75,13:27:34.422966223
187,109.74,14,109.75,13:27:42.406879119
187,109.74,26,109.75,13:27:42.407216713
169,109.74,26,109.75,13:27:42.407500641
169,109.74,80,109.75,13:27:42.407587122
167,109.74,80,109.75,13:27:42.407604226
161,109.74,80,109.75,13:27:42.407604226
151,109.74,80,109.75,13:27:42.408118827
152,109.74,80,109.75,13:27:42.418930549
153,109.74,80,109.75,13:27:42.419001772
142,109.74,80,109.75,13:27:42.472848401
122,109.74,80,109.75,13:27:42.472916186
122,109.74,81,109.75,13:27:42.494573800
122,109.74,82,109.75,13:27:42.499625824
122,109.74,83,109.75,13:27:57.116950814
113,109.74,83,109.75,13:27:57.118401616
113,109.74,84,109.75,13:27:57.118502992
113,109.74,85,109.75,13:27:57.121239591
113,109.74,84,109.75,13:27:57.579832928
113,109.74,85,109.75,13:28:00.710964224
113,109.74,87,109.75,13:28:00.711711203
113,109.74,117,109.75,13:28:00.723268070
103,109.74,117,109.75,13:28:00.723656718
98,109.74,117,109.75,13:28:00.723656718
88,109.74,117,109.75,13:28:00.739493032
86,109.74,117,109.75,13:28:02.038434996
24,109.74,117,109.75,13:28:02.038519083
24,109.74,118,109.75,13:28:02.049728987
24,109.74,119,109.75,13:28:02.049801282
34,109.74,119,109.75,13:28:05.308545200
87,109.74,119,109.75,13:28:09.026011708
87,109.74,89,109.75,13:28:14.275199839
87,109.74,105,109.75,13:28:15.012685660
87,109.74,120,109.75,13:28:15.012792870
87,109.74,105,109.75,13:28:15.103573420
87,109.74,89,109.75,13:28:15.103573420
87,109.74,87,109.75,13:28:16.093581185
87,109.74,105,109.75,13:28:18.452480721
87,109.74,118,109.75,13:28:18.452558647
88,109.74,118,109.75,13:28:27.606981590
88,109.74,105,109.75,13:28:27.610842994
88,109.74,87,109.75,13:28:27.610908009
96,109.74,87,109.75,13:28:27.611019525
96,109.74,89,109.75,13:28:27.626607167
95,109.74,89,109.75,13:28:30.011532386
95,109.74,119,109.75,13:28:30.011843743
95,109.74,89,109.75,13:28:33.404104689
95,109.74,119,109.75,13:28:36.454797590
87,109.74,119,109.75,13:28:36.454972447
95,109.74,119,109.75,13:28:36.455943311
95,109.74,89,109.75,13:28:36.456104942
95,109.74,120,109.75,13:28:37.948815300
87,109.74,120,109.75,13:28:40.338028070
87,109.74,89,109.75,13:28:40.411874656
95,109.74,89,109.75,13:28:40.412073347
97,109.74,89,109.75,13:28:44.223706944
97,109.74,109,109.75,13:28:45.011747527
97,109.74,120,109.75,13:28:45.011849220
95,109.74,120,109.75,13:28:46.561190221
97,109.74,120,109.75,13:28:46.579431112
95,109.74,120,109.75,13:28:46.579963028
97,109.74,120,109.75,13:28:46.602093307
95,109.74,120,109.75,13:28:46.603497999
97,109.74,120,109.75,13:28:46.622674029
95,109.74,120,109.75,13:28:49.387927607
97,109.74,120,109.75,13:28:49.388347457
95,109.74,120,109.75,13:28:49.398396805
87,109.74,120,109.75,13:28:49.550122345
95,109.74,120,109.75,13:28:54.445208937
87,109.74,120,109.75,13:28:57.017251242
87,109.74,109,109.75,13:28:57.018246940
87,109.74,89,109.75,13:28:57.018317238
95,109.74,89,109.75,13:28:57.019029231
95,109.74,116,109.75,13:28:57.408814114
87,109.74,116,109.75,13:28:57.408982895
95,109.74,116,109.75,13:29:02.258196326
87,109.74,116,109.75,13:29:02.371234711
95,109.74,116,109.75,13:29:09.550679473
87,109.74,116,109.75,13:29:11.811222272
95,109.74,116,109.75,13:29:12.889212492
87,109.74,116,109.75,13:29:12.909474152
87,109.74,89,109.75,13:29:16.062883848
95,109.74,89,109.75,13:29:16.063096735
95,109.74,105,109.75,13:29:18.637386398
95,109.74,120,109.75,13:29:18.637578885
87,109.74,120,109.75,13:29:18.637779600
34,109.74,120,109.75,13:29:26.197414027
34,109.74,138,109.75,13:29:26.197518110
24,109.74,138,109.75,13:29:26.197534059
24,109.74,148,109.75,13:29:26.197902832
24,109.74,153,109.75,13:29:26.198026113
21,109.74,153,109.75,13:29:26.199913142
22,109.74,153,109.75,13:29:26.200639975
23,109.74,153,109.75,13:29:26.200845963
22,109.74,153,109.75,13:29:26.200926839
21,109.74,153,109.75,13:29:26.201083272
22,109.74,153,109.75,13:29:26.201345800
21,109.74,153,109.75,13:29:26.201813070
23,109.74,153,109.75,13:29:26.201882846
24,109.74,153,109.75,13:29:26.202052910
24,109.74,152,109.75,13:29:26.208676180
24,109.74,151,109.75,13:29:26.208746772
23,109.74,151,109.75,13:29:26.565230367
24,109.74,151,109.75,13:29:26.565532574
23,109.74,151,109.75,13:29:26.569382994
21,109.74,151,109.75,13:29:26.569995243
23,109.74,151,109.75,13:29:26.572072374
21,109.74,151,109.75,13:29:26.573585621
15,109.74,151,109.75,13:29:26.574916563
16,109.74,151,109.75,13:29:26.574916563
18,109.74,151,109.75,13:29:26.574916563
17,109.74,151,109.75,13:29:26.575043690
15,109.74,151,109.75,13:29:26.575582182
14,109.74,151,109.75,13:29:26.575801116
16,109.74,151,109.75,13:29:26.575873225
17,109.74,151,109.75,13:29:26.576995419
15,109.74,151,109.75,13:29:26.577074331
17,109.74,151,109.75,13:29:26.577714603
16,109.74,151,109.75,13:29:26.578609946
14,109.74,151,109.75,13:29:26.578609946
16,109.74,151,109.75,13:29:26.579006362
17,109.74,151,109.75,13:29:26.579050624
15,109.74,151,109.75,13:29:26.579358493
16,109.74,151,109.75,13:29:26.579442633
15,109.74,151,109.75,13:29:26.580078207
14,109.74,151,109.75,13:29:26.582360829
15,109.74,151,109.75,13:29:26.587628680
20,109.74,151,109.75,13:29:26.587955474
22,109.74,151,109.75,13:29:26.587955474
30,109.74,151,109.75,13:29:26.587998847
31,109.74,151,109.75,13:29:26.588074331
41,109.74,151,109.75,13:29:26.588654568
41,109.74,133,109.75,13:29:26.588937944
31,109.74,133,109.75,13:29:26.589034177
31,109.74,128,109.75,13:29:26.589416125
31,109.74,118,109.75,13:29:26.589441934
23,109.74,118,109.75,13:29:26.592209138
21,109.74,118,109.75,13:29:26.599051369
20,109.74,118,109.75,13:29:26.601733255
19,109.74,118,109.75,13:29:26.601733255
19,109.74,136,109.75,13:29:26.601889636
22,109.74,136,109.75,13:29:26.607400345
19,109.74,136,109.75,13:29:26.614600723
20,109.74,136,109.75,13:29:26.614796435
21,109.74,136,109.75,13:29:26.615016368
20,109.74,136,109.75,13:29:26.616657461
15,109.74,136,109.75,13:29:26.618838518
14,109.74,136,109.75,13:29:26.619780452
15,109.74,136,109.75,13:29:26.625778743
14,109.74,136,109.75,13:29:26.629633945
15,109.74,136,109.75,13:29:26.692517963
15,109.74,151,109.75,13:29:26.692595159
17,109.74,151,109.75,13:29:26.692808827
17,109.74,161,109.75,13:29:26.693325584
15,109.74,161,109.75,13:29:26.693504836
14,109.74,161,109.75,13:29:26.745267562
15,109.74,161,109.75,13:29:26.764034212
17,109.74,161,109.75,13:29:26.764185153
15,109.74,161,109.75,13:29:26.782807278
14,109.74,161,109.75,13:29:26.782807278
2,109.74,161,109.75,13:29:26.783354192
1,109.74,161,109.75,13:29:26.783777447
220,109.73,161,109.75,13:29:26.783777447
220,109.73,171,109.75,13:29:26.784217724
220,109.73,180,109.75,13:29:26.784217724
220,109.73,60,109.74,13:29:26.784321078
216,109.73,60,109.74,13:29:26.784695948
216,109.73,211,109.75,13:29:26.784903888
216,109.73,187,109.75,13:29:26.785316351
216,109.73,181,109.75,13:29:26.785878491
216,109.73,182,109.75,13:29:26.794629445
216,109.73,183,109.75,13:29:26.794737269
216,109.73,178,109.75,13:29:26.846790048
216,109.73,168,109.75,13:29:26.880716144
216,109.73,178,109.75,13:29:26.885812616
216,109.73,183,109.75,13:29:26.929568494
216,109.73,173,109.75,13:29:27.137111220
1,109.74,173,109.75,13:29:28.669018871
6,109.74,173,109.75,13:29:28.669171554
9,109.74,173,109.75,13:29:28.669245117
9,109.74,179,109.75,13:29:28.669479794
9,109.74,173,109.75,13:29:28.670348584
6,109.74,173,109.75,13:29:28.672075412
9,109.74,173,109.75,13:29:28.672337642
9,109.74,183,109.75,13:29:28.783195083
4,109.74,183,109.75,13:29:32.143362262
1,109.74,183,109.75,13:29:32.145595182
2,109.74,183,109.75,13:29:32.147148359
1,109.74,183,109.75,13:29:32.150206835
220,109.73,183,109.75,13:29:32.150485630
216,109.73,183,109.75,13:29:32.151156283
216,109.73,189,109.75,13:29:32.151353245
216,109.73,183,109.75,13:29:32.152347122
220,109.73,183,109.75,13:29:37.171896860
220,109.73,5,109.74,13:29:54.200528225
220,109.73,7,109.74,13:29:54.200528225
219,109.73,7,109.74,13:29:54.211778339
219,109.73,2,109.74,13:29:54.248866347
217,109.73,2,109.74,13:29:55.006156914
216,109.73,2,109.74,13:29:55.006502682
215,109.73,2,109.74,13:29:55.006520211
214,109.73,2,109.74,13:29:55.006520211
214,109.73,174,109.75,13:29:55.281475771
214,109.73,172,109.75,13:29:55.281973626
214,109.73,177,109.75,13:29:55.387514325
214,109.73,177,109.75,13:29:55.387514325
218,109.73,177,109.75,13:30:02.006195609
222,109.73,177,109.75,13:30:02.006293287
222,109.73,167,109.75,13:30:10.849907190
500,109.74,167,109.75,13:30:16.470511749
500,109.74,166,109.75,13:30:16.470964846
500,109.74,151,109.75,13:30:16.470964846
508,109.74,151,109.75,13:30:16.471097607
509,109.74,151,109.75,13:30:16.471282068
512,109.74,151,109.75,13:30:16.471357825
512,109.74,150,109.75,13:30:16.471449296
512,109.74,149,109.75,13:30:16.471702810
512,109.74,148,109.75,13:30:16.472047424
516,109.74,148,109.75,13:30:16.481803404
520,109.74,148,109.75,13:30:16.481874469
520,109.74,146,109.75,13:30:18.898206767
520,109.74,136,109.75,13:30:49.294523203
520,109.74,120,109.75,13:30:49.295004471
520,109.74,111,109.75,13:30:49.295317400
520,109.74,106,109.75,13:30:49.295692777
520,109.74,91,109.75,13:30:49.295692777
520,109.74,101,109.75,13:30:49.295927766
536,109.74,101,109.75,13:30:49.295942879
536,109.74,83,109.75,13:30:49.295960392
551,109.74,83,109.75,13:30:49.296035702
553,109.74,83,109.75,13:30:49.296254288
553,109.74,73,109.75,13:30:49.296372818
553,109.74,19,109.75,13:30:49.296396523
551,109.74,19,109.75,13:30:49.296760907
551,109.74,21,109.75,13:30:49.299292874
551,109.74,19,109.75,13:30:49.309277553
551,109.74,7,109.75,13:30:49.328811820
551,109.74,6,109.75,13:30:49.347655578
551,109.74,5,109.75,13:30:49.352445910
585,109.74,5,109.75,13:30:49.515647020
585,109.74,4,109.75,13:30:49.516550491
603,109.74,4,109.75,13:30:49.516744017
611,109.74,4,109.75,13:30:49.516824453
639,109.74,4,109.75,13:30:49.516995866
646,109.74,4,109.75,13:30:49.516995866
646,109.74,3,109.75,13:30:49.557151982
646,109.74,2,109.75,13:30:49.557334868
646,109.74,1,109.75,13:30:49.557510852
652,109.74,1,109.75,13:30:49.558099744
652,109.74,2,109.75,13:30:49.599831332
646,109.74,2,109.75,13:30:49.600426044
646,109.74,3,109.75,13:30:49.638693042
646,109.74,4,109.75,13:30:49.639794868
646,109.74,5,109.75,13:30:49.640338260
646,109.74,4,109.75,13:30:49.911240293
646,109.74,3,109.75,13:30:49.911435637
646,109.74,2,109.75,13:30:49.911513557
646,109.74,1,109.75,13:30:49.911699909
652,109.74,1,109.75,13:30:49.912275482
652,109.74,183,109.76,13:30:49.912430810
661,109.74,183,109.76,13:30:49.912670854
671,109.74,183,109.76,13:30:49.912756945
5,109.75,183,109.76,13:30:49.912756945
11,109.75,183,109.76,13:30:49.913031351
6,109.75,183,109.76,13:30:49.913133664
2,109.75,183,109.76,13:30:49.914297819
1,109.75,183,109.76,13:30:49.914390169
1,109.75,198,109.76,13:30:49.914669311
675,109.74,198,109.76,13:30:49.914685906
668,109.74,198,109.76,13:30:49.914685906
664,109.74,198,109.76,13:30:49.914852929
662,109.74,198,109.76,13:30:49.915157290
662,109.74,183,109.76,13:30:49.915818046
1,109.75,183,109.76,13:30:49.924018597
2,109.75,183,109.76,13:30:49.924098830
3,109.75,183,109.76,13:30:49.924205571
2,109.75,183,109.76,13:30:49.924311278
1,109.75,183,109.76,13:30:49.934934353
2,109.75,183,109.76,13:30:49.935535855
3,109.75,183,109.76,13:30:49.938639401
4,109.75,183,109.76,13:30:49.945328746
5,109.75,183,109.76,13:30:49.945853754
6,109.75,183,109.76,13:30:49.959071903
7,109.75,183,109.76,13:30:49.959354070
8,109.75,183,109.76,13:30:49.963833145
10,109.75,183,109.76,13:30:49.963833145
8,109.75,183,109.76,13:30:49.964004501
9,109.75,183,109.76,13:30:49.966317863
10,109.75,183,109.76,13:30:49.966931081
9,109.75,183,109.76,13:30:49.969361553
8,109.75,183,109.76,13:30:49.995161411
7,109.75,183,109.76,13:30:49.995342834
6,109.75,183,109.76,13:30:49.995419433
5,109.75,183,109.76,13:30:49.995574809
7,109.75,183,109.76,13:30:49.995649484
6,109.75,183,109.76,13:30:49.995863807
5,109.75,183,109.76,13:30:49.995974027
4,109.75,183,109.76,13:30:49.995993052
3,109.75,183,109.76,13:30:49.995993052
2,109.75,183,109.76,13:30:49.995993052
670,109.74,183,109.76,13:30:49.995993052
666,109.74,183,109.76,13:30:49.996096080
666,109.74,1,109.75,13:30:49.996201858
662,109.74,1,109.75,13:30:49.996496244
662,109.74,183,109.76,13:30:49.996635608
2,109.75,183,109.76,13:30:49.996836162
6,109.75,183,109.76,13:30:49.996940973
6,109.75,198,109.76,13:30:49.997196763
5,109.75,198,109.76,13:30:49.997297102
1,109.75,198,109.76,13:30:49.997297102
660,109.74,198,109.76,13:30:49.997862477
1,109.75,198,109.76,13:30:50.007221276
2,109.75,198,109.76,13:30:50.007221276
1,109.75,198,109.76,13:30:50.018059745
660,109.74,198,109.76,13:30:50.018135553
660,109.74,208,109.76,13:30:50.037630136
660,109.74,1,109.75,13:30:50.083024334
660,109.74,2,109.75,13:30:50.083479185
656,109.74,2,109.75,13:30:50.083660255
656,109.74,3,109.75,13:30:50.083902503
656,109.74,4,109.75,13:30:50.084528597
656,109.74,5,109.75,13:30:50.085504489
656,109.74,6,109.75,13:30:53.264928488
656,109.74,7,109.75,13:30:53.265025992
656,109.74,8,109.75,13:30:53.268121500
656,109.74,9,109.75,13:30:53.269147770
656,109.74,10,109.75,13:30:53.269367016
656,109.74,12,109.75,13:30:53.271998444
656,109.74,14,109.75,13:30:53.275028947
656,109.74,26,109.75,13:30:53.275341718
638,109.74,26,109.75,13:30:53.275609740
638,109.74,66,109.75,13:30:53.275686262
638,109.74,84,109.75,13:30:53.275922022
638,109.74,106,109.75,13:30:53.276736197
622,109.74,106,109.75,13:30:54.378583132
607,109.74,106,109.75,13:30:54.378677928
607,109.74,116,109.75,13:30:54.678725286
607,109.74,125,109.75,13:30:55.382623301
598,109.74,125,109.75,13:30:55.384847204
598,109.74,115,109.75,13:30:55.653503541
598,109.74,106,109.75,13:30:55.655050387
598,109.74,116,109.75,13:30:56.625724797
598,109.74,125,109.75,13:30:56.626034662
598,109.74,126,109.75,13:31:01.445501660
598,109.74,127,109.75,13:31:03.423550911
598,109.74,126,109.75,13:31:05.248959438
598,109.74,125,109.75,13:31:05.248973685
598,109.74,124,109.75,13:31:05.248973685
598,109.74,123,109.75,13:31:05.248988075
598,109.74,122,109.75,13:31:05.248988075
598,109.74,121,109.75,13:31:05.249001489
598,109.74,120,109.75,13:31:05.249017109
598,109.74,119,109.75,13:31:05.249017109
598,109.74,118,109.75,13:31:05.249017109
598,109.74,117,109.75,13:31:05.249017109
598,109.74,115,109.75,13:31:05.249017109
598,109.74,113,109.75,13:31:05.249031000
598,109.74,101,109.75,13:31:05.249202829
598,109.74,61,109.75,13:31:05.249223667
598,109.74,43,109.75,13:31:05.249237885
598,109.74,21,109.75,13:31:05.249251571
598,109.74,11,109.75,13:31:05.249265805
598,109.74,2,109.75,13:31:05.249280458
598,109.74,1,109.75,13:31:05.249280458
598,109.74,222,109.76,13:31:05.249294177
23,109.75,222,109.76,13:31:05.249410487
23,109.75,196,109.76,13:31:05.249765150
23,109.75,188,109.76,13:31:05.250071734
23,109.75,178,109.76,13:31:05.250257454
22,109.75,178,109.76,13:31:05.250257454
5,109.75,178,109.76,13:31:05.250410455
13,109.75,178,109.76,13:31:05.250601117
13,109.75,148,109.76,13:31:05.250747952
17,109.75,148,109.76,13:31:05.260717940
21,109.75,148,109.76,13:31:05.260827361
23,109.75,148,109.76,13:31:05.261679784
24,109.75,148,109.76,13:31:05.262029674
21,109.75,148,109.76,13:31:05.271582421
18,109.75,148,109.76,13:31:05.271697842
19,109.75,148,109.76,13:31:05.274902131
20,109.75,148,109.76,13:31:05.276892545
21,109.75,148,109.76,13:31:05.279358531
22,109.75,148,109.76,13:31:05.286234387
23,109.75,148,109.76,13:31:05.286375542
22,109.75,148,109.76,13:31:05.336534042
21,109.75,148,109.76,13:31:05.336680948
20,109.75,148,109.76,13:31:05.336794903
21,109.75,148,109.76,13:31:05.336955796
22,109.75,148,109.76,13:31:05.337201504
21,109.75,148,109.76,13:31:05.337280816
20,109.75,148,109.76,13:31:05.337391443
20,109.75,150,109.76,13:31:05.337800992
23,109.75,150,109.76,13:31:05.347862900
26,109.75,150,109.76,13:31:05.347931226
27,109.75,150,109.76,13:31:05.348026852
19,109.75,150,109.76,13:31:05.392526473
18,109.75,150,109.76,13:31:05.392620835
18,109.75,152,109.76,13:31:05.419419466
19,109.75,152,109.76,13:31:05.493003495
76,109.75,152,109.76,13:31:05.639641423
84,109.75,152,109.76,13:31:05.639886050
82,109.75,152,109.76,13:31:07.440138906
82,109.75,161,109.76,13:31:07.949474302
82,109.75,167,109.76,13:31:07.949569346
81,109.75,167,109.76,13:31:07.949657170
82,109.75,167,109.76,13:31:08.801253640
81,109.75,167,109.76,13:31:08.811967767
82,109.75,167,109.76,13:31:12.502999451
82,109.75,162,109.76,13:31:14.099887576
81,109.75,162,109.76,13:31:18.735674445
82,109.75,162,109.76,13:31:22.124489769
82,109.75,167,109.76,13:31:22.202086662
81,109.75,167,109.76,13:31:22.202229466
81,109.75,177,109.76,13:31:22.375163404
80,109.75,177,109.76,13:31:23.034970820
82,109.75,177,109.76,13:31:26.060649570
80,109.75,177,109.76,13:31:26.061190427
82,109.75,177,109.76,13:31:26.253677728
74,109.75,177,109.76,13:31:26.767841441
17,109.75,177,109.76,13:31:26.768015079
16,109.75,177,109.76,13:31:33.572297184
14,109.75,177,109.76,13:31:33.572297184
13,109.75,177,109.76,13:31:33.572394244
12,109.75,177,109.76,13:31:33.572412084
11,109.75,177,109.76,13:31:33.572412084
12,109.75,177,109.76,13:31:33.948957625
12,109.75,187,109.76,13:31:35.562995168
12,109.75,177,109.76,13:31:35.563363984
13,109.75,177,109.76,13:31:35.573800471
13,109.75,187,109.76,13:31:35.573800471
13,109.75,177,109.76,13:31:35.574248833
13,109.75,187,109.76,13:31:35.584512699
11,109.75,187,109.76,13:31:35.769585330
10,109.75,187,109.76,13:31:35.769760609
9,109.75,187,109.76,13:31:35.769760609
9,109.75,177,109.76,13:31:35.769919431
9,109.75,187,109.76,13:31:35.780459166
11,109.75,187,109.76,13:31:35.785362714
10,109.75,187,109.76,13:31:35.847207451
8,109.75,187,109.76,13:31:35.847359239
7,109.75,187,109.76,13:31:35.847458574
4,109.75,187,109.76,13:31:35.858471189
2,109.75,187,109.76,13:31:35.858632867
1,109.75,187,109.76,13:31:35.869383486
289,109.74,187,109.76,13:31:35.869502702
289,109.74,194,109.76,13:31:35.869649067
289,109.74,192,109.76,13:31:35.911370665
289,109.74,190,109.76,13:31:35.911816264
289,109.74,1,109.75,13:31:35.926857257
289,109.74,190,109.76,13:31:35.927084312
1,109.75,190,109.76,13:31:35.927280767
2,109.75,190,109.76,13:31:35.938544872
3,109.75,190,109.76,13:31:35.938612344
4,109.75,190,109.76,13:31:35.939221943
5,109.75,190,109.76,13:31:35.939481650
6,109.75,190,109.76,13:31:35.940105543
5,109.75,190,109.76,13:31:35.989226990
4,109.75,190,109.76,13:31:35.989242331
3,109.75,190,109.76,13:31:35.989423883
2,109.75,190,109.76,13:31:35.989698785
1,109.75,190,109.76,13:31:35.989698785
2,109.75,190,109.76,13:31:36.000461673
3,109.75,190,109.76,13:31:36.000932648
2,109.75,190,109.76,13:31:36.002652361
1,109.75,190,109.76,13:31:36.013913554
291,109.74,190,109.76,13:31:36.013988456
291,109.74,192,109.76,13:31:36.073223070
291,109.74,2,109.75,13:31:36.075700433
291,109.74,3,109.75,13:31:36.080020163
306,109.74,3,109.75,13:31:36.153197165
306,109.74,5,109.75,13:31:36.222009838
300,109.74,5,109.75,13:31:36.223117362
304,109.74,5,109.75,13:31:36.745333201
300,109.74,5,109.75,13:31:37.896918596
304,109.74,5,109.75,13:31:39.324100067
304,109.74,7,109.75,13:31:40.923282236
304,109.74,8,109.75,13:31:40.923702802
290,109.74,8,109.75,13:31:40.924375524
290,109.74,9,109.75,13:31:40.925964870
290,109.74,8,109.75,13:31:40.994421838
290,109.74,7,109.75,13:31:41.152074645
290,109.74,5,109.75,13:31:41.449339556
302,109.74,5,109.75,13:31:43.080068302
306,109.74,5,109.75,13:31:43.607803092
300,109.74,5,109.75,13:31:48.912859954
282,109.74,5,109.75,13:31:48.913305477
282,109.74,6,109.75,13:31:51.310151160
282,109.74,7,109.75,13:31:51.316130297
282,109.74,8,109.75,13:31:51.316442447
282,109.74,9,109.75,13:31:51.316510655
282,109.74,21,109.75,13:31:51.617549450
282,109.74,20,109.75,13:31:51.987460473
282,109.74,8,109.75,13:31:51.987525945
282,109.74,7,109.75,13:31:51.987706902
282,109.74,6,109.75,13:31:51.987789724
282,109.74,5,109.75,13:31:51.987789724
282,109.74,6,109.75,13:31:56.339530879
282,109.74,5,109.75,13:31:56.513947553
282,109.74,6,109.75,13:31:58.041432394
282,109.74,7,109.75,13:31:58.042661334
282,109.74,8,109.75,13:31:58.044412759
282,109.74,9,109.75,13:31:58.044719588
282,109.74,10,109.75,13:31:58.044980857
282,109.74,11,109.75,13:31:58.044980857
282,109.74,28,109.75,13:31:58.045583315
282,109.74,73,109.75,13:31:58.045583315
278,109.74,73,109.75,13:31:58.045689023
278,109.74,91,109.75,13:31:58.045762019
276,109.74,91,109.75,13:31:58.046237964
261,109.74,91,109.75,13:31:58.275970667
260,109.74,91,109.75,13:31:58.287217668
260,109.74,93,109.75,13:32:01.543495111
260,109.74,100,109.75,13:32:01.550346119
260,109.74,112,109.75,13:32:01.796732850
242,109.74,112,109.75,13:32:01.796901276
242,109.74,113,109.75,13:32:01.882691756
242,109.74,114,109.75,13:32:01.884132503
242,109.74,138,109.75,13:32:01.901904220
242,109.74,139,109.75,13:32:01.901979717
242,109.74,146,109.75,13:32:01.901979717
242,109.74,145,109.75,13:32:03.387824303
242,109.74,147,109.75,13:32:05.647313202
242,109.74,145,109.75,13:32:09.729973516
242,109.74,146,109.75,13:32:10.753885558
242,109.74,144,109.75,13:32:13.586408251
242,109.74,143,109.75,13:32:13.586408251
242,109.74,141,109.75,13:32:13.586518811
242,109.74,140,109.75,13:32:13.586533581
242,109.74,139,109.75,13:32:13.586533581
242,109.74,138,109.75,13:32:13.586533581
242,109.74,137,109.75,13:32:13.586548228
242,109.74,136,109.75,13:32:13.586548228
242,109.74,135,109.75,13:32:13.586548228
242,109.74,118,109.75,13:32:13.586562538
242,109.74,73,109.75,13:32:13.586562538
242,109.74,55,109.75,13:32:13.586562538
242,109.74,53,109.75,13:32:13.586708945
242,109.74,46,109.75,13:32:13.586722545
242,109.74,34,109.75,13:32:13.586737332
242,109.74,33,109.75,13:32:13.586752491
242,109.74,32,109.75,13:32:13.586752491
242,109.74,8,109.75,13:32:13.586766055
242,109.74,1,109.75,13:32:13.586781588
242,109.74,197,109.76,13:32:13.586781588
242,109.74,183,109.76,13:32:13.587267585
242,109.74,163,109.76,13:32:13.587267585
253,109.74,163,109.76,13:32:13.587267585
257,109.74,163,109.76,13:32:13.587473549
257,109.74,156,109.76,13:32:13.588450828
257,109.74,152,109.76,13:32:13.588484867
275,109.74,152,109.76,13:32:13.588484867
275,109.74,146,109.76,13:32:13.588843458
277,109.74,146,109.76,13:32:13.588843458
305,109.74,146,109.76,13:32:13.589429253
305,109.74,156,109.76,13:32:13.598626199
287,109.74,156,109.76,13:32:13.598817728
277,109.74,156,109.76,13:32:13.613787165
279,109.74,156,109.76,13:32:13.614165981
279,109.74,1,109.75,13:32:13.671999732
279,109.74,3,109.75,13:32:13.672902970
279,109.74,5,109.75,13:32:13.675963736
261,109.74,5,109.75,13:32:14.380230344
253,109.74,5,109.75,13:32:14.380230344
249,109.74,5,109.75,13:32:14.380400189
249,109.74,6,109.75,13:32:14.700830419
249,109.74,5,109.75,13:32:15.662482900
249,109.74,3,109.75,13:32:15.662603345
249,109.74,1,109.75,13:32:15.662641498
249,109.74,187,109.76,13:32:15.662641498
134,109.75,187,109.76,13:32:15.662641498
134,109.75,156,109.76,13:32:15.663186269
134,109.75,168,109.76,13:32:15.663391533
134,109.75,146,109.76,13:32:15.664025529
124,109.75,146,109.76,13:32:15.673639614
124,109.75,156,109.76,13:32:15.673831300
126,109.75,156,109.76,13:32:15.674191019
128,109.75,156,109.76,13:32:15.674191019
128,109.75,146,109.76,13:32:15.674296608
129,109.75,146,109.76,13:32:15.674296608
130,109.75,146,109.76,13:32:15.674492900
131,109.75,146,109.76,13:32:15.674492900
127,109.75,146,109.76,13:32:15.684328220
127,109.75,156,109.76,13:32:15.695685711
127,109.75,158,109.76,13:32:15.747888778
127,109.75,161,109.76,13:32:15.748173758
127,109.75,176,109.76,13:32:15.764194396
126,109.75,176,109.76,13:32:31.777139947
127,109.75,176,109.76,13:32:31.777363233
119,109.75,176,109.76,13:32:34.313909239
118,109.75,176,109.76,13:32:34.314289111
117,109.75,176,109.76,13:32:34.314289111
116,109.75,176,109.76,13:32:34.314289111
116,109.75,166,109.76,13:32:34.314471408
117,109.75,166,109.76,13:32:34.314736871
107,109.75,166,109.76,13:32:34.324700644
106,109.75,166,109.76,13:32:34.324857167
108,109.75,166,109.76,13:32:34.334738310
108,109.75,176,109.76,13:32:34.335871380
109,109.75,176,109.76,13:32:34.335992673
99,109.75,176,109.76,13:32:34.424861277
99,109.75,186,109.76,13:32:34.425108825
97,109.75,186,109.76,13:32:34.425216111
96,109.75,186,109.76,13:32:34.425216111
99,109.75,186,109.76,13:32:34.425549420
99,109.75,181,109.76,13:32:35.559272149
99,109.75,186,109.76,13:32:35.571308286
97,109.75,186,109.76,13:32:48.035326311
34,109.75,186,109.76,13:32:49.021898077
7,109.75,186,109.76,13:32:49.022228510
5,109.75,186,109.76,13:32:49.022228510
4,109.75,186,109.76,13:32:49.022245275
1,109.75,186,109.76,13:32:49.022344429
278,109.74,186,109.76,13:32:49.022618998
254,109.74,186,109.76,13:32:49.023004767
254,109.74,183,109.76,13:32:49.090281478
254,109.74,181,109.76,13:32:49.090346576
262,109.74,181,109.76,13:32:49.142942475
262,109.74,2,109.75,13:32:49.168880163
262,109.74,5,109.75,13:32:49.169583177
254,109.74,5,109.75,13:32:49.169664922
236,109.74,5,109.75,13:32:49.396654938
230,109.74,5,109.75,13:32:49.396933951
236,109.74,5,109.75,13:32:49.418405226
250,109.74,5,109.75,13:32:49.444482452
250,109.74,3,109.75,13:32:50.738234753
250,109.74,160,109.76,13:32:50.738323444
5,109.75,160,109.76,13:32:50.738384779
7,109.75,160,109.76,13:32:50.738460773
8,109.75,160,109.76,13:32:50.738801089
3,109.75,160,109.76,13:32:50.738818312
1,109.75,160,109.76,13:32:50.738818312
2,109.75,160,109.76,13:32:50.739029681
3,109.75,160,109.76,13:32:50.739118532
6,109.75,160,109.76,13:32:50.739219184
6,109.75,170,109.76,13:32:50.739236336
6,109.75,175,109.76,13:32:50.739236336
6,109.75,171,109.76,13:32:50.739318804
3,109.75,171,109.76,13:32:50.744030394
4,109.75,171,109.76,13:32:50.746427406
5,109.75,171,109.76,13:32:50.746614257
4,109.75,171,109.76,13:32:50.749927253
3,109.75,171,109.76,13:32:50.750000024
4,109.75,171,109.76,13:32:50.754193543
3,109.75,171,109.76,13:32:50.823042093
2,109.75,171,109.76,13:32:50.823119062
1,109.75,171,109.76,13:32:50.823270553
262,109.74,171,109.76,13:32:50.823270553
262,109.74,3,109.75,13:32:50.823347292
258,109.74,3,109.75,13:32:50.823882014
254,109.74,3,109.75,13:32:50.824238574
254,109.74,4,109.75,13:32:50.905888325
254,109.74,5,109.75,13:32:50.906743525
254,109.74,2,109.75,13:32:51.583612629
254,109.74,1,109.75,13:32:51.583704030
254,109.74,160,109.76,13:32:51.583992837
269,109.74,160,109.76,13:32:51.584166241
12,109.75,160,109.76,13:32:51.584187915
13,109.75,160,109.76,13:32:51.584187915
15,109.75,160,109.76,13:32:51.584187915
16,109.75,160,109.76,13:32:51.584257239
16,109.75,156,109.76,13:32:51.584527021
4,109.75,156,109.76,13:32:51.584527021
3,109.75,156,109.76,13:32:51.584527021
1,109.75,156,109.76,13:32:51.584633245
2,109.75,156,109.76,13:32:51.584741158
2,109.75,166,109.76,13:32:51.584886378
2,109.75,171,109.76,13:32:51.584991993
1,109.75,171,109.76,13:32:51.671134816
293,109.74,171,109.76,13:32:51.671134816
293,109.74,2,109.75,13:32:51.671134816
278,109.74,2,109.75,13:32:51.671368610
278,109.74,171,109.76,13:32:51.671472272
1,109.75,171,109.76,13:32:51.671472272
1,109.75,166,109.76,13:32:51.671567957
1,109.75,156,109.76,13:32:51.671567957
278,109.74,156,109.76,13:32:51.671630230
254,109.74,156,109.76,13:32:51.672059326
254,109.74,166,109.76,13:32:51.699810890
254,109.74,1,109.75,13:32:51.747556068
254,109.74,166,109.76,13:32:51.747905725
2,109.75,166,109.76,13:32:51.747978233
2,109.75,176,109.76,13:32:51.748141581
254,109.74,176,109.76,13:32:51.748227300
254,109.74,181,109.76,13:32:51.748297527
254,109.74,1,109.75,13:32:51.748297527
254,109.74,2,109.75,13:32:51.748618496
254,109.74,4,109.75,13:32:51.750160840
254,109.74,5,109.75,13:32:51.827485727
254,109.74,6,109.75,13:32:53.914954978
254,109.74,5,109.75,13:32:53.927603937
236,109.74,5,109.75,13:32:58.300798385
236,109.74,7,109.75,13:32:58.301233375
230,109.74,7,109.75,13:32:58.301325928
230,109.74,5,109.75,13:32:58.322984617
248,109.74,5,109.75,13:32:58.345221257
254,109.74,5,109.75,13:32:58.345511134
254,109.74,11,109.75,13:32:59.330550402
236,109.74,11,109.75,13:32:59.330672524
230,109.74,11,109.75,13:32:59.330927454
230,109.74,61,109.75,13:33:03.490222430
230,109.74,62,109.75,13:33:03.490252465
230,109.74,74,109.75,13:33:03.490252465
230,109.74,76,109.75,13:33:03.490274891
230,109.74,78,109.75,13:33:03.490274891
230,109.74,66,109.75,13:33:03.490561854
230,109.74,65,109.75,13:33:03.490579467
230,109.74,63,109.75,13:33:03.490579467
231,109.74,63,109.75,13:33:03.501470811
232,109.74,63,109.75,13:33:03.501577838
232,109.74,61,109.75,13:33:06.620848473
232,109.74,11,109.75,13:33:09.457515616
232,109.74,5,109.75,13:33:09.458200614
232,109.74,6,109.75,13:33:09.459530767
232,109.74,7,109.75,13:33:09.459880872
232,109.74,8,109.75,13:33:09.460162412
232,109.74,10,109.75,13:33:09.460968960
232,109.74,9,109.75,13:33:09.473280031
232,109.74,7,109.75,13:33:09.473352370
232,109.74,6,109.75,13:33:09.482747396
232,109.74,5,109.75,13:33:09.510005814
244,109.74,5,109.75,13:33:09.518295371
247,109.74,5,109.75,13:33:09.518678830
265,109.74,5,109.75,13:33:09.519049492
265,109.74,4,109.75,13:33:09.519073937
265,109.74,3,109.75,13:33:09.519073937
265,109.74,1,109.75,13:33:09.519073937
265,109.74,156,109.76,13:33:09.519073937
11,109.75,156,109.76,13:33:09.519073937
14,109.75,156,109.76,13:33:09.519184574
15,109.75,156,109.76,13:33:09.519526660
17,109.75,156,109.76,13:33:09.519526660
72,109.75,156,109.76,13:33:09.519526660
72,109.75,160,109.76,13:33:09.519632570
73,109.75,160,109.76,13:33:09.519660022
77,109.75,160,109.76,13:33:09.519750973
66,109.75,160,109.76,13:33:09.519872236
63,109.75,160,109.76,13:33:09.519872236
62,109.75,160,109.76,13:33:09.520112768
58,109.75,160,109.76,13:33:09.520427945
58,109.75,156,109.76,13:33:09.520456285
59,109.75,156,109.76,13:33:09.528023145
60,109.75,156,109.76,13:33:09.530389530
61,109.75,156,109.76,13:33:09.530455571
62,109.75,156,109.76,13:33:09.533054325
63,109.75,156,109.76,13:33:09.533282373
64,109.75,156,109.76,13:33:09.534100119
63,109.75,156,109.76,13:33:09.538157136
8,109.75,156,109.76,13:33:09.543610665
10,109.75,156,109.76,13:33:09.551489835
11,109.75,156,109.76,13:33:09.551732757
23,109.75,156,109.76,13:33:09.552055160
23,109.75,151,109.76,13:33:09.572414575
23,109.75,154,109.76,13:33:09.609933192
23,109.75,156,109.76,13:33:09.610204510
76,109.75,156,109.76,13:33:09.644367438
75,109.75,156,109.76,13:33:09.656003194
73,109.75,156,109.76,13:33:09.656114208
72,109.75,156,109.76,13:33:09.656136474
71,109.75,156,109.76,13:33:09.656136474
70,109.75,156,109.76,13:33:09.656136474
69,109.75,156,109.76,13:33:09.656136474
68,109.75,156,109.76,13:33:09.656136474
68,109.75,164,109.76,13:33:09.656209219
68,109.75,174,109.76,13:33:09.656298406
68,109.75,181,109.76,13:33:09.656298406
71,109.75,181,109.76,13:33:09.656373030
18,109.75,181,109.76,13:33:09.656456883
18,109.75,171,109.76,13:33:09.857550974
71,109.75,171,109.76,13:33:09.958889221
69,109.75,171,109.76,13:33:11.659213019
16,109.75,171,109.76,13:33:11.659437083
16,109.75,181,109.76,13:33:11.772704744
72,109.75,181,109.76,13:33:11.959582209
72,109.75,171,109.76,13:33:12.075831072
69,109.75,171,109.76,13:33:13.814725423
68,109.75,171,109.76,13:33:17.106419203
66,109.75,171,109.76,13:33:17.106419203
10,109.75,171,109.76,13:33:17.106590202
307,109.74,171,109.76,13:33:17.106660720
278,109.74,171,109.76,13:33:17.106660720
278,109.74,164,109.76,13:33:17.107024072
278,109.74,156,109.76,13:33:17.107024072
256,109.74,156,109.76,13:33:17.107408223
258,109.74,156,109.76,13:33:17.107855629
258,109.74,154,109.76,13:33:17.183333892
258,109.74,151,109.76,13:33:17.183470705
252,109.74,151,109.76,13:33:17.222474549
252,109.74,3,109.75,13:33:17.265858835
267,109.74,3,109.75,13:33:17.266197149
267,109.74,5,109.75,13:33:17.266374166
263,109.74,5,109.75,13:33:20.462558879
263,109.74,6,109.75,13:33:20.464903732
263,109.74,7,109.75,13:33:20.467345670
263,109.74,8,109.75,13:33:20.468018383
263,109.74,9,109.75,13:33:20.468108834
245,109.74,9,109.75,13:33:20.468274773
245,109.74,8,109.75,13:33:20.474447708
245,109.74,7,109.75,13:33:20.474565084
245,109.74,6,109.75,13:33:20.474682355
245,109.74,7,109.75,13:33:20.475515909
245,109.74,8,109.75,13:33:20.476448740
245,109.74,7,109.75,13:33:20.480159735
245,109.74,6,109.75,13:33:20.480366228
245,109.74,7,109.75,13:33:20.481123815
245,109.74,8,109.75,13:33:20.481247994
245,109.74,9,109.75,13:33:20.481247994
245,109.74,8,109.75,13:33:20.487295690
245,109.74,9,109.75,13:33:20.493882402
245,109.74,10,109.75,13:33:20.494639256
245,109.74,11,109.75,13:33:20.494705957
245,109.74,12,109.75,13:33:20.583288848
245,109.74,13,109.75,13:33:20.682367185
245,109.74,12,109.75,13:33:20.688322700
245,109.74,11,109.75,13:33:22.491764293
245,109.74,10,109.75,13:33:22.491921687
245,109.74,9,109.75,13:33:22.491936356
245,109.74,8,109.75,13:33:22.492024397
245,109.74,7,109.75,13:33:22.492024397
245,109.74,6,109.75,13:33:22.492040817
263,109.74,6,109.75,13:33:22.493799792
263,109.74,5,109.75,13:33:22.493818396
293,109.74,5,109.75,13:33:22.493898796
293,109.74,4,109.75,13:33:22.493991794
293,109.74,2,109.75,13:33:22.494135721
293,109.74,1,109.75,13:33:22.494135721
293,109.74,162,109.76,13:33:22.494266373
25,109.75,162,109.76,13:33:22.494492028
65,109.75,162,109.76,13:33:22.494492028
66,109.75,162,109.76,13:33:22.494688827
65,109.75,162,109.76,13:33:22.494956440
40,109.75,162,109.76,13:33:22.495334270
263,109.74,162,109.76,13:33:22.495334270
263,109.74,156,109.76,13:33:22.495334270
275,109.74,156,109.76,13:33:22.495487041
263,109.74,156,109.76,13:33:22.495933235
263,109.74,151,109.76,13:33:22.498819857
263,109.74,1,109.75,13:33:22.581349064
263,109.74,3,109.75,13:33:22.581731866
263,109.74,4,109.75,13:33:22.583014890
263,109.74,5,109.75,13:33:22.584193343
267,109.74,5,109.75,13:33:22.593867936
267,109.74,6,109.75,13:33:23.987588089
263,109.74,6,109.75,13:33:23.988377281
263,109.74,7,109.75,13:33:23.992166323
245,109.74,7,109.75,13:33:23.992282482
245,109.74,8,109.75,13:33:23.993067690
245,109.74,9,109.75,13:33:23.999444591
245,109.74,8,109.75,13:33:24.106917898
245,109.74,7,109.75,13:33:24.107050178
245,109.74,6,109.75,13:33:24.118295260
245,109.74,5,109.75,13:33:24.118362790
245,109.74,6,109.75,13:33:24.307496719
245,109.74,7,109.75,13:33:24.315715842
245,109.74,6,109.75,13:33:24.419636464
245,109.74,5,109.75,13:33:24.419700803
245,109.74,6,109.75,13:33:24.520431873
263,109.74,6,109.75,13:33:24.520598868
263,109.74,7,109.75,13:33:24.996151719
263,109.74,8,109.75,13:33:25.431307994
263,109.74,9,109.75,13:33:25.670201518
263,109.74,10,109.75,13:33:25.670514350
263,109.74,11,109.75,13:33:25.671112194
245,109.74,11,109.75,13:33:25.671226464
245,109.74,12,109.75,13:33:25.671312397
245,109.74,11,109.75,13:33:26.121624536
245,109.74,10,109.75,13:33:26.121701892
245,109.74,9,109.75,13:33:26.121701892
245,109.74,8,109.75,13:33:26.122075849
245,109.74,7,109.75,13:33:26.122164387
245,109.74,6,109.75,13:33:26.122943606
245,109.74,8,109.75,13:33:26.134779429
245,109.74,9,109.75,13:33:31.942661721
245,109.74,10,109.75,13:33:31.942771535
245,109.74,11,109.75,13:33:31.942920287
245,109.74,12,109.75,13:33:31.946653644
245,109.74,16,109.75,13:33:37.697271626
245,109.74,15,109.75,13:33:40.999044441
245,109.74,14,109.75,13:33:40.999121943
245,109.74,13,109.75,13:33:40.999987183
245,109.74,12,109.75,13:33:41.000225558
245,109.74,10,109.75,13:33:41.000296767
245,109.74,11,109.75,13:33:41.187211504
245,109.74,12,109.75,13:33:41.516547624
245,109.74,13,109.75,13:33:41.516652478
245,109.74,15,109.75,13:33:42.141313518
245,109.74,14,109.75,13:33:42.307508061
245,109.74,12,109.75,13:33:42.307675372
245,109.74,11,109.75,13:33:42.307710889
245,109.74,10,109.75,13:33:42.307710889
245,109.74,9,109.75,13:33:42.307710889
245,109.74,5,109.75,13:33:42.307710889
245,109.74,4,109.75,13:33:42.307710889
245,109.74,3,109.75,13:33:42.307710889
245,109.74,2,109.75,13:33:42.307710889
245,109.74,151,109.76,13:33:42.307710889
75,109.75,151,109.76,13:33:42.307734969
109,109.75,151,109.76,13:33:42.307998435
110,109.75,151,109.76,13:33:42.308643973
110,109.75,171,109.76,13:33:42.308811663
112,109.75,171,109.76,13:33:42.308811663
140,109.75,171,109.76,13:33:42.308987298
140,109.75,141,109.76,13:33:42.309263184
141,109.75,141,109.76,13:33:42.309263184
141,109.75,151,109.76,13:33:42.318946156
141,109.75,153,109.76,13:33:42.394117807
141,109.75,155,109.76,13:33:42.394282169
150,109.75,155,109.76,13:33:43.068080906
141,109.75,155,109.76,13:33:44.577108008
151,109.75,155,109.76,13:33:56.110365241
141,109.75,155,109.76,13:33:56.110537817
140,109.75,155,109.76,13:34:01.125256580
141,109.75,155,109.76,13:34:01.270737130
140,109.75,155,109.76,13:34:01.276442629
141,109.75,155,109.76,13:34:01.287525346
140,109.75,155,109.76,13:34:01.674586436
141,109.75,155,109.76,13:34:05.044808323
151,109.75,155,109.76,13:34:10.095393000
160,109.75,155,109.76,13:34:10.100136096
160,109.75,154,109.76,13:34:10.105616908
160,109.75,134,109.76,13:34:10.105944120
160,109.75,123,109.76,13:34:10.105944120
172,109.75,123,109.76,13:34:10.106137714
172,109.75,124,109.76,13:34:10.107732151
172,109.75,125,109.76,13:34:10.107905438
160,109.75,125,109.76,13:34:10.108072295
160,109.75,126,109.76,13:34:10.108211660
172,109.75,126,109.76,13:34:10.109796508
172,109.75,125,109.76,13:34:10.109934059
160,109.75,125,109.76,13:34:10.112287280
160,109.75,126,109.76,13:34:10.112436133
160,109.75,125,109.76,13:34:10.484781980
160,109.75,126,109.76,13:34:10.503397689
160,109.75,125,109.76,13:34:11.781185954
172,109.75,125,109.76,13:34:11.781185954
172,109.75,124,109.76,13:34:11.799665871
172,109.75,123,109.76,13:34:11.802317798
172,109.75,122,109.76,13:34:11.804736026
172,109.75,121,109.76,13:34:11.804811034
202,109.75,121,109.76,13:34:11.815995966
202,109.75,122,109.76,13:34:12.329655577
202,109.75,123,109.76,13:34:12.385960841
172,109.75,123,109.76,13:34:12.588431659
160,109.75,123,109.76,13:34:12.588653553
160,109.75,124,109.76,13:34:12.588784068
172,109.75,124,109.76,13:34:12.588784068
169,109.75,124,109.76,13:34:19.506470898
157,109.75,124,109.76,13:34:19.506713871
157,109.75,123,109.76,13:34:24.340063055
157,109.75,115,109.76,13:34:24.340146488
169,109.75,115,109.76,13:34:24.340224411
169,109.75,114,109.76,13:34:24.341700537
169,109.75,113,109.76,13:34:24.342082970
187,109.75,113,109.76,13:34:24.342153546
200,109.75,113,109.76,13:34:24.342218167
200,109.75,115,109.76,13:34:24.342284816
200,109.75,113,109.76,13:34:24.343798092
200,109.75,114,109.76,13:34:24.344228394
200,109.75,115,109.76,13:34:24.344922436
200,109.75,116,109.76,13:34:24.346889893
200,109.75,115,109.76,13:34:24.349749348
200,109.75,114,109.76,13:34:24.350775760
200,109.75,113,109.76,13:34:24.354953450
200,109.75,64,109.76,13:34:24.513109929
200,109.75,51,109.76,13:34:24.513126054
200,109.75,41,109.76,13:34:24.513653576
209,109.75,41,109.76,13:34:24.514313854
209,109.75,29,109.76,13:34:24.514313854
215,109.75,29,109.76,13:34:24.514313854
215,109.75,11,109.76,13:34:24.515079451
215,109.75,10,109.76,13:34:24.515389850
215,109.75,7,109.76,13:34:24.519734931
215,109.75,9,109.76,13:34:24.541493390
215,109.75,7,109.76,13:34:24.698361556
215,109.75,6,109.76,13:34:24.835495292
215,109.75,5,109.76,13:34:24.838215245
215,109.75,4,109.76,13:34:24.886369436
216,109.75,4,109.76,13:34:27.152746883
216,109.75,2,109.76,13:34:27.153050972
216,109.75,154,109.77,13:34:27.153131297
2,109.76,154,109.77,13:34:27.153396983
2,109.76,149,109.77,13:34:27.153482597
38,109.76,149,109.77,13:34:27.153943458
36,109.76,149,109.77,13:34:27.154116126
36,109.76,139,109.77,13:34:27.154248289
37,109.76,139,109.77,13:34:27.154526533
66,109.76,139,109.77,13:34:27.155020440
71,109.76,139,109.77,13:34:27.155367579
81,109.76,139,109.77,13:34:27.155479810
82,109.76,139,109.77,13:34:27.157790956
82,109.76,112,109.77,13:34:27.158851383
91,109.76,112,109.77,13:34:27.159221371
92,109.76,112,109.77,13:34:27.159306310
104,109.76,112,109.77,13:34:27.159473749
106,109.76,112,109.77,13:34:27.159473749
107,109.76,112,109.77,13:34:27.159473749
107,109.76,122,109.77,13:34:27.164633286
105,109.76,122,109.77,13:34:27.168902631
93,109.76,122,109.77,13:34:27.170144901
94,109.76,122,109.77,13:34:27.170144901
95,109.76,122,109.77,13:34:27.170212610
95,109.76,117,109.77,13:34:27.204355581
95,109.76,120,109.77,13:34:27.240000812
95,109.76,122,109.77,13:34:27.240466711
107,109.76,122,109.77,13:34:28.881099211
130,109.76,122,109.77,13:34:34.262556223
138,109.76,122,109.77,13:34:34.262815195
188,109.76,122,109.77,13:34:34.470372766
165,109.76,122,109.77,13:34:36.509812655
157,109.76,122,109.77,13:34:36.509877176
158,109.76,122,109.77,13:34:38.691435539
210,109.76,122,109.77,13:34:40.726999361
207,109.76,122,109.77,13:34:52.136214829
207,109.76,121,109.77,13:34:52.659584491
207,109.76,120,109.77,13:34:52.661154080
207,109.76,119,109.77,13:34:52.662303132
207,109.76,107,109.77,13:34:52.663305087
227,109.76,107,109.77,13:34:52.663592416
238,109.76,107,109.77,13:34:52.663701118
238,109.76,98,109.77,13:34:52.665531626
238,109.76,100,109.77,13:34:53.079367285
238,109.76,98,109.77,13:34:53.165850077
238,109.76,98,109.77,13:34:53.165850077
253,109.76,98,109.77,13:34:58.066198876
253,109.76,88,109.77,13:34:58.066463087
253,109.76,87,109.77,13:34:58.066463087
253,109.76,63,109.77,13:34:58.066569795
253,109.76,32,109.77,13:34:58.066641725
253,109.76,14,109.77,13:34:58.066877469
253,109.76,12,109.77,13:34:58.067034120
253,109.76,11,109.77,13:34:58.067099522
253,109.76,10,109.77,13:34:58.067196908
253,109.76,16,109.77,13:34:58.077055696
253,109.76,18,109.77,13:34:58.077415072
253,109.76,16,109.77,13:34:58.110978468
253,109.76,17,109.77,13:34:58.121500829
253,109.76,19,109.77,13:34:58.132589222
253,109.76,17,109.77,13:34:58.132941766
253,109.76,27,109.77,13:34:58.143398586
253,109.76,17,109.77,13:34:58.188026747
253,109.76,25,109.77,13:34:58.209547431
253,109.76,17,109.77,13:34:58.220278836
253,109.76,18,109.77,13:35:04.259015409
253,109.76,19,109.77,13:35:04.259265582
253,109.76,20,109.77,13:35:04.259425660
253,109.76,38,109.77,13:35:04.259657780
253,109.76,43,109.77,13:35:04.259774688
253,109.76,42,109.77,13:35:04.823966582
253,109.76,43,109.77,13:35:07.038863210
253,109.76,44,109.77,13:35:07.039868787
253,109.76,46,109.77,13:35:07.041212069
253,109.76,47,109.77,13:35:07.041212069
253,109.76,56,109.77,13:35:07.041314585
253,109.76,68,109.77,13:35:07.041475254
253,109.76,72,109.77,13:35:07.041658702
238,109.76,72,109.77,13:35:07.041810617
238,109.76,60,109.77,13:35:07.041905103
238,109.76,59,109.77,13:35:07.041922769
238,109.76,55,109.77,13:35:07.042329223
238,109.76,54,109.77,13:35:07.042344571
238,109.76,45,109.77,13:35:07.042440437
238,109.76,46,109.77,13:35:07.047693265
238,109.76,47,109.77,13:35:07.052850441
238,109.76,59,109.77,13:35:07.308519383
218,109.76,59,109.77,13:35:07.308795978
207,109.76,59,109.77,13:35:07.308795978
207,109.76,47,109.77,13:35:07.809449465
207,109.76,59,109.77,13:35:10.538471906
207,109.76,47,109.77,13:35:12.025444753
207,109.76,46,109.77,13:35:13.054371390
207,109.76,47,109.77,13:35:13.283008812
207,109.76,59,109.77,13:35:13.287209970
207,109.76,58,109.77,13:35:13.291872539
207,109.76,57,109.77,13:35:13.297693491
207,109.76,45,109.77,13:35:13.297852361
207,109.76,46,109.77,13:35:13.364941538
207,109.76,45,109.77,13:35:13.460262837
207,109.76,44,109.77,13:35:13.460324744
207,109.76,47,109.77,13:35:14.296570337
207,109.76,59,109.77,13:35:14.901097238
207,109.76,68,109.77,13:35:14.917076783
207,109.76,128,109.77,13:35:14.918920234
207,109.76,68,109.77,13:35:14.921481870
207,109.76,59,109.77,13:35:14.921887544
207,109.76,68,109.77,13:35:14.926432925
207,109.76,59,109.77,13:35:14.933798731
207,109.76,68,109.77,13:35:18.588530639
207,109.76,59,109.77,13:35:20.625727296
207,109.76,47,109.77,13:35:20.851305205
207,109.76,44,109.77,13:35:21.902298496
207,109.76,45,109.77,13:35:21.902501260
207,109.76,47,109.77,13:35:21.902836086
207,109.76,45,109.77,13:35:21.907600991
207,109.76,46,109.77,13:35:21.912149643
207,109.76,47,109.77,13:35:21.921758806
207,109.76,59,109.77,13:35:22.016994383
207,109.76,68,109.77,13:35:22.678874142
207,109.76,59,109.77,13:35:28.553905875
207,109.76,68,109.77,13:35:28.564440670
207,109.76,59,109.77,13:35:28.722509300
207,109.76,58,109.77,13:35:28.723583635
207,109.76,57,109.77,13:35:29.029506482
207,109.76,58,109.77,13:35:29.720083060
207,109.76,59,109.77,13:35:29.732557388
207,109.76,68,109.77,13:35:29.733942722
207,109.76,59,109.77,13:35:30.014993401
207,109.76,58,109.77,13:35:30.015214148
207,109.76,57,109.77,13:35:30.016586275
207,109.76,56,109.77,13:35:30.024275499
207,109.76,57,109.77,13:35:33.075884708
207,109.76,58,109.77,13:35:33.076045552
207,109.76,57,109.77,13:35:33.171669222
207,109.76,56,109.77,13:35:33.171813997
207,109.76,59,109.77,13:35:33.718397565
207,109.76,68,109.77,13:35:33.718508550
207,109.76,59,109.77,13:35:33.729469013
207,109.76,56,109.77,13:35:33.729469013
207,109.76,58,109.77,13:35:33.835225936
207,109.76,56,109.77,13:35:34.022810106
207,109.76,57,109.77,13:35:34.064072588
207,109.76,56,109.77,13:35:34.308388585
207,109.76,57,109.77,13:35:34.839741619
207,109.76,56,109.77,13:35:36.037655945
207,109.76,57,109.77,13:35:37.017301815
207,109.76,66,109.77,13:35:37.017451997
207,109.76,57,109.77,13:35:37.317454725
207,109.76,58,109.77,13:35:37.676606126
207,109.76,67,109.77,13:35:37.864856649
207,109.76,68,109.77,13:35:37.864978134
207,109.76,67,109.77,13:35:43.747934427
207,109.76,58,109.77,13:35:43.748612563
207,109.76,57,109.77,13:35:43.748692932
207,109.76,58,109.77,13:35:43.750079558
207,109.76,67,109.77,13:35:43.750256083
207,109.76,58,109.77,13:35:44.156080126
207,109.76,57,109.77,13:35:44.156153857
207,109.76,56,109.77,13:35:44.156321284
207,109.76,55,109.77,13:35:44.156489434
207,109.76,43,109.77,13:35:44.156554817
227,109.76,43,109.77,13:35:44.156763028
238,109.76,43,109.77,13:35:44.156863106
238,109.76,44,109.77,13:35:44.159931441
238,109.76,45,109.77,13:35:44.160061201
238,109.76,44,109.77,13:35:44.170796456
238,109.76,43,109.77,13:35:44.655573804
238,109.76,44,109.77,13:35:44.694831974
238,109.76,45,109.77,13:35:44.694909512
238,109.76,54,109.77,13:35:44.695010813
238,109.76,53,109.77,13:35:44.695182835
238,109.76,54,109.77,13:35:44.784232427
238,109.76,53,109.77,13:35:44.800168232
238,109.76,54,109.77,13:35:45.186985299
238,109.76,55,109.77,13:35:45.193852935
238,109.76,54,109.77,13:35:45.299840102
238,109.76,53,109.77,13:35:48.318872601
238,109.76,54,109.77,13:35:50.880096335
238,109.76,66,109.77,13:35:51.102087942
238,109.76,67,109.77,13:35:51.477187362
227,109.76,67,109.77,13:35:51.482613658
207,109.76,67,109.77,13:35:51.482701991
207,109.76,109,109.77,13:35:51.557024259
207,109.76,129,109.77,13:35:51.557905884
197,109.76,129,109.77,13:35:52.426459309
197,109.76,154,109.77,13:35:52.427923967
197,109.76,159,109.77,13:35:52.664527968
188,109.76,159,109.77,13:35:52.740340592
187,109.76,159,109.77,13:36:05.898167641
186,109.76,159,109.77,13:36:05.898236521
185,109.76,159,109.77,13:36:05.898236521
173,109.76,159,109.77,13:36:05.898415854
174,109.76,159,109.77,13:36:05.898627087
173,109.76,159,109.77,13:36:05.899159855
174,109.76,159,109.77,13:36:05.899609736
175,109.76,159,109.77,13:36:05.899933684
174,109.76,159,109.77,13:36:05.900363642
175,109.76,159,109.77,13:36:05.901232119
174,109.76,159,109.77,13:36:05.906179035
173,109.76,159,109.77,13:36:05.906255691
174,109.76,159,109.77,13:36:06.006661819
173,109.76,159,109.77,13:36:06.112923880
163,109.76,159,109.77,13:36:08.638419570
163,109.76,170,109.77,13:36:08.638719576
163,109.76,174,109.77,13:36:08.638790904
164,109.76,174,109.77,13:36:17.476124506
164,109.76,163,109.77,13:36:17.476339117
164,109.76,159,109.77,13:36:17.476421164
165,109.76,159,109.77,13:36:17.476421164
166,109.76,159,109.77,13:36:17.476421164
166,109.76,134,109.77,13:36:17.508320839
166,109.76,114,109.77,13:36:21.249724285
166,109.76,72,109.77,13:36:21.249792704
178,109.76,72,109.77,13:36:21.249933417
178,109.76,71,109.77,13:36:23.594202172
178,109.76,72,109.77,13:36:23.594373391
178,109.76,71,109.77,13:36:23.595308043
178,109.76,72,109.77,13:36:23.596769622
178,109.76,71,109.77,13:36:23.598232914
178,109.76,72,109.77,13:36:23.599459809
178,109.76,71,109.77,13:36:23.599736810
178,109.76,72,109.77,13:36:23.600160087
178,109.76,71,109.77,13:36:23.601247916
178,109.76,72,109.77,13:36:23.601995496
178,109.76,71,109.77,13:36:23.603985911
178,109.76,72,109.77,13:36:23.605341807
178,109.76,67,109.77,13:36:23.606134577
178,109.76,66,109.77,13:36:23.608808195
178,109.76,65,109.77,13:36:23.613308169
208,109.76,65,109.77,13:36:23.615857801
208,109.76,56,109.77,13:36:23.616092331
208,109.76,44,109.77,13:36:23.616381788
208,109.76,26,109.77,13:36:23.616381788
208,109.76,25,109.77,13:36:23.616493564
208,109.76,26,109.77,13:36:23.616981145
208,109.76,27,109.77,13:36:23.616981145
208,109.76,39,109.77,13:36:23.617250629
208,109.76,38,109.77,13:36:23.617339496
208,109.76,37,109.77,13:36:23.617339496
208,109.76,25,109.77,13:36:23.636744760
208,109.76,19,109.77,13:36:23.660604734
208,109.76,24,109.77,13:36:23.687424964
208,109.76,19,109.77,13:36:23.707647430
223,109.76,19,109.77,13:36:24.153009100
223,109.76,17,109.77,13:36:24.153949647
223,109.76,16,109.77,13:36:24.160589398
223,109.76,15,109.77,13:36:24.160656384
223,109.76,16,109.77,13:36:24.179431703
223,109.76,18,109.77,13:36:24.333321043
223,109.76,16,109.77,13:36:24.365061043
223,109.76,18,109.77,13:36:24.385267228
223,109.76,19,109.77,13:36:24.824128268
223,109.76,21,109.77,13:36:24.833430679
223,109.76,22,109.77,13:36:24.833430679
223,109.76,40,109.77,13:36:24.833750327
223,109.76,39,109.77,13:36:24.833835549
223,109.76,51,109.77,13:36:24.834210109
223,109.76,60,109.77,13:36:24.834210109
208,109.76,60,109.77,13:36:24.834393363
208,109.76,51,109.77,13:36:24.835256997
208,109.76,49,109.77,13:36:24.884750922
208,109.76,37,109.77,13:36:24.935060132
208,109.76,19,109.77,13:36:24.935324826
208,109.76,20,109.77,13:36:25.063141519
208,109.76,19,109.77,13:36:25.347154921
208,109.76,21,109.77,13:36:26.117986940
208,109.76,39,109.77,13:36:26.118145747
208,109.76,40,109.77,13:36:27.356985093
208,109.76,52,109.77,13:36:27.359827806
208,109.76,61,109.77,13:36:27.409247351
178,109.76,61,109.77,13:36:27.409496983
178,109.76,101,109.77,13:36:27.411827788
178,109.76,123,109.77,13:36:27.411933561
178,109.76,128,109.77,13:36:27.436196005
178,109.76,106,109.77,13:36:29.790376731
178,109.76,66,109.77,13:36:29.790442936
178,109.76,57,109.77,13:36:29.790972829
178,109.76,66,109.77,13:36:29.792243142
178,109.76,61,109.77,13:36:29.824377042
178,109.76,66,109.77,13:36:29.866057254
178,109.76,108,109.77,13:36:29.963333946
178,109.76,128,109.77,13:36:29.964387662
178,109.76,108,109.77,13:36:30.110845901
178,109.76,66,109.77,13:36:30.110950650
178,109.76,57,109.77,13:36:30.116739518
178,109.76,52,109.77,13:36:30.145214890
178,109.76,34,109.77,13:36:30.257150310
196,109.76,34,109.77,13:36:30.257664625
209,109.76,34,109.77,13:36:30.257664625
209,109.76,33,109.77,13:36:31.452003238
209,109.76,31,109.77,13:36:31.452440866
209,109.76,19,109.77,13:36:31.452440866
209,109.76,18,109.77,13:36:31.452708409
209,109.76,16,109.77,13:36:31.454164375
209,109.76,18,109.77,13:36:31.455416483
209,109.76,17,109.77,13:36:31.457372123
209,109.76,16,109.77,13:36:31.457961220
209,109.76,14,109.77,13:36:31.466457102
209,109.76,13,109.77,13:36:31.469302923
209,109.76,10,109.77,13:36:31.469302923
219,109.76,10,109.77,13:36:31.469511125
224,109.76,10,109.77,13:36:31.469582398
224,109.76,11,109.77,13:36:31.821973137
224,109.76,12,109.77,13:36:31.948830016
224,109.76,14,109.77,13:36:37.641775764
224,109.76,26,109.77,13:36:37.641973492
224,109.76,30,109.77,13:36:37.642350655
224,109.76,48,109.77,13:36:37.642368890
224,109.76,50,109.77,13:36:37.642368890
224,109.76,51,109.77,13:36:37.642368890
224,109.76,49,109.77,13:36:37.643189577
224,109.76,37,109.77,13:36:37.643260902
224,109.76,38,109.77,13:36:37.824595506
224,109.76,39,109.77,13:36:41.588408453
224,109.76,38,109.77,13:36:41.589412433
224,109.76,37,109.77,13:36:41.589564574
224,109.76,38,109.77,13:36:41.589958941
224,109.76,39,109.77,13:36:41.590950384
224,109.76,38,109.77,13:36:41.591122233
224,109.76,37,109.77,13:36:41.592459675
224,109.76,38,109.77,13:36:41.594283847
224,109.76,37,109.77,13:36:41.596801051
224,109.76,38,109.77,13:36:41.597286084
224,109.76,50,109.77,13:36:41.597625886
214,109.76,50,109.77,13:36:41.597808471
209,109.76,50,109.77,13:36:41.597878417
209,109.76,51,109.77,13:36:41.602358560
209,109.76,50,109.77,13:36:41.617929803
209,109.76,51,109.77,13:36:41.651404993
209,109.76,50,109.77,13:36:41.708833342
209,109.76,49,109.77,13:36:43.485513690
209,109.76,48,109.77,13:36:43.485659745
209,109.76,50,109.77,13:36:43.575660502
209,109.76,48,109.77,13:36:44.383694542
209,109.76,36,109.77,13:36:44.564245078
209,109.76,32,109.77,13:36:45.260069894
209,109.76,30,109.77,13:36:45.261650623
209,109.76,31,109.77,13:36:45.270827915
209,109.76,30,109.77,13:36:45.306262848
209,109.76,42,109.77,13:36:46.709993687
209,109.76,43,109.77,13:36:46.710175031
209,109.76,42,109.77,13:36:46.802479297
209,109.76,43,109.77,13:36:50.322719149
209,109.76,44,109.77,13:36:50.327194156
209,109.76,45,109.77,13:36:50.327194156
209,109.76,46,109.77,13:36:50.327355550
209,109.76,47,109.77,13:36:50.327441138
209,109.76,48,109.77,13:36:50.327530642
209,109.76,49,109.77,13:36:50.327755682
209,109.76,58,109.77,13:36:50.331208271
209,109.76,49,109.77,13:36:51.020998555
209,109.76,58,109.77,13:36:51.593379632
209,109.76,98,109.77,13:36:51.593379632
209,109.76,100,109.77,13:36:51.593470876
191,109.76,100,109.77,13:36:51.593576825
178,109.76,100,109.77,13:36:51.593648102
178,109.76,122,109.77,13:36:51.594370841
178,109.76,100,109.77,13:36:51.690711684
178,109.76,60,109.77,13:36:51.690780939
178,109.76,51,109.77,13:36:51.691308538
178,109.76,60,109.77,13:36:51.986259951
178,109.76,100,109.77,13:36:51.987465365
178,109.76,122,109.77,13:36:51.988648042
178,109.76,127,109.77,13:36:52.638005887
178,109.76,122,109.77,13:36:52.658728122
178,109.76,127,109.77,13:36:52.679811618
178,109.76,122,109.77,13:36:52.961109566
178,109.76,100,109.77,13:36:54.650218611
178,109.76,60,109.77,13:36:54.650218611
178,109.76,51,109.77,13:36:56.595523613
178,109.76,50,109.77,13:36:59.901186785
178,109.76,48,109.77,13:36:59.905446215
178,109.76,49,109.77,13:37:00.010738269
178,109.76,48,109.77,13:37:00.124536681
178,109.76,47,109.77,13:37:00.141933665
178,109.76,35,109.77,13:37:00.142105431
178,109.76,36,109.77,13:37:00.144105491
178,109.76,37,109.77,13:37:00.144257139
201,109.76,37,109.77,13:37:02.106909365
201,109.76,36,109.77,13:37:02.107038248
201,109.76,35,109.77,13:37:02.107058287
201,109.76,34,109.77,13:37:02.107058287
209,109.76,34,109.77,13:37:02.107058287
209,109.76,36,109.77,13:37:02.157474025
209,109.76,41,109.77,13:37:02.292152854
209,109.76,36,109.77,13:37:02.794705595
209,109.76,41,109.77,13:37:02.824429331
209,109.76,36,109.77,13:37:02.860529698
209,109.76,37,109.77,13:37:03.287236621
209,109.76,49,109.77,13:37:03.287236621
209,109.76,58,109.77,13:37:04.090345860
209,109.76,60,109.77,13:37:04.101324049
209,109.76,65,109.77,13:37:04.106104268
209,109.76,60,109.77,13:37:04.119562645
209,109.76,51,109.77,13:37:04.313125313
209,109.76,50,109.77,13:37:04.313139207
209,109.76,48,109.77,13:37:04.313139207
209,109.76,36,109.77,13:37:04.313280697
209,109.76,38,109.77,13:37:04.325742849
209,109.76,36,109.77,13:37:04.328790645
209,109.76,37,109.77,13:37:04.362087033
209,109.76,49,109.77,13:37:04.380642906
209,109.76,48,109.77,13:37:06.267839105
209,109.76,36,109.77,13:37:06.272224559
209,109.76,34,109.77,13:37:06.276960147
209,109.76,39,109.77,13:37:06.555023547
209,109.76,38,109.77,13:37:06.650699235
209,109.76,37,109.77,13:37:06.650805290
209,109.76,36,109.77,13:37:06.650891647
224,109.76,36,109.77,13:37:06.651160649
224,109.76,35,109.77,13:37:06.654528608
224,109.76,34,109.77,13:37:06.673084433
224,109.76,33,109.77,13:37:06.673200298
224,109.76,35,109.77,13:37:06.688982304
224,109.76,36,109.77,13:37:06.689695826
224,109.76,35,109.77,13:37:06.689807171
224,109.76,33,109.77,13:37:06.699528114
224,109.76,39,109.77,13:37:11.136373626
224,109.76,42,109.77,13:37:11.136556224
224,109.76,44,109.77,13:37:11.136573389
224,109.76,106,109.77,13:37:11.138515304
201,109.76,106,109.77,13:37:11.139527414
193,109.76,106,109.77,13:37:11.139527414
193,109.76,44,109.77,13:37:11.155376478
220,109.76,44,109.77,13:37:11.252059273
220,109.76,42,109.77,13:37:12.078204698
220,109.76,39,109.77,13:37:12.263372831
220,109.76,21,109.77,13:37:12.263659141
220,109.76,22,109.77,13:37:12.263659141
220,109.76,16,109.77,13:37:12.263840625
220,109.76,17,109.77,13:37:12.263921387
220,109.76,20,109.77,13:37:12.264267604
220,109.76,19,109.77,13:37:12.267555179
220,109.76,18,109.77,13:37:12.268538873
220,109.76,19,109.77,13:37:12.634684100
220,109.76,20,109.77,13:37:12.634829453
220,109.76,21,109.77,13:37:14.264697398
220,109.76,22,109.77,13:37:14.388581876
220,109.76,21,109.77,13:37:14.389726538
220,109.76,20,109.77,13:37:15.143298287
220,109.76,21,109.77,13:37:17.851201610
220,109.76,22,109.77,13:37:17.853394357
220,109.76,24,109.77,13:37:17.853563503
220,109.76,25,109.77,13:37:17.853863172
220,109.76,26,109.77,13:37:17.853996891
220,109.76,35,109.77,13:37:17.854552081
220,109.76,53,109.77,13:37:17.854785553
193,109.76,53,109.77,13:37:17.855130313
193,109.76,44,109.77,13:37:17.856383314
193,109.76,83,109.77,13:37:17.857271599
193,109.76,106,109.77,13:37:17.858379748
193,109.76,83,109.77,13:37:17.947059802
193,109.76,44,109.77,13:37:17.947128454
224,109.76,44,109.77,13:37:17.976988360
224,109.76,26,109.77,13:37:17.983354102
224,109.76,44,109.77,13:37:18.478351392
193,109.76,44,109.77,13:37:20.760401548
193,109.76,89,109.77,13:37:20.761657614
178,109.76,89,109.77,13:37:20.761761790
178,109.76,106,109.77,13:37:20.762855955
178,109.76,89,109.77,13:37:21.033371419
178,109.76,44,109.77,13:37:21.033440756
178,109.76,56,109.77,13:37:21.135382474
178,109.76,65,109.77,13:37:21.496142001
178,109.76,115,109.77,13:37:22.043490603
178,109.76,127,109.77,13:37:22.173622195
178,109.76,77,109.77,13:37:22.659819624
189,109.76,77,109.77,13:37:22.659819624
209,109.76,77,109.77,13:37:22.659819624
209,109.76,68,109.77,13:37:22.660073678
209,109.76,50,109.77,13:37:22.661775805
209,109.76,59,109.77,13:37:22.662830351
209,109.76,50,109.77,13:37:22.663370399
209,109.76,38,109.77,13:37:22.675479938
209,109.76,56,109.77,13:37:22.762292869
209,109.76,68,109.77,13:37:22.867193840
209,109.76,77,109.77,13:37:23.029845705
209,109.76,68,109.77,13:37:23.370109912
209,109.76,50,109.77,13:37:23.377004162
209,109.76,38,109.77,13:37:24.620834665
209,109.76,37,109.77,13:37:24.623736333
209,109.76,36,109.77,13:37:24.625853728
209,109.76,24,109.77,13:37:24.652584086
209,109.76,25,109.77,13:37:25.282562233
209,109.76,24,109.77,13:37:28.886933138
209,109.76,42,109.77,13:37:30.179830478
209,109.76,43,109.77,13:37:30.598003330
209,109.76,44,109.77,13:37:30.822395400
209,109.76,43,109.77,13:37:31.113267008
209,109.76,42,109.77,13:37:34.823894847
209,109.76,43,109.77,13:37:36.199503529
209,109.76,44,109.77,13:37:36.201532480
209,109.76,56,109.77,13:37:36.204864683
209,109.76,44,109.77,13:37:36.234476291
209,109.76,106,109.77,13:37:36.263321387
209,109.76,118,109.77,13:37:36.263321387
209,109.76,106,109.77,13:37:36.263806112
