bidVolume,bidPrice,askVolume,askPrice,timestamp
1,117.4,32,117.41,14:30:00.017362919
2,117.4,32,117.41,14:30:00.119776900
2,117.4,27,117.41,14:30:01.420581032
3,117.4,27,117.41,14:30:01.428389318
6,117.4,27,117.41,14:30:01.428456655
12,117.4,27,117.41,14:30:01.428556886
17,117.4,27,117.41,14:30:01.428917576
21,117.4,27,117.41,14:30:01.428997096
22,117.4,27,117.41,14:30:01.429011493
23,117.4,27,117.41,14:30:01.429011493
22,117.4,27,117.41,14:30:01.429232801
22,117.4,18,117.41,14:30:01.429549137
25,117.4,18,117.41,14:30:01.429549137
25,117.4,17,117.41,14:30:01.429646610
26,117.4,17,117.41,14:30:01.429717861
28,117.4,17,117.41,14:30:01.429717861
28,117.4,16,117.41,14:30:01.432622438
28,117.4,17,117.41,14:30:01.435813814
28,117.4,16,117.41,14:30:01.435900947
28,117.4,17,117.41,14:30:01.436972226
26,117.4,17,117.41,14:30:01.439826519
25,117.4,17,117.41,14:30:01.439905974
22,117.4,17,117.41,14:30:01.439905974
22,117.4,16,117.41,14:30:01.439905974
22,117.4,17,117.41,14:30:01.440051325
18,117.4,17,117.41,14:30:01.440129590
13,117.4,17,117.41,14:30:01.440206429
13,117.4,18,117.41,14:30:01.440344947
14,117.4,18,117.41,14:30:01.440452125
14,117.4,17,117.41,14:30:01.441218950
14,117.4,16,117.41,14:30:01.443578497
14,117.4,17,117.41,14:30:01.444259821
14,117.4,16,117.41,14:30:01.447265054
13,117.4,16,117.41,14:30:01.456842794
18,117.4,16,117.41,14:30:01.542246780
22,117.4,16,117.41,14:30:01.542347872
23,117.4,16,117.41,14:30:02.533931730
26,117.4,16,117.41,14:30:02.535415083
28,117.4,16,117.41,14:30:02.535519604
28,117.4,15,117.41,14:30:02.535592964
28,117.4,14,117.41,14:30:02.535845281
28,117.4,12,117.41,14:30:02.537143414
33,117.4,12,117.41,14:30:02.537441411
33,117.4,7,117.41,14:30:02.537562514
33,117.4,6,117.41,14:30:02.537576316
33,117.4,3,117.41,14:30:02.537685685
33,117.4,2,117.41,14:30:02.537706168
33,117.4,1,117.41,14:30:02.537706168
33,117.4,34,117.42,14:30:02.537706168
1,117.41,34,117.42,14:30:02.538043464
1,117.41,32,117.42,14:30:02.538400043
32,117.4,32,117.42,14:30:02.542052956
32,117.4,28,117.42,14:30:02.548340049
32,117.4,26,117.42,14:30:02.548340049
1,117.41,26,117.42,14:30:02.552868913
32,117.4,26,117.42,14:30:02.560411284
32,117.4,1,117.41,14:30:02.560411284
32,117.4,2,117.41,14:30:02.565185710
32,117.4,1,117.41,14:30:02.941376520
32,117.4,30,117.42,14:30:02.941638250
1,117.41,30,117.42,14:30:02.941882475
1,117.41,32,117.42,14:30:02.941882475
2,117.41,32,117.42,14:30:02.942171242
11,117.41,32,117.42,14:30:02.942401578
11,117.41,29,117.42,14:30:02.942703617
11,117.41,23,117.42,14:30:02.942779304
12,117.41,23,117.42,14:30:02.943215424
17,117.41,23,117.42,14:30:02.943215424
17,117.41,21,117.42,14:30:02.943215424
17,117.41,17,117.42,14:30:02.943310237
16,117.41,17,117.42,14:30:02.943499830
16,117.41,18,117.42,14:30:02.943734829
17,117.41,18,117.42,14:30:02.944868556
16,117.41,18,117.42,14:30:02.945315673
11,117.41,18,117.42,14:30:02.945551225
2,117.41,18,117.42,14:30:02.945796651
3,117.41,18,117.42,14:30:02.946593521
2,117.41,18,117.42,14:30:02.946731040
8,117.41,18,117.42,14:30:02.947454074
2,117.41,18,117.42,14:30:02.948598992
2,117.41,17,117.42,14:30:02.951829925
1,117.41,17,117.42,14:30:02.952081732
34,117.4,17,117.42,14:30:02.952370615
34,117.4,21,117.42,14:30:02.952538435
34,117.4,26,117.42,14:30:02.952611727
34,117.4,30,117.42,14:30:02.952687628
34,117.4,32,117.42,14:30:02.952687628
34,117.4,30,117.42,14:30:02.955506657
34,117.4,26,117.42,14:30:02.955572408
34,117.4,1,117.41,14:30:02.963736250
34,117.4,26,117.42,14:30:02.963983953
1,117.41,26,117.42,14:30:02.964871345
2,117.41,26,117.42,14:30:02.965055978
1,117.41,26,117.42,14:30:02.966396073
1,117.41,30,117.42,14:30:02.966960127
1,117.41,32,117.42,14:30:02.967040041
1,117.41,33,117.42,14:30:02.991344099
34,117.4,33,117.42,14:30:02.991534473
6,117.41,33,117.42,14:30:03.100777207
34,117.4,33,117.42,14:30:03.115340654
34,117.4,34,117.42,14:30:03.125952023
34,117.4,35,117.42,14:30:03.432477754
34,117.4,1,117.41,14:30:04.548840537
34,117.4,2,117.41,14:30:04.549154524
34,117.4,1,117.41,14:30:04.560625501
34,117.4,2,117.41,14:30:04.561972057
34,117.4,1,117.41,14:30:04.583198197
34,117.4,2,117.41,14:30:04.659389154
34,117.4,3,117.41,14:30:04.659546866
34,117.4,4,117.41,14:30:04.726171102
34,117.4,5,117.41,14:30:04.884178823
34,117.4,4,117.41,14:30:05.085390587
34,117.4,3,117.41,14:30:05.089306510
34,117.4,4,117.41,14:30:05.101291406
34,117.4,3,117.41,14:30:05.137532998
34,117.4,4,117.41,14:30:06.826256596
34,117.4,5,117.41,14:30:06.826659300
34,117.4,10,117.41,14:30:06.826826208
29,117.4,10,117.41,14:30:06.826994452
29,117.4,11,117.41,14:30:06.827269002
25,117.4,11,117.41,14:30:06.827347328
23,117.4,11,117.41,14:30:06.827347328
18,117.4,11,117.41,14:30:06.827435898
15,117.4,11,117.41,14:30:06.827435898
15,117.4,13,117.41,14:30:06.827451539
15,117.4,20,117.41,14:30:06.827451539
15,117.4,19,117.41,14:30:06.827520310
15,117.4,17,117.41,14:30:06.953694963
21,117.4,17,117.41,14:30:06.953896109
24,117.4,17,117.41,14:30:06.953989955
24,117.4,10,117.41,14:30:06.953989955
29,117.4,10,117.41,14:30:06.953989955
33,117.4,10,117.41,14:30:06.954260755
34,117.4,10,117.41,14:30:06.954260755
34,117.4,9,117.41,14:30:06.954417561
34,117.4,10,117.41,14:30:08.199582888
29,117.4,10,117.41,14:30:08.199715508
29,117.4,11,117.41,14:30:08.200001821
28,117.4,11,117.41,14:30:08.200187182
24,117.4,11,117.41,14:30:08.200285143
21,117.4,11,117.41,14:30:08.200285143
15,117.4,11,117.41,14:30:08.200370301
15,117.4,19,117.41,14:30:08.200370301
15,117.4,25,117.41,14:30:08.200444186
14,117.4,25,117.41,14:30:08.200929768
13,117.4,25,117.41,14:30:08.204009822
13,117.4,26,117.41,14:30:08.204204308
14,117.4,26,117.41,14:30:08.221424159
20,117.4,26,117.41,14:30:08.480049072
23,117.4,26,117.41,14:30:08.480318845
23,117.4,20,117.41,14:30:08.480318845
23,117.4,12,117.41,14:30:08.480681503
27,117.4,12,117.41,14:30:08.480681503
27,117.4,11,117.41,14:30:08.480773119
28,117.4,11,117.41,14:30:08.480790299
28,117.4,10,117.41,14:30:08.480979653
33,117.4,10,117.41,14:30:08.507839464
33,117.4,5,117.41,14:30:08.508022286
33,117.4,4,117.41,14:30:08.508098974
33,117.4,3,117.41,14:30:08.508335537
34,117.4,3,117.41,14:30:08.509471274
33,117.4,3,117.41,14:30:08.524966282
32,117.4,3,117.41,14:30:08.529195522
32,117.4,4,117.41,14:30:08.529354532
32,117.4,9,117.41,14:30:08.529509416
33,117.4,9,117.41,14:30:08.529689988
28,117.4,9,117.41,14:30:08.529758712
27,117.4,9,117.41,14:30:08.529857214
27,117.4,8,117.41,14:30:08.548739881
28,117.4,8,117.41,14:30:08.548805621
33,117.4,8,117.41,14:30:08.549578437
33,117.4,3,117.41,14:30:08.549730597
33,117.4,2,117.41,14:30:08.555838464
33,117.4,3,117.41,14:30:08.557336931
33,117.4,4,117.41,14:30:08.586237456
33,117.4,12,117.41,14:30:08.586319421
33,117.4,18,117.41,14:30:08.586319421
33,117.4,19,117.41,14:30:08.586337654
32,117.4,19,117.41,14:30:08.586337654
29,117.4,19,117.41,14:30:08.586337654
23,117.4,19,117.41,14:30:08.586337654
19,117.4,19,117.41,14:30:08.586578506
18,117.4,19,117.41,14:30:08.586676710
12,117.4,19,117.41,14:30:08.586676710
7,117.4,19,117.41,14:30:08.586692953
7,117.4,24,117.41,14:30:08.586983936
12,117.4,24,117.41,14:30:08.587249023
12,117.4,29,117.41,14:30:08.587264566
11,117.4,29,117.41,14:30:08.587264566
8,117.4,29,117.41,14:30:08.587441420
7,117.4,29,117.41,14:30:08.587441420
5,117.4,29,117.41,14:30:08.587441420
4,117.4,29,117.41,14:30:08.587441420
4,117.4,30,117.41,14:30:08.587499570
6,117.4,30,117.41,14:30:08.587499570
5,117.4,30,117.41,14:30:08.587939793
2,117.4,30,117.41,14:30:08.587939793
41,117.39,30,117.41,14:30:08.588101944
41,117.39,6,117.4,14:30:08.588101944
41,117.39,7,117.4,14:30:08.588101944
41,117.39,6,117.4,14:30:08.588590756
32,117.39,6,117.4,14:30:08.588590756
31,117.39,6,117.4,14:30:08.588604305
31,117.39,4,117.4,14:30:08.588730510
33,117.39,4,117.4,14:30:08.588730510
33,117.39,5,117.4,14:30:08.588751170
33,117.39,6,117.4,14:30:08.589182295
33,117.39,5,117.4,14:30:08.589182295
33,117.39,1,117.4,14:30:08.589273268
33,117.39,30,117.41,14:30:08.589308897
1,117.4,30,117.41,14:30:08.589691220
42,117.39,30,117.41,14:30:08.589898605
42,117.39,1,117.4,14:30:08.589916913
42,117.39,2,117.4,14:30:08.590181789
42,117.39,3,117.4,14:30:08.590181789
42,117.39,4,117.4,14:30:08.590493354
42,117.39,9,117.4,14:30:08.590964077
36,117.39,9,117.4,14:30:08.591252460
34,117.39,9,117.4,14:30:08.591630185
34,117.39,15,117.4,14:30:08.591630185
27,117.39,15,117.4,14:30:08.591630185
27,117.39,18,117.4,14:30:08.591752542
26,117.39,18,117.4,14:30:08.597563025
25,117.39,18,117.4,14:30:08.598674822
25,117.39,22,117.4,14:30:08.598915135
25,117.39,23,117.4,14:30:08.598977308
25,117.39,22,117.4,14:30:08.608113884
25,117.39,18,117.4,14:30:08.608113884
25,117.39,24,117.4,14:30:08.615211242
25,117.39,23,117.4,14:30:08.616584361
25,117.39,17,117.4,14:30:08.616820972
25,117.39,14,117.4,14:30:08.617042636
25,117.39,8,117.4,14:30:08.617042636
25,117.39,14,117.4,14:30:08.626835608
25,117.39,15,117.4,14:30:08.626835608
25,117.39,14,117.4,14:30:08.627553592
24,117.39,14,117.4,14:30:08.644282763
24,117.39,15,117.4,14:30:08.644390420
24,117.39,14,117.4,14:30:08.647880725
24,117.39,15,117.4,14:30:08.650572765
24,117.39,16,117.4,14:30:08.674025896
24,117.39,17,117.4,14:30:08.674177443
22,117.39,17,117.4,14:30:08.674301850
17,117.39,17,117.4,14:30:08.674301850
12,117.39,17,117.4,14:30:08.674509597
12,117.39,16,117.4,14:30:08.675182845
19,117.39,16,117.4,14:30:08.692221380
21,117.39,16,117.4,14:30:08.692317959
19,117.39,16,117.4,14:30:08.697111730
12,117.39,16,117.4,14:30:08.697177286
12,117.39,20,117.4,14:30:08.707946459
12,117.39,21,117.4,14:30:08.708060001
12,117.39,27,117.4,14:30:08.717691815
12,117.39,30,117.4,14:30:08.717766471
8,117.39,30,117.4,14:30:08.718083283
2,117.39,30,117.4,14:30:08.718101020
1,117.39,30,117.4,14:30:08.718101020
32,117.38,30,117.4,14:30:08.718101020
38,117.38,30,117.4,14:30:08.718261756
38,117.38,31,117.4,14:30:08.718604704
38,117.38,1,117.39,14:30:08.718604704
38,117.38,2,117.39,14:30:08.718740080
38,117.38,4,117.39,14:30:08.719008451
38,117.38,9,117.39,14:30:08.719601390
32,117.38,9,117.39,14:30:08.719768757
31,117.38,9,117.39,14:30:08.720435457
30,117.38,9,117.39,14:30:08.722482243
30,117.38,14,117.39,14:30:08.724578856
27,117.38,14,117.39,14:30:08.724801179
23,117.38,14,117.39,14:30:08.724801179
23,117.38,12,117.39,14:30:08.725212600
23,117.38,7,117.39,14:30:08.725583831
23,117.38,13,117.39,14:30:08.726625693
22,117.38,13,117.39,14:30:08.726916736
16,117.38,13,117.39,14:30:08.727849624
13,117.38,13,117.39,14:30:08.727936195
13,117.38,20,117.39,14:30:08.728152444
13,117.38,21,117.39,14:30:08.728305685
13,117.38,23,117.39,14:30:08.728305685
13,117.38,22,117.39,14:30:08.728480820
13,117.38,20,117.39,14:30:08.729651102
13,117.38,13,117.39,14:30:08.729729790
14,117.38,13,117.39,14:30:08.745798149
13,117.38,13,117.39,14:30:08.746082725
14,117.38,13,117.39,14:30:08.746989178
14,117.38,14,117.39,14:30:08.748396841
14,117.38,13,117.39,14:30:08.751783575
14,117.38,14,117.39,14:30:08.752371559
9,117.38,14,117.39,14:30:08.755952321
9,117.38,15,117.39,14:30:08.756189943
8,117.38,15,117.39,14:30:08.756446688
8,117.38,20,117.39,14:30:08.828353088
16,117.38,20,117.39,14:30:08.829349081
16,117.38,21,117.39,14:30:08.830243695
16,117.38,20,117.39,14:30:08.838265510
8,117.38,20,117.39,14:30:08.884122675
8,117.38,21,117.39,14:30:08.982578824
8,117.38,16,117.39,14:30:09.125029453
16,117.38,16,117.39,14:30:09.125029453
17,117.38,16,117.39,14:30:09.127139908
18,117.38,16,117.39,14:30:09.127211432
17,117.38,16,117.39,14:30:09.127504718
16,117.38,16,117.39,14:30:09.128221863
16,117.38,15,117.39,14:30:09.129249482
16,117.38,14,117.39,14:30:09.129433446
21,117.38,14,117.39,14:30:09.129659391
21,117.38,8,117.39,14:30:09.129903062
26,117.38,8,117.39,14:30:09.130164223
27,117.38,8,117.39,14:30:09.131718561
28,117.38,8,117.39,14:30:09.131868449
27,117.38,8,117.39,14:30:09.132404794
26,117.38,8,117.39,14:30:09.132570926
27,117.38,8,117.39,14:30:09.133359708
33,117.38,8,117.39,14:30:09.133772774
33,117.38,3,117.39,14:30:09.135253823
34,117.38,3,117.39,14:30:09.136863325
34,117.38,2,117.39,14:30:09.138331231
34,117.38,1,117.39,14:30:09.138331231
34,117.38,33,117.4,14:30:09.138331231
34,117.38,3,117.39,14:30:09.142818233
33,117.38,3,117.39,14:30:09.144111848
33,117.38,4,117.39,14:30:09.249048230
27,117.38,4,117.39,14:30:09.249310425
27,117.38,5,117.39,14:30:09.249310425
27,117.38,4,117.39,14:30:09.249541839
27,117.38,10,117.39,14:30:09.249640802
26,117.38,10,117.39,14:30:09.273226045
26,117.38,4,117.39,14:30:09.273297094
27,117.38,4,117.39,14:30:09.273423584
28,117.38,4,117.39,14:30:09.277706624
34,117.38,4,117.39,14:30:09.352562340
34,117.38,3,117.39,14:30:09.352724017
33,117.38,3,117.39,14:30:09.662249091
33,117.38,4,117.39,14:30:09.670675523
33,117.38,5,117.39,14:30:09.803548750
33,117.38,11,117.39,14:30:09.857770379
27,117.38,11,117.39,14:30:09.857948117
26,117.38,11,117.39,14:30:09.858166040
26,117.38,16,117.39,14:30:09.858471615
18,117.38,16,117.39,14:30:09.859738506
18,117.38,25,117.39,14:30:09.860274224
18,117.38,30,117.39,14:30:09.874419611
19,117.38,30,117.39,14:30:10.085554453
19,117.38,25,117.39,14:30:10.106005746
19,117.38,20,117.39,14:30:10.106180287
19,117.38,11,117.39,14:30:10.106244412
27,117.38,11,117.39,14:30:10.106699122
27,117.38,5,117.39,14:30:10.107108928
33,117.38,5,117.39,14:30:10.430605215
34,117.38,5,117.39,14:30:10.430671442
33,117.38,5,117.39,14:30:10.430963109
33,117.38,4,117.39,14:30:10.674853957
33,117.38,5,117.39,14:30:10.682997561
33,117.38,10,117.39,14:30:10.686960370
27,117.38,10,117.39,14:30:10.687117855
27,117.38,5,117.39,14:30:10.700813415
28,117.38,5,117.39,14:30:10.705195294
28,117.38,4,117.39,14:30:10.705346797
27,117.38,4,117.39,14:30:10.720055010
33,117.38,4,117.39,14:30:10.794484882
34,117.38,4,117.39,14:30:10.989291536
34,117.38,3,117.39,14:30:10.990294142
34,117.38,2,117.39,14:30:10.990294142
34,117.38,1,117.39,14:30:10.990603096
34,117.38,32,117.4,14:30:10.990603096
1,117.39,32,117.4,14:30:10.990785166
2,117.39,32,117.4,14:30:10.990785166
1,117.39,32,117.4,14:30:10.991156478
34,117.38,32,117.4,14:30:10.991456139
33,117.38,32,117.4,14:30:11.014957820
34,117.38,32,117.4,14:30:11.065258920
34,117.38,1,117.39,14:30:11.094353956
34,117.38,32,117.4,14:30:11.209485523
1,117.39,32,117.4,14:30:11.209549466
36,117.38,32,117.4,14:30:11.210213629
36,117.38,38,117.4,14:30:11.490323514
36,117.38,34,117.4,14:30:11.981769562
36,117.38,33,117.4,14:30:11.981769562
36,117.38,32,117.4,14:30:11.993899886
1,117.39,32,117.4,14:30:11.994082301
2,117.39,32,117.4,14:30:11.994280053
3,117.39,32,117.4,14:30:11.994365265
3,117.39,31,117.4,14:30:11.995216615
11,117.39,31,117.4,14:30:11.995913836
11,117.39,28,117.4,14:30:11.995913836
11,117.39,22,117.4,14:30:11.995975829
16,117.39,22,117.4,14:30:11.996463808
8,117.39,22,117.4,14:30:12.022738041
9,117.39,22,117.4,14:30:12.072908601
17,117.39,22,117.4,14:30:12.123214466
9,117.39,22,117.4,14:30:12.162517519
8,117.39,22,117.4,14:30:12.163134293
3,117.39,22,117.4,14:30:12.163213367
3,117.39,26,117.4,14:30:12.163289409
3,117.39,27,117.4,14:30:12.163289409
3,117.39,34,117.4,14:30:12.163363719
3,117.39,36,117.4,14:30:12.163430936
2,117.39,36,117.4,14:30:12.163549934
2,117.39,32,117.4,14:30:12.171825554
2,117.39,25,117.4,14:30:12.171909499
2,117.39,24,117.4,14:30:12.171909499
2,117.39,22,117.4,14:30:12.171909499
3,117.39,22,117.4,14:30:12.171973541
8,117.39,22,117.4,14:30:12.172046466
7,117.39,22,117.4,14:30:12.173433745
12,117.39,22,117.4,14:30:12.266353662
20,117.39,22,117.4,14:30:12.267644474
20,117.39,21,117.4,14:30:12.268446073
12,117.39,21,117.4,14:30:12.269115374
7,117.39,21,117.4,14:30:12.269483727
8,117.39,21,117.4,14:30:12.276310805
14,117.39,21,117.4,14:30:12.276310805
19,117.39,21,117.4,14:30:12.376658439
27,117.39,21,117.4,14:30:12.397623393
26,117.39,21,117.4,14:30:13.444482780
32,117.39,21,117.4,14:30:14.288230896
32,117.39,20,117.4,14:30:14.802823649
33,117.39,20,117.4,14:30:14.803015293
33,117.39,19,117.4,14:30:14.803101815
33,117.39,13,117.4,14:30:14.803172224
32,117.39,13,117.4,14:30:15.137944951
26,117.39,13,117.4,14:30:15.138813901
26,117.39,19,117.4,14:30:15.139041681
18,117.39,19,117.4,14:30:15.139186747
19,117.39,19,117.4,14:30:15.139436039
14,117.39,19,117.4,14:30:15.147036718
13,117.39,19,117.4,14:30:15.147036718
13,117.39,26,117.4,14:30:15.147110088
8,117.39,26,117.4,14:30:15.147223224
8,117.39,28,117.4,14:30:15.147385897
8,117.39,32,117.4,14:30:15.147385897
8,117.39,33,117.4,14:30:15.147404764
8,117.39,34,117.4,14:30:15.155217074
2,117.39,34,117.4,14:30:15.155293198
2,117.39,35,117.4,14:30:15.155620673
2,117.39,34,117.4,14:30:15.159965520
2,117.39,35,117.4,14:30:15.733169670
2,117.39,34,117.4,14:30:16.498023138
2,117.39,32,117.4,14:30:16.498253489
2,117.39,25,117.4,14:30:16.498253489
2,117.39,24,117.4,14:30:16.498322728
2,117.39,20,117.4,14:30:16.498322728
3,117.39,20,117.4,14:30:16.498399669
4,117.39,20,117.4,14:30:16.498475086
9,117.39,20,117.4,14:30:16.498546452
15,117.39,20,117.4,14:30:16.498655585
24,117.39,20,117.4,14:30:16.498736324
24,117.39,21,117.4,14:30:16.498736324
29,117.39,21,117.4,14:30:16.498736324
29,117.39,20,117.4,14:30:16.499430561
29,117.39,21,117.4,14:30:17.086545678
28,117.39,21,117.4,14:30:17.086604047
28,117.39,22,117.4,14:30:17.086749445
19,117.39,22,117.4,14:30:17.086854603
19,117.39,21,117.4,14:30:17.087216261
28,117.39,21,117.4,14:30:17.229493500
28,117.39,20,117.4,14:30:17.229657475
28,117.39,21,117.4,14:30:18.167600886
19,117.39,21,117.4,14:30:18.171321150
14,117.39,21,117.4,14:30:18.171448231
9,117.39,21,117.4,14:30:18.171722158
9,117.39,26,117.4,14:30:18.171722158
8,117.39,26,117.4,14:30:18.171821697
8,117.39,34,117.4,14:30:18.172126829
2,117.39,34,117.4,14:30:18.172305751
3,117.39,34,117.4,14:30:18.176663497
3,117.39,33,117.4,14:30:18.176834061
2,117.39,33,117.4,14:30:18.178361836
3,117.39,33,117.4,14:30:18.178605714
2,117.39,33,117.4,14:30:18.178848244
3,117.39,33,117.4,14:30:18.179218754
3,117.39,34,117.4,14:30:18.179352984
2,117.39,34,117.4,14:30:18.179496353
2,117.39,33,117.4,14:30:18.179585860
3,117.39,33,117.4,14:30:18.179823341
3,117.39,34,117.4,14:30:18.179969214
3,117.39,29,117.4,14:30:18.180049956
2,117.39,29,117.4,14:30:18.180049956
8,117.39,29,117.4,14:30:18.180539180
8,117.39,28,117.4,14:30:18.180643222
9,117.39,28,117.4,14:30:18.180719949
9,117.39,20,117.4,14:30:18.180791501
8,117.39,20,117.4,14:30:18.180856935
9,117.39,20,117.4,14:30:18.182095395
8,117.39,20,117.4,14:30:18.182349003
8,117.39,21,117.4,14:30:18.182454466
8,117.39,20,117.4,14:30:18.182958453
9,117.39,20,117.4,14:30:18.183114020
8,117.39,20,117.4,14:30:18.245530317
13,117.39,20,117.4,14:30:18.272580402
14,117.39,20,117.4,14:30:18.272744002
13,117.39,20,117.4,14:30:18.285392344
14,117.39,20,117.4,14:30:18.339261977
23,117.39,20,117.4,14:30:18.370147317
14,117.39,20,117.4,14:30:18.398607650
13,117.39,20,117.4,14:30:18.398755299
13,117.39,25,117.4,14:30:18.666804501
13,117.39,26,117.4,14:30:18.666804501
13,117.39,34,117.4,14:30:18.666869912
8,117.39,34,117.4,14:30:18.666869912
8,117.39,33,117.4,14:30:18.667087886
2,117.39,33,117.4,14:30:18.667330168
2,117.39,34,117.4,14:30:18.667555560
3,117.39,34,117.4,14:30:18.667716903
6,117.39,34,117.4,14:30:18.667957774
5,117.39,34,117.4,14:30:18.668034145
5,117.39,33,117.4,14:30:18.668123120
5,117.39,28,117.4,14:30:19.006215766
6,117.39,28,117.4,14:30:19.006492380
7,117.39,28,117.4,14:30:19.007200696
12,117.39,28,117.4,14:30:19.007200696
17,117.39,28,117.4,14:30:19.007200696
17,117.39,20,117.4,14:30:19.007200696
26,117.39,20,117.4,14:30:19.007681368
25,117.39,20,117.4,14:30:19.590179537
31,117.39,20,117.4,14:30:19.690109492
31,117.39,14,117.4,14:30:19.692696109
35,117.39,14,117.4,14:30:19.692855565
37,117.39,14,117.4,14:30:19.692954954
32,117.39,14,117.4,14:30:20.399154369
32,117.39,15,117.4,14:30:20.413893726
30,117.39,15,117.4,14:30:20.413893726
26,117.39,15,117.4,14:30:20.413893726
26,117.39,21,117.4,14:30:20.414101772
26,117.39,20,117.4,14:30:20.426387100
26,117.39,14,117.4,14:30:21.867792435
30,117.39,14,117.4,14:30:21.868624351
32,117.39,14,117.4,14:30:21.868734949
30,117.39,14,117.4,14:30:22.005955970
26,117.39,14,117.4,14:30:22.006146421
26,117.39,15,117.4,14:30:22.006167850
26,117.39,21,117.4,14:30:22.006167850
17,117.39,21,117.4,14:30:22.006386632
17,117.39,20,117.4,14:30:22.009099922
22,117.39,20,117.4,14:30:22.106880506
26,117.39,20,117.4,14:30:22.106943783
30,117.39,20,117.4,14:30:22.120080643
32,117.39,20,117.4,14:30:22.120183628
32,117.39,14,117.4,14:30:22.125092894
30,117.39,14,117.4,14:30:22.243286333
26,117.39,14,117.4,14:30:22.243356112
30,117.39,14,117.4,14:30:22.608050128
32,117.39,14,117.4,14:30:22.608179859
32,117.39,13,117.4,14:30:22.608261741
33,117.39,13,117.4,14:30:23.602064689
31,117.39,13,117.4,14:30:24.008010674
27,117.39,13,117.4,14:30:24.008081246
27,117.39,14,117.4,14:30:24.008192667
23,117.39,14,117.4,14:30:24.009457886
18,117.39,14,117.4,14:30:24.009457886
18,117.39,23,117.4,14:30:24.010816672
18,117.39,29,117.4,14:30:24.011417473
18,117.39,34,117.4,14:30:24.011766290
12,117.39,34,117.4,14:30:24.011799468
7,117.39,34,117.4,14:30:24.012089250
6,117.39,34,117.4,14:30:24.012372632
6,117.39,35,117.4,14:30:24.012372632
6,117.39,30,117.4,14:30:24.062303461
7,117.39,30,117.4,14:30:24.065717699
6,117.39,30,117.4,14:30:24.065926633
7,117.39,30,117.4,14:30:24.066116530
13,117.39,30,117.4,14:30:24.067080152
13,117.39,21,117.4,14:30:24.067080152
18,117.39,21,117.4,14:30:24.067241330
18,117.39,20,117.4,14:30:24.067241330
18,117.39,21,117.4,14:30:24.068392909
13,117.39,21,117.4,14:30:24.068493623
12,117.39,21,117.4,14:30:24.069378605
12,117.39,20,117.4,14:30:24.070229686
13,117.39,20,117.4,14:30:24.070425606
12,117.39,20,117.4,14:30:24.070523938
13,117.39,20,117.4,14:30:24.070828405
12,117.39,20,117.4,14:30:24.071621989
13,117.39,20,117.4,14:30:24.071838593
12,117.39,20,117.4,14:30:24.072063524
12,117.39,21,117.4,14:30:24.072723703
12,117.39,20,117.4,14:30:24.073912387
13,117.39,20,117.4,14:30:24.074821400
12,117.39,20,117.4,14:30:24.074967086
21,117.39,20,117.4,14:30:24.112555026
26,117.39,20,117.4,14:30:24.112624296
17,117.39,20,117.4,14:30:24.506139006
17,117.39,21,117.4,14:30:24.506307991
17,117.39,20,117.4,14:30:24.564618732
17,117.39,21,117.4,14:30:24.713879017
26,117.39,21,117.4,14:30:24.722862021
26,117.39,20,117.4,14:30:24.723012236
25,117.39,20,117.4,14:30:25.744647436
24,117.39,20,117.4,14:30:25.744759071
21,117.39,20,117.4,14:30:25.744782866
20,117.39,20,117.4,14:30:25.744782866
14,117.39,20,117.4,14:30:25.744782866
11,117.39,20,117.4,14:30:25.744782866
9,117.39,20,117.4,14:30:25.744897212
9,117.39,21,117.4,14:30:25.744981062
9,117.39,22,117.4,14:30:25.745079049
9,117.39,31,117.4,14:30:25.745237245
36,117.38,31,117.4,14:30:25.745237245
36,117.38,36,117.4,14:30:25.745366636
39,117.38,36,117.4,14:30:25.745499985
1,117.39,36,117.4,14:30:25.757818499
2,117.39,36,117.4,14:30:25.789883057
3,117.39,36,117.4,14:30:25.790049595
3,117.39,27,117.4,14:30:26.048150298
9,117.39,27,117.4,14:30:26.192525733
12,117.39,27,117.4,14:30:26.192707137
12,117.39,22,117.4,14:30:26.192722590
13,117.39,22,117.4,14:30:26.192722590
13,117.39,21,117.4,14:30:26.192817259
13,117.39,20,117.4,14:30:26.192817259
14,117.39,20,117.4,14:30:26.192962640
13,117.39,20,117.4,14:30:26.192962640
17,117.39,20,117.4,14:30:26.193182257
18,117.39,20,117.4,14:30:26.193256641
18,117.39,21,117.4,14:30:26.230597352
18,117.39,20,117.4,14:30:26.231519016
18,117.39,21,117.4,14:30:28.886393527
14,117.39,21,117.4,14:30:28.898367051
13,117.39,21,117.4,14:30:28.898436663
14,117.39,21,117.4,14:30:28.935520517
14,117.39,20,117.4,14:30:28.935648718
19,117.39,20,117.4,14:30:29.006302044
19,117.39,21,117.4,14:30:29.241963025
14,117.39,21,117.4,14:30:29.352904004
14,117.39,22,117.4,14:30:29.356201448
14,117.39,21,117.4,14:30:29.356488626
19,117.39,21,117.4,14:30:29.605159685
19,117.39,22,117.4,14:30:29.803533116
19,117.39,23,117.4,14:30:30.232234032
19,117.39,22,117.4,14:30:30.232533914
14,117.39,22,117.4,14:30:30.232834648
18,117.39,22,117.4,14:30:30.371986896
19,117.39,22,117.4,14:30:30.372096736
19,117.39,23,117.4,14:30:30.709508503
18,117.39,23,117.4,14:30:31.922217510
17,117.39,23,117.4,14:30:31.922344191
16,117.39,23,117.4,14:30:31.922374783
10,117.39,23,117.4,14:30:31.922374783
7,117.39,23,117.4,14:30:31.922374783
6,117.39,23,117.4,14:30:31.922374783
5,117.39,23,117.4,14:30:31.922374783
4,117.39,23,117.4,14:30:31.922374783
1,117.39,23,117.4,14:30:31.922505228
1,117.39,24,117.4,14:30:31.922600497
40,117.38,24,117.4,14:30:31.922622434
40,117.38,30,117.4,14:30:31.922701522
40,117.38,33,117.4,14:30:31.922701522
2,117.39,33,117.4,14:30:32.021810890
4,117.39,33,117.4,14:30:32.021984305
5,117.39,33,117.4,14:30:32.022227757
3,117.39,33,117.4,14:30:32.029924241
1,117.39,33,117.4,14:30:32.029940957
40,117.38,33,117.4,14:30:32.029940957
38,117.38,33,117.4,14:30:32.029940957
38,117.38,1,117.39,14:30:32.030227107
38,117.38,7,117.39,14:30:32.087507486
37,117.38,7,117.39,14:30:32.087756632
37,117.38,12,117.39,14:30:32.375766473
37,117.38,18,117.39,14:30:32.376113597
31,117.38,18,117.39,14:30:32.376400466
30,117.38,18,117.39,14:30:32.902924690
30,117.38,17,117.39,14:30:33.549318020
30,117.38,11,117.39,14:30:33.549318020
30,117.38,6,117.39,14:30:33.549318020
30,117.38,27,117.4,14:30:33.549318020
31,117.38,27,117.4,14:30:33.549539772
33,117.38,27,117.4,14:30:33.549689382
33,117.38,31,117.4,14:30:33.549987373
39,117.38,31,117.4,14:30:33.550004035
39,117.38,32,117.4,14:30:33.550004035
40,117.38,32,117.4,14:30:33.550004035
1,117.39,32,117.4,14:30:33.550111043
40,117.38,32,117.4,14:30:33.736094558
40,117.38,33,117.4,14:30:34.222915012
40,117.38,5,117.39,14:30:35.693292209
40,117.38,6,117.39,14:30:35.693485504
39,117.38,6,117.39,14:30:35.693679808
40,117.38,6,117.39,14:30:35.913988720
40,117.38,1,117.39,14:30:35.914145044
40,117.38,33,117.4,14:30:35.914212512
40,117.38,32,117.4,14:30:35.979376988
39,117.38,32,117.4,14:30:40.227257885
38,117.38,32,117.4,14:30:40.227431632
39,117.38,32,117.4,14:30:40.231057643
40,117.38,32,117.4,14:30:40.231206177
40,117.38,33,117.4,14:30:41.753448239
39,117.38,33,117.4,14:30:43.983834476
39,117.38,1,117.39,14:30:43.983918220
33,117.38,1,117.39,14:30:43.983986580
33,117.38,7,117.39,14:30:43.984066711
33,117.38,8,117.39,14:30:43.984385550
33,117.38,7,117.39,14:30:43.984841211
33,117.38,6,117.39,14:30:43.989255579
34,117.38,6,117.39,14:30:43.991508342
34,117.38,33,117.4,14:30:43.991578422
38,117.38,33,117.4,14:30:43.992039396
40,117.38,33,117.4,14:30:43.992039396
40,117.38,32,117.4,14:30:44.005029090
1,117.39,32,117.4,14:30:44.039073560
1,117.39,33,117.4,14:30:44.055294926
1,117.39,34,117.4,14:30:44.109451531
1,117.39,33,117.4,14:30:44.997220603
2,117.39,33,117.4,14:30:44.999834634
3,117.39,33,117.4,14:30:45.005696054
2,117.39,33,117.4,14:30:45.006089001
3,117.39,33,117.4,14:30:45.006285634
8,117.39,33,117.4,14:30:45.006446593
8,117.39,32,117.4,14:30:45.010397468
13,117.39,32,117.4,14:30:45.011092866
17,117.39,32,117.4,14:30:45.011304715
17,117.39,31,117.4,14:30:45.011304715
17,117.39,27,117.4,14:30:45.011320625
17,117.39,24,117.4,14:30:45.011320625
17,117.39,18,117.4,14:30:45.011389573
23,117.39,18,117.4,14:30:45.011617387
26,117.39,18,117.4,14:30:45.011858180
28,117.39,18,117.4,14:30:45.012017335
29,117.39,18,117.4,14:30:45.032418326
29,117.39,12,117.4,14:30:45.033226539
33,117.39,12,117.4,14:30:45.033289261
35,117.39,12,117.4,14:30:45.033354310
35,117.39,11,117.4,14:30:45.033626502
35,117.39,10,117.4,14:30:45.037790973
35,117.39,5,117.4,14:30:45.044681883
34,117.39,5,117.4,14:30:45.047784143
35,117.39,5,117.4,14:30:45.049953063
35,117.39,4,117.4,14:30:45.057993560
35,117.39,3,117.4,14:30:45.058205729
35,117.39,2,117.4,14:30:45.058529702
35,117.39,1,117.4,14:30:45.058529702
35,117.39,32,117.41,14:30:45.058529702
1,117.4,32,117.41,14:30:45.058898484
2,117.4,32,117.41,14:30:45.084964730
1,117.4,32,117.41,14:30:45.089542030
2,117.4,32,117.41,14:30:45.112742462
1,117.4,32,117.41,14:30:45.128700156
1,117.4,33,117.41,14:30:45.134745693
37,117.39,33,117.41,14:30:46.089715448
40,117.39,33,117.41,14:30:46.089964150
1,117.4,33,117.41,14:30:52.539208898
2,117.4,33,117.41,14:30:52.539585768
1,117.4,33,117.41,14:30:52.541785007
4,117.4,33,117.41,14:30:52.542042601
3,117.4,33,117.41,14:30:52.542064448
4,117.4,33,117.41,14:30:52.542300172
10,117.4,33,117.41,14:30:52.542594035
11,117.4,33,117.41,14:30:52.542820742
11,117.4,28,117.41,14:30:52.543256667
16,117.4,28,117.41,14:30:52.543256667
20,117.4,28,117.41,14:30:52.543409561
23,117.4,28,117.41,14:30:52.546123138
25,117.4,28,117.41,14:30:52.546207592
22,117.4,28,117.41,14:30:52.547794114
20,117.4,28,117.41,14:30:52.547794114
15,117.4,28,117.41,14:30:52.548859424
11,117.4,28,117.41,14:30:52.548936849
5,117.4,28,117.41,14:30:52.549713111
6,117.4,28,117.41,14:30:52.552486680
5,117.4,28,117.41,14:30:52.552681569
11,117.4,28,117.41,14:30:52.553073288
11,117.4,27,117.41,14:30:52.554587962
11,117.4,19,117.41,14:30:52.557372536
12,117.4,19,117.41,14:30:52.557524641
17,117.4,19,117.41,14:30:52.557599300
17,117.4,13,117.41,14:30:52.558623577
18,117.4,13,117.41,14:30:52.572544232
18,117.4,12,117.41,14:30:52.573099631
17,117.4,12,117.41,14:30:52.615984382
17,117.4,13,117.41,14:30:52.626010304
17,117.4,19,117.41,14:30:52.626010304
12,117.4,19,117.41,14:30:52.626181632
17,117.4,19,117.41,14:30:52.649590331
21,117.4,19,117.41,14:30:52.649665787
21,117.4,18,117.41,14:30:52.651131863
21,117.4,12,117.41,14:30:52.657673628
24,117.4,12,117.41,14:30:52.657913394
26,117.4,12,117.41,14:30:52.657988117
27,117.4,12,117.41,14:30:52.680979126
26,117.4,12,117.41,14:30:52.713184305
27,117.4,12,117.41,14:30:52.733863300
32,117.4,12,117.41,14:30:52.758743631
32,117.4,7,117.41,14:30:52.759077554
32,117.4,6,117.41,14:30:52.759077554
32,117.4,11,117.41,14:30:52.780274341
27,117.4,11,117.41,14:30:52.780336223
27,117.4,10,117.41,14:30:52.803593767
32,117.4,10,117.41,14:30:52.803860023
32,117.4,5,117.41,14:30:52.804013255
27,117.4,5,117.41,14:30:52.900550180
27,117.4,10,117.41,14:30:52.900716641
26,117.4,10,117.41,14:30:52.902721550
27,117.4,10,117.41,14:30:52.924095221
27,117.4,11,117.41,14:30:53.812369393
27,117.4,10,117.41,14:30:53.815789146
27,117.4,11,117.41,14:30:53.945370578
27,117.4,12,117.41,14:30:53.945742437
23,117.4,12,117.41,14:30:53.945742437
20,117.4,12,117.41,14:30:53.945839962
20,117.4,19,117.41,14:30:53.945839962
20,117.4,21,117.41,14:30:53.945856952
18,117.4,21,117.41,14:30:53.945856952
13,117.4,21,117.41,14:30:53.945856952
13,117.4,27,117.41,14:30:53.945856952
13,117.4,26,117.41,14:30:53.945856952
13,117.4,27,117.41,14:30:53.945915677
13,117.4,26,117.41,14:30:53.946612612
12,117.4,26,117.41,14:30:53.956922536
12,117.4,19,117.41,14:30:53.985500189
12,117.4,17,117.41,14:30:53.985545376
12,117.4,16,117.41,14:30:53.985662189
13,117.4,16,117.41,14:30:53.985766995
12,117.4,16,117.41,14:30:53.988715069
13,117.4,16,117.41,14:30:53.992352071
19,117.4,16,117.41,14:30:54.047123927
22,117.4,16,117.41,14:30:54.047191831
19,117.4,16,117.41,14:30:54.137586095
13,117.4,16,117.41,14:30:54.137586095
13,117.4,23,117.41,14:30:54.137896773
13,117.4,25,117.41,14:30:54.138004178
12,117.4,25,117.41,14:30:54.145203673
12,117.4,26,117.41,14:30:54.691273506
12,117.4,25,117.41,14:30:54.741742703
12,117.4,26,117.41,14:30:54.837381154
12,117.4,27,117.41,14:30:55.845502034
6,117.4,27,117.41,14:30:55.845908219
6,117.4,32,117.41,14:30:55.846111166
6,117.4,33,117.41,14:30:55.846111166
6,117.4,34,117.41,14:30:55.846180859
3,117.4,34,117.41,14:30:55.846331707
2,117.4,34,117.41,14:30:55.846406948
1,117.4,34,117.41,14:30:55.904994935
1,117.4,33,117.41,14:30:55.985397977
1,117.4,40,117.41,14:30:55.994232223
1,117.4,39,117.41,14:30:56.039878770
2,117.4,39,117.41,14:30:56.040063455
1,117.4,39,117.41,14:30:56.065479986
40,117.39,39,117.41,14:30:56.065648984
40,117.39,42,117.41,14:30:56.124404982
1,117.4,42,117.41,14:30:56.138296102
40,117.39,42,117.41,14:30:56.238984824
40,117.39,43,117.41,14:30:56.239053218
40,117.39,42,117.41,14:30:56.239271755
40,117.39,43,117.41,14:30:56.871915079
40,117.39,6,117.4,14:30:56.874532754
40,117.39,7,117.4,14:30:56.874601387
40,117.39,8,117.4,14:30:56.874799530
40,117.39,9,117.4,14:30:56.874974126
40,117.39,8,117.4,14:30:56.875333044
40,117.39,14,117.4,14:30:56.876097661
40,117.39,13,117.4,14:30:56.876097661
40,117.39,16,117.4,14:30:56.876099079
38,117.39,16,117.4,14:30:56.876672131
34,117.39,16,117.4,14:30:56.876695571
34,117.39,13,117.4,14:30:56.878508162
34,117.39,7,117.4,14:30:56.878508162
34,117.39,6,117.4,14:30:56.878743179
34,117.39,7,117.4,14:30:56.879539607
34,117.39,8,117.4,14:30:56.879765722
34,117.39,9,117.4,14:30:56.879840708
34,117.39,14,117.4,14:30:56.880905637
34,117.39,15,117.4,14:30:56.881156061
30,117.39,15,117.4,14:30:56.881615142
25,117.39,15,117.4,14:30:56.881698312
19,117.39,15,117.4,14:30:56.886065582
19,117.39,16,117.4,14:30:56.886501170
19,117.39,20,117.4,14:30:56.886774898
19,117.39,21,117.4,14:30:56.886946218
18,117.39,21,117.4,14:30:56.887829526
15,117.39,21,117.4,14:30:56.889788367
13,117.39,21,117.4,14:30:56.889788367
11,117.39,21,117.4,14:30:56.889788367
10,117.39,21,117.4,14:30:56.890434504
8,117.39,21,117.4,14:30:56.893907685
8,117.39,24,117.4,14:30:56.897653670
7,117.39,24,117.4,14:30:56.939481100
7,117.39,30,117.4,14:30:56.978917557
7,117.39,33,117.4,14:30:56.979064927
2,117.39,33,117.4,14:30:57.013259038
1,117.39,33,117.4,14:30:57.018220702
2,117.39,33,117.4,14:30:57.938806829
7,117.39,33,117.4,14:30:57.939067586
8,117.39,33,117.4,14:30:57.939208166
7,117.39,33,117.4,14:30:57.939208166
6,117.39,33,117.4,14:30:58.155661904
5,117.39,33,117.4,14:30:58.177050896
38,117.38,33,117.4,14:30:58.177150812
6,117.39,33,117.4,14:30:58.943900556
6,117.39,32,117.4,14:30:58.944501995
6,117.39,28,117.4,14:30:58.944501995
14,117.39,28,117.4,14:30:58.944501995
14,117.39,25,117.4,14:30:58.944564462
14,117.39,19,117.4,14:30:58.944564462
15,117.39,19,117.4,14:30:58.944832915
14,117.39,19,117.4,14:30:58.944947249
15,117.39,19,117.4,14:30:58.945773223
7,117.39,19,117.4,14:30:59.640956121
6,117.39,19,117.4,14:30:59.641173763
6,117.39,24,117.4,14:30:59.641819762
6,117.39,33,117.4,14:30:59.641891017
39,117.38,33,117.4,14:30:59.642318311
38,117.38,33,117.4,14:30:59.643766886
38,117.38,35,117.4,14:30:59.839040812
6,117.39,35,117.4,14:31:00.095551729
10,117.39,35,117.4,14:31:00.095551729
11,117.39,35,117.4,14:31:00.095551729
11,117.39,26,117.4,14:31:00.095607195
11,117.39,21,117.4,14:31:00.095607195
14,117.39,21,117.4,14:31:00.095661250
19,117.39,21,117.4,14:31:00.095833463
23,117.39,21,117.4,14:31:00.095833463
23,117.39,20,117.4,14:31:00.095915445
25,117.39,20,117.4,14:31:00.095915445
26,117.39,20,117.4,14:31:00.096011159
27,117.39,20,117.4,14:31:00.096117050
27,117.39,19,117.4,14:31:00.096117050
26,117.39,19,117.4,14:31:00.096523549
26,117.39,20,117.4,14:31:00.096647492
26,117.39,19,117.4,14:31:00.097324438
23,117.39,19,117.4,14:31:00.097407719
19,117.39,19,117.4,14:31:00.097407719
19,117.39,20,117.4,14:31:00.098313302
18,117.39,20,117.4,14:31:00.098883727
14,117.39,20,117.4,14:31:00.099190979
9,117.39,20,117.4,14:31:00.099190979
9,117.39,19,117.4,14:31:00.100002181
14,117.39,19,117.4,14:31:00.100250507
9,117.39,19,117.4,14:31:00.101884273
8,117.39,19,117.4,14:31:00.102613443
6,117.39,19,117.4,14:31:00.102685965
6,117.39,20,117.4,14:31:00.103477023
6,117.39,19,117.4,14:31:00.103688566
7,117.39,19,117.4,14:31:00.103996120
8,117.39,19,117.4,14:31:00.105252817
7,117.39,19,117.4,14:31:00.106081376
8,117.39,19,117.4,14:31:00.106460263
8,117.39,18,117.4,14:31:00.106743008
8,117.39,19,117.4,14:31:00.107166429
8,117.39,18,117.4,14:31:00.107369312
8,117.39,19,117.4,14:31:00.107858135
7,117.39,19,117.4,14:31:00.107938956
8,117.39,19,117.4,14:31:00.108394958
8,117.39,18,117.4,14:31:00.108415244
7,117.39,18,117.4,14:31:00.108501839
7,117.39,19,117.4,14:31:00.108935246
6,117.39,19,117.4,14:31:00.109253681
7,117.39,19,117.4,14:31:00.110627456
6,117.39,19,117.4,14:31:00.111176851
7,117.39,19,117.4,14:31:00.111374354
6,117.39,19,117.4,14:31:00.112540754
7,117.39,19,117.4,14:31:00.113311963
8,117.39,19,117.4,14:31:00.120624902
8,117.39,18,117.4,14:31:00.120774850
2,117.39,18,117.4,14:31:00.143255112
1,117.39,18,117.4,14:31:00.143323246
39,117.38,18,117.4,14:31:00.143340965
39,117.38,2,117.39,14:31:00.143340965
39,117.38,28,117.4,14:31:00.144014500
39,117.38,29,117.4,14:31:00.144413476
20,117.39,29,117.4,14:31:00.144505086
22,117.39,29,117.4,14:31:00.144853021
23,117.39,29,117.4,14:31:00.144959622
23,117.39,28,117.4,14:31:00.145198390
23,117.39,19,117.4,14:31:00.145919574
24,117.39,19,117.4,14:31:00.146052377
23,117.39,19,117.4,14:31:00.146484635
23,117.39,16,117.4,14:31:00.177405346
23,117.39,19,117.4,14:31:00.227798492
23,117.39,18,117.4,14:31:00.608679189
23,117.39,19,117.4,14:31:00.646508677
23,117.39,25,117.4,14:31:00.647610532
28,117.39,25,117.4,14:31:00.925558792
32,117.39,25,117.4,14:31:00.925660411
32,117.39,24,117.4,14:31:00.925766904
33,117.39,24,117.4,14:31:00.925893224
32,117.39,24,117.4,14:31:00.926135027
36,117.39,24,117.4,14:31:00.928031446
38,117.39,24,117.4,14:31:00.928113903
36,117.39,24,117.4,14:31:00.933773384
32,117.39,24,117.4,14:31:00.933840020
32,117.39,31,117.4,14:31:01.008957795
32,117.39,41,117.4,14:31:01.162635843
33,117.39,41,117.4,14:31:01.358231384
37,117.39,41,117.4,14:31:01.358231384
37,117.39,40,117.4,14:31:01.358305496
39,117.39,40,117.4,14:31:01.358368709
39,117.39,39,117.4,14:31:01.358486431
39,117.39,34,117.4,14:31:01.358877163
39,117.39,28,117.4,14:31:01.359228331
45,117.39,28,117.4,14:31:01.359392641
59,117.39,28,117.4,14:31:01.359695619
60,117.39,28,117.4,14:31:01.362291273
59,117.39,28,117.4,14:31:01.362525730
60,117.39,28,117.4,14:31:01.364454957
60,117.39,26,117.4,14:31:01.365029283
60,117.39,23,117.4,14:31:01.365029283
60,117.39,19,117.4,14:31:01.365029283
60,117.39,17,117.4,14:31:01.365216060
60,117.39,16,117.4,14:31:01.365216060
60,117.39,10,117.4,14:31:01.365216060
60,117.39,32,117.41,14:31:01.365216060
60,117.39,27,117.41,14:31:01.365216060
9,117.4,27,117.41,14:31:01.365235651
9,117.4,20,117.41,14:31:01.365235651
11,117.4,20,117.41,14:31:01.365796831
12,117.4,20,117.41,14:31:01.365796831
12,117.4,19,117.41,14:31:01.365878428
10,117.4,19,117.41,14:31:01.366296770
9,117.4,19,117.41,14:31:01.366296770
12,117.4,19,117.41,14:31:01.366296770
12,117.4,20,117.41,14:31:01.366350604
3,117.4,20,117.41,14:31:01.366753003
3,117.4,21,117.41,14:31:01.366753003
3,117.4,27,117.41,14:31:01.367833005
3,117.4,30,117.41,14:31:01.368021185
3,117.4,35,117.41,14:31:01.388786533
2,117.4,35,117.41,14:31:01.576293954
1,117.4,35,117.41,14:31:01.576567916
53,117.39,35,117.41,14:31:01.576716435
53,117.39,1,117.4,14:31:01.576759081
53,117.39,2,117.4,14:31:01.577085413
53,117.39,3,117.4,14:31:01.577085413
53,117.39,2,117.4,14:31:01.577193793
53,117.39,1,117.4,14:31:01.577601826
53,117.39,35,117.41,14:31:01.577601826
53,117.39,30,117.41,14:31:01.673166880
6,117.4,30,117.41,14:31:01.677328490
7,117.4,30,117.41,14:31:01.677526039
7,117.4,29,117.41,14:31:01.677611859
10,117.4,29,117.41,14:31:01.677611859
10,117.4,30,117.41,14:31:01.679996379
9,117.4,30,117.41,14:31:01.680251131
9,117.4,29,117.41,14:31:01.680640289
8,117.4,29,117.41,14:31:01.791406893
8,117.4,30,117.41,14:31:01.791620112
3,117.4,30,117.41,14:31:01.791693335
53,117.39,30,117.41,14:31:01.791761424
53,117.39,31,117.41,14:31:01.818283935
53,117.39,30,117.41,14:31:01.945271726
53,117.39,31,117.41,14:31:01.945587279
53,117.39,35,117.41,14:31:02.674315452
53,117.39,37,117.41,14:31:02.674477126
52,117.39,37,117.41,14:31:02.696811080
52,117.39,1,117.4,14:31:02.697385700
52,117.39,6,117.4,14:31:02.697413153
52,117.39,12,117.4,14:31:02.698213877
52,117.39,13,117.4,14:31:02.727177272
52,117.39,8,117.4,14:31:03.178551598
52,117.39,7,117.4,14:31:04.188224749
52,117.39,1,117.4,14:31:04.188224749
52,117.39,36,117.41,14:31:04.188295598
53,117.39,36,117.41,14:31:04.188357922
58,117.39,36,117.41,14:31:04.188686491
1,117.4,36,117.41,14:31:04.188703992
2,117.4,36,117.41,14:31:04.188703992
5,117.4,36,117.41,14:31:04.189185696
5,117.4,34,117.41,14:31:04.189185696
5,117.4,30,117.41,14:31:04.189185696
4,117.4,30,117.41,14:31:04.192154757
1,117.4,30,117.41,14:31:04.192700839
7,117.4,30,117.41,14:31:04.196842171
8,117.4,30,117.41,14:31:04.197051779
8,117.4,27,117.41,14:31:04.197197678
8,117.4,21,117.41,14:31:04.197274909
15,117.4,21,117.41,14:31:04.197274909
17,117.4,21,117.41,14:31:04.197345447
17,117.4,20,117.41,14:31:04.197504557
17,117.4,21,117.41,14:31:04.198600093
17,117.4,20,117.41,14:31:04.198826060
17,117.4,21,117.41,14:31:04.204835557
17,117.4,20,117.41,14:31:04.206074631
17,117.4,19,117.41,14:31:04.207152509
17,117.4,18,117.41,14:31:04.207152509
21,117.4,18,117.41,14:31:04.237807434
22,117.4,18,117.41,14:31:04.237860077
25,117.4,18,117.41,14:31:04.297078094
25,117.4,19,117.41,14:31:04.309057000
24,117.4,19,117.41,14:31:04.397183511
20,117.4,19,117.41,14:31:04.397260957
13,117.4,19,117.41,14:31:04.397260957
11,117.4,19,117.41,14:31:04.397327345
11,117.4,20,117.41,14:31:04.397453594
11,117.4,21,117.41,14:31:04.397740826
10,117.4,21,117.41,14:31:04.397830918
7,117.4,21,117.41,14:31:04.397913766
7,117.4,27,117.41,14:31:04.397983289
7,117.4,30,117.41,14:31:04.397983289
1,117.4,30,117.41,14:31:04.398537353
1,117.4,34,117.41,14:31:04.399797080
1,117.4,36,117.41,14:31:04.399797080
57,117.39,36,117.41,14:31:04.414336445
57,117.39,34,117.41,14:31:04.432476463
57,117.39,30,117.41,14:31:04.432476463
6,117.4,30,117.41,14:31:04.434042836
53,117.39,30,117.41,14:31:04.741994409
53,117.39,32,117.41,14:31:04.744193364
53,117.39,36,117.41,14:31:04.744193364
52,117.39,36,117.41,14:31:04.745328339
53,117.39,36,117.41,14:31:04.747248952
53,117.39,10,117.4,14:31:04.865713102
52,117.39,10,117.4,14:31:04.866222470
52,117.39,15,117.4,14:31:04.882908680
52,117.39,16,117.4,14:31:04.904837981
52,117.39,22,117.4,14:31:05.991419173
52,117.39,23,117.4,14:31:05.994926728
52,117.39,24,117.4,14:31:05.995080629
52,117.39,23,117.4,14:31:05.998220751
52,117.39,22,117.4,14:31:06.011552830
50,117.39,22,117.4,14:31:06.061086623
50,117.39,23,117.4,14:31:06.061345346
50,117.39,24,117.4,14:31:06.327045746
50,117.39,23,117.4,14:31:06.329985568
50,117.39,18,117.4,14:31:07.562580591
50,117.39,26,117.4,14:31:08.084447784
44,117.39,26,117.4,14:31:08.084793383
44,117.39,27,117.4,14:31:08.719006923
44,117.39,28,117.4,14:31:08.719185784
42,117.39,28,117.4,14:31:08.719647246
38,117.39,28,117.4,14:31:08.719730302
34,117.39,28,117.4,14:31:08.719887210
29,117.39,28,117.4,14:31:08.719887210
29,117.39,33,117.4,14:31:08.719982487
29,117.39,32,117.4,14:31:08.722332182
29,117.39,31,117.4,14:31:08.722481148
29,117.39,32,117.4,14:31:08.795542085
25,117.39,32,117.4,14:31:08.796349406
24,117.39,32,117.4,14:31:08.796349406
22,117.39,32,117.4,14:31:08.796439395
22,117.39,37,117.4,14:31:08.796457063
22,117.39,38,117.4,14:31:08.796533112
17,117.39,38,117.4,14:31:08.797543037
16,117.39,38,117.4,14:31:08.797996217
15,117.39,38,117.4,14:31:08.798974834
14,117.39,38,117.4,14:31:08.804531423
9,117.39,38,117.4,14:31:08.805276439
7,117.39,38,117.4,14:31:08.805276439
30,117.38,38,117.4,14:31:08.805276439
28,117.38,38,117.4,14:31:08.805276439
28,117.38,1,117.39,14:31:08.805553672
28,117.38,2,117.39,14:31:08.805969571
28,117.38,1,117.39,14:31:08.806334455
28,117.38,38,117.4,14:31:08.806334455
29,117.38,38,117.4,14:31:08.806475462
32,117.38,38,117.4,14:31:08.806530762
33,117.38,38,117.4,14:31:08.806655498
33,117.38,33,117.4,14:31:08.808268681
33,117.38,32,117.4,14:31:08.836865187
33,117.38,33,117.4,14:31:08.887199467
33,117.38,38,117.4,14:31:09.113888878
33,117.38,6,117.39,14:31:09.198526434
33,117.38,7,117.39,14:31:09.203142152
33,117.38,6,117.39,14:31:09.206131087
32,117.38,6,117.39,14:31:09.208214362
32,117.38,7,117.39,14:31:09.208437830
32,117.38,12,117.39,14:31:09.208779411
28,117.38,12,117.39,14:31:09.209089485
26,117.38,12,117.39,14:31:09.209089485
26,117.38,7,117.39,14:31:09.221930698
26,117.38,6,117.39,14:31:09.222183690
26,117.38,37,117.4,14:31:09.226327338
27,117.38,37,117.4,14:31:09.226327338
31,117.38,37,117.4,14:31:09.226458599
33,117.38,37,117.4,14:31:09.226705046
33,117.38,38,117.4,14:31:09.276204446
33,117.38,1,117.39,14:31:09.322988248
33,117.38,7,117.39,14:31:09.339277650
32,117.38,7,117.39,14:31:09.339504793
32,117.38,6,117.39,14:31:09.364254780
32,117.38,7,117.39,14:31:09.407208531
32,117.38,8,117.39,14:31:09.407421317
30,117.38,8,117.39,14:31:09.410044195
26,117.38,8,117.39,14:31:09.410044195
26,117.38,15,117.39,14:31:09.430965620
26,117.38,17,117.39,14:31:09.430965620
18,117.38,17,117.39,14:31:09.433304130
17,117.38,17,117.39,14:31:09.446804190
17,117.38,10,117.39,14:31:09.450941560
17,117.38,8,117.39,14:31:09.450941560
18,117.38,8,117.39,14:31:09.451328846
19,117.38,8,117.39,14:31:09.451328846
18,117.38,8,117.39,14:31:09.463148773
24,117.38,8,117.39,14:31:09.536779185
27,117.38,8,117.39,14:31:09.536846526
27,117.38,7,117.39,14:31:09.536955502
31,117.38,7,117.39,14:31:09.546157597
33,117.38,7,117.39,14:31:09.546234134
33,117.38,1,117.39,14:31:09.546463126
34,117.38,1,117.39,14:31:09.546679325
34,117.38,37,117.4,14:31:09.546781014
33,117.38,37,117.4,14:31:09.547787749
33,117.38,1,117.39,14:31:09.560578210
32,117.38,1,117.39,14:31:09.560745663
32,117.38,7,117.39,14:31:09.560891160
32,117.38,8,117.39,14:31:09.560988325
30,117.38,8,117.39,14:31:09.561398968
26,117.38,8,117.39,14:31:09.561398968
23,117.38,8,117.39,14:31:09.561657297
17,117.38,8,117.39,14:31:09.561657297
17,117.38,15,117.39,14:31:09.561678721
17,117.38,17,117.39,14:31:09.561678721
17,117.38,16,117.39,14:31:09.561978560
17,117.38,17,117.39,14:31:09.561978560
17,117.38,18,117.39,14:31:09.562076199
17,117.38,19,117.39,14:31:09.562610090
17,117.38,24,117.39,14:31:09.562858164
17,117.38,23,117.39,14:31:09.562949197
14,117.38,23,117.39,14:31:09.564916485
13,117.38,23,117.39,14:31:09.564916485
13,117.38,24,117.39,14:31:09.565129951
11,117.38,24,117.39,14:31:09.565684258
11,117.38,29,117.39,14:31:09.566389438
6,117.38,29,117.39,14:31:09.566481597
2,117.38,29,117.39,14:31:09.566570522
1,117.38,29,117.39,14:31:09.567197654
37,117.37,29,117.39,14:31:09.567226079
35,117.37,29,117.39,14:31:09.567326403
28,117.37,29,117.39,14:31:09.567326403
23,117.37,29,117.39,14:31:09.567326403
24,117.37,29,117.39,14:31:09.567936018
42,117.37,29,117.39,14:31:09.568484927
42,117.37,24,117.39,14:31:09.568992225
5,117.38,24,117.39,14:31:09.569462040
6,117.38,24,117.39,14:31:09.570008555
6,117.38,23,117.39,14:31:09.570079988
6,117.38,24,117.39,14:31:09.570326718
5,117.38,24,117.39,14:31:09.571601997
5,117.38,19,117.39,14:31:09.573235359
11,117.38,19,117.39,14:31:09.573235359
14,117.38,19,117.39,14:31:09.573932599
14,117.38,17,117.39,14:31:09.573932599
14,117.38,10,117.39,14:31:09.573932599
20,117.38,10,117.39,14:31:09.574140741
24,117.38,10,117.39,14:31:09.574855975
25,117.38,10,117.39,14:31:09.574855975
25,117.38,9,117.39,14:31:09.574855975
28,117.38,9,117.39,14:31:09.574855975
30,117.38,9,117.39,14:31:09.574855975
30,117.38,10,117.39,14:31:09.575295706
28,117.38,10,117.39,14:31:09.575575476
24,117.38,10,117.39,14:31:09.575575476
24,117.38,15,117.39,14:31:09.576056951
21,117.38,15,117.39,14:31:09.576459068
20,117.38,15,117.39,14:31:09.576459068
14,117.38,15,117.39,14:31:09.580922152
11,117.38,15,117.39,14:31:09.581113903
5,117.38,15,117.39,14:31:09.581253612
6,117.38,15,117.39,14:31:09.583541006
5,117.38,15,117.39,14:31:09.584331386
6,117.38,15,117.39,14:31:09.584744758
5,117.38,15,117.39,14:31:09.585117334
49,117.37,15,117.39,14:31:09.591386369
49,117.37,20,117.39,14:31:09.591654635
54,117.37,20,117.39,14:31:09.591654635
54,117.37,27,117.39,14:31:09.591744567
54,117.37,29,117.39,14:31:09.591758046
51,117.37,29,117.39,14:31:09.591758046
50,117.37,29,117.39,14:31:09.592188979
49,117.37,29,117.39,14:31:09.592336784
47,117.37,29,117.39,14:31:09.592495920
46,117.37,29,117.39,14:31:09.656857567
46,117.37,30,117.39,14:31:09.838124490
46,117.37,1,117.38,14:31:10.334965000
41,117.37,1,117.38,14:31:10.335209918
41,117.37,7,117.38,14:31:10.341128935
41,117.37,6,117.38,14:31:10.361602353
41,117.37,30,117.39,14:31:10.361787853
47,117.37,30,117.39,14:31:10.362157757
47,117.37,1,117.38,14:31:10.473938230
47,117.37,2,117.38,14:31:10.474128943
47,117.37,1,117.38,14:31:10.474250648
47,117.37,30,117.39,14:31:10.474250648
1,117.38,30,117.39,14:31:10.533746211
40,117.37,30,117.39,14:31:10.534421429
1,117.38,30,117.39,14:31:10.534440585
40,117.37,30,117.39,14:31:10.534820987
43,117.37,30,117.39,14:31:10.534962335
43,117.37,25,117.39,14:31:10.625201265
5,117.38,25,117.39,14:31:10.625356948
6,117.38,25,117.39,14:31:10.625829531
1,117.38,25,117.39,14:31:10.625984660
43,117.37,25,117.39,14:31:10.626052781
47,117.37,25,117.39,14:31:10.626280829
47,117.37,30,117.39,14:31:10.626478724
47,117.37,1,117.38,14:31:10.656760374
47,117.37,30,117.39,14:31:10.662134226
47,117.37,3,117.38,14:31:10.665228410
47,117.37,4,117.38,14:31:10.665708163
47,117.37,10,117.38,14:31:10.670322146
46,117.37,10,117.38,14:31:10.671505906
46,117.37,9,117.38,14:31:10.720370903
46,117.37,3,117.38,14:31:10.821843140
47,117.37,3,117.38,14:31:10.973325752
46,117.37,3,117.38,14:31:11.451057195
46,117.37,4,117.38,14:31:11.581752328
46,117.37,10,117.38,14:31:11.582099332
45,117.37,10,117.38,14:31:11.751537295
45,117.37,4,117.38,14:31:12.094711738
45,117.37,3,117.38,14:31:12.094872429
45,117.37,9,117.38,14:31:12.266101300
45,117.37,10,117.38,14:31:12.519213520
45,117.37,11,117.38,14:31:12.519544246
39,117.37,11,117.38,14:31:12.519755909
39,117.37,10,117.38,14:31:12.522931108
39,117.37,11,117.38,14:31:12.524112800
39,117.37,10,117.38,14:31:12.525387336
39,117.37,11,117.38,14:31:12.526004106
39,117.37,16,117.38,14:31:12.527488810
30,117.37,16,117.38,14:31:12.535445722
26,117.37,16,117.38,14:31:12.536455227
23,117.37,16,117.38,14:31:12.536455227
23,117.37,22,117.38,14:31:12.536533747
23,117.37,25,117.38,14:31:12.536533747
23,117.37,26,117.38,14:31:12.537924526
17,117.37,26,117.38,14:31:12.540181002
16,117.37,26,117.38,14:31:12.540247805
16,117.37,30,117.38,14:31:12.541044925
16,117.37,32,117.38,14:31:12.541150870
6,117.37,32,117.38,14:31:12.541589602
6,117.37,33,117.38,14:31:12.840499369
7,117.37,33,117.38,14:31:12.867711183
13,117.37,33,117.38,14:31:13.303456169
13,117.37,31,117.38,14:31:13.303780167
13,117.37,27,117.38,14:31:13.303780167
13,117.37,24,117.38,14:31:13.303847437
13,117.37,18,117.38,14:31:13.303847437
13,117.37,17,117.38,14:31:13.303951179
20,117.37,17,117.38,14:31:13.304221994
22,117.37,17,117.38,14:31:13.304312036
22,117.37,12,117.38,14:31:13.350041452
25,117.37,12,117.38,14:31:13.726174343
26,117.37,12,117.38,14:31:13.730980689
25,117.37,12,117.38,14:31:13.739452004
25,117.37,11,117.38,14:31:14.247098086
26,117.37,11,117.38,14:31:14.247333089
25,117.37,11,117.38,14:31:14.248972534
25,117.37,12,117.38,14:31:14.255266473
25,117.37,11,117.38,14:31:14.302967771
25,117.37,12,117.38,14:31:15.109059258
25,117.37,11,117.38,14:31:15.135500611
26,117.37,11,117.38,14:31:15.135666873
31,117.37,11,117.38,14:31:15.212576819
30,117.37,11,117.38,14:31:15.281040537
25,117.37,11,117.38,14:31:15.281119293
25,117.37,12,117.38,14:31:15.281232854
18,117.37,12,117.38,14:31:15.281732955
18,117.37,13,117.38,14:31:15.281828396
16,117.37,13,117.38,14:31:15.281828396
13,117.37,13,117.38,14:31:15.281828396
13,117.37,22,117.38,14:31:15.281904305
13,117.37,27,117.38,14:31:15.282167769
14,117.37,27,117.38,14:31:15.282167769
14,117.37,22,117.38,14:31:15.282801819
13,117.37,22,117.38,14:31:15.283109502
14,117.37,22,117.38,14:31:15.283148901
14,117.37,21,117.38,14:31:15.283148901
14,117.37,12,117.38,14:31:15.285805881
13,117.37,12,117.38,14:31:15.295552590
13,117.37,13,117.38,14:31:15.690566416
13,117.37,18,117.38,14:31:15.691545169
14,117.37,18,117.38,14:31:16.066647953
14,117.37,17,117.38,14:31:16.066647953
13,117.37,17,117.38,14:31:16.066850954
14,117.37,17,117.38,14:31:16.066850954
23,117.37,17,117.38,14:31:16.067152994
28,117.37,17,117.38,14:31:16.067152994
31,117.37,17,117.38,14:31:16.067219124
31,117.37,16,117.38,14:31:16.067293351
31,117.37,11,117.38,14:31:16.067452429
31,117.37,12,117.38,14:31:16.068355395
31,117.37,13,117.38,14:31:16.069965282
28,117.37,13,117.38,14:31:16.070125045
23,117.37,13,117.38,14:31:16.070202226
22,117.37,13,117.38,14:31:16.070529940
22,117.37,18,117.38,14:31:16.070690014
13,117.37,18,117.38,14:31:16.071145188
13,117.37,27,117.38,14:31:16.071840963
7,117.37,27,117.38,14:31:16.193702163
7,117.37,33,117.38,14:31:16.193859239
13,117.37,33,117.38,14:31:16.258794213
14,117.37,33,117.38,14:31:16.258872700
14,117.37,27,117.38,14:31:16.258872700
14,117.37,26,117.38,14:31:16.259085494
14,117.37,17,117.38,14:31:16.259167848
13,117.37,17,117.38,14:31:16.259167848
22,117.37,17,117.38,14:31:16.259272012
23,117.37,17,117.38,14:31:16.259611536
23,117.37,12,117.38,14:31:16.267996094
23,117.37,11,117.38,14:31:16.271171989
22,117.37,11,117.38,14:31:16.271234482
22,117.37,12,117.38,14:31:16.271357616
22,117.37,11,117.38,14:31:16.271955055
22,117.37,12,117.38,14:31:16.332433877
22,117.37,13,117.38,14:31:16.332601751
22,117.37,12,117.38,14:31:16.332672593
22,117.37,17,117.38,14:31:16.332780596
22,117.37,18,117.38,14:31:16.332849828
13,117.37,18,117.38,14:31:16.332920795
13,117.37,17,117.38,14:31:16.333037431
13,117.37,18,117.38,14:31:16.525703199
13,117.37,25,117.38,14:31:16.526846017
13,117.37,27,117.38,14:31:16.526926033
7,117.37,27,117.38,14:31:16.527037915
7,117.37,32,117.38,14:31:16.527342171
2,117.37,32,117.38,14:31:16.528265213
1,117.37,32,117.38,14:31:16.528265213
85,117.36,32,117.38,14:31:16.528265213
85,117.36,35,117.38,14:31:16.528663663
86,117.36,35,117.38,14:31:16.528998537
86,117.36,1,117.37,14:31:16.529079577
85,117.36,1,117.37,14:31:16.529237298
85,117.36,35,117.38,14:31:16.529766783
85,117.36,32,117.38,14:31:16.529856865
86,117.36,32,117.38,14:31:16.529873451
86,117.36,5,117.37,14:31:16.533783279
86,117.36,32,117.38,14:31:16.536142609
83,117.36,32,117.38,14:31:16.538656676
78,117.36,32,117.38,14:31:16.539166167
82,117.36,32,117.38,14:31:16.542217903
82,117.36,27,117.38,14:31:16.542916226
78,117.36,27,117.38,14:31:16.551905419
77,117.36,27,117.38,14:31:16.569543236
3,117.37,27,117.38,14:31:16.589341481
77,117.36,27,117.38,14:31:16.589654936
77,117.36,30,117.38,14:31:16.589739116
77,117.36,31,117.38,14:31:16.589814856
77,117.36,36,117.38,14:31:16.589892517
76,117.36,36,117.38,14:31:16.589987575
76,117.36,3,117.37,14:31:16.590654683
76,117.36,4,117.37,14:31:16.590930813
75,117.36,4,117.37,14:31:16.591008144
75,117.36,1,117.37,14:31:16.592290186
75,117.36,6,117.37,14:31:16.617978761
76,117.36,6,117.37,14:31:16.834907417
80,117.36,6,117.37,14:31:16.835399356
80,117.36,1,117.37,14:31:16.835612834
80,117.36,32,117.38,14:31:16.835685748
1,117.37,32,117.38,14:31:17.040800100
2,117.37,32,117.38,14:31:17.041111935
2,117.37,27,117.38,14:31:17.041686188
1,117.37,27,117.38,14:31:17.042121318
2,117.37,27,117.38,14:31:17.042290793
1,117.37,27,117.38,14:31:17.042708290
2,117.37,27,117.38,14:31:17.042878639
1,117.37,27,117.38,14:31:17.043118972
1,117.37,30,117.38,14:31:17.043283618
1,117.37,31,117.38,14:31:17.043404383
76,117.36,31,117.38,14:31:17.043633697
76,117.36,36,117.38,14:31:17.043778469
76,117.36,33,117.38,14:31:17.050743417
76,117.36,32,117.38,14:31:17.050809014
76,117.36,27,117.38,14:31:18.074368850
1,117.37,27,117.38,14:31:18.074600510
2,117.37,27,117.38,14:31:18.077771938
1,117.37,27,117.38,14:31:18.079384532
1,117.37,31,117.38,14:31:18.079777283
2,117.37,31,117.38,14:31:18.088559379
1,117.37,31,117.38,14:31:18.088774599
2,117.37,31,117.38,14:31:18.088951348
2,117.37,27,117.38,14:31:18.089647082
1,117.37,27,117.38,14:31:18.090248831
2,117.37,27,117.38,14:31:18.090492108
1,117.37,27,117.38,14:31:18.090964674
7,117.37,27,117.38,14:31:18.091702882
7,117.37,20,117.38,14:31:18.099146268
15,117.37,20,117.38,14:31:18.099224626
15,117.37,18,117.38,14:31:18.099224626
7,117.37,18,117.38,14:31:18.100133007
7,117.37,23,117.38,14:31:18.187027629
1,117.37,23,117.38,14:31:18.187350499
1,117.37,27,117.38,14:31:18.190299613
1,117.37,34,117.38,14:31:18.199196253
1,117.37,36,117.38,14:31:18.199376804
76,117.36,36,117.38,14:31:18.199451012
76,117.36,32,117.38,14:31:18.199685136
1,117.37,32,117.38,14:31:18.468341971
2,117.37,32,117.38,14:31:18.779028715
8,117.37,32,117.38,14:31:18.779103227
8,117.37,27,117.38,14:31:18.779268374
8,117.37,25,117.38,14:31:18.780042530
8,117.37,18,117.38,14:31:18.780042530
16,117.37,18,117.38,14:31:18.787584511
16,117.37,17,117.38,14:31:18.789022935
16,117.37,18,117.38,14:31:18.789553124
8,117.37,18,117.38,14:31:18.791080208
7,117.37,18,117.38,14:31:18.791159690
6,117.37,18,117.38,14:31:18.821797270
6,117.37,22,117.38,14:31:18.822139052
6,117.37,29,117.38,14:31:18.889436666
6,117.37,31,117.38,14:31:18.889560403
6,117.37,36,117.38,14:31:19.080395839
76,117.36,36,117.38,14:31:19.092792554
76,117.36,32,117.38,14:31:19.093194888
79,117.36,32,117.38,14:31:19.503137777
79,117.36,27,117.38,14:31:19.503137777
80,117.36,27,117.38,14:31:19.503137777
1,117.37,27,117.38,14:31:19.503393831
2,117.37,27,117.38,14:31:19.503943024
1,117.37,27,117.38,14:31:19.505220143
2,117.37,27,117.38,14:31:19.509181139
1,117.37,27,117.38,14:31:19.513603833
1,117.37,31,117.38,14:31:19.733316644
76,117.36,31,117.38,14:31:19.733394180
76,117.36,36,117.38,14:31:19.733394180
76,117.36,32,117.38,14:31:19.740503778
1,117.37,32,117.38,14:31:19.846182056
2,117.37,32,117.38,14:31:19.846430319
1,117.37,32,117.38,14:31:19.846899579
1,117.37,39,117.38,14:31:19.957376297
76,117.36,39,117.38,14:31:20.241841147
76,117.36,43,117.38,14:31:20.241927025
76,117.36,39,117.38,14:31:20.245113839
6,117.37,39,117.38,14:31:21.260341228
7,117.37,39,117.38,14:31:21.260405626
7,117.37,34,117.38,14:31:21.260518317
7,117.37,27,117.38,14:31:21.260814643
7,117.37,25,117.38,14:31:21.260814643
16,117.37,25,117.38,14:31:21.261061711
22,117.37,25,117.38,14:31:21.270292213
22,117.37,24,117.38,14:31:21.271510798
16,117.37,24,117.38,14:31:21.271981415
16,117.37,25,117.38,14:31:21.272302794
7,117.37,25,117.38,14:31:21.272698153
6,117.37,25,117.38,14:31:21.272988108
7,117.37,25,117.38,14:31:21.273473317
7,117.37,24,117.38,14:31:21.276035633
7,117.37,25,117.38,14:31:21.276063850
7,117.37,24,117.38,14:31:21.278638344
8,117.37,24,117.38,14:31:21.278711583
13,117.37,24,117.38,14:31:21.279699009
12,117.37,24,117.38,14:31:21.283962579
12,117.37,25,117.38,14:31:21.284992639
12,117.37,24,117.38,14:31:21.296181838
12,117.37,25,117.38,14:31:21.361406668
21,117.37,25,117.38,14:31:21.372457321
21,117.37,24,117.38,14:31:21.372818934
21,117.37,23,117.38,14:31:21.476616621
21,117.37,17,117.38,14:31:21.485569321
27,117.37,17,117.38,14:31:21.486177336
27,117.37,12,117.38,14:31:21.487052405
30,117.37,12,117.38,14:31:21.487381409
30,117.37,9,117.38,14:31:21.490923995
31,117.37,9,117.38,14:31:21.494213439
31,117.37,8,117.38,14:31:21.494470066
30,117.37,8,117.38,14:31:21.496800535
31,117.37,8,117.38,14:31:21.650874106
32,117.37,8,117.38,14:31:22.511328066
31,117.37,8,117.38,14:31:22.515815883
31,117.37,9,117.38,14:31:22.710047773
31,117.37,14,117.38,14:31:24.034316602
25,117.37,14,117.38,14:31:24.034562064
22,117.37,14,117.38,14:31:24.034562064
13,117.37,14,117.38,14:31:24.034562064
13,117.37,15,117.38,14:31:24.034707184
8,117.37,15,117.38,14:31:24.034877919
8,117.37,16,117.38,14:31:24.034877919
8,117.37,24,117.38,14:31:24.035218651
8,117.37,25,117.38,14:31:24.035218651
8,117.37,24,117.38,14:31:24.052449490
8,117.37,30,117.38,14:31:24.324467653
8,117.37,36,117.38,14:31:24.664874087
8,117.37,37,117.38,14:31:24.669742764
7,117.37,37,117.38,14:31:24.678264278
7,117.37,36,117.38,14:31:24.678336479
8,117.37,36,117.38,14:31:24.885607860
8,117.37,30,117.38,14:31:25.038971522
13,117.37,30,117.38,14:31:25.039040108
14,117.37,30,117.38,14:31:25.039141256
14,117.37,29,117.38,14:31:25.039203602
14,117.37,21,117.38,14:31:25.039347925
13,117.37,21,117.38,14:31:25.039506800
13,117.37,22,117.38,14:31:25.665346845
13,117.37,21,117.38,14:31:25.705142233
13,117.37,16,117.38,14:31:25.769138732
14,117.37,16,117.38,14:31:25.769282888
19,117.37,16,117.38,14:31:25.769348130
23,117.37,16,117.38,14:31:25.769549454
27,117.37,16,117.38,14:31:25.775658759
29,117.37,16,117.38,14:31:25.775769018
29,117.37,10,117.38,14:31:25.775868205
31,117.37,10,117.38,14:31:25.776023344
32,117.37,10,117.38,14:31:25.776145085
32,117.37,11,117.38,14:31:26.097782861
31,117.37,11,117.38,14:31:26.097880214
31,117.37,10,117.38,14:31:26.098219193
32,117.37,10,117.38,14:31:26.106278410
31,117.37,10,117.38,14:31:26.106621155
32,117.37,10,117.38,14:31:26.107708200
31,117.37,10,117.38,14:31:26.110553018
32,117.37,10,117.38,14:31:26.120247884
31,117.37,10,117.38,14:31:26.161851539
32,117.37,10,117.38,14:31:26.290744277
31,117.37,10,117.38,14:31:26.294342303
49,117.37,10,117.38,14:31:26.294540443
50,117.37,10,117.38,14:31:26.294709420
50,117.37,9,117.38,14:31:26.294790805
50,117.37,8,117.38,14:31:26.558447819
50,117.37,1,117.38,14:31:26.558466177
50,117.37,26,117.39,14:31:26.558466177
1,117.38,26,117.39,14:31:26.558541953
6,117.38,26,117.39,14:31:26.558858394
7,117.38,26,117.39,14:31:26.559155450
2,117.38,26,117.39,14:31:26.559356423
1,117.38,26,117.39,14:31:26.559756892
2,117.38,26,117.39,14:31:26.560297091
1,117.38,26,117.39,14:31:26.560423949
2,117.38,26,117.39,14:31:26.562738040
1,117.38,26,117.39,14:31:26.562993358
47,117.37,26,117.39,14:31:26.563204404
47,117.37,30,117.39,14:31:26.568828013
47,117.37,32,117.39,14:31:26.568932848
48,117.37,32,117.39,14:31:26.582595755
50,117.37,32,117.39,14:31:26.692665420
51,117.37,32,117.39,14:31:26.692768962
1,117.38,32,117.39,14:31:27.304626814
1,117.38,30,117.39,14:31:27.304708478
1,117.38,26,117.39,14:31:27.304708478
7,117.38,26,117.39,14:31:27.304930516
8,117.38,26,117.39,14:31:27.304930516
7,117.38,26,117.39,14:31:27.305108246
7,117.38,19,117.39,14:31:27.305731244
8,117.38,19,117.39,14:31:27.305748903
12,117.38,19,117.39,14:31:27.305888118
21,117.38,19,117.39,14:31:27.305907910
21,117.38,17,117.39,14:31:27.305907910
27,117.38,17,117.39,14:31:27.305907910
27,117.38,16,117.39,14:31:27.306089679
27,117.38,17,117.39,14:31:27.307645516
23,117.38,17,117.39,14:31:27.307725164
17,117.38,17,117.39,14:31:27.307725164
16,117.38,17,117.39,14:31:27.307940176
16,117.38,16,117.39,14:31:27.310140249
17,117.38,16,117.39,14:31:27.310140249
17,117.38,17,117.39,14:31:27.310569853
16,117.38,17,117.39,14:31:27.310569853
16,117.38,16,117.39,14:31:27.313186894
16,117.38,17,117.39,14:31:27.314082321
16,117.38,16,117.39,14:31:27.315367280
16,117.38,17,117.39,14:31:27.316100719
17,117.38,17,117.39,14:31:27.316168155
17,117.38,16,117.39,14:31:27.316456309
22,117.38,16,117.39,14:31:27.320443624
23,117.38,16,117.39,14:31:27.320636568
23,117.38,11,117.39,14:31:27.321179780
23,117.38,10,117.39,14:31:27.322688845
23,117.38,4,117.39,14:31:27.322891011
23,117.38,3,117.39,14:31:27.323176179
23,117.38,2,117.39,14:31:27.329099042
23,117.38,3,117.39,14:31:27.395685043
22,117.38,3,117.39,14:31:27.395928505
22,117.38,8,117.39,14:31:27.396250064
26,117.38,8,117.39,14:31:27.408504073
32,117.38,8,117.39,14:31:27.408504073
32,117.38,7,117.39,14:31:27.408750998
32,117.38,2,117.39,14:31:27.456155443
33,117.38,2,117.39,14:31:27.466223816
32,117.38,2,117.39,14:31:27.467834762
32,117.38,3,117.39,14:31:27.468054548
32,117.38,8,117.39,14:31:27.469501199
32,117.38,7,117.39,14:31:27.471169425
33,117.38,7,117.39,14:31:28.256822353
33,117.38,2,117.39,14:31:28.257051793
33,117.38,1,117.39,14:31:28.259973583
33,117.38,41,117.4,14:31:28.260183674
33,117.38,36,117.4,14:31:28.260398622
1,117.39,36,117.4,14:31:28.262308090
2,117.39,36,117.4,14:31:28.262672108
1,117.39,36,117.4,14:31:28.262820822
2,117.39,36,117.4,14:31:28.266681020
2,117.39,28,117.4,14:31:28.267746859
8,117.39,28,117.4,14:31:28.268283403
11,117.39,28,117.4,14:31:28.268283403
10,117.39,28,117.4,14:31:28.268648283
7,117.39,28,117.4,14:31:28.269313041
1,117.39,28,117.4,14:31:28.269313041
1,117.39,29,117.4,14:31:28.292907651
2,117.39,29,117.4,14:31:28.381303762
8,117.39,29,117.4,14:31:28.381401608
8,117.39,28,117.4,14:31:28.381543563
13,117.39,28,117.4,14:31:28.381616539
13,117.39,27,117.4,14:31:28.385475826
13,117.39,28,117.4,14:31:28.482790854
8,117.39,28,117.4,14:31:28.742135327
8,117.39,27,117.4,14:31:28.915161480
14,117.39,27,117.4,14:31:28.915441138
17,117.39,27,117.4,14:31:28.915505849
17,117.39,22,117.4,14:31:28.917980959
22,117.39,22,117.4,14:31:28.931040281
26,117.39,22,117.4,14:31:28.945320981
28,117.39,22,117.4,14:31:28.945320981
30,117.39,22,117.4,14:31:28.945455466
31,117.39,22,117.4,14:31:28.945603842
31,117.39,16,117.4,14:31:28.945790997
32,117.39,16,117.4,14:31:28.957522206
32,117.39,15,117.4,14:31:28.988751329
32,117.39,5,117.4,14:31:28.989028980
32,117.39,4,117.4,14:31:28.989138253
32,117.39,3,117.4,14:31:28.989138253
32,117.39,1,117.4,14:31:28.989188522
32,117.39,20,117.41,14:31:28.989188522
1,117.4,20,117.41,14:31:28.989622704
1,117.4,19,117.41,14:31:28.989622704
2,117.4,19,117.41,14:31:28.989793164
8,117.4,19,117.41,14:31:28.989810142
13,117.4,19,117.41,14:31:28.989810142
13,117.4,20,117.41,14:31:28.990425868
8,117.4,20,117.41,14:31:28.990425868
7,117.4,20,117.41,14:31:28.998928278
1,117.4,20,117.41,14:31:29.106399524
1,117.4,26,117.41,14:31:29.106837620
32,117.39,26,117.41,14:31:29.106925754
30,117.39,26,117.41,14:31:29.106940692
29,117.39,26,117.41,14:31:29.106940692
29,117.39,29,117.41,14:31:29.107053572
29,117.39,33,117.41,14:31:29.116755414
29,117.39,35,117.41,14:31:29.116852675
31,117.39,35,117.41,14:31:29.220847470
32,117.39,35,117.41,14:31:29.220914862
32,117.39,36,117.41,14:31:29.306857864
32,117.39,6,117.4,14:31:29.906861245
32,117.39,14,117.4,14:31:29.907128327
30,117.39,14,117.4,14:31:29.907208403
28,117.39,14,117.4,14:31:29.907208403
27,117.39,14,117.4,14:31:29.907289881
24,117.39,14,117.4,14:31:29.907306198
18,117.39,14,117.4,14:31:29.907306198
18,117.39,15,117.4,14:31:29.907306198
14,117.39,15,117.4,14:31:29.907418125
14,117.39,16,117.4,14:31:29.907576988
14,117.39,15,117.4,14:31:29.908018553
14,117.39,20,117.4,14:31:29.908034063
13,117.39,20,117.4,14:31:29.908195714
13,117.39,21,117.4,14:31:29.915909318
13,117.39,20,117.4,14:31:29.916076595
13,117.39,21,117.4,14:31:29.916809980
8,117.39,21,117.4,14:31:29.917385080
8,117.39,22,117.4,14:31:29.917905978
7,117.39,22,117.4,14:31:29.919838079
7,117.39,26,117.4,14:31:29.920650392
7,117.39,27,117.4,14:31:29.920650392
1,117.39,27,117.4,14:31:29.923883888
2,117.39,27,117.4,14:31:29.933552897
7,117.39,27,117.4,14:31:29.935044667
7,117.39,26,117.4,14:31:29.935290691
7,117.39,22,117.4,14:31:29.935290691
7,117.39,21,117.4,14:31:29.955727035
7,117.39,20,117.4,14:31:29.955947115
7,117.39,21,117.4,14:31:30.563092590
7,117.39,22,117.4,14:31:30.563259720
6,117.39,22,117.4,14:31:30.564030167
1,117.39,22,117.4,14:31:30.565095485
1,117.39,27,117.4,14:31:30.565507334
2,117.39,27,117.4,14:31:30.568065688
1,117.39,27,117.4,14:31:30.568530574
2,117.39,27,117.4,14:31:30.672289727
7,117.39,27,117.4,14:31:30.672705506
7,117.39,22,117.4,14:31:30.708627171
7,117.39,21,117.4,14:31:30.708871494
7,117.39,20,117.4,14:31:30.800849903
7,117.39,15,117.4,14:31:30.818952033
7,117.39,7,117.4,14:31:30.819160945
7,117.39,8,117.4,14:31:30.819458148
9,117.39,8,117.4,14:31:30.819537876
9,117.39,13,117.4,14:31:30.819713137
15,117.39,13,117.4,14:31:30.819780836
18,117.39,13,117.4,14:31:30.819845825
18,117.39,8,117.4,14:31:30.820827286
18,117.39,7,117.4,14:31:30.820955875
24,117.39,7,117.4,14:31:30.826510799
26,117.39,7,117.4,14:31:30.826899032
27,117.39,7,117.4,14:31:30.826899032
27,117.39,9,117.4,14:31:30.842367062
27,117.39,10,117.4,14:31:30.861711994
27,117.39,15,117.4,14:31:30.861949652
25,117.39,15,117.4,14:31:30.862283040
24,117.39,15,117.4,14:31:30.862283040
27,117.39,15,117.4,14:31:32.150391981
27,117.39,10,117.4,14:31:32.174621240
32,117.39,10,117.4,14:31:32.185284668
32,117.39,4,117.4,14:31:32.193119450
32,117.39,3,117.4,14:31:32.193376793
32,117.39,1,117.4,14:31:32.207680628
32,117.39,18,117.41,14:31:32.207680628
6,117.4,18,117.41,14:31:32.207778354
7,117.4,18,117.41,14:31:32.207955159
15,117.4,18,117.41,14:31:32.208537293
9,117.4,18,117.41,14:31:32.208827492
8,117.4,18,117.41,14:31:32.209685293
36,117.39,18,117.41,14:31:32.211263387
36,117.39,27,117.41,14:31:32.211796759
36,117.39,33,117.41,14:31:32.211908627
36,117.39,27,117.41,14:31:32.215618081
36,117.39,18,117.41,14:31:32.215618081
1,117.4,18,117.41,14:31:32.216031762
9,117.4,18,117.41,14:31:32.218095449
9,117.4,17,117.41,14:31:32.235058252
1,117.4,17,117.41,14:31:32.237163704
1,117.4,18,117.41,14:31:32.237315086
2,117.4,18,117.41,14:31:32.327241130
2,117.4,17,117.41,14:31:32.327465994
7,117.4,17,117.41,14:31:32.327545689
15,117.4,17,117.41,14:31:32.337170514
15,117.4,16,117.41,14:31:32.337369388
15,117.4,17,117.41,14:31:32.337815454
15,117.4,16,117.41,14:31:32.338044577
15,117.4,17,117.41,14:31:32.604931327
7,117.4,17,117.41,14:31:32.605090578
7,117.4,18,117.41,14:31:32.605269828
2,117.4,18,117.41,14:31:32.605354881
1,117.4,18,117.41,14:31:32.618232923
1,117.4,25,117.41,14:31:32.618376935
1,117.4,30,117.41,14:31:32.618450471
2,117.4,30,117.41,14:31:32.618609537
2,117.4,32,117.41,14:31:32.618609537
1,117.4,32,117.41,14:31:32.618707146
30,117.39,32,117.41,14:31:32.618766961
44,117.39,32,117.41,14:31:32.619066768
42,117.39,32,117.41,14:31:32.620364932
41,117.39,32,117.41,14:31:32.629959899
44,117.39,32,117.41,14:31:32.718558628
1,117.4,32,117.41,14:31:32.730278222
2,117.4,32,117.41,14:31:32.730455060
2,117.4,27,117.41,14:31:32.730704164
7,117.4,27,117.41,14:31:32.735663591
2,117.4,27,117.41,14:31:33.153406671
7,117.4,27,117.41,14:31:33.153422616
2,117.4,27,117.41,14:31:33.939765018
2,117.4,32,117.41,14:31:33.940029888
1,117.4,32,117.41,14:31:33.940139034
2,117.4,32,117.41,14:31:33.940411971
1,117.4,32,117.41,14:31:33.940610370
32,117.39,32,117.41,14:31:33.940952793
31,117.39,32,117.41,14:31:33.941210197
30,117.39,32,117.41,14:31:33.941490964
25,117.39,32,117.41,14:31:34.024349275
25,117.39,6,117.4,14:31:34.024760136
25,117.39,7,117.4,14:31:34.033040209
25,117.39,8,117.4,14:31:34.033419441
25,117.39,7,117.4,14:31:34.033895204
25,117.39,6,117.4,14:31:34.034229859
25,117.39,7,117.4,14:31:34.041682359
25,117.39,6,117.4,14:31:34.053662094
28,117.39,6,117.4,14:31:34.182384224
28,117.39,7,117.4,14:31:34.222051202
28,117.39,8,117.4,14:31:34.222230560
28,117.39,13,117.4,14:31:34.222473694
22,117.39,13,117.4,14:31:34.222653575
19,117.39,13,117.4,14:31:34.222653575
16,117.39,13,117.4,14:31:34.222718126
16,117.39,14,117.4,14:31:34.223266085
16,117.39,13,117.4,14:31:34.224566844
16,117.39,12,117.4,14:31:34.242344079
16,117.39,11,117.4,14:31:34.244636557
16,117.39,6,117.4,14:31:34.248201764
16,117.39,9,117.4,14:31:34.248973590
21,117.39,9,117.4,14:31:34.253006543
24,117.39,9,117.4,14:31:34.324973464
19,117.39,9,117.4,14:31:34.359122986
19,117.39,10,117.4,14:31:34.359480557
19,117.39,15,117.4,14:31:34.360606751
16,117.39,15,117.4,14:31:34.360769378
16,117.39,14,117.4,14:31:34.462094608
16,117.39,9,117.4,14:31:34.466276260
19,117.39,9,117.4,14:31:34.466441242
19,117.39,10,117.4,14:31:34.671407610
19,117.39,9,117.4,14:31:34.675638481
19,117.39,10,117.4,14:31:34.949698934
19,117.39,15,117.4,14:31:34.961203987
16,117.39,15,117.4,14:31:34.961492189
16,117.39,10,117.4,14:31:35.272022601
16,117.39,9,117.4,14:31:35.272566347
16,117.39,14,117.4,14:31:35.620110145
10,117.39,14,117.4,14:31:35.769531732
10,117.39,15,117.4,14:31:35.769531732
10,117.39,16,117.4,14:31:35.769593389
10,117.39,25,117.4,14:31:35.769750976
10,117.39,26,117.4,14:31:35.769830404
8,117.39,26,117.4,14:31:35.770063085
8,117.39,31,117.4,14:31:35.770280883
3,117.39,31,117.4,14:31:35.773620304
2,117.39,31,117.4,14:31:35.778272468
1,117.39,31,117.4,14:31:35.781994186
29,117.38,31,117.4,14:31:35.785246811
29,117.38,1,117.39,14:31:35.785490686
29,117.38,8,117.39,14:31:35.785728500
29,117.38,7,117.39,14:31:35.835259426
29,117.38,8,117.39,14:31:35.843708069
32,117.38,8,117.39,14:31:35.881213133
33,117.38,8,117.39,14:31:35.881310886
33,117.38,1,117.39,14:31:35.882396497
33,117.38,31,117.4,14:31:35.891058455
1,117.39,31,117.4,14:31:35.891473746
36,117.38,31,117.4,14:31:35.892295655
35,117.38,31,117.4,14:31:36.355457388
35,117.38,1,117.39,14:31:36.355722917
35,117.38,7,117.39,14:31:36.357079710
35,117.38,8,117.39,14:31:36.357079710
35,117.38,7,117.39,14:31:36.357667790
29,117.38,7,117.39,14:31:36.365038715
30,117.38,7,117.39,14:31:36.368433266
30,117.38,1,117.39,14:31:36.368433266
30,117.38,31,117.4,14:31:36.368837135
34,117.38,31,117.4,14:31:36.369331831
36,117.38,31,117.4,14:31:36.369491124
36,117.38,22,117.4,14:31:36.396074253
36,117.38,17,117.4,14:31:36.396074253
7,117.39,17,117.4,14:31:36.396764970
9,117.39,17,117.4,14:31:36.396799754
7,117.39,17,117.4,14:31:36.403110322
36,117.38,17,117.4,14:31:36.403237407
1,117.39,17,117.4,14:31:36.452776384
2,117.39,17,117.4,14:31:36.453201839
9,117.39,17,117.4,14:31:36.453201839
8,117.39,17,117.4,14:31:36.453201839
10,117.39,17,117.4,14:31:36.453259894
9,117.39,17,117.4,14:31:36.453765227
2,117.39,17,117.4,14:31:36.455534545
36,117.38,17,117.4,14:31:36.455534545
2,117.39,17,117.4,14:31:36.460832314
7,117.39,17,117.4,14:31:36.488879310
15,117.39,17,117.4,14:31:36.892239502
21,117.39,17,117.4,14:31:37.184759311
21,117.39,16,117.4,14:31:37.184835861
21,117.39,17,117.4,14:31:37.191431690
15,117.39,17,117.4,14:31:37.191680790
15,117.39,16,117.4,14:31:37.191781117
7,117.39,16,117.4,14:31:37.191966133
7,117.39,17,117.4,14:31:37.192028162
7,117.39,16,117.4,14:31:37.361679948
13,117.39,16,117.4,14:31:37.447923361
21,117.39,16,117.4,14:31:37.538585692
21,117.39,26,117.4,14:31:37.684785082
13,117.39,26,117.4,14:31:37.685025939
13,117.39,27,117.4,14:31:37.685188179
8,117.39,27,117.4,14:31:37.685188179
2,117.39,27,117.4,14:31:38.308169865
2,117.39,32,117.4,14:31:38.334990219
2,117.39,41,117.4,14:31:38.335067909
1,117.39,41,117.4,14:31:38.335176097
1,117.39,44,117.4,14:31:38.335450023
30,117.38,44,117.4,14:31:38.335648967
30,117.38,6,117.39,14:31:38.335648967
28,117.38,6,117.39,14:31:38.335742890
24,117.38,6,117.39,14:31:38.335742890
24,117.38,7,117.39,14:31:38.335826609
24,117.38,8,117.39,14:31:38.335826609
24,117.38,7,117.39,14:31:38.336273252
24,117.38,6,117.39,14:31:38.337426393
24,117.38,41,117.4,14:31:38.337794489
28,117.38,41,117.4,14:31:38.338078358
31,117.38,41,117.4,14:31:38.338078358
33,117.38,41,117.4,14:31:38.338238632
34,117.38,41,117.4,14:31:38.338238632
33,117.38,41,117.4,14:31:38.339231248
30,117.38,41,117.4,14:31:38.339322571
28,117.38,41,117.4,14:31:38.436486136
24,117.38,41,117.4,14:31:38.436486136
27,117.38,41,117.4,14:31:38.469618917
28,117.38,41,117.4,14:31:38.469714472
32,117.38,41,117.4,14:31:38.540252611
34,117.38,41,117.4,14:31:38.540366717
31,117.38,41,117.4,14:31:38.627328088
30,117.38,41,117.4,14:31:38.627419877
28,117.38,41,117.4,14:31:38.631278597
24,117.38,41,117.4,14:31:38.631278597
24,117.38,1,117.39,14:31:38.631441256
23,117.38,1,117.39,14:31:38.631775944
23,117.38,2,117.39,14:31:38.632047508
23,117.38,3,117.39,14:31:38.632047508
23,117.38,2,117.39,14:31:38.632328081
24,117.38,2,117.39,14:31:38.637071280
24,117.38,1,117.39,14:31:38.641277223
24,117.38,41,117.4,14:31:38.643391974
28,117.38,41,117.4,14:31:38.643666015
30,117.38,41,117.4,14:31:38.643738744
33,117.38,41,117.4,14:31:38.643805279
34,117.38,41,117.4,14:31:38.643873586
34,117.38,42,117.4,14:31:38.709327981
34,117.38,33,117.4,14:31:39.096234447
34,117.38,28,117.4,14:31:39.096300761
8,117.39,28,117.4,14:31:39.804508981
14,117.39,28,117.4,14:31:39.804812864
14,117.39,27,117.4,14:31:39.824503116
14,117.39,28,117.4,14:31:40.044934573
8,117.39,28,117.4,14:31:40.045073974
34,117.38,28,117.4,14:31:40.045319152
34,117.38,33,117.4,14:31:40.049122570
34,117.38,37,117.4,14:31:40.049223798
34,117.38,40,117.4,14:31:40.049786415
34,117.38,42,117.4,14:31:40.049892579
34,117.38,1,117.39,14:31:40.050029171
33,117.38,1,117.39,14:31:40.052234455
33,117.38,42,117.4,14:31:40.069495406
34,117.38,42,117.4,14:31:40.069775526
34,117.38,38,117.4,14:31:41.443559313
34,117.38,33,117.4,14:31:41.443621265
34,117.38,31,117.4,14:31:41.443750600
34,117.38,28,117.4,14:31:41.443815915
8,117.39,28,117.4,14:31:42.032433745
8,117.39,27,117.4,14:31:42.054057038
14,117.39,27,117.4,14:31:42.064309159
15,117.39,27,117.4,14:31:42.064373039
14,117.39,27,117.4,14:31:42.068151034
15,117.39,27,117.4,14:31:42.068638569
14,117.39,27,117.4,14:31:42.080066606
15,117.39,27,117.4,14:31:42.095422662
20,117.39,27,117.4,14:31:43.171490352
20,117.39,26,117.4,14:31:43.501022027
21,117.39,26,117.4,14:31:43.501022027
21,117.39,21,117.4,14:31:43.501125096
27,117.39,21,117.4,14:31:43.502033354
30,117.39,21,117.4,14:31:43.503258099
31,117.39,21,117.4,14:31:43.506964960
31,117.39,15,117.4,14:31:43.507182339
31,117.39,14,117.4,14:31:43.507363446
31,117.39,11,117.4,14:31:43.508916446
31,117.39,1,117.4,14:31:43.516954068
31,117.39,17,117.41,14:31:43.516954068
5,117.4,17,117.41,14:31:43.517129121
11,117.4,17,117.41,14:31:43.517129121
14,117.4,17,117.41,14:31:43.517129121
20,117.4,17,117.41,14:31:43.517456034
20,117.4,16,117.41,14:31:43.517580526
14,117.4,16,117.41,14:31:43.517902990
14,117.4,17,117.41,14:31:43.518117356
9,117.4,17,117.41,14:31:43.518509239
3,117.4,17,117.41,14:31:43.518638634
31,117.39,17,117.41,14:31:43.518638634
31,117.39,1,117.4,14:31:43.518991267
32,117.39,1,117.4,14:31:43.519080496
32,117.39,26,117.41,14:31:43.519943845
1,117.4,26,117.41,14:31:43.520372985
32,117.39,26,117.41,14:31:43.521700495
32,117.39,32,117.41,14:31:43.525682050
1,117.4,32,117.41,14:31:43.540982486
1,117.4,39,117.41,14:31:43.921642196
29,117.39,39,117.41,14:31:44.338227934
29,117.39,7,117.4,14:31:44.338404530
23,117.39,7,117.4,14:31:44.338501906
23,117.39,8,117.4,14:31:44.338501906
26,117.39,8,117.4,14:31:44.338669598
25,117.39,8,117.4,14:31:44.338836177
25,117.39,7,117.4,14:31:44.339162113
25,117.39,8,117.4,14:31:44.339162113
25,117.39,7,117.4,14:31:44.339793306
25,117.39,8,117.4,14:31:44.340443942
24,117.39,8,117.4,14:31:44.340957433
24,117.39,7,117.4,14:31:44.340957433
24,117.39,8,117.4,14:31:44.343050936
24,117.39,9,117.4,14:31:44.349464813
21,117.39,9,117.4,14:31:44.349684127
21,117.39,14,117.4,14:31:44.349960254
21,117.39,23,117.4,14:31:44.350203419
20,117.39,23,117.4,14:31:44.350439727
15,117.39,23,117.4,14:31:44.350813285
16,117.39,23,117.4,14:31:44.351131051
8,117.39,23,117.4,14:31:44.351220715
9,117.39,23,117.4,14:31:44.356081364
9,117.39,14,117.4,14:31:44.356264331
14,117.39,14,117.4,14:31:44.356329963
14,117.39,13,117.4,14:31:44.356431191
23,117.39,13,117.4,14:31:44.461530036
26,117.39,13,117.4,14:31:44.462046545
32,117.39,13,117.4,14:31:44.462191093
32,117.39,8,117.4,14:31:44.462398712
32,117.39,7,117.4,14:31:44.462719604
32,117.39,39,117.41,14:31:44.502679837
1,117.4,39,117.41,14:31:44.502831837
7,117.4,39,117.41,14:31:44.502976806
6,117.4,39,117.41,14:31:44.503505471
6,117.4,33,117.41,14:31:44.503724178
6,117.4,24,117.41,14:31:44.503824684
7,117.4,24,117.41,14:31:44.503824684
6,117.4,24,117.41,14:31:44.504374635
15,117.4,24,117.41,14:31:44.504928008
6,117.4,24,117.41,14:31:44.510354212
6,117.4,30,117.41,14:31:44.627275119
29,117.39,30,117.41,14:31:44.627379919
29,117.39,39,117.41,14:31:44.627450070
30,117.39,39,117.41,14:31:44.627795788
34,117.39,39,117.41,14:31:44.677124924
34,117.39,33,117.41,14:31:44.689695853
34,117.39,24,117.41,14:31:44.697891738
6,117.4,24,117.41,14:31:44.698118244
30,117.39,24,117.41,14:31:45.013411207
33,117.39,24,117.41,14:31:45.116907290
33,117.39,33,117.41,14:31:45.226384603
33,117.39,39,117.41,14:31:45.226467675
32,117.39,39,117.41,14:31:45.227680705
26,117.39,39,117.41,14:31:45.227680705
26,117.39,3,117.4,14:31:45.232509677
32,117.39,3,117.4,14:31:45.330820057
32,117.39,39,117.41,14:31:45.606187692
32,117.39,33,117.41,14:31:45.616862763
32,117.39,24,117.41,14:31:45.625344449
1,117.4,24,117.41,14:31:45.625433716
2,117.4,24,117.41,14:31:45.625532698
1,117.4,24,117.41,14:31:45.629406231
29,117.39,24,117.41,14:31:45.693999920
30,117.39,24,117.41,14:31:45.694181013
30,117.39,33,117.41,14:31:45.694250013
2,117.4,33,117.41,14:31:45.705776292
2,117.4,34,117.41,14:31:46.394082013
3,117.4,34,117.41,14:31:46.702435418
2,117.4,34,117.41,14:31:46.702855797
7,117.4,34,117.41,14:31:46.820380993
7,117.4,38,117.41,14:31:47.041567656
7,117.4,40,117.41,14:31:47.041631081
2,117.4,40,117.41,14:31:47.041743551
2,117.4,38,117.41,14:31:47.462419950
2,117.4,34,117.41,14:31:47.462489121
7,117.4,34,117.41,14:31:47.462588894
8,117.4,34,117.41,14:31:47.462649617
9,117.4,34,117.41,14:31:47.462719949
9,117.4,25,117.41,14:31:47.462786954
8,117.4,25,117.41,14:31:47.462914481
7,117.4,25,117.41,14:31:47.463101923
7,117.4,29,117.41,14:31:47.928497974
7,117.4,31,117.41,14:31:47.928497974
7,117.4,36,117.41,14:31:47.928876527
2,117.4,36,117.41,14:31:47.929026393
2,117.4,40,117.41,14:31:47.929054566
7,117.4,40,117.41,14:31:48.410720102
7,117.4,38,117.41,14:31:48.420644949
7,117.4,34,117.41,14:31:48.420713256
8,117.4,34,117.41,14:31:48.420828212
7,117.4,34,117.41,14:31:48.424973464
7,117.4,38,117.41,14:31:48.538232911
7,117.4,40,117.41,14:31:48.538232911
2,117.4,40,117.41,14:31:48.538804872
30,117.39,40,117.41,14:31:48.551511775
32,117.39,40,117.41,14:31:48.650832017
33,117.39,40,117.41,14:31:48.650913550
1,117.4,40,117.41,14:31:48.690281946
1,117.4,38,117.41,14:31:48.690301913
1,117.4,34,117.41,14:31:48.690429830
2,117.4,34,117.41,14:31:48.690755560
7,117.4,34,117.41,14:31:48.690921366
7,117.4,29,117.41,14:31:48.690990345
6,117.4,29,117.41,14:31:48.690990345
6,117.4,25,117.41,14:31:48.691065407
5,117.4,25,117.41,14:31:48.803847553
37,117.39,25,117.41,14:31:48.809391158
37,117.39,30,117.41,14:31:48.809971635
37,117.39,34,117.41,14:31:48.809971635
37,117.39,38,117.41,14:31:48.921991745
37,117.39,40,117.41,14:31:48.922082500
37,117.39,7,117.4,14:31:48.936645394
37,117.39,13,117.4,14:31:48.953618746
37,117.39,14,117.4,14:31:48.953776585
37,117.39,13,117.4,14:31:48.954280698
31,117.39,13,117.4,14:31:48.954280698
30,117.39,13,117.4,14:31:48.954688774
21,117.39,13,117.4,14:31:48.956762004
21,117.39,14,117.4,14:31:48.957008062
21,117.39,13,117.4,14:31:48.957261293
21,117.39,14,117.4,14:31:48.957804052
20,117.39,14,117.4,14:31:48.960004668
20,117.39,13,117.4,14:31:48.960632055
20,117.39,14,117.4,14:31:48.961197592
16,117.39,14,117.4,14:31:48.961694858
15,117.39,14,117.4,14:31:48.961694858
13,117.39,14,117.4,14:31:48.961694858
13,117.39,15,117.4,14:31:48.961970779
13,117.39,20,117.4,14:31:48.962095204
8,117.39,20,117.4,14:31:48.963196873
8,117.39,19,117.4,14:31:48.965789869
9,117.39,19,117.4,14:31:48.965933176
14,117.39,19,117.4,14:31:48.966245943
14,117.39,18,117.4,14:31:48.968446707
14,117.39,13,117.4,14:31:48.970096728
18,117.39,13,117.4,14:31:49.055494513
20,117.39,13,117.4,14:31:49.055586107
22,117.39,13,117.4,14:31:49.063809614
23,117.39,13,117.4,14:31:49.063873560
28,117.39,13,117.4,14:31:49.068211531
32,117.39,13,117.4,14:31:49.068316449
30,117.39,13,117.4,14:31:49.180395831
26,117.39,13,117.4,14:31:49.180463402
26,117.39,14,117.4,14:31:49.180759846
25,117.39,14,117.4,14:31:49.180829273
20,117.39,14,117.4,14:31:49.181147824
16,117.39,14,117.4,14:31:49.181147824
16,117.39,15,117.4,14:31:49.181252646
16,117.39,20,117.4,14:31:49.181417193
15,117.39,20,117.4,14:31:49.181642101
13,117.39,20,117.4,14:31:49.181721599
8,117.39,20,117.4,14:31:49.182146665
8,117.39,21,117.4,14:31:49.182355974
7,117.39,21,117.4,14:31:49.185511478
8,117.39,21,117.4,14:31:49.185820896
7,117.39,21,117.4,14:31:49.193268394
7,117.39,30,117.4,14:31:49.194072118
1,117.39,30,117.4,14:31:49.194227443
1,117.39,35,117.4,14:31:49.194354643
29,117.38,35,117.4,14:31:49.195858837
33,117.38,35,117.4,14:31:49.302930517
31,117.38,35,117.4,14:31:49.357097430
31,117.38,6,117.39,14:31:49.357191026
30,117.38,6,117.39,14:31:49.357191026
26,117.38,6,117.39,14:31:49.357289391
22,117.38,6,117.39,14:31:49.357306719
22,117.38,7,117.39,14:31:49.357540155
22,117.38,8,117.39,14:31:49.357540155
22,117.38,7,117.39,14:31:49.358394478
22,117.38,8,117.39,14:31:49.359234128
22,117.38,13,117.39,14:31:49.359234128
22,117.38,17,117.39,14:31:49.359234128
22,117.38,16,117.39,14:31:49.359612909
22,117.38,12,117.39,14:31:49.360174937
22,117.38,7,117.39,14:31:49.360174937
22,117.38,6,117.39,14:31:49.360616038
22,117.38,7,117.39,14:31:49.361510610
22,117.38,12,117.39,14:31:49.361871250
22,117.38,11,117.39,14:31:49.361987845
23,117.38,11,117.39,14:31:49.362024139
22,117.38,11,117.39,14:31:49.362294097
23,117.38,11,117.39,14:31:49.362626296
22,117.38,11,117.39,14:31:49.363475793
22,117.38,12,117.39,14:31:49.363599463
22,117.38,13,117.39,14:31:49.364200026
22,117.38,12,117.39,14:31:49.364510464
22,117.38,11,117.39,14:31:49.364964025
23,117.38,11,117.39,14:31:49.367691655
23,117.38,6,117.39,14:31:49.368126422
22,117.38,6,117.39,14:31:49.368154503
23,117.38,6,117.39,14:31:49.370836974
23,117.38,35,117.4,14:31:49.371144856
27,117.38,35,117.4,14:31:49.371832224
33,117.38,35,117.4,14:31:49.371832224
33,117.38,6,117.39,14:31:49.374714290
32,117.38,6,117.39,14:31:49.375314673
32,117.38,7,117.39,14:31:49.379362888
32,117.38,8,117.39,14:31:49.381105468
32,117.38,7,117.39,14:31:49.381689334
32,117.38,6,117.39,14:31:49.382033606
32,117.38,7,117.39,14:31:49.395094274
32,117.38,8,117.39,14:31:49.408030230
26,117.38,8,117.39,14:31:49.408360438
26,117.38,9,117.39,14:31:49.408360438
26,117.38,14,117.39,14:31:49.408800572
26,117.38,13,117.39,14:31:49.409757860
26,117.38,12,117.39,14:31:49.411058013
32,117.38,12,117.39,14:31:49.574002864
32,117.38,7,117.39,14:31:49.574213556
32,117.38,1,117.39,14:31:49.574280892
32,117.38,7,117.39,14:31:49.591546326
26,117.38,7,117.39,14:31:49.796939240
26,117.38,12,117.39,14:31:49.797068593
26,117.38,16,117.39,14:31:49.797068593
26,117.38,17,117.39,14:31:49.797350902
26,117.38,22,117.39,14:31:49.797350902
21,117.38,22,117.39,14:31:49.797716663
12,117.38,22,117.39,14:31:49.798088697
8,117.38,22,117.39,14:31:49.798088697
8,117.38,23,117.39,14:31:49.798414653
9,117.38,23,117.39,14:31:49.798650697
8,117.38,23,117.39,14:31:49.801358139
9,117.38,23,117.39,14:31:49.882583269
13,117.38,23,117.39,14:31:49.906854527
13,117.38,22,117.39,14:31:49.907015375
18,117.38,22,117.39,14:31:49.907198793
18,117.38,17,117.39,14:31:49.907263209
18,117.38,13,117.39,14:31:49.907364908
18,117.38,8,117.39,14:31:49.907479324
27,117.38,8,117.39,14:31:49.907565710
33,117.38,8,117.39,14:31:49.907565710
33,117.38,9,117.39,14:31:49.953004496
33,117.38,10,117.39,14:31:49.953085642
27,117.38,10,117.39,14:31:49.953216909
18,117.38,10,117.39,14:31:49.953342023
17,117.38,10,117.39,14:31:49.953342023
17,117.38,15,117.39,14:31:49.953342023
12,117.38,15,117.39,14:31:49.953612032
12,117.38,19,117.39,14:31:49.953800101
8,117.38,19,117.39,14:31:49.953996278
8,117.38,21,117.39,14:31:49.954100073
2,117.38,21,117.39,14:31:49.954460352
3,117.38,21,117.39,14:31:49.955312274
6,117.38,21,117.39,14:31:49.955424453
5,117.38,21,117.39,14:31:49.955591731
4,117.38,21,117.39,14:31:49.955642975
3,117.38,21,117.39,14:31:49.957671549
2,117.38,21,117.39,14:31:49.975668889
41,117.37,21,117.39,14:31:49.975983205
41,117.37,1,117.38,14:31:49.976078152
41,117.37,30,117.39,14:31:49.978620995
1,117.38,30,117.39,14:31:49.978708515
47,117.37,30,117.39,14:31:49.979068682
47,117.37,1,117.38,14:31:49.979126929
48,117.37,1,117.38,14:31:49.979567299
47,117.37,1,117.38,14:31:49.979635005
47,117.37,30,117.39,14:31:49.979727423
47,117.37,31,117.39,14:31:49.989954804
48,117.37,31,117.39,14:31:50.030347230
48,117.37,27,117.39,14:31:50.122885820
48,117.37,25,117.39,14:31:50.122885820
1,117.38,25,117.39,14:31:50.123111819
1,117.38,20,117.39,14:31:50.123322956
1,117.38,16,117.39,14:31:50.123395343
2,117.38,16,117.39,14:31:50.126996575
1,117.38,16,117.39,14:31:50.127237017
2,117.38,16,117.39,14:31:50.127570540
1,117.38,16,117.39,14:31:50.135382419
52,117.37,16,117.39,14:31:50.135521699
52,117.37,21,117.39,14:31:50.135686652
52,117.37,25,117.39,14:31:50.135766057
52,117.37,20,117.39,14:31:50.148119087
52,117.37,16,117.39,14:31:50.148119087
52,117.37,20,117.39,14:31:50.163338529
52,117.37,22,117.39,14:31:50.163441796
52,117.37,27,117.39,14:31:50.248974158
52,117.37,31,117.39,14:31:50.249049230
52,117.37,29,117.39,14:31:50.709297454
52,117.37,25,117.39,14:31:50.709297454
52,117.37,20,117.39,14:31:50.709480007
52,117.37,16,117.39,14:31:50.709480007
1,117.38,16,117.39,14:31:50.709566370
7,117.38,16,117.39,14:31:50.709674959
16,117.38,16,117.39,14:31:50.709871419
17,117.38,16,117.39,14:31:50.709944754
22,117.38,16,117.39,14:31:50.710076235
23,117.38,16,117.39,14:31:50.710076235
22,117.38,16,117.39,14:31:50.710583608
17,117.38,16,117.39,14:31:50.710583608
16,117.38,16,117.39,14:31:50.710742323
7,117.38,16,117.39,14:31:50.711521427
7,117.38,22,117.39,14:31:50.854107066
1,117.38,22,117.39,14:31:50.854181463
1,117.38,25,117.39,14:31:50.854181463
1,117.38,29,117.39,14:31:50.854252653
1,117.38,31,117.39,14:31:50.854358477
52,117.37,31,117.39,14:31:50.854518464
52,117.37,29,117.39,14:31:51.431891725
52,117.37,25,117.39,14:31:51.431891725
1,117.38,25,117.39,14:31:51.432444951
1,117.38,22,117.39,14:31:51.432562240
1,117.38,16,117.39,14:31:51.432562240
2,117.38,16,117.39,14:31:51.432817632
7,117.38,16,117.39,14:31:51.436317642
7,117.38,25,117.39,14:31:51.968593256
6,117.38,25,117.39,14:31:51.968674257
5,117.38,25,117.39,14:31:51.968674257
5,117.38,30,117.39,14:31:51.968748144
45,117.37,30,117.39,14:31:51.968830253
47,117.37,30,117.39,14:31:52.336862212
48,117.37,30,117.39,14:31:52.336943809
48,117.37,25,117.39,14:31:52.948332471
6,117.38,25,117.39,14:31:52.960622036
48,117.37,25,117.39,14:31:53.070022671
48,117.37,29,117.39,14:31:53.070161942
47,117.37,29,117.39,14:31:53.070231135
45,117.37,29,117.39,14:31:53.070231135
45,117.37,31,117.39,14:31:53.070334952
47,117.37,31,117.39,14:31:53.178364506
48,117.37,31,117.39,14:31:53.178441386
48,117.37,1,117.38,14:31:53.395384190
48,117.37,30,117.39,14:31:53.480847845
48,117.37,26,117.39,14:31:53.655086182
48,117.37,24,117.39,14:31:53.655152141
6,117.38,24,117.39,14:31:53.658856433
6,117.38,15,117.39,14:31:53.658985242
11,117.38,15,117.39,14:31:53.659529762
11,117.38,22,117.39,14:31:53.937180729
5,117.38,22,117.39,14:31:54.139099929
5,117.38,28,117.39,14:31:54.139474751
5,117.38,30,117.39,14:31:54.139571506
5,117.38,33,117.39,14:31:54.139571506
5,117.38,37,117.39,14:31:54.139651286
45,117.37,37,117.39,14:31:54.139816501
48,117.37,37,117.39,14:31:54.247912955
48,117.37,35,117.39,14:31:54.854956403
48,117.37,31,117.39,14:31:54.854956403
1,117.38,31,117.39,14:31:54.855179817
2,117.38,31,117.39,14:31:54.855386914
7,117.38,31,117.39,14:31:54.856409601
6,117.38,31,117.39,14:31:54.969875520
1,117.38,31,117.39,14:31:54.970310502
45,117.37,31,117.39,14:31:54.985351835
47,117.37,31,117.39,14:31:55.403540334
48,117.37,31,117.39,14:31:55.403639224
48,117.37,35,117.39,14:31:55.676850098
48,117.37,37,117.39,14:31:55.676945386
48,117.37,35,117.39,14:31:56.282454760
48,117.37,31,117.39,14:31:56.282528319
1,117.38,31,117.39,14:31:56.282661356
1,117.38,28,117.39,14:31:56.282907334
1,117.38,22,117.39,14:31:56.282996860
6,117.38,22,117.39,14:31:56.282996860
7,117.38,22,117.39,14:31:56.283185305
12,117.38,22,117.39,14:31:56.283368797
16,117.38,22,117.39,14:31:56.283452350
15,117.38,22,117.39,14:31:56.283452350
11,117.38,22,117.39,14:31:56.293691690
6,117.38,22,117.39,14:31:56.293762196
1,117.38,22,117.39,14:31:56.293872279
2,117.38,22,117.39,14:31:56.300289132
8,117.38,22,117.39,14:31:56.300505266
13,117.38,22,117.39,14:31:56.305651620
13,117.38,21,117.39,14:31:56.306346510
16,117.38,21,117.39,14:31:56.307050848
17,117.38,21,117.39,14:31:56.307136736
14,117.38,21,117.39,14:31:56.308281602
13,117.38,21,117.39,14:31:56.308281602
13,117.38,22,117.39,14:31:56.309697631
7,117.38,22,117.39,14:31:56.311171110
6,117.38,22,117.39,14:31:56.312388909
1,117.38,22,117.39,14:31:56.313540722
2,117.38,22,117.39,14:31:56.313863633
8,117.38,22,117.39,14:31:56.316569891
8,117.38,21,117.39,14:31:56.316569891
13,117.38,21,117.39,14:31:56.316569891
13,117.38,22,117.39,14:31:56.317718588
8,117.38,22,117.39,14:31:56.317866460
8,117.38,21,117.39,14:31:56.323957597
8,117.38,22,117.39,14:31:56.326384159
8,117.38,21,117.39,14:31:56.413487150
13,117.38,21,117.39,14:31:56.413731252
13,117.38,22,117.39,14:31:56.618692616
8,117.38,22,117.39,14:31:56.622847026
8,117.38,21,117.39,14:31:56.701874355
8,117.38,22,117.39,14:31:56.709227531
8,117.38,23,117.39,14:31:56.732633901
8,117.38,32,117.39,14:31:56.823798495
7,117.38,32,117.39,14:31:56.823964465
6,117.38,32,117.39,14:31:56.824027883
53,117.37,32,117.39,14:31:56.832152511
53,117.37,37,117.39,14:31:56.845359109
53,117.37,32,117.39,14:31:57.676729052
1,117.38,32,117.39,14:31:57.680587898
2,117.38,32,117.39,14:31:57.680842467
7,117.38,32,117.39,14:31:57.681650722
6,117.38,32,117.39,14:31:57.785320434
5,117.38,32,117.39,14:31:57.785750974
5,117.38,38,117.39,14:31:57.786096586
53,117.37,38,117.39,14:31:57.786299662
53,117.37,32,117.39,14:31:57.972584668
20,117.38,32,117.39,14:31:57.974668801
20,117.38,27,117.39,14:31:57.974949373
21,117.38,27,117.39,14:31:57.975046333
21,117.38,26,117.39,14:31:57.975046333
21,117.38,17,117.39,14:31:57.975347208
22,117.38,17,117.39,14:31:57.975347208
27,117.38,17,117.39,14:31:57.975419488
26,117.38,17,117.39,14:31:57.993087353
26,117.38,18,117.39,14:31:58.312195009
21,117.38,18,117.39,14:31:58.312320893
21,117.38,25,117.39,14:31:58.312655482
21,117.38,27,117.39,14:31:58.312796906
21,117.38,26,117.39,14:31:58.333181851
21,117.38,24,117.39,14:31:58.474219137
21,117.38,17,117.39,14:31:58.474283351
26,117.38,17,117.39,14:31:58.513636035
27,117.38,17,117.39,14:32:00.078617026
28,117.38,17,117.39,14:32:00.098601354
34,117.38,17,117.39,14:32:00.283261355
35,117.38,17,117.39,14:32:00.283446498
35,117.38,11,117.39,14:32:00.283735793
35,117.38,10,117.39,14:32:00.284006134
39,117.38,10,117.39,14:32:00.284517905
44,117.38,10,117.39,14:32:00.284617844
44,117.38,9,117.39,14:32:00.289723661
45,117.38,9,117.39,14:32:00.293521972
54,117.38,9,117.39,14:32:00.301923607
53,117.38,9,117.39,14:32:00.302132134
53,117.38,8,117.39,14:32:00.302132134
53,117.38,2,117.39,14:32:00.302465395
53,117.38,1,117.39,14:32:00.302911167
53,117.38,24,117.4,14:32:00.303948175
53,117.38,29,117.4,14:32:00.388380489
52,117.38,29,117.4,14:32:00.388530326
52,117.38,1,117.39,14:32:00.390432865
52,117.38,2,117.39,14:32:00.390748672
52,117.38,1,117.39,14:32:00.391303043
52,117.38,2,117.39,14:32:00.393163637
52,117.38,1,117.39,14:32:00.393390853
52,117.38,2,117.39,14:32:00.393917966
52,117.38,7,117.39,14:32:00.396320541
47,117.38,7,117.39,14:32:00.396482896
38,117.38,7,117.39,14:32:00.397812776
33,117.38,7,117.39,14:32:00.398083592
33,117.38,13,117.39,14:32:00.398172520
27,117.38,13,117.39,14:32:00.398400637
27,117.38,20,117.39,14:32:00.398679156
27,117.38,22,117.39,14:32:00.398850887
27,117.38,20,117.39,14:32:00.519207069
27,117.38,13,117.39,14:32:00.519288739
32,117.38,13,117.39,14:32:00.779061809
32,117.38,8,117.39,14:32:00.779123050
32,117.38,7,117.39,14:32:01.240646914
36,117.38,7,117.39,14:32:01.240724085
36,117.38,1,117.39,14:32:01.240862283
38,117.38,1,117.39,14:32:01.240862283
44,117.38,1,117.39,14:32:01.241179314
47,117.38,1,117.39,14:32:01.241179314
47,117.38,29,117.4,14:32:01.253389183
47,117.38,1,117.39,14:32:01.612927542
47,117.38,2,117.39,14:32:01.613154912
46,117.38,2,117.39,14:32:01.613317397
46,117.38,1,117.39,14:32:01.623226021
46,117.38,29,117.4,14:32:01.624015508
47,117.38,29,117.4,14:32:01.625855315
53,117.38,29,117.4,14:32:01.626840876
52,117.38,29,117.4,14:32:01.839918978
48,117.38,29,117.4,14:32:01.892783690
46,117.38,29,117.4,14:32:01.892783690
42,117.38,29,117.4,14:32:01.892783690
39,117.38,29,117.4,14:32:01.892783690
33,117.38,29,117.4,14:32:01.892783690
33,117.38,8,117.39,14:32:01.892922301
33,117.38,14,117.39,14:32:01.892922301
33,117.38,15,117.39,14:32:01.893451161
33,117.38,16,117.39,14:32:01.893565583
33,117.38,17,117.39,14:32:01.893565583
28,117.38,17,117.39,14:32:01.893593410
22,117.38,17,117.39,14:32:01.893593410
22,117.38,16,117.39,14:32:01.893826796
2,117.38,16,117.39,14:32:01.894113835
7,117.38,16,117.39,14:32:01.894523106
8,117.38,16,117.39,14:32:01.894540226
8,117.38,17,117.39,14:32:01.894540226
7,117.38,17,117.39,14:32:01.894811175
7,117.38,16,117.39,14:32:01.894811175
7,117.38,17,117.39,14:32:01.898007673
7,117.38,22,117.39,14:32:01.902747855
7,117.38,27,117.39,14:32:01.917283587
7,117.38,22,117.39,14:32:02.000199627
7,117.38,17,117.39,14:32:02.000433249
7,117.38,16,117.39,14:32:02.000549550
13,117.38,16,117.39,14:32:02.000691453
16,117.38,16,117.39,14:32:02.000798638
13,117.38,16,117.39,14:32:02.014075847
7,117.38,16,117.39,14:32:02.014147175
7,117.38,17,117.39,14:32:02.014217165
7,117.38,22,117.39,14:32:02.018288098
8,117.38,22,117.39,14:32:02.038023601
8,117.38,27,117.39,14:32:02.102281952
7,117.38,27,117.39,14:32:02.116990260
2,117.38,27,117.39,14:32:02.117025361
1,117.38,27,117.39,14:32:02.118963334
28,117.37,27,117.39,14:32:02.119056124
28,117.37,30,117.39,14:32:02.119325989
28,117.37,27,117.39,14:32:02.120120331
24,117.37,27,117.39,14:32:02.134991613
24,117.37,1,117.38,14:32:02.135008794
19,117.37,1,117.38,14:32:02.135217110
18,117.37,1,117.38,14:32:02.135617833
18,117.37,2,117.38,14:32:02.135617833
17,117.37,2,117.38,14:32:02.135617833
17,117.37,1,117.38,14:32:02.136511190
17,117.37,4,117.38,14:32:02.136709993
17,117.37,9,117.38,14:32:02.136845887
13,117.37,9,117.38,14:32:02.136845887
13,117.37,15,117.38,14:32:02.141418977
13,117.37,14,117.38,14:32:02.146314910
13,117.37,20,117.38,14:32:02.146520932
13,117.37,23,117.38,14:32:02.146520932
13,117.37,20,117.38,14:32:02.147687526
13,117.37,14,117.38,14:32:02.147687526
14,117.37,14,117.38,14:32:02.148117159
13,117.37,14,117.38,14:32:02.156441341
13,117.37,15,117.38,14:32:02.221575032
13,117.37,14,117.38,14:32:02.231146180
16,117.37,14,117.38,14:32:02.263276130
