bidVolume,bidPrice,askVolume,askPrice,timestamp
72,117.41,23,117.42,08:10:00.001749856
72,117.41,18,117.42,08:10:00.001749856
72,117.41,15,117.42,08:10:00.002174822
72,117.41,8,117.42,08:10:00.002174822
72,117.41,7,117.42,08:10:00.002321191
72,117.41,8,117.42,08:10:00.002401037
80,117.41,8,117.42,08:10:00.002401037
77,117.41,8,117.42,08:10:00.004135304
77,117.41,9,117.42,08:10:00.004365435
69,117.41,9,117.42,08:10:00.004458894
69,117.41,10,117.42,08:10:00.004458894
69,117.41,11,117.42,08:10:00.004458894
71,117.41,11,117.42,08:10:00.004605003
72,117.41,11,117.42,08:10:00.004605003
72,117.41,12,117.42,08:10:00.004677345
72,117.41,13,117.42,08:10:00.005230846
72,117.41,16,117.42,08:10:00.005304359
72,117.41,17,117.42,08:10:00.005867580
73,117.41,17,117.42,08:10:00.022178970
73,117.41,18,117.42,08:10:00.099223937
73,117.41,28,117.42,08:10:00.116055233
72,117.41,28,117.42,08:10:00.138424619
72,117.41,43,117.42,08:10:00.138725694
72,117.41,47,117.42,08:10:00.138739915
72,117.41,51,117.42,08:10:00.138739915
70,117.41,51,117.42,08:10:00.138851624
70,117.41,54,117.42,08:10:00.164422306
70,117.41,53,117.42,08:10:00.243241245
70,117.41,52,117.42,08:10:00.243255344
70,117.41,47,117.42,08:10:00.243333885
70,117.41,46,117.42,08:10:00.243348717
70,117.41,45,117.42,08:10:00.243348717
70,117.41,35,117.42,08:10:00.243415956
70,117.41,20,117.42,08:10:00.243518669
70,117.41,16,117.42,08:10:00.243518669
70,117.41,12,117.42,08:10:00.243587754
78,117.41,12,117.42,08:10:00.243587754
80,117.41,12,117.42,08:10:00.243658272
72,117.41,12,117.42,08:10:00.243733299
72,117.41,14,117.42,08:10:00.269219845
70,117.41,14,117.42,08:10:00.272193736
70,117.41,22,117.42,08:10:00.272470637
70,117.41,24,117.42,08:10:00.272536343
70,117.41,25,117.42,08:10:00.288905413
70,117.41,26,117.42,08:10:00.288981733
70,117.41,30,117.42,08:10:00.289054199
68,117.41,30,117.42,08:10:00.289129591
68,117.41,31,117.42,08:10:00.289581876
68,117.41,32,117.42,08:10:00.289944557
68,117.41,31,117.42,08:10:00.293108500
68,117.41,30,117.42,08:10:00.293174478
68,117.41,31,117.42,08:10:00.333982029
68,117.41,32,117.42,08:10:00.376603808
68,117.41,42,117.42,08:10:00.376824877
67,117.41,42,117.42,08:10:01.077954678
67,117.41,41,117.42,08:10:01.908111608
67,117.41,37,117.42,08:10:01.908283291
67,117.41,40,117.42,08:10:01.908605707
67,117.41,38,117.42,08:10:01.908779918
67,117.41,39,117.42,08:10:02.143164291
70,117.41,39,117.42,08:10:02.578464750
70,117.41,42,117.42,08:10:03.563625631
70,117.41,39,117.42,08:10:03.569181322
65,117.41,39,117.42,08:10:05.410594202
62,117.41,39,117.42,08:10:05.410847763
58,117.41,39,117.42,08:10:05.410862119
54,117.41,39,117.42,08:10:05.410882698
53,117.41,39,117.42,08:10:05.410896659
46,117.41,39,117.42,08:10:05.410912675
45,117.41,39,117.42,08:10:05.410912675
43,117.41,39,117.42,08:10:05.410912675
41,117.41,39,117.42,08:10:05.410912675
39,117.41,39,117.42,08:10:05.410994316
38,117.41,39,117.42,08:10:05.410994316
36,117.41,39,117.42,08:10:05.411008367
35,117.41,39,117.42,08:10:05.411242790
26,117.41,39,117.42,08:10:05.411257315
19,117.41,39,117.42,08:10:05.411257315
10,117.41,39,117.42,08:10:05.411257315
9,117.41,39,117.42,08:10:05.411296873
7,117.41,39,117.42,08:10:05.411312208
5,117.41,39,117.42,08:10:05.411312208
4,117.41,39,117.42,08:10:05.411312208
3,117.41,39,117.42,08:10:05.411325878
113,117.4,39,117.42,08:10:05.411343901
113,117.4,30,117.41,08:10:05.411343901
105,117.4,30,117.41,08:10:05.411377635
104,117.4,30,117.41,08:10:05.411393824
98,117.4,30,117.41,08:10:05.411412640
96,117.4,30,117.41,08:10:05.411683417
95,117.4,30,117.41,08:10:05.411683417
95,117.4,31,117.41,08:10:05.411683417
95,117.4,32,117.41,08:10:05.411683417
95,117.4,35,117.41,08:10:05.411717072
88,117.4,35,117.41,08:10:05.411732953
86,117.4,35,117.41,08:10:05.411745846
86,117.4,38,117.41,08:10:05.411826184
81,117.4,38,117.41,08:10:05.412063500
81,117.4,39,117.41,08:10:05.412093596
94,117.4,39,117.41,08:10:05.412167794
89,117.4,39,117.41,08:10:05.412360386
92,117.4,39,117.41,08:10:05.421819238
91,117.4,39,117.41,08:10:05.437805587
89,117.4,39,117.41,08:10:05.437907872
87,117.4,39,117.41,08:10:05.437907872
81,117.4,39,117.41,08:10:05.437922595
80,117.4,39,117.41,08:10:05.437922595
80,117.4,54,117.41,08:10:05.438089354
80,117.4,64,117.41,08:10:05.438187743
80,117.4,67,117.41,08:10:05.438292348
77,117.4,67,117.41,08:10:05.438292348
77,117.4,72,117.41,08:10:05.438292348
77,117.4,80,117.41,08:10:05.438292348
77,117.4,83,117.41,08:10:05.438309516
77,117.4,87,117.41,08:10:05.438368733
77,117.4,79,117.41,08:10:05.438432736
81,117.4,79,117.41,08:10:05.448625635
81,117.4,80,117.41,08:10:05.451686505
81,117.4,83,117.41,08:10:05.451882787
89,117.4,83,117.41,08:10:05.587454384
105,117.4,83,117.41,08:10:05.591629219
105,117.4,68,117.41,08:10:05.591874507
105,117.4,65,117.41,08:10:05.592051260
108,117.4,65,117.41,08:10:05.592135116
108,117.4,61,117.41,08:10:05.592135116
108,117.4,51,117.41,08:10:05.592314418
117,117.4,51,117.41,08:10:05.594310615
134,117.4,51,117.41,08:10:05.597282270
152,117.4,51,117.41,08:10:05.601486105
152,117.4,48,117.41,08:10:05.601693165
152,117.4,43,117.41,08:10:05.602983992
152,117.4,42,117.41,08:10:05.603108453
152,117.4,43,117.41,08:10:05.687546137
152,117.4,45,117.41,08:10:05.687711335
152,117.4,48,117.41,08:10:05.687931472
152,117.4,49,117.41,08:10:05.688081027
152,117.4,48,117.41,08:10:05.734874306
152,117.4,55,117.41,08:10:05.855332473
152,117.4,56,117.41,08:10:05.855514473
152,117.4,57,117.41,08:10:05.855579350
151,117.4,57,117.41,08:10:06.185024686
148,117.4,57,117.41,08:10:06.185198434
148,117.4,56,117.41,08:10:06.611569671
148,117.4,54,117.41,08:10:07.202288074
148,117.4,51,117.41,08:10:07.316055239
148,117.4,50,117.41,08:10:07.316297926
147,117.4,50,117.41,08:10:07.344777794
147,117.4,52,117.41,08:10:07.344979132
147,117.4,53,117.41,08:10:07.345048664
147,117.4,26,117.41,08:10:07.643541506
147,117.4,25,117.41,08:10:07.643721185
129,117.4,25,117.41,08:10:07.643916276
129,117.4,24,117.41,08:10:07.643916276
129,117.4,21,117.41,08:10:07.644080513
129,117.4,18,117.41,08:10:07.644097015
129,117.4,17,117.41,08:10:07.644097015
129,117.4,14,117.41,08:10:07.644097015
129,117.4,13,117.41,08:10:07.644097015
129,117.4,12,117.41,08:10:07.644114160
129,117.4,9,117.41,08:10:07.644114160
129,117.4,7,117.41,08:10:07.644114160
129,117.4,2,117.41,08:10:07.644446644
129,117.4,114,117.42,08:10:07.644477156
10,117.41,114,117.42,08:10:07.644477156
19,117.41,114,117.42,08:10:07.644477156
35,117.41,114,117.42,08:10:07.644477156
43,117.41,114,117.42,08:10:07.644477156
49,117.41,114,117.42,08:10:07.644495040
49,117.41,110,117.42,08:10:07.644495040
49,117.41,100,117.42,08:10:07.644495040
52,117.41,100,117.42,08:10:07.644495040
52,117.41,94,117.42,08:10:07.644572633
52,117.41,84,117.42,08:10:07.644801789
52,117.41,87,117.42,08:10:07.644820896
42,117.41,87,117.42,08:10:07.644820896
40,117.41,87,117.42,08:10:07.644820896
33,117.41,87,117.42,08:10:07.644835412
24,117.41,87,117.42,08:10:07.644835412
17,117.41,87,117.42,08:10:07.644850541
12,117.41,87,117.42,08:10:07.644865597
9,117.41,87,117.42,08:10:07.644943683
3,117.41,87,117.42,08:10:07.644961241
1,117.41,87,117.42,08:10:07.644987177
2,117.41,87,117.42,08:10:07.645058048
1,117.41,87,117.42,08:10:07.645210816
99,117.4,87,117.42,08:10:07.645230483
99,117.4,1,117.41,08:10:07.645230483
99,117.4,2,117.41,08:10:07.645230483
99,117.4,3,117.41,08:10:07.645243270
99,117.4,11,117.41,08:10:07.645353883
89,117.4,11,117.41,08:10:07.645535465
79,117.4,11,117.41,08:10:07.645553228
79,117.4,12,117.41,08:10:07.645687337
79,117.4,11,117.41,08:10:07.645687337
79,117.4,3,117.41,08:10:07.645687337
79,117.4,2,117.41,08:10:07.645782854
83,117.4,2,117.41,08:10:07.645878863
83,117.4,5,117.41,08:10:07.645878863
83,117.4,2,117.41,08:10:07.658557264
83,117.4,5,117.41,08:10:07.658904551
83,117.4,6,117.41,08:10:07.659139539
83,117.4,3,117.41,08:10:07.661586804
83,117.4,2,117.41,08:10:07.664803636
83,117.4,1,117.41,08:10:07.664888013
83,117.4,86,117.42,08:10:07.664902797
2,117.41,86,117.42,08:10:07.664964618
3,117.41,86,117.42,08:10:07.665041524
4,117.41,86,117.42,08:10:07.665385103
5,117.41,86,117.42,08:10:07.665385103
3,117.41,86,117.42,08:10:07.665405478
2,117.41,86,117.42,08:10:07.665405478
2,117.41,83,117.42,08:10:07.665405478
5,117.41,83,117.42,08:10:07.665561271
2,117.41,83,117.42,08:10:07.665711351
3,117.41,83,117.42,08:10:07.666108712
6,117.41,83,117.42,08:10:07.666127557
18,117.41,83,117.42,08:10:07.666233445
22,117.41,83,117.42,08:10:07.666233445
23,117.41,83,117.42,08:10:07.666513788
23,117.41,81,117.42,08:10:07.666513788
24,117.41,81,117.42,08:10:07.666678626
23,117.41,81,117.42,08:10:07.667646369
22,117.41,81,117.42,08:10:07.669294787
21,117.41,81,117.42,08:10:07.669294787
20,117.41,81,117.42,08:10:07.669294787
17,117.41,81,117.42,08:10:07.669628211
16,117.41,81,117.42,08:10:07.670030629
12,117.41,81,117.42,08:10:07.670250919
1,117.41,81,117.42,08:10:07.670250919
1,117.41,90,117.42,08:10:07.670331147
3,117.41,90,117.42,08:10:07.672674608
4,117.41,90,117.42,08:10:07.672839327
5,117.41,90,117.42,08:10:07.673222648
8,117.41,90,117.42,08:10:07.673717348
9,117.41,90,117.42,08:10:07.676744710
9,117.41,76,117.42,08:10:07.676860949
8,117.41,76,117.42,08:10:07.677624235
6,117.41,76,117.42,08:10:07.679172256
8,117.41,76,117.42,08:10:07.679403881
9,117.41,76,117.42,08:10:07.679516968
11,117.41,76,117.42,08:10:07.679669849
15,117.41,76,117.42,08:10:07.679762898
16,117.41,76,117.42,08:10:07.679762898
16,117.41,74,117.42,08:10:07.679914700
27,117.41,74,117.42,08:10:07.680009170
27,117.41,59,117.42,08:10:07.680009170
27,117.41,54,117.42,08:10:07.680009170
27,117.41,45,117.42,08:10:07.680099077
31,117.41,45,117.42,08:10:07.680207868
31,117.41,44,117.42,08:10:07.680368164
43,117.41,44,117.42,08:10:07.680466537
47,117.41,44,117.42,08:10:07.680481701
49,117.41,44,117.42,08:10:07.684579870
49,117.41,41,117.42,08:10:07.685052235
57,117.41,41,117.42,08:10:07.685141348
59,117.41,41,117.42,08:10:07.685141348
59,117.41,42,117.42,08:10:07.686003959
59,117.41,43,117.42,08:10:07.686074505
59,117.41,42,117.42,08:10:07.686179721
59,117.41,41,117.42,08:10:07.686283773
57,117.41,41,117.42,08:10:07.686391283
49,117.41,41,117.42,08:10:07.686467008
49,117.41,43,117.42,08:10:07.686631769
49,117.41,44,117.42,08:10:07.686631769
49,117.41,43,117.42,08:10:07.687626503
49,117.41,41,117.42,08:10:07.687994673
38,117.41,41,117.42,08:10:07.691260254
34,117.41,41,117.42,08:10:07.691337339
34,117.41,44,117.42,08:10:07.691426228
34,117.41,41,117.42,08:10:07.693789817
34,117.41,43,117.42,08:10:07.696437072
34,117.41,44,117.42,08:10:07.696767731
33,117.41,44,117.42,08:10:07.698779933
32,117.41,44,117.42,08:10:07.698884458
29,117.41,44,117.42,08:10:07.698898637
28,117.41,44,117.42,08:10:07.698898637
26,117.41,44,117.42,08:10:07.698898637
25,117.41,44,117.42,08:10:07.698913098
23,117.41,44,117.42,08:10:07.698913098
11,117.41,44,117.42,08:10:07.699062493
7,117.41,44,117.42,08:10:07.699062493
6,117.41,44,117.42,08:10:07.699274679
9,117.41,44,117.42,08:10:07.699382955
5,117.41,44,117.42,08:10:07.699397982
6,117.41,44,117.42,08:10:07.699581974
14,117.41,44,117.42,08:10:07.699685475
15,117.41,44,117.42,08:10:07.699761840
16,117.41,44,117.42,08:10:07.709508595
15,117.41,44,117.42,08:10:07.730142975
14,117.41,44,117.42,08:10:07.730299926
15,117.41,44,117.42,08:10:07.739443694
19,117.41,44,117.42,08:10:07.758091676
21,117.41,44,117.42,08:10:07.759881766
17,117.41,44,117.42,08:10:07.762593016
16,117.41,44,117.42,08:10:07.773988375
16,117.41,57,117.42,08:10:07.778947087
16,117.41,70,117.42,08:10:07.780123780
16,117.41,79,117.42,08:10:07.780344702
15,117.41,79,117.42,08:10:07.780415642
14,117.41,79,117.42,08:10:07.780597591
11,117.41,79,117.42,08:10:07.816282210
23,117.41,79,117.42,08:10:07.840077848
27,117.41,79,117.42,08:10:07.840178207
30,117.41,79,117.42,08:10:07.840246891
30,117.41,66,117.42,08:10:07.840462037
31,117.41,66,117.42,08:10:07.840810174
32,117.41,66,117.42,08:10:07.840969623
31,117.41,66,117.42,08:10:07.841091364
33,117.41,66,117.42,08:10:07.891668356
34,117.41,66,117.42,08:10:08.003811066
35,117.41,66,117.42,08:10:08.003985415
37,117.41,66,117.42,08:10:08.004050199
37,117.41,67,117.42,08:10:08.058634496
36,117.41,67,117.42,08:10:08.058816061
34,117.41,67,117.42,08:10:08.058885114
33,117.41,67,117.42,08:10:08.058984925
30,117.41,67,117.42,08:10:08.685191642
30,117.41,80,117.42,08:10:08.685350959
18,117.41,80,117.42,08:10:08.686471682
14,117.41,80,117.42,08:10:08.686538901
11,117.41,80,117.42,08:10:08.686704446
6,117.41,80,117.42,08:10:08.686896487
5,117.41,80,117.42,08:10:08.686993505
3,117.41,80,117.42,08:10:08.698041917
11,117.41,80,117.42,08:10:08.730708897
24,117.41,80,117.42,08:10:08.790834652
11,117.41,80,117.42,08:10:09.101736293
3,117.41,80,117.42,08:10:09.101917186
6,117.41,80,117.42,08:10:09.104002317
3,117.41,80,117.42,08:10:09.106140355
5,117.41,80,117.42,08:10:09.107071996
6,117.41,80,117.42,08:10:09.107587843
5,117.41,80,117.42,08:10:09.113675799
3,117.41,80,117.42,08:10:09.114105533
10,117.41,80,117.42,08:10:09.270558306
23,117.41,80,117.42,08:10:09.270710008
23,117.41,81,117.42,08:10:09.355015492
10,117.41,81,117.42,08:10:09.355155186
23,117.41,81,117.42,08:10:09.619544443
24,117.41,81,117.42,08:10:09.685293395
24,117.41,82,117.42,08:10:10.353271089
32,117.41,82,117.42,08:10:10.405232617
32,117.41,83,117.42,08:10:10.825910286
32,117.41,70,117.42,08:10:11.086470078
32,117.41,61,117.42,08:10:11.086592993
35,117.41,61,117.42,08:10:11.086592993
35,117.41,48,117.42,08:10:11.086700804
47,117.41,48,117.42,08:10:11.086700804
55,117.41,48,117.42,08:10:11.086811710
58,117.41,48,117.42,08:10:11.086840993
61,117.41,48,117.42,08:10:11.086858619
62,117.41,48,117.42,08:10:11.086858619
63,117.41,48,117.42,08:10:11.086858619
67,117.41,48,117.42,08:10:11.086985488
69,117.41,48,117.42,08:10:11.087088183
61,117.41,48,117.42,08:10:11.087088183
61,117.41,47,117.42,08:10:11.087430458
61,117.41,48,117.42,08:10:11.114372426
62,117.41,48,117.42,08:10:11.137037620
62,117.41,47,117.42,08:10:11.138372557
62,117.41,45,117.42,08:10:11.138520323
62,117.41,46,117.42,08:10:11.665751469
62,117.41,48,117.42,08:10:11.665887152
60,117.41,48,117.42,08:10:11.669403011
57,117.41,48,117.42,08:10:11.669576324
56,117.41,48,117.42,08:10:11.669643005
44,117.41,48,117.42,08:10:11.669748349
41,117.41,48,117.42,08:10:11.669813168
43,117.41,48,117.42,08:10:11.673521728
44,117.41,48,117.42,08:10:11.673586041
43,117.41,48,117.42,08:10:12.245286182
41,117.41,48,117.42,08:10:12.313001269
42,117.41,48,117.42,08:10:12.413837928
43,117.41,48,117.42,08:10:12.413976618
44,117.41,48,117.42,08:10:12.414178615
57,117.41,48,117.42,08:10:12.685511181
57,117.41,46,117.42,08:10:12.685673881
57,117.41,45,117.42,08:10:12.685735504
58,117.41,45,117.42,08:10:12.723248978
57,117.41,45,117.42,08:10:12.795055337
55,117.41,45,117.42,08:10:12.795148755
51,117.41,45,117.42,08:10:12.795148755
51,117.41,48,117.42,08:10:12.795338361
38,117.41,48,117.42,08:10:12.795338361
38,117.41,58,117.42,08:10:12.795404966
37,117.41,58,117.42,08:10:12.795480262
38,117.41,58,117.42,08:10:12.822508044
39,117.41,58,117.42,08:10:12.822658434
50,117.41,58,117.42,08:10:12.826879438
50,117.41,48,117.42,08:10:12.827019054
49,117.41,48,117.42,08:10:12.827824426
49,117.41,45,117.42,08:10:12.875199821
49,117.41,46,117.42,08:10:12.875368323
49,117.41,45,117.42,08:10:12.875877158
62,117.41,45,117.42,08:10:12.895733250
62,117.41,46,117.42,08:10:13.068881193
62,117.41,47,117.42,08:10:13.068943784
62,117.41,48,117.42,08:10:13.069014620
49,117.41,48,117.42,08:10:13.705532662
48,117.41,48,117.42,08:10:13.705667437
48,117.41,63,117.42,08:10:13.705828128
47,117.41,63,117.42,08:10:13.705961787
46,117.41,63,117.42,08:10:13.706717479
42,117.41,63,117.42,08:10:13.710538690
42,117.41,73,117.42,08:10:13.713947615
43,117.41,73,117.42,08:10:14.088041940
46,117.41,73,117.42,08:10:17.387619190
46,117.41,58,117.42,08:10:17.457681081
50,117.41,58,117.42,08:10:17.457896144
65,117.41,58,117.42,08:10:17.458028909
65,117.41,57,117.42,08:10:17.458225369
65,117.41,56,117.42,08:10:17.458303136
65,117.41,46,117.42,08:10:17.458303136
65,117.41,45,117.42,08:10:17.458374368
65,117.41,48,117.42,08:10:17.463713406
62,117.41,48,117.42,08:10:17.998633609
47,117.41,48,117.42,08:10:17.999080738
46,117.41,48,117.42,08:10:18.029962600
46,117.41,54,117.42,08:10:18.030113943
46,117.41,58,117.42,08:10:18.030188142
48,117.41,58,117.42,08:10:18.228731741
49,117.41,58,117.42,08:10:18.228898967
64,117.41,58,117.42,08:10:18.542540760
64,117.41,55,117.42,08:10:18.542612638
64,117.41,51,117.42,08:10:18.542612638
64,117.41,45,117.42,08:10:18.542676722
66,117.41,45,117.42,08:10:18.610150586
66,117.41,44,117.42,08:10:18.691077284
66,117.41,43,117.42,08:10:18.691148445
66,117.41,40,117.42,08:10:18.691148445
66,117.41,36,117.42,08:10:18.691219374
66,117.41,28,117.42,08:10:18.693405173
66,117.41,27,117.42,08:10:18.693513736
68,117.41,27,117.42,08:10:18.693703486
76,117.41,27,117.42,08:10:18.693777016
68,117.41,27,117.42,08:10:18.695271587
70,117.41,27,117.42,08:10:18.695725633
70,117.41,28,117.42,08:10:18.753123923
70,117.41,29,117.42,08:10:18.753190899
70,117.41,30,117.42,08:10:18.753335638
70,117.41,31,117.42,08:10:18.753408614
70,117.41,30,117.42,08:10:18.776345405
70,117.41,29,117.42,08:10:18.776512067
70,117.41,28,117.42,08:10:18.776579116
70,117.41,27,117.42,08:10:18.781177678
71,117.41,27,117.42,08:10:18.977420691
71,117.41,25,117.42,08:10:18.977571894
71,117.41,26,117.42,08:10:19.224983233
71,117.41,27,117.42,08:10:19.225199383
71,117.41,29,117.42,08:10:19.234828552
71,117.41,30,117.42,08:10:19.593093533
71,117.41,31,117.42,08:10:19.593274311
71,117.41,30,117.42,08:10:19.594573227
71,117.41,29,117.42,08:10:19.594715881
121,117.41,29,117.42,08:10:19.627689913
121,117.41,28,117.42,08:10:19.628047544
121,117.41,27,117.42,08:10:19.628047544
121,117.41,26,117.42,08:10:19.628047544
121,117.41,25,117.42,08:10:19.628259841
121,117.41,24,117.42,08:10:19.628259841
121,117.41,23,117.42,08:10:19.628273947
121,117.41,22,117.42,08:10:19.628484814
121,117.41,19,117.42,08:10:19.628504734
121,117.41,17,117.42,08:10:19.628504734
121,117.41,16,117.42,08:10:19.628504734
121,117.41,13,117.42,08:10:19.628504734
121,117.41,9,117.42,08:10:19.628518904
121,117.41,8,117.42,08:10:19.628518904
121,117.41,7,117.42,08:10:19.628518904
121,117.41,6,117.42,08:10:19.628641787
121,117.41,5,117.42,08:10:19.628641787
121,117.41,4,117.42,08:10:19.628659611
121,117.41,3,117.42,08:10:19.628659611
121,117.41,2,117.42,08:10:19.628676194
121,117.41,139,117.43,08:10:19.628676194
121,117.41,134,117.43,08:10:19.628858606
121,117.41,128,117.43,08:10:19.628858606
15,117.42,128,117.43,08:10:19.628877896
18,117.42,128,117.43,08:10:19.628877896
18,117.42,124,117.43,08:10:19.628907294
26,117.42,124,117.43,08:10:19.628927053
27,117.42,124,117.43,08:10:19.629032277
42,117.42,124,117.43,08:10:19.629050103
46,117.42,124,117.43,08:10:19.629113629
46,117.42,114,117.43,08:10:19.629259435
46,117.42,113,117.43,08:10:19.629259435
46,117.42,112,117.43,08:10:19.629275380
47,117.42,112,117.43,08:10:19.629275380
39,117.42,112,117.43,08:10:19.629393002
40,117.42,112,117.43,08:10:19.629410343
40,117.42,109,117.43,08:10:19.629643984
40,117.42,107,117.43,08:10:19.629711988
25,117.42,107,117.43,08:10:19.640171811
24,117.42,107,117.43,08:10:19.640316141
35,117.42,107,117.43,08:10:19.647008255
36,117.42,107,117.43,08:10:19.650552918
36,117.42,90,117.43,08:10:19.651892882
37,117.42,90,117.43,08:10:19.652044904
36,117.42,90,117.43,08:10:19.652954506
35,117.42,90,117.43,08:10:19.653108170
29,117.42,90,117.43,08:10:19.654274095
36,117.42,90,117.43,08:10:19.665452786
37,117.42,90,117.43,08:10:19.688412197
36,117.42,90,117.43,08:10:19.691394354
36,117.42,100,117.43,08:10:19.729551185
37,117.42,100,117.43,08:10:19.820235968
34,117.42,100,117.43,08:10:19.888096748
26,117.42,100,117.43,08:10:19.888182703
22,117.42,100,117.43,08:10:19.888182703
15,117.42,100,117.43,08:10:19.888378089
14,117.42,100,117.43,08:10:19.888500066
13,117.42,100,117.43,08:10:19.888500066
10,117.42,100,117.43,08:10:19.888500066
10,117.42,102,117.43,08:10:19.888597935
9,117.42,102,117.43,08:10:19.888612677
4,117.42,102,117.43,08:10:19.888707311
5,117.42,102,117.43,08:10:19.888829989
4,117.42,102,117.43,08:10:19.888967771
3,117.42,102,117.43,08:10:19.889063678
4,117.42,102,117.43,08:10:19.889214411
5,117.42,102,117.43,08:10:19.889214411
6,117.42,102,117.43,08:10:19.889310928
6,117.42,110,117.43,08:10:19.889754154
7,117.42,110,117.43,08:10:19.889846628
8,117.42,110,117.43,08:10:19.889992513
9,117.42,110,117.43,08:10:19.890359735
17,117.42,110,117.43,08:10:19.890512759
18,117.42,110,117.43,08:10:19.890580051
22,117.42,110,117.43,08:10:19.890735123
21,117.42,110,117.43,08:10:19.892130380
17,117.42,110,117.43,08:10:19.892208783
16,117.42,110,117.43,08:10:19.892289096
15,117.42,110,117.43,08:10:19.892289096
14,117.42,110,117.43,08:10:19.892355797
6,117.42,110,117.43,08:10:19.893145278
10,117.42,110,117.43,08:10:19.893213995
11,117.42,110,117.43,08:10:19.893456090
12,117.42,110,117.43,08:10:19.894673180
13,117.42,110,117.43,08:10:19.894774005
14,117.42,110,117.43,08:10:19.895075791
15,117.42,110,117.43,08:10:19.895149970
16,117.42,110,117.43,08:10:19.895261970
19,117.42,110,117.43,08:10:19.895329452
20,117.42,110,117.43,08:10:19.896033966
17,117.42,110,117.43,08:10:19.912083682
16,117.42,110,117.43,08:10:19.912230802
15,117.42,110,117.43,08:10:19.912372213
14,117.42,110,117.43,08:10:19.913679367
13,117.42,110,117.43,08:10:19.913751597
12,117.42,110,117.43,08:10:19.913872237
11,117.42,110,117.43,08:10:19.913872237
10,117.42,110,117.43,08:10:19.913948307
9,117.42,110,117.43,08:10:19.913948307
8,117.42,110,117.43,08:10:19.914062893
7,117.42,110,117.43,08:10:19.914145587
6,117.42,110,117.43,08:10:19.914145587
5,117.42,110,117.43,08:10:19.914248176
6,117.42,110,117.43,08:10:19.914360115
7,117.42,110,117.43,08:10:19.914863731
6,117.42,110,117.43,08:10:19.937567117
4,117.42,110,117.43,08:10:19.937634905
3,117.42,110,117.43,08:10:19.937769139
2,117.42,110,117.43,08:10:19.937769139
129,117.41,110,117.43,08:10:19.937837136
1,117.42,110,117.43,08:10:19.937998336
1,117.42,111,117.43,08:10:19.938195774
1,117.42,112,117.43,08:10:19.938195774
4,117.42,112,117.43,08:10:19.938310523
14,117.42,112,117.43,08:10:19.938547660
19,117.42,112,117.43,08:10:19.938628889
19,117.42,111,117.43,08:10:19.938809352
20,117.42,111,117.43,08:10:19.938891464
21,117.42,111,117.43,08:10:19.943452714
22,117.42,111,117.43,08:10:19.943598045
21,117.42,111,117.43,08:10:19.943740093
21,117.42,110,117.43,08:10:19.988852232
22,117.42,110,117.43,08:10:19.989241790
25,117.42,110,117.43,08:10:19.989306222
24,117.42,110,117.43,08:10:19.995348092
26,117.42,110,117.43,08:10:20.056565383
24,117.42,110,117.43,08:10:20.062747589
25,117.42,110,117.43,08:10:20.435012703
27,117.42,110,117.43,08:10:20.435754929
27,117.42,95,117.43,08:10:20.435856353
28,117.42,95,117.43,08:10:20.436115511
27,117.42,95,117.43,08:10:20.465962273
25,117.42,95,117.43,08:10:20.549672761
27,117.42,95,117.43,08:10:20.737029638
31,117.42,95,117.43,08:10:20.737092943
32,117.42,95,117.43,08:10:20.737203974
31,117.42,95,117.43,08:10:20.741509940
27,117.42,95,117.43,08:10:20.741578260
25,117.42,95,117.43,08:10:20.741697559
22,117.42,95,117.43,08:10:20.742574903
21,117.42,95,117.43,08:10:20.742904818
22,117.42,95,117.43,08:10:20.762994473
21,117.42,95,117.43,08:10:20.763632924
22,117.42,95,117.43,08:10:21.062446309
23,117.42,95,117.43,08:10:21.136828394
23,117.42,96,117.43,08:10:21.548990678
23,117.42,95,117.43,08:10:22.402370592
22,117.42,95,117.43,08:10:22.402562836
21,117.42,95,117.43,08:10:22.408353311
22,117.42,95,117.43,08:10:22.507936812
24,117.42,95,117.43,08:10:22.508112162
27,117.42,95,117.43,08:10:22.508198953
28,117.42,95,117.43,08:10:22.508198953
29,117.42,95,117.43,08:10:22.508286290
27,117.42,95,117.43,08:10:22.678033081
26,117.42,95,117.43,08:10:22.678217164
25,117.42,95,117.43,08:10:22.678285743
24,117.42,95,117.43,08:10:22.699771739
21,117.42,95,117.43,08:10:22.700085571
11,117.42,95,117.43,08:10:22.700100756
6,117.42,95,117.43,08:10:22.700100756
5,117.42,95,117.43,08:10:22.700100756
4,117.42,95,117.43,08:10:22.700100756
1,117.42,95,117.43,08:10:22.700158146
151,117.41,95,117.43,08:10:22.700172147
150,117.41,95,117.43,08:10:22.700172147
137,117.41,95,117.43,08:10:22.700187375
136,117.41,95,117.43,08:10:22.700187375
128,117.41,95,117.43,08:10:22.700187375
125,117.41,95,117.43,08:10:22.700200569
124,117.41,95,117.43,08:10:22.700493738
123,117.41,95,117.43,08:10:22.700507030
122,117.41,95,117.43,08:10:22.700522070
121,117.41,95,117.43,08:10:22.700522070
117,117.41,95,117.43,08:10:22.700522070
115,117.41,95,117.43,08:10:22.700572880
114,117.41,95,117.43,08:10:22.700585981
110,117.41,95,117.43,08:10:22.700602125
110,117.41,104,117.43,08:10:22.700602125
103,117.41,104,117.43,08:10:22.700621994
95,117.41,104,117.43,08:10:22.700621994
95,117.41,2,117.42,08:10:22.700640973
95,117.41,3,117.42,08:10:22.700659952
95,117.41,7,117.42,08:10:22.700659952
95,117.41,15,117.42,08:10:22.700659952
96,117.41,15,117.42,08:10:22.700677968
97,117.41,15,117.42,08:10:22.700711776
97,117.41,19,117.42,08:10:22.700711776
97,117.41,22,117.42,08:10:22.700911424
97,117.41,27,117.42,08:10:22.700911424
97,117.41,30,117.42,08:10:22.700933372
101,117.41,30,117.42,08:10:22.700933372
103,117.41,30,117.42,08:10:22.700933372
103,117.41,31,117.42,08:10:22.700933372
103,117.41,23,117.42,08:10:22.700948157
104,117.41,23,117.42,08:10:22.700979051
102,117.41,23,117.42,08:10:22.700995768
92,117.41,23,117.42,08:10:22.701047768
92,117.41,26,117.42,08:10:22.701047768
92,117.41,23,117.42,08:10:22.701047768
92,117.41,33,117.42,08:10:22.701201065
92,117.41,36,117.42,08:10:22.701480208
92,117.41,44,117.42,08:10:22.701612307
92,117.41,49,117.42,08:10:22.702103489
91,117.41,49,117.42,08:10:22.708531266
99,117.41,49,117.42,08:10:22.710466900
103,117.41,49,117.42,08:10:22.710531239
92,117.41,49,117.42,08:10:22.729357163
90,117.41,49,117.42,08:10:22.729590912
89,117.41,49,117.42,08:10:22.729590912
90,117.41,49,117.42,08:10:22.733856617
91,117.41,49,117.42,08:10:22.733917561
92,117.41,49,117.42,08:10:22.734021751
91,117.41,49,117.42,08:10:22.739686061
90,117.41,49,117.42,08:10:22.740056503
98,117.41,49,117.42,08:10:22.740172148
100,117.41,49,117.42,08:10:22.740319351
103,117.41,49,117.42,08:10:22.741263837
103,117.41,41,117.42,08:10:22.741404367
100,117.41,41,117.42,08:10:22.742928773
92,117.41,41,117.42,08:10:22.742999578
88,117.41,41,117.42,08:10:22.742999578
86,117.41,41,117.42,08:10:22.743185133
85,117.41,41,117.42,08:10:22.743261608
83,117.41,41,117.42,08:10:22.744459606
83,117.41,51,117.42,08:10:22.745036367
83,117.41,55,117.42,08:10:22.745140799
82,117.41,55,117.42,08:10:22.745213810
78,117.41,55,117.42,08:10:22.745358789
70,117.41,55,117.42,08:10:22.750994688
62,117.41,55,117.42,08:10:22.751060630
62,117.41,45,117.42,08:10:22.759310539
62,117.41,41,117.42,08:10:22.759378120
62,117.41,43,117.42,08:10:22.759454504
61,117.41,43,117.42,08:10:22.760071751
56,117.41,43,117.42,08:10:22.760144730
56,117.41,51,117.42,08:10:22.760211409
57,117.41,51,117.42,08:10:22.790918576
58,117.41,51,117.42,08:10:22.791268250
59,117.41,51,117.42,08:10:22.791759391
59,117.41,43,117.42,08:10:22.791975318
59,117.41,41,117.42,08:10:22.792054188
59,117.41,36,117.42,08:10:22.792158772
59,117.41,26,117.42,08:10:22.792158772
58,117.41,26,117.42,08:10:22.792158772
58,117.41,34,117.42,08:10:22.792296546
62,117.41,34,117.42,08:10:22.792372514
63,117.41,34,117.42,08:10:22.792372514
63,117.41,35,117.42,08:10:22.927648975
62,117.41,35,117.42,08:10:23.793947126
62,117.41,50,117.42,08:10:23.794023717
61,117.41,50,117.42,08:10:23.794023717
60,117.41,50,117.42,08:10:23.794023717
60,117.41,60,117.42,08:10:23.794104108
60,117.41,64,117.42,08:10:23.794104108
56,117.41,64,117.42,08:10:23.794173669
56,117.41,66,117.42,08:10:23.794315122
56,117.41,76,117.42,08:10:23.795592817
54,117.41,76,117.42,08:10:23.796506269
54,117.41,66,117.42,08:10:23.813602716
54,117.41,62,117.42,08:10:23.817300998
63,117.41,62,117.42,08:10:23.817405810
63,117.41,47,117.42,08:10:23.817495417
63,117.41,37,117.42,08:10:23.817495417
70,117.41,37,117.42,08:10:23.817495417
71,117.41,37,117.42,08:10:23.817628908
75,117.41,37,117.42,08:10:23.817709512
77,117.41,37,117.42,08:10:23.817709512
77,117.41,35,117.42,08:10:23.817826501
75,117.41,35,117.42,08:10:23.818741459
76,117.41,35,117.42,08:10:23.819042065
77,117.41,35,117.42,08:10:23.820344681
76,117.41,35,117.42,08:10:23.852241319
77,117.41,35,117.42,08:10:23.861495662
76,117.41,35,117.42,08:10:23.960263573
75,117.41,35,117.42,08:10:23.960263573
74,117.41,35,117.42,08:10:23.960324658
74,117.41,45,117.42,08:10:23.960428210
74,117.41,60,117.42,08:10:23.960496827
74,117.41,64,117.42,08:10:23.960565547
70,117.41,64,117.42,08:10:24.777855945
70,117.41,74,117.42,08:10:24.777911814
69,117.41,74,117.42,08:10:24.790689242
69,117.41,76,117.42,08:10:24.790863590
60,117.41,76,117.42,08:10:24.804566976
53,117.41,76,117.42,08:10:24.804631587
50,117.41,76,117.42,08:10:24.804752511
51,117.41,76,117.42,08:10:24.860659328
50,117.41,76,117.42,08:10:24.981139495
49,117.41,76,117.42,08:10:24.991360378
47,117.41,76,117.42,08:10:24.991461437
47,117.41,78,117.42,08:10:24.992903077
47,117.41,80,117.42,08:10:24.996865646
48,117.41,80,117.42,08:10:25.000793828
47,117.41,80,117.42,08:10:25.001641200
48,117.41,80,117.42,08:10:25.085304662
48,117.41,78,117.42,08:10:25.085477852
51,117.41,78,117.42,08:10:25.093277381
56,117.41,78,117.42,08:10:27.200256356
56,117.41,70,117.42,08:10:27.200313278
60,117.41,70,117.42,08:10:27.200379361
61,117.41,70,117.42,08:10:27.200454126
63,117.41,70,117.42,08:10:27.200614874
64,117.41,70,117.42,08:10:27.200614874
64,117.41,68,117.42,08:10:27.200614874
64,117.41,53,117.42,08:10:27.200726782
64,117.41,49,117.42,08:10:27.200807930
64,117.41,39,117.42,08:10:27.200807930
64,117.41,37,117.42,08:10:27.201055338
64,117.41,27,117.42,08:10:27.201186285
74,117.41,27,117.42,08:10:27.201270586
80,117.41,27,117.42,08:10:27.201270586
80,117.41,22,117.42,08:10:27.204514132
80,117.41,19,117.42,08:10:27.386008489
81,117.41,19,117.42,08:10:27.386183737
81,117.41,21,117.42,08:10:27.818215452
81,117.41,22,117.42,08:10:27.818356978
81,117.41,23,117.42,08:10:27.822357256
81,117.41,35,117.42,08:10:27.822537259
80,117.41,35,117.42,08:10:27.822609066
80,117.41,38,117.42,08:10:27.822684455
80,117.41,36,117.42,08:10:28.316217007
80,117.41,35,117.42,08:10:28.316397787
80,117.41,31,117.42,08:10:28.316414463
80,117.41,27,117.42,08:10:28.316414463
80,117.41,26,117.42,08:10:28.316414463
80,117.41,23,117.42,08:10:28.316414463
80,117.41,20,117.42,08:10:28.316429746
80,117.41,19,117.42,08:10:28.316429746
80,117.41,17,117.42,08:10:28.316429746
80,117.41,16,117.42,08:10:28.316429746
80,117.41,15,117.42,08:10:28.316429746
80,117.41,13,117.42,08:10:28.316444802
80,117.41,3,117.42,08:10:28.316523788
80,117.41,130,117.43,08:10:28.316601964
90,117.41,130,117.43,08:10:28.316766110
95,117.41,130,117.43,08:10:28.316780460
97,117.41,130,117.43,08:10:28.316780460
98,117.41,130,117.43,08:10:28.316796235
106,117.41,130,117.43,08:10:28.316796235
110,117.41,130,117.43,08:10:28.316796235
120,117.41,130,117.43,08:10:28.316877279
122,117.41,130,117.43,08:10:28.317052910
114,117.41,130,117.43,08:10:28.317052910
114,117.41,3,117.42,08:10:28.320297102
114,117.41,4,117.42,08:10:28.326803090
108,117.41,4,117.42,08:10:28.342561100
108,117.41,7,117.42,08:10:28.342797481
108,117.41,12,117.42,08:10:28.342872786
108,117.41,20,117.42,08:10:28.342872786
108,117.41,23,117.42,08:10:28.342958616
108,117.41,24,117.42,08:10:28.342958616
98,117.41,24,117.42,08:10:28.343041943
98,117.41,36,117.42,08:10:28.343140242
98,117.41,28,117.42,08:10:28.343140242
98,117.41,25,117.42,08:10:28.343232971
96,117.41,25,117.42,08:10:28.343232971
96,117.41,28,117.42,08:10:28.343232971
96,117.41,29,117.42,08:10:28.343319550
96,117.41,28,117.42,08:10:28.343396805
96,117.41,25,117.42,08:10:28.356322095
96,117.41,13,117.42,08:10:28.356388161
96,117.41,14,117.42,08:10:28.356460775
96,117.41,9,117.42,08:10:28.356529503
96,117.41,6,117.42,08:10:28.373092621
96,117.41,11,117.42,08:10:28.461440873
96,117.41,15,117.42,08:10:28.461440873
96,117.41,19,117.42,08:10:28.461506188
96,117.41,22,117.42,08:10:28.461617212
96,117.41,25,117.42,08:10:28.461768580
96,117.41,26,117.42,08:10:28.462004197
96,117.41,38,117.42,08:10:28.462201214
96,117.41,41,117.42,08:10:28.462356949
96,117.41,40,117.42,08:10:28.483085297
96,117.41,37,117.42,08:10:28.513820614
96,117.41,25,117.42,08:10:28.513893417
96,117.41,27,117.42,08:10:28.556744182
96,117.41,35,117.42,08:10:28.748837926
94,117.41,35,117.42,08:10:29.691201288
94,117.41,30,117.42,08:10:30.307569823
94,117.41,27,117.42,08:10:30.307633964
94,117.41,23,117.42,08:10:30.307742780
94,117.41,15,117.42,08:10:30.307821368
94,117.41,14,117.42,08:10:30.308216821
94,117.41,10,117.42,08:10:30.308292020
96,117.41,10,117.42,08:10:30.308292020
98,117.41,10,117.42,08:10:30.308398964
98,117.41,13,117.42,08:10:30.308468648
98,117.41,10,117.42,08:10:30.308545857
98,117.41,7,117.42,08:10:30.308660209
98,117.41,9,117.42,08:10:30.309253191
98,117.41,10,117.42,08:10:30.309253191
98,117.41,14,117.42,08:10:30.309323722
98,117.41,22,117.42,08:10:30.309395024
98,117.41,25,117.42,08:10:30.309734202
98,117.41,24,117.42,08:10:30.310103462
98,117.41,22,117.42,08:10:30.310180720
98,117.41,19,117.42,08:10:30.310420390
98,117.41,15,117.42,08:10:30.311512353
98,117.41,16,117.42,08:10:30.311982599
98,117.41,17,117.42,08:10:30.312044903
98,117.41,16,117.42,08:10:30.312277505
98,117.41,15,117.42,08:10:30.312351002
98,117.41,7,117.42,08:10:30.312524954
98,117.41,9,117.42,08:10:30.312863959
98,117.41,10,117.42,08:10:30.312935933
98,117.41,11,117.42,08:10:30.313018047
98,117.41,12,117.42,08:10:30.313137037
98,117.41,11,117.42,08:10:30.313212550
98,117.41,9,117.42,08:10:30.313282620
98,117.41,8,117.42,08:10:30.314217113
98,117.41,9,117.42,08:10:30.315345284
98,117.41,11,117.42,08:10:30.315423041
98,117.41,9,117.42,08:10:30.315593870
98,117.41,10,117.42,08:10:30.316353942
98,117.41,11,117.42,08:10:30.316353942
98,117.41,14,117.42,08:10:30.316422531
98,117.41,13,117.42,08:10:30.317673151
98,117.41,12,117.42,08:10:30.317744159
98,117.41,9,117.42,08:10:30.317816242
98,117.41,8,117.42,08:10:30.317885653
98,117.41,7,117.42,08:10:30.317961247
98,117.41,8,117.42,08:10:30.335381790
98,117.41,16,117.42,08:10:30.335528039
98,117.41,18,117.42,08:10:30.335861142
98,117.41,19,117.42,08:10:30.335861142
98,117.41,17,117.42,08:10:30.336194204
98,117.41,16,117.42,08:10:30.341516625
98,117.41,15,117.42,08:10:30.345799178
105,117.41,15,117.42,08:10:30.392875811
108,117.41,15,117.42,08:10:30.408200532
108,117.41,14,117.42,08:10:30.490612933
108,117.41,6,117.42,08:10:30.490795003
118,117.41,6,117.42,08:10:30.490870215
118,117.41,5,117.42,08:10:30.549484630
118,117.41,2,117.42,08:10:30.549578783
118,117.41,110,117.43,08:10:30.549578783
128,117.41,110,117.43,08:10:30.550171131
5,117.42,110,117.43,08:10:30.551948253
9,117.42,110,117.43,08:10:30.552262752
13,117.42,110,117.43,08:10:30.552449045
14,117.42,110,117.43,08:10:30.552449045
15,117.42,110,117.43,08:10:30.552700447
15,117.42,109,117.43,08:10:30.573927587
13,117.42,109,117.43,08:10:30.575271837
12,117.42,109,117.43,08:10:30.575455725
8,117.42,109,117.43,08:10:30.575543640
7,117.42,109,117.43,08:10:30.575558527
7,117.42,119,117.43,08:10:30.591860957
7,117.42,120,117.43,08:10:30.826198506
6,117.42,120,117.43,08:10:30.848895476
7,117.42,120,117.43,08:10:31.003039048
8,117.42,120,117.43,08:10:31.025367321
7,117.42,120,117.43,08:10:31.325184038
6,117.42,120,117.43,08:10:32.025598466
7,117.42,120,117.43,08:10:32.427177855
6,117.42,120,117.43,08:10:32.591873079
7,117.42,120,117.43,08:10:32.603310882
6,117.42,120,117.43,08:10:32.659068937
4,117.42,120,117.43,08:10:32.667746046
143,117.41,120,117.43,08:10:32.668317033
142,117.41,120,117.43,08:10:32.687219165
141,117.41,120,117.43,08:10:32.692283683
141,117.41,8,117.42,08:10:32.692441400
141,117.41,9,117.42,08:10:32.692636969
141,117.41,12,117.42,08:10:32.692804524
141,117.41,4,117.42,08:10:32.692878623
131,117.41,4,117.42,08:10:32.692957009
139,117.41,4,117.42,08:10:32.693084092
141,117.41,4,117.42,08:10:32.693084092
141,117.41,5,117.42,08:10:32.826873876
141,117.41,6,117.42,08:10:32.980486247
136,117.41,6,117.42,08:10:37.999921874
136,117.41,11,117.42,08:10:38.000182323
136,117.41,14,117.42,08:10:38.000182323
136,117.41,15,117.42,08:10:38.000277967
136,117.41,23,117.42,08:10:38.000277967
134,117.41,23,117.42,08:10:38.000277967
126,117.41,23,117.42,08:10:38.000277967
126,117.41,38,117.42,08:10:38.000637074
126,117.41,42,117.42,08:10:38.000653791
126,117.41,34,117.42,08:10:38.000653791
126,117.41,19,117.42,08:10:38.011591390
125,117.41,19,117.42,08:10:38.034418958
126,117.41,19,117.42,08:10:38.039232496
126,117.41,14,117.42,08:10:38.046998533
126,117.41,11,117.42,08:10:38.047150071
127,117.41,11,117.42,08:10:39.409595319
127,117.41,7,117.42,08:10:40.218497564
137,117.41,7,117.42,08:10:40.331260837
137,117.41,6,117.42,08:10:40.331412414
132,117.41,6,117.42,08:10:41.074489071
143,117.41,6,117.42,08:10:41.127033691
143,117.41,5,117.42,08:10:41.540688929
143,117.41,4,117.42,08:10:41.540776315
143,117.41,2,117.42,08:10:41.540991154
143,117.41,1,117.42,08:10:41.541150494
143,117.41,114,117.43,08:10:41.541150494
153,117.41,114,117.43,08:10:41.541150494
153,117.41,101,117.43,08:10:41.541150494
163,117.41,101,117.43,08:10:41.541504456
2,117.42,101,117.43,08:10:41.543977167
6,117.42,101,117.43,08:10:41.544173381
10,117.42,101,117.43,08:10:41.544250545
10,117.42,100,117.43,08:10:41.564493374
9,117.42,100,117.43,08:10:41.569643123
5,117.42,100,117.43,08:10:41.569791078
4,117.42,100,117.43,08:10:41.579245475
3,117.42,100,117.43,08:10:41.609576265
4,117.42,100,117.43,08:10:41.639658063
7,117.42,100,117.43,08:10:41.639720918
8,117.42,100,117.43,08:10:41.639889713
9,117.42,100,117.43,08:10:41.639971553
10,117.42,100,117.43,08:10:41.640040011
19,117.42,100,117.43,08:10:41.640126380
25,117.42,100,117.43,08:10:41.640215556
25,117.42,110,117.43,08:10:41.641010213
22,117.42,110,117.43,08:10:41.644032664
13,117.42,110,117.43,08:10:41.650393586
7,117.42,110,117.43,08:10:41.650467272
6,117.42,110,117.43,08:10:41.650539002
7,117.42,110,117.43,08:10:41.661334247
6,117.42,110,117.43,08:10:41.661560141
5,117.42,110,117.43,08:10:41.673488757
6,117.42,110,117.43,08:10:41.709727852
8,117.42,110,117.43,08:10:41.710054338
9,117.42,110,117.43,08:10:41.710251982
10,117.42,110,117.43,08:10:41.710251982
11,117.42,110,117.43,08:10:41.710624366
10,117.42,110,117.43,08:10:41.710696123
11,117.42,110,117.43,08:10:41.715892594
10,117.42,110,117.43,08:10:41.718538602
9,117.42,110,117.43,08:10:41.721797546
7,117.42,110,117.43,08:10:41.738781100
6,117.42,110,117.43,08:10:41.738871064
5,117.42,110,117.43,08:10:41.738871064
4,117.42,110,117.43,08:10:41.738950153
5,117.42,110,117.43,08:10:41.749324882
16,117.42,110,117.43,08:10:41.767460624
5,117.42,110,117.43,08:10:41.851130012
6,117.42,110,117.43,08:10:41.864729628
7,117.42,110,117.43,08:10:41.864792742
8,117.42,110,117.43,08:10:41.865197279
9,117.42,110,117.43,08:10:41.865269250
10,117.42,110,117.43,08:10:41.865420994
11,117.42,110,117.43,08:10:41.865420994
20,117.42,110,117.43,08:10:41.865492059
19,117.42,110,117.43,08:10:41.865560789
25,117.42,110,117.43,08:10:41.865647442
24,117.42,110,117.43,08:10:41.865647442
23,117.42,110,117.43,08:10:41.865720251
14,117.42,110,117.43,08:10:41.898595989
8,117.42,110,117.43,08:10:41.898656334
11,117.42,110,117.43,08:10:41.902760420
22,117.42,110,117.43,08:10:41.919963039
31,117.42,110,117.43,08:10:42.017999156
37,117.42,110,117.43,08:10:42.018126580
26,117.42,110,117.43,08:10:42.872672905
17,117.42,110,117.43,08:10:42.898833908
11,117.42,110,117.43,08:10:42.898833908
10,117.42,110,117.43,08:10:42.898897885
9,117.42,110,117.43,08:10:42.898968656
6,117.42,110,117.43,08:10:42.899054413
5,117.42,110,117.43,08:10:42.899054413
4,117.42,110,117.43,08:10:42.899136934
5,117.42,110,117.43,08:10:42.902367286
6,117.42,110,117.43,08:10:42.902613085
7,117.42,110,117.43,08:10:42.902613085
8,117.42,110,117.43,08:10:42.902685037
9,117.42,110,117.43,08:10:42.902685037
8,117.42,110,117.43,08:10:42.902863993
7,117.42,110,117.43,08:10:42.902944792
8,117.42,110,117.43,08:10:42.911161000
17,117.42,110,117.43,08:10:42.999970056
23,117.42,110,117.43,08:10:43.000076533
22,117.42,110,117.43,08:10:44.117983457
21,117.42,110,117.43,08:10:44.118089984
20,117.42,110,117.43,08:10:44.118158311
14,117.42,110,117.43,08:10:44.118296851
5,117.42,110,117.43,08:10:44.118367987
4,117.42,110,117.43,08:10:44.118445948
3,117.42,110,117.43,08:10:44.118580736
1,117.42,110,117.43,08:10:44.118703782
160,117.41,110,117.43,08:10:44.118875721
160,117.41,111,117.43,08:10:44.156780529
160,117.41,110,117.43,08:10:44.428363662
160,117.41,104,117.43,08:10:44.991925412
13,117.42,104,117.43,08:10:44.992071553
13,117.42,94,117.43,08:10:44.992089073
13,117.42,85,117.43,08:10:44.992276209
25,117.42,85,117.43,08:10:44.992276209
31,117.42,85,117.43,08:10:44.992299127
39,117.42,85,117.43,08:10:44.992299127
40,117.42,85,117.43,08:10:44.992321546
40,117.42,82,117.43,08:10:44.992321546
47,117.42,82,117.43,08:10:44.992347537
52,117.42,82,117.43,08:10:44.992444151
53,117.42,82,117.43,08:10:44.992444151
63,117.42,82,117.43,08:10:44.992519012
69,117.42,82,117.43,08:10:44.992519012
72,117.42,82,117.43,08:10:44.992536666
72,117.42,79,117.43,08:10:44.992698701
72,117.42,78,117.43,08:10:44.992859623
64,117.42,78,117.43,08:10:44.992859623
67,117.42,78,117.43,08:10:44.992936931
57,117.42,78,117.43,08:10:44.993044006
51,117.42,78,117.43,08:10:44.993067405
45,117.42,78,117.43,08:10:45.003595416
33,117.42,78,117.43,08:10:45.003670195
30,117.42,78,117.43,08:10:45.003820326
31,117.42,78,117.43,08:10:45.033033327
31,117.42,84,117.43,08:10:45.091567926
31,117.42,88,117.43,08:10:45.091668063
31,117.42,96,117.43,08:10:45.192414457
31,117.42,103,117.43,08:10:45.192523904
28,117.42,103,117.43,08:10:45.192598156
23,117.42,103,117.43,08:10:45.192671363
10,117.42,103,117.43,08:10:45.192853308
3,117.42,103,117.43,08:10:45.192924297
4,117.42,103,117.43,08:10:45.193077426
12,117.42,103,117.43,08:10:45.194060811
13,117.42,103,117.43,08:10:45.194060811
12,117.42,103,117.43,08:10:45.228948495
11,117.42,103,117.43,08:10:45.258300593
10,117.42,103,117.43,08:10:45.258362591
9,117.42,103,117.43,08:10:45.258474428
10,117.42,103,117.43,08:10:45.258915467
9,117.42,103,117.43,08:10:45.266152279
11,117.42,103,117.43,08:10:45.271288636
12,117.42,103,117.43,08:10:45.279748640
13,117.42,103,117.43,08:10:45.279911847
14,117.42,103,117.43,08:10:45.280573510
13,117.42,103,117.43,08:10:45.282154387
12,117.42,103,117.43,08:10:45.282290292
14,117.42,103,117.43,08:10:45.282478228
12,117.42,103,117.43,08:10:45.286363524
11,117.42,103,117.43,08:10:45.286606758
13,117.42,103,117.43,08:10:45.287662335
14,117.42,103,117.43,08:10:45.287863829
15,117.42,103,117.43,08:10:45.288336461
25,117.42,103,117.43,08:10:45.292890941
30,117.42,103,117.43,08:10:45.292988368
29,117.42,103,117.43,08:10:45.331546544
27,117.42,103,117.43,08:10:45.331691639
17,117.42,103,117.43,08:10:45.331855207
12,117.42,103,117.43,08:10:45.331922832
14,117.42,103,117.43,08:10:45.333059519
12,117.42,103,117.43,08:10:45.336365062
14,117.42,103,117.43,08:10:45.349907487
12,117.42,103,117.43,08:10:45.416190283
11,117.42,103,117.43,08:10:45.779196374
9,117.42,103,117.43,08:10:45.779567420
1,117.42,103,117.43,08:10:45.782053142
1,117.42,111,117.43,08:10:45.782790194
158,117.41,111,117.43,08:10:45.782942191
158,117.41,114,117.43,08:10:45.783269384
158,117.41,1,117.42,08:10:45.786838702
158,117.41,5,117.42,08:10:45.787163604
158,117.41,6,117.42,08:10:45.787314212
158,117.41,7,117.42,08:10:45.787388336
158,117.41,8,117.42,08:10:45.827189329
158,117.41,4,117.42,08:10:45.990223496
164,117.41,4,117.42,08:10:45.990296882
168,117.41,4,117.42,08:10:45.990296882
168,117.41,3,117.42,08:10:45.991315969
168,117.41,2,117.42,08:10:45.992338483
168,117.41,1,117.42,08:10:45.992441078
168,117.41,104,117.43,08:10:45.992441078
167,117.41,104,117.43,08:10:46.025701413
167,117.41,110,117.43,08:10:46.025880761
163,117.41,110,117.43,08:10:46.025951046
157,117.41,110,117.43,08:10:46.026028083
157,117.41,114,117.43,08:10:46.026028083
157,117.41,115,117.43,08:10:46.212688413
157,117.41,1,117.42,08:10:46.213704230
163,117.41,1,117.42,08:10:46.214012428
167,117.41,1,117.42,08:10:46.214088428
167,117.41,109,117.43,08:10:46.242584595
167,117.41,108,117.43,08:10:46.262844920
167,117.41,104,117.43,08:10:46.286017592
167,117.41,105,117.43,08:10:46.483190039
168,117.41,105,117.43,08:10:47.002466974
168,117.41,111,117.43,08:10:47.524371453
168,117.41,115,117.43,08:10:47.524434170
162,117.41,115,117.43,08:10:47.524977507
158,117.41,115,117.43,08:10:47.525038230
158,117.41,118,117.43,08:10:47.614534970
158,117.41,1,117.42,08:10:48.201025992
164,117.41,1,117.42,08:10:48.201455624
168,117.41,1,117.42,08:10:48.201455624
168,117.41,2,117.42,08:10:48.234713074
169,117.41,2,117.42,08:10:48.414776389
169,117.41,1,117.42,08:10:48.786154087
169,117.41,108,117.43,08:10:48.786251985
1,117.42,108,117.43,08:10:48.786322276
4,117.42,108,117.43,08:10:48.786968742
3,117.42,108,117.43,08:10:48.787003961
3,117.42,114,117.43,08:10:48.787003961
3,117.42,118,117.43,08:10:48.787003961
2,117.42,118,117.43,08:10:48.787003961
1,117.42,118,117.43,08:10:48.787028707
159,117.41,118,117.43,08:10:48.787332591
159,117.41,2,117.42,08:10:48.787332591
159,117.41,3,117.42,08:10:48.787535961
159,117.41,5,117.42,08:10:48.787607593
165,117.41,5,117.42,08:10:48.787797893
169,117.41,5,117.42,08:10:48.787813682
169,117.41,3,117.42,08:10:48.787980462
169,117.41,4,117.42,08:10:48.815728903
169,117.41,5,117.42,08:10:48.860129727
169,117.41,4,117.42,08:10:48.864154465
169,117.41,5,117.42,08:10:48.864222843
169,117.41,4,117.42,08:10:48.871523280
169,117.41,5,117.42,08:10:48.951900478
169,117.41,8,117.42,08:10:49.006450118
169,117.41,9,117.42,08:10:49.006522178
168,117.41,9,117.42,08:10:49.048774508
168,117.41,17,117.42,08:10:49.049123819
164,117.41,17,117.42,08:10:49.049208786
164,117.41,20,117.42,08:10:49.049224690
164,117.41,19,117.42,08:10:49.049224690
158,117.41,19,117.42,08:10:49.049224690
158,117.41,23,117.42,08:10:49.049281455
157,117.41,23,117.42,08:10:49.071700860
157,117.41,24,117.42,08:10:49.071851308
157,117.41,39,117.42,08:10:49.071991794
157,117.41,24,117.42,08:10:49.373957070
157,117.41,21,117.42,08:10:50.478534961
157,117.41,18,117.42,08:10:50.478710275
157,117.41,19,117.42,08:10:50.826398622
157,117.41,20,117.42,08:10:50.826542677
157,117.41,21,117.42,08:10:50.826679125
157,117.41,22,117.42,08:10:50.826823752
157,117.41,25,117.42,08:10:50.898556440
157,117.41,36,117.42,08:10:50.898622658
157,117.41,40,117.42,08:10:50.898695682
157,117.41,44,117.42,08:10:50.898770542
155,117.41,44,117.42,08:10:51.672768943
151,117.41,44,117.42,08:10:51.673961857
146,117.41,44,117.42,08:10:51.674145437
136,117.41,44,117.42,08:10:51.674215526
136,117.41,52,117.42,08:10:52.006177697
134,117.41,52,117.42,08:10:52.006349391
124,117.41,52,117.42,08:10:52.006421989
124,117.41,60,117.42,08:10:52.006528866
124,117.41,62,117.42,08:10:52.006607541
122,117.41,62,117.42,08:10:54.736235090
122,117.41,64,117.42,08:10:55.320622428
121,117.41,64,117.42,08:10:55.320784166
120,117.41,64,117.42,08:10:56.606600362
118,117.41,64,117.42,08:10:56.606659571
117,117.41,64,117.42,08:10:57.107248513
117,117.41,77,117.42,08:10:57.825760736
117,117.41,78,117.42,08:11:00.089707432
117,117.41,77,117.42,08:11:00.109353860
117,117.41,76,117.42,08:11:00.109418670
117,117.41,68,117.42,08:11:00.109531438
117,117.41,66,117.42,08:11:00.109531438
119,117.41,66,117.42,08:11:00.109744475
120,117.41,66,117.42,08:11:00.112905844
118,117.41,66,117.42,08:11:00.125457650
118,117.41,69,117.42,08:11:00.144386799
117,117.41,69,117.42,08:11:00.708327578
117,117.41,78,117.42,08:11:00.712800613
117,117.41,86,117.42,08:11:00.810161456
117,117.41,78,117.42,08:11:00.820169801
117,117.41,70,117.42,08:11:00.824685208
119,117.41,70,117.42,08:11:00.966522425
120,117.41,70,117.42,08:11:00.966584293
119,117.41,70,117.42,08:11:00.974230212
117,117.41,70,117.42,08:11:00.974362308
117,117.41,71,117.42,08:11:01.074538406
116,117.41,71,117.42,08:11:01.080871724
117,117.41,71,117.42,08:11:01.460447765
118,117.41,71,117.42,08:11:01.460602913
119,117.41,71,117.42,08:11:01.460672724
119,117.41,79,117.42,08:11:01.619871916
119,117.41,66,117.42,08:11:01.836493421
119,117.41,58,117.42,08:11:01.838197956
119,117.41,49,117.42,08:11:01.838384155
119,117.41,50,117.42,08:11:02.125811974
119,117.41,49,117.42,08:11:02.155702607
119,117.41,48,117.42,08:11:02.155785928
119,117.41,47,117.42,08:11:02.155800380
119,117.41,45,117.42,08:11:02.155800380
119,117.41,41,117.42,08:11:02.155985026
119,117.41,37,117.42,08:11:02.156090354
119,117.41,34,117.42,08:11:02.156090354
119,117.41,23,117.42,08:11:02.156251336
119,117.41,19,117.42,08:11:02.156317157
119,117.41,23,117.42,08:11:02.170530007
117,117.41,23,117.42,08:11:02.197781193
117,117.41,24,117.42,08:11:02.197964571
117,117.41,27,117.42,08:11:02.198039401
117,117.41,31,117.42,08:11:02.198110940
117,117.41,46,117.42,08:11:02.267768696
117,117.41,47,117.42,08:11:02.294429691
118,117.41,47,117.42,08:11:02.395512408
118,117.41,46,117.42,08:11:07.830260095
117,117.41,46,117.42,08:11:07.830273971
117,117.41,52,117.42,08:11:07.830415904
117,117.41,56,117.42,08:11:07.830518813
117,117.41,57,117.42,08:11:10.826151980
117,117.41,53,117.42,08:11:11.116252756
117,117.41,47,117.42,08:11:11.116315473
117,117.41,46,117.42,08:11:13.562599723
117,117.41,31,117.42,08:11:15.148371261
117,117.41,27,117.42,08:11:15.148514479
117,117.41,26,117.42,08:11:15.156965949
117,117.41,25,117.42,08:11:15.157033598
117,117.41,24,117.42,08:11:15.157113348
117,117.41,20,117.42,08:11:15.157113348
117,117.41,19,117.42,08:11:15.157182849
117,117.41,16,117.42,08:11:15.157252606
118,117.41,16,117.42,08:11:15.157330011
120,117.41,16,117.42,08:11:15.157407639
122,117.41,16,117.42,08:11:15.157485713
136,117.41,16,117.42,08:11:15.158484083
136,117.41,14,117.42,08:11:15.339022525
136,117.41,11,117.42,08:11:15.339249933
145,117.41,11,117.42,08:11:15.339249933
145,117.41,10,117.42,08:11:15.339498410
145,117.41,8,117.42,08:11:15.339595398
145,117.41,7,117.42,08:11:15.339595398
145,117.41,4,117.42,08:11:15.340496772
145,117.41,3,117.42,08:11:15.340496772
145,117.41,2,117.42,08:11:15.340595636
145,117.41,1,117.42,08:11:15.340614438
145,117.41,131,117.43,08:11:15.340614438
155,117.41,131,117.43,08:11:15.340857362
155,117.41,130,117.43,08:11:15.340857362
155,117.41,127,117.43,08:11:15.340857362
154,117.41,127,117.43,08:11:15.363612463
154,117.41,117,117.43,08:11:15.363877007
145,117.41,117,117.43,08:11:15.363877007
143,117.41,117,117.43,08:11:15.390107836
143,117.41,118,117.43,08:11:15.419189078
143,117.41,127,117.43,08:11:15.449939826
153,117.41,127,117.43,08:11:15.454342625
143,117.41,127,117.43,08:11:15.642033026
4,117.42,127,117.43,08:11:16.266318614
5,117.42,127,117.43,08:11:16.405757207
9,117.42,127,117.43,08:11:16.612224613
7,117.42,127,117.43,08:11:16.755900106
5,117.42,127,117.43,08:11:16.756152365
4,117.42,127,117.43,08:11:16.756272723
142,117.41,127,117.43,08:11:16.756272723
141,117.41,127,117.43,08:11:16.787268661
141,117.41,4,117.42,08:11:16.789750765
141,117.41,7,117.42,08:11:16.790075046
131,117.41,7,117.42,08:11:16.790172419
131,117.41,10,117.42,08:11:16.790172419
131,117.41,12,117.42,08:11:16.790190088
131,117.41,17,117.42,08:11:16.790190088
131,117.41,13,117.42,08:11:16.791379106
131,117.41,28,117.42,08:11:16.793748044
131,117.41,32,117.42,08:11:16.793814780
129,117.41,32,117.42,08:11:16.793929650
129,117.41,33,117.42,08:11:16.794296380
129,117.41,32,117.42,08:11:16.797828104
129,117.41,28,117.42,08:11:16.797894408
129,117.41,13,117.42,08:11:16.798000632
129,117.41,21,117.42,08:11:16.798142465
127,117.41,21,117.42,08:11:16.816996652
127,117.41,29,117.42,08:11:16.817153154
127,117.41,30,117.42,08:11:16.818236526
127,117.41,22,117.42,08:11:16.818399979
127,117.41,26,117.42,08:11:16.857380175
127,117.41,30,117.42,08:11:16.862043856
127,117.41,45,117.42,08:11:16.901175265
127,117.41,46,117.42,08:11:16.901316554
125,117.41,46,117.42,08:11:16.901462612
124,117.41,46,117.42,08:11:16.916869272
110,117.41,46,117.42,08:11:16.916937448
109,117.41,46,117.42,08:11:16.917007394
108,117.41,46,117.42,08:11:16.917082536
110,117.41,46,117.42,08:11:16.942992012
111,117.41,46,117.42,08:11:16.951418944
101,117.41,46,117.42,08:11:16.995690181
100,117.41,46,117.42,08:11:17.007537801
98,117.41,46,117.42,08:11:17.022352754
100,117.41,46,117.42,08:11:17.028366259
101,117.41,46,117.42,08:11:17.028430067
90,117.41,46,117.42,08:11:17.041223061
89,117.41,46,117.42,08:11:17.098284694
87,117.41,46,117.42,08:11:17.102498459
87,117.41,56,117.42,08:11:17.173240938
87,117.41,60,117.42,08:11:17.173347578
81,117.41,60,117.42,08:11:17.184367362
76,117.41,60,117.42,08:11:17.184445509
66,117.41,60,117.42,08:11:17.184445509
65,117.41,60,117.42,08:11:17.184589607
65,117.41,62,117.42,08:11:17.253524034
65,117.41,72,117.42,08:11:17.253698553
61,117.41,72,117.42,08:11:17.279139491
65,117.41,72,117.42,08:11:19.182851919
60,117.41,72,117.42,08:11:19.373427650
60,117.41,80,117.42,08:11:19.373568600
56,117.41,80,117.42,08:11:20.260919896
56,117.41,82,117.42,08:11:20.444561746
55,117.41,82,117.42,08:11:20.444772564
59,117.41,82,117.42,08:11:22.144135286
60,117.41,82,117.42,08:11:22.144578756
62,117.41,82,117.42,08:11:22.144706095
63,117.41,82,117.42,08:11:22.144919823
62,117.41,82,117.42,08:11:22.146045543
60,117.41,82,117.42,08:11:22.146182753
61,117.41,82,117.42,08:11:22.148248651
60,117.41,82,117.42,08:11:22.148485918
63,117.41,82,117.42,08:11:22.148798667
60,117.41,82,117.42,08:11:22.149079402
60,117.41,74,117.42,08:11:22.160134818
61,117.41,74,117.42,08:11:22.160297568
61,117.41,72,117.42,08:11:22.160368640
62,117.41,72,117.42,08:11:22.160443497
61,117.41,72,117.42,08:11:22.162424915
72,117.41,72,117.42,08:11:22.164422280
72,117.41,64,117.42,08:11:22.164604911
72,117.41,54,117.42,08:11:22.164797947
72,117.41,50,117.42,08:11:22.164877371
75,117.41,50,117.42,08:11:22.164943966
75,117.41,52,117.42,08:11:22.165367166
72,117.41,52,117.42,08:11:22.165698673
74,117.41,52,117.42,08:11:22.208085991
75,117.41,52,117.42,08:11:22.208318614
74,117.41,52,117.42,08:11:22.255307824
72,117.41,52,117.42,08:11:22.255455376
72,117.41,49,117.42,08:11:22.565752600
72,117.41,46,117.42,08:11:22.565855387
72,117.41,44,117.42,08:11:22.565870206
72,117.41,41,117.42,08:11:22.565870206
72,117.41,31,117.42,08:11:22.566024040
75,117.41,31,117.42,08:11:22.566127085
78,117.41,31,117.42,08:11:22.566127085
79,117.41,31,117.42,08:11:22.566127085
79,117.41,27,117.42,08:11:22.566246522
88,117.41,27,117.42,08:11:22.566264797
89,117.41,27,117.42,08:11:22.566264797
89,117.41,12,117.42,08:11:22.566264797
96,117.41,12,117.42,08:11:22.566264797
96,117.41,15,117.42,08:11:22.566339652
96,117.41,18,117.42,08:11:22.566428740
96,117.41,21,117.42,08:11:22.566623313
98,117.41,21,117.42,08:11:22.566623313
98,117.41,25,117.42,08:11:22.566638519
98,117.41,22,117.42,08:11:22.566700478
96,117.41,22,117.42,08:11:22.591691173
96,117.41,25,117.42,08:11:22.591844130
96,117.41,33,117.42,08:11:22.592006722
96,117.41,25,117.42,08:11:22.600724272
96,117.41,40,117.42,08:11:23.149557757
94,117.41,40,117.42,08:11:23.150724483
94,117.41,50,117.42,08:11:23.151269272
94,117.41,58,117.42,08:11:23.151269272
91,117.41,58,117.42,08:11:23.151420431
91,117.41,72,117.42,08:11:23.151494268
90,117.41,72,117.42,08:11:23.151646607
92,117.41,72,117.42,08:11:23.158332479
93,117.41,72,117.42,08:11:23.158483631
92,117.41,72,117.42,08:11:23.158870136
90,117.41,72,117.42,08:11:23.158971026
93,117.41,72,117.42,08:11:23.180951752
90,117.41,72,117.42,08:11:23.321380000
90,117.41,70,117.42,08:11:23.372867620
90,117.41,69,117.42,08:11:23.373004810
90,117.41,65,117.42,08:11:23.373021549
90,117.41,64,117.42,08:11:23.373021549
90,117.41,62,117.42,08:11:23.373021549
90,117.41,60,117.42,08:11:23.373042385
90,117.41,57,117.42,08:11:23.373042385
90,117.41,54,117.42,08:11:23.373042385
90,117.41,50,117.42,08:11:23.373042385
90,117.41,47,117.42,08:11:23.373042385
90,117.41,37,117.42,08:11:23.373153872
93,117.41,37,117.42,08:11:23.373244166
93,117.41,23,117.42,08:11:23.373244166
93,117.41,8,117.42,08:11:23.373357037
95,117.41,8,117.42,08:11:23.373357037
96,117.41,8,117.42,08:11:23.373374403
102,117.41,8,117.42,08:11:23.373374403
106,117.41,8,117.42,08:11:23.373374403
110,117.41,8,117.42,08:11:23.373456050
110,117.41,121,117.43,08:11:23.373559776
110,117.41,120,117.43,08:11:23.373647046
119,117.41,120,117.43,08:11:23.373747382
125,117.41,120,117.43,08:11:23.373859535
125,117.41,6,117.42,08:11:23.373859535
135,117.41,6,117.42,08:11:23.373948870
135,117.41,8,117.42,08:11:23.374137196
128,117.41,8,117.42,08:11:23.398466910
128,117.41,11,117.42,08:11:23.398743396
128,117.41,15,117.42,08:11:23.398832747
122,117.41,15,117.42,08:11:23.398832747
118,117.41,15,117.42,08:11:23.398850154
118,117.41,18,117.42,08:11:23.398850154
118,117.41,21,117.42,08:11:23.398919023
108,117.41,21,117.42,08:11:23.399024788
108,117.41,34,117.42,08:11:23.399024788
108,117.41,31,117.42,08:11:23.399202241
108,117.41,35,117.42,08:11:23.402304806
108,117.41,36,117.42,08:11:23.410605112
97,117.41,36,117.42,08:11:23.423278264
97,117.41,40,117.42,08:11:23.536732511
88,117.41,40,117.42,08:11:23.542872204
82,117.41,40,117.42,08:11:23.542937631
82,117.41,41,117.42,08:11:23.805513573
82,117.41,49,117.42,08:11:24.033988449
80,117.41,49,117.42,08:11:24.034124372
80,117.41,57,117.42,08:11:24.045350784
80,117.41,66,117.42,08:11:24.045421200
76,117.41,66,117.42,08:11:24.657238678
76,117.41,62,117.42,08:11:24.848234852
76,117.41,58,117.42,08:11:24.848308899
80,117.41,58,117.42,08:11:24.848308899
80,117.41,49,117.42,08:11:24.852568723
80,117.41,45,117.42,08:11:24.853680718
91,117.41,45,117.42,08:11:24.869761784
87,117.41,45,117.42,08:11:25.482148188
87,117.41,49,117.42,08:11:25.482219496
87,117.41,53,117.42,08:11:25.482219496
87,117.41,62,117.42,08:11:25.486410404
87,117.41,63,117.42,08:11:25.486516161
84,117.41,63,117.42,08:11:25.486605212
85,117.41,63,117.42,08:11:25.487170280
86,117.41,63,117.42,08:11:25.487512132
87,117.41,63,117.42,08:11:25.487755470
87,117.41,62,117.42,08:11:25.487755470
76,117.41,62,117.42,08:11:25.530699967
67,117.41,62,117.42,08:11:25.531884381
60,117.41,62,117.42,08:11:25.531975139
59,117.41,62,117.42,08:11:25.532161760
59,117.41,63,117.42,08:11:25.532272437
58,117.41,63,117.42,08:11:25.532272437
57,117.41,63,117.42,08:11:25.532426382
59,117.41,63,117.42,08:11:25.602383142
59,117.41,62,117.42,08:11:25.602554978
60,117.41,62,117.42,08:11:25.602618994
62,117.41,62,117.42,08:11:26.106626571
61,117.41,62,117.42,08:11:26.149019608
62,117.41,62,117.42,08:11:26.163652548
62,117.41,58,117.42,08:11:26.959985613
66,117.41,58,117.42,08:11:26.960044749
66,117.41,54,117.42,08:11:26.960212416
66,117.41,45,117.42,08:11:26.964406047
66,117.41,47,117.42,08:11:26.965144907
66,117.41,51,117.42,08:11:26.965987850
77,117.41,51,117.42,08:11:26.986928955
77,117.41,47,117.42,08:11:27.016171689
77,117.41,51,117.42,08:11:27.593639495
66,117.41,51,117.42,08:11:27.634469690
77,117.41,51,117.42,08:11:27.652782930
77,117.41,52,117.42,08:11:29.635674124
77,117.41,53,117.42,08:11:30.825899156
77,117.41,54,117.42,08:11:30.939336408
73,117.41,54,117.42,08:11:31.710628662
73,117.41,58,117.42,08:11:31.710797272
73,117.41,60,117.42,08:11:31.711680704
73,117.41,74,117.42,08:11:31.711879732
73,117.41,84,117.42,08:11:31.711879732
73,117.41,92,117.42,08:11:31.711879732
72,117.41,92,117.42,08:11:31.711931454
70,117.41,92,117.42,08:11:31.712091815
69,117.41,92,117.42,08:11:31.712187754
65,117.41,92,117.42,08:11:31.729622304
65,117.41,94,117.42,08:11:31.729800570
64,117.41,94,117.42,08:11:31.733608681
61,117.41,94,117.42,08:11:31.733837720
58,117.41,94,117.42,08:11:31.733952914
57,117.41,94,117.42,08:11:31.734413359
55,117.41,94,117.42,08:11:31.734490421
44,117.41,94,117.42,08:11:31.742560419
43,117.41,94,117.42,08:11:31.742575928
43,117.41,96,117.42,08:11:31.742811702
43,117.41,98,117.42,08:11:31.742811702
37,117.41,98,117.42,08:11:31.742900656
37,117.41,100,117.42,08:11:31.743044400
18,117.41,100,117.42,08:11:31.743058860
17,117.41,100,117.42,08:11:31.743058860
16,117.41,100,117.42,08:11:31.743225916
15,117.41,100,117.42,08:11:31.743244601
14,117.41,100,117.42,08:11:31.743244601
13,117.41,100,117.42,08:11:31.743244601
12,117.41,100,117.42,08:11:31.743244601
11,117.41,100,117.42,08:11:31.743263987
90,117.4,100,117.42,08:11:31.743263987
89,117.4,100,117.42,08:11:31.743375352
89,117.4,101,117.42,08:11:31.743534507
89,117.4,20,117.41,08:11:31.743566574
89,117.4,23,117.41,08:11:31.743780040
89,117.4,26,117.41,08:11:31.743872767
79,117.4,26,117.41,08:11:31.743892838
79,117.4,33,117.41,08:11:31.744054998
79,117.4,30,117.41,08:11:31.745048120
79,117.4,33,117.41,08:11:31.765633108
79,117.4,34,117.41,08:11:31.768404219
79,117.4,36,117.41,08:11:31.768620113
79,117.4,37,117.41,08:11:31.769877453
79,117.4,38,117.41,08:11:31.785250072
79,117.4,39,117.41,08:11:31.825752890
78,117.4,39,117.41,08:11:31.827250018
77,117.4,39,117.41,08:11:31.925177371
76,117.4,39,117.41,08:11:31.925258154
72,117.4,39,117.41,08:11:31.925272871
68,117.4,39,117.41,08:11:31.925272871
68,117.4,44,117.41,08:11:31.925465345
68,117.4,52,117.41,08:11:31.925559754
68,117.4,63,117.41,08:11:31.925575306
68,117.4,71,117.41,08:11:31.925575306
65,117.4,71,117.41,08:11:31.925664007
65,117.4,75,117.41,08:11:31.925664007
65,117.4,77,117.41,08:11:31.925679037
65,117.4,81,117.41,08:11:31.925679037
65,117.4,78,117.41,08:11:31.925679037
65,117.4,82,117.41,08:11:31.925679037
65,117.4,83,117.41,08:11:31.925749255
65,117.4,75,117.41,08:11:31.925906746
63,117.4,75,117.41,08:11:31.925906746
63,117.4,74,117.41,08:11:31.925978561
62,117.4,74,117.41,08:11:31.950230390
62,117.4,75,117.41,08:11:31.950442998
61,117.4,75,117.41,08:11:31.950700534
60,117.4,75,117.41,08:11:31.954148057
56,117.4,75,117.41,08:11:31.954381762
55,117.4,75,117.41,08:11:31.954531477
55,117.4,71,117.41,08:11:32.039296378
59,117.4,71,117.41,08:11:32.039537418
59,117.4,70,117.41,08:11:32.039644362
62,117.4,70,117.41,08:11:32.053819336
59,117.4,70,117.41,08:11:32.054019406
59,117.4,68,117.41,08:11:32.058969428
62,117.4,68,117.41,08:11:32.059197172
62,117.4,64,117.41,08:11:32.059275783
62,117.4,62,117.41,08:11:32.059275783
63,117.4,62,117.41,08:11:32.059275783
63,117.4,51,117.41,08:11:32.059367319
63,117.4,43,117.41,08:11:32.059367319
63,117.4,44,117.41,08:11:32.059367319
63,117.4,40,117.41,08:11:32.059510467
62,117.4,40,117.41,08:11:32.086242435
62,117.4,48,117.41,08:11:32.176832540
62,117.4,50,117.41,08:11:32.176948483
65,117.4,50,117.41,08:11:32.371965535
67,117.4,50,117.41,08:11:32.626652408
63,117.4,50,117.41,08:11:35.102603543
65,117.4,50,117.41,08:11:35.106860170
65,117.4,49,117.41,08:11:35.107004339
65,117.4,47,117.41,08:11:35.108075928
65,117.4,51,117.41,08:11:35.359352171
65,117.4,54,117.41,08:11:35.359587706
65,117.4,51,117.41,08:11:35.369829803
62,117.4,51,117.41,08:11:35.373785206
62,117.4,53,117.41,08:11:35.384456543
62,117.4,54,117.41,08:11:35.384606009
62,117.4,66,117.41,08:11:35.666491857
62,117.4,69,117.41,08:11:35.666595242
59,117.4,69,117.41,08:11:35.666661985
57,117.4,69,117.41,08:11:35.666737809
57,117.4,57,117.41,08:11:36.559787543
57,117.4,54,117.41,08:11:36.560025846
57,117.4,53,117.41,08:11:36.560025846
60,117.4,53,117.41,08:11:36.560025846
62,117.4,53,117.41,08:11:36.560025846
63,117.4,53,117.41,08:11:36.560038857
63,117.4,51,117.41,08:11:36.560103526
63,117.4,47,117.41,08:11:36.560430917
65,117.4,47,117.41,08:11:36.560430917
65,117.4,45,117.41,08:11:36.560443902
65,117.4,37,117.41,08:11:36.560511152
65,117.4,30,117.41,08:11:36.560782431
66,117.4,30,117.41,08:11:36.560867109
67,117.4,30,117.41,08:11:36.561051547
68,117.4,30,117.41,08:11:36.562014936
68,117.4,25,117.41,08:11:36.562088104
68,117.4,7,117.41,08:11:36.562237175
70,117.4,7,117.41,08:11:36.562307275
70,117.4,12,117.41,08:11:36.562415835
70,117.4,9,117.41,08:11:36.562494199
70,117.4,10,117.41,08:11:36.562494199
70,117.4,11,117.41,08:11:36.562636718
70,117.4,14,117.41,08:11:36.562713719
70,117.4,15,117.41,08:11:36.562805485
70,117.4,19,117.41,08:11:36.562881357
70,117.4,15,117.41,08:11:36.627500888
70,117.4,14,117.41,08:11:36.627638561
70,117.4,15,117.41,08:11:36.632678070
70,117.4,23,117.41,08:11:36.632830438
73,117.4,23,117.41,08:11:36.642468924
70,117.4,23,117.41,08:11:36.648815337
70,117.4,38,117.41,08:11:36.665265308
70,117.4,30,117.41,08:11:38.511556831
70,117.4,29,117.41,08:11:38.511556831
70,117.4,28,117.41,08:11:38.511615455
70,117.4,27,117.41,08:11:38.511686933
70,117.4,12,117.41,08:11:38.511751622
70,117.4,7,117.41,08:11:38.511820006
78,117.4,7,117.41,08:11:38.511919741
78,117.4,9,117.41,08:11:38.512112048
78,117.4,6,117.41,08:11:38.512190537
70,117.4,6,117.41,08:11:38.512265231
70,117.4,5,117.41,08:11:38.512341712
70,117.4,7,117.41,08:11:38.512420380
70,117.4,10,117.41,08:11:38.512487822
70,117.4,8,117.41,08:11:38.516623544
70,117.4,5,117.41,08:11:38.516689138
70,117.4,3,117.41,08:11:38.517008464
70,117.4,5,117.41,08:11:38.517324932
78,117.4,5,117.41,08:11:38.517395006
84,117.4,5,117.41,08:11:38.517470987
88,117.4,5,117.41,08:11:38.517546406
88,117.4,3,117.41,08:11:38.518430611
88,117.4,4,117.41,08:11:38.522626028
80,117.4,4,117.41,08:11:38.522768773
80,117.4,5,117.41,08:11:38.522930498
83,117.4,5,117.41,08:11:38.526101914
83,117.4,4,117.41,08:11:38.526312059
83,117.4,3,117.41,08:11:38.538760072
83,117.4,4,117.41,08:11:38.539318127
83,117.4,5,117.41,08:11:38.582917342
83,117.4,6,117.41,08:11:38.588364467
83,117.4,7,117.41,08:11:38.624557043
83,117.4,6,117.41,08:11:38.679218001
83,117.4,5,117.41,08:11:38.679233136
83,117.4,4,117.41,08:11:38.679429107
83,117.4,3,117.41,08:11:38.679507149
83,117.4,2,117.41,08:11:38.679664118
83,117.4,1,117.41,08:11:38.679664118
83,117.4,3,117.41,08:11:38.679884480
83,117.4,4,117.41,08:11:38.692766618
83,117.4,3,117.41,08:11:38.763244248
83,117.4,1,117.41,08:11:38.763381266
83,117.4,2,117.41,08:11:38.765481773
83,117.4,1,117.41,08:11:38.767062539
83,117.4,100,117.42,08:11:38.768280938
5,117.41,100,117.42,08:11:38.768342615
86,117.4,100,117.42,08:11:38.768767638
86,117.4,107,117.42,08:11:38.768930310
86,117.4,110,117.42,08:11:38.768930310
84,117.4,110,117.42,08:11:38.795245036
84,117.4,102,117.42,08:11:39.019521345
84,117.4,4,117.41,08:11:39.024422916
84,117.4,6,117.41,08:11:39.024805172
84,117.4,7,117.41,08:11:39.024820512
90,117.4,7,117.41,08:11:39.024820512
94,117.4,7,117.41,08:11:39.024880628
94,117.4,6,117.41,08:11:39.025157165
94,117.4,4,117.41,08:11:39.025157165
94,117.4,92,117.42,08:11:39.026992952
90,117.4,92,117.42,08:11:39.027329585
84,117.4,92,117.42,08:11:39.027410446
84,117.4,93,117.42,08:11:39.054930867
84,117.4,4,117.41,08:11:39.074135095
84,117.4,8,117.41,08:11:39.074135095
84,117.4,11,117.41,08:11:39.074306596
84,117.4,12,117.41,08:11:39.074396682
84,117.4,8,117.41,08:11:39.074491292
74,117.4,8,117.41,08:11:39.074491292
74,117.4,9,117.41,08:11:39.074584659
74,117.4,23,117.41,08:11:39.074766751
74,117.4,24,117.41,08:11:39.074780173
74,117.4,28,117.41,08:11:39.074957241
74,117.4,31,117.41,08:11:39.077304580
74,117.4,32,117.41,08:11:39.184071881
74,117.4,33,117.41,08:11:39.184212601
74,117.4,34,117.41,08:11:39.372455615
86,117.4,34,117.41,08:11:39.424072237
86,117.4,33,117.41,08:11:39.424214392
86,117.4,29,117.41,08:11:39.784242583
86,117.4,28,117.41,08:11:39.784603754
86,117.4,14,117.41,08:11:39.794827894
86,117.4,11,117.41,08:11:39.795001206
86,117.4,7,117.41,08:11:39.795209273
86,117.4,4,117.41,08:11:39.795305554
86,117.4,3,117.41,08:11:39.795330683
86,117.4,2,117.41,08:11:39.795330683
86,117.4,1,117.41,08:11:39.795330683
86,117.4,106,117.42,08:11:39.795330683
1,117.41,106,117.42,08:11:39.795330683
1,117.41,96,117.42,08:11:39.795621842
80,117.4,96,117.42,08:11:39.795763185
80,117.4,92,117.42,08:11:39.795763185
90,117.4,92,117.42,08:11:39.795782626
90,117.4,99,117.42,08:11:39.796032750
90,117.4,102,117.42,08:11:39.796046882
94,117.4,102,117.42,08:11:39.796046882
91,117.4,102,117.42,08:11:39.824382703
87,117.4,102,117.42,08:11:39.824568713
81,117.4,102,117.42,08:11:39.824635660
86,117.4,102,117.42,08:11:39.835179013
86,117.4,103,117.42,08:11:40.059819617
86,117.4,1,117.41,08:11:40.203168869
92,117.4,1,117.41,08:11:40.203512331
96,117.4,1,117.41,08:11:40.203584811
96,117.4,2,117.41,08:11:40.471967510
96,117.4,10,117.41,08:11:40.472130320
96,117.4,13,117.41,08:11:41.023006592
96,117.4,17,117.41,08:11:41.023084972
96,117.4,20,117.41,08:11:41.023285900
96,117.4,35,117.41,08:11:41.023285900
96,117.4,32,117.41,08:11:41.023378041
86,117.4,32,117.41,08:11:41.023378041
86,117.4,33,117.41,08:11:41.023562738
86,117.4,32,117.41,08:11:42.609013182
86,117.4,28,117.41,08:11:42.613211659
86,117.4,13,117.41,08:11:42.613285678
86,117.4,10,117.41,08:11:42.613398877
86,117.4,2,117.41,08:11:42.613526091
86,117.4,3,117.41,08:11:42.613716577
86,117.4,2,117.41,08:11:42.614882102
86,117.4,1,117.41,08:11:42.652490196
86,117.4,92,117.42,08:11:42.652571693
96,117.4,92,117.42,08:11:42.652749221
96,117.4,98,117.42,08:11:42.663478205
96,117.4,106,117.42,08:11:42.663555488
96,117.4,114,117.42,08:11:42.725507112
96,117.4,116,117.42,08:11:42.725573508
97,117.4,116,117.42,08:11:42.977599808
97,117.4,115,117.42,08:11:43.052648043
4,117.41,115,117.42,08:11:43.517600755
5,117.41,115,117.42,08:11:43.517793277
6,117.41,115,117.42,08:11:43.517975801
7,117.41,115,117.42,08:11:43.518252434
6,117.41,115,117.42,08:11:43.528077350
5,117.41,115,117.42,08:11:43.907808486
1,117.41,115,117.42,08:11:43.908448038
87,117.4,115,117.42,08:11:43.908736564
1,117.41,115,117.42,08:11:43.908815029
87,117.4,115,117.42,08:11:43.912177871
86,117.4,115,117.42,08:11:43.936423412
86,117.4,116,117.42,08:11:44.792503285
74,117.4,116,117.42,08:11:46.908888053
74,117.4,4,117.41,08:11:46.909216646
74,117.4,6,117.41,08:11:46.909518646
74,117.4,7,117.41,08:11:46.909611083
84,117.4,7,117.41,08:11:46.909611083
82,117.4,7,117.41,08:11:46.909712037
72,117.4,7,117.41,08:11:46.909712037
72,117.4,9,117.41,08:11:46.909712037
72,117.4,13,117.41,08:11:46.909726101
72,117.4,22,117.41,08:11:46.909882191
72,117.4,29,117.41,08:11:46.909953711
72,117.4,32,117.41,08:11:46.910103797
72,117.4,33,117.41,08:11:46.985494435
72,117.4,39,117.41,08:11:47.697741355
72,117.4,40,117.41,08:11:47.839975426
62,117.4,40,117.41,08:11:47.840045550
62,117.4,42,117.41,08:11:47.840229163
62,117.4,51,117.41,08:11:48.445578668
62,117.4,57,117.41,08:11:48.445647054
60,117.4,57,117.41,08:11:48.445752172
60,117.4,58,117.41,08:11:50.825757453
60,117.4,59,117.41,08:11:51.277338021
60,117.4,50,117.41,08:11:51.615503233
60,117.4,44,117.41,08:11:51.615565997
60,117.4,42,117.41,08:11:51.615641559
60,117.4,41,117.41,08:11:51.615716509
60,117.4,42,117.41,08:11:51.617689730
60,117.4,43,117.41,08:11:51.617815490
60,117.4,44,117.41,08:11:51.617918688
60,117.4,43,117.41,08:11:51.620130492
60,117.4,44,117.41,08:11:51.622989539
60,117.4,43,117.41,08:11:51.624417038
60,117.4,42,117.41,08:11:51.625160496
60,117.4,41,117.41,08:11:51.628195336
60,117.4,42,117.41,08:11:51.641215950
60,117.4,44,117.41,08:11:51.641281373
60,117.4,42,117.41,08:11:51.775439566
60,117.4,41,117.41,08:11:51.775603579
62,117.4,41,117.41,08:11:51.776191611
62,117.4,38,117.41,08:11:52.796909060
62,117.4,29,117.41,08:11:52.796996624
62,117.4,28,117.41,08:11:52.796996624
62,117.4,21,117.41,08:11:52.796996624
70,117.4,21,117.41,08:11:52.797119485
70,117.4,17,117.41,08:11:52.797302752
80,117.4,17,117.41,08:11:52.797372554
80,117.4,15,117.41,08:11:52.797733827
80,117.4,11,117.41,08:11:52.798318326
80,117.4,10,117.41,08:11:52.818037763
80,117.4,8,117.41,08:11:52.818052012
80,117.4,3,117.41,08:11:52.818125007
80,117.4,2,117.41,08:11:52.818394789
80,117.4,1,117.41,08:11:52.818394789
80,117.4,106,117.42,08:11:52.818498885
4,117.41,106,117.42,08:11:52.818523560
9,117.41,106,117.42,08:11:52.818523560
17,117.41,106,117.42,08:11:52.818523560
18,117.41,106,117.42,08:11:52.819034959
10,117.41,106,117.42,08:11:52.819054180
7,117.41,106,117.42,08:11:52.819076619
2,117.41,106,117.42,08:11:52.819420161
1,117.41,106,117.42,08:11:52.819439515
80,117.4,106,117.42,08:11:52.819439515
80,117.4,4,117.41,08:11:52.833455230
80,117.4,7,117.41,08:11:52.833703790
70,117.4,7,117.41,08:11:52.833703790
70,117.4,9,117.41,08:11:52.833949869
62,117.4,9,117.41,08:11:52.834065965
62,117.4,10,117.41,08:11:52.834522582
62,117.4,21,117.41,08:11:52.834949148
62,117.4,26,117.41,08:11:52.835101747
62,117.4,27,117.41,08:11:52.835187993
62,117.4,23,117.41,08:11:52.836185969
62,117.4,20,117.41,08:11:52.836185969
62,117.4,18,117.41,08:11:52.836185969
62,117.4,17,117.41,08:11:52.836199950
62,117.4,16,117.41,08:11:52.836414292
62,117.4,11,117.41,08:11:52.836622001
62,117.4,1,117.41,08:11:52.836622001
70,117.4,1,117.41,08:11:52.836641713
70,117.4,106,117.42,08:11:52.836641713
80,117.4,106,117.42,08:11:52.836641713
80,117.4,103,117.42,08:11:52.836700737
90,117.4,103,117.42,08:11:52.836772254
90,117.4,2,117.41,08:11:52.845258249
90,117.4,3,117.41,08:11:52.854289520
80,117.4,3,117.41,08:11:52.854438186
79,117.4,3,117.41,08:11:52.961275553
79,117.4,1,117.41,08:11:52.961454276
79,117.4,12,117.41,08:11:52.961533809
80,117.4,12,117.41,08:11:52.961610327
80,117.4,13,117.41,08:11:52.961684080
80,117.4,2,117.41,08:11:52.972191667
75,117.4,2,117.41,08:11:52.990609307
75,117.4,3,117.41,08:11:52.990853048
81,117.4,3,117.41,08:11:53.001742593
81,117.4,7,117.41,08:11:53.049744038
81,117.4,18,117.41,08:11:53.114801864
81,117.4,23,117.41,08:11:53.114902971
81,117.4,26,117.41,08:11:53.190340899
91,117.4,26,117.41,08:11:53.414950983
100,117.4,26,117.41,08:11:53.415051483
100,117.4,21,117.41,08:11:53.415216077
100,117.4,10,117.41,08:11:53.415288861
90,117.4,10,117.41,08:11:53.415471558
90,117.4,9,117.41,08:11:53.415471558
90,117.4,8,117.41,08:11:53.415590342
90,117.4,7,117.41,08:11:53.415611925
90,117.4,3,117.41,08:11:53.415611925
90,117.4,117,117.42,08:11:53.415611925
9,117.41,117,117.42,08:11:53.415611925
9,117.41,103,117.42,08:11:53.415740103
8,117.41,103,117.42,08:11:53.415970800
9,117.41,103,117.42,08:11:53.416052361
8,117.41,103,117.42,08:11:53.417353886
5,117.41,103,117.42,08:11:53.441835623
73,117.4,103,117.42,08:11:53.447043260
73,117.4,113,117.42,08:11:53.447226283
82,117.4,113,117.42,08:11:55.001112964
82,117.4,115,117.42,08:11:56.167353496
82,117.4,114,117.42,08:12:00.064034888
83,117.4,114,117.42,08:12:00.088095759
83,117.4,1,117.41,08:12:00.092383396
83,117.4,3,117.41,08:12:00.143797984
83,117.4,9,117.41,08:12:01.065425325
83,117.4,11,117.41,08:12:01.299772663
83,117.4,25,117.41,08:12:02.042811981
83,117.4,28,117.41,08:12:02.042811981
73,117.4,28,117.41,08:12:02.043084008
73,117.4,29,117.41,08:12:02.043442380
73,117.4,37,117.41,08:12:02.044340846
64,117.4,37,117.41,08:12:02.046450710
64,117.4,50,117.41,08:12:02.046528032
64,117.4,58,117.41,08:12:02.047079323
63,117.4,58,117.41,08:12:02.054078648
63,117.4,45,117.41,08:12:02.065635937
63,117.4,46,117.41,08:12:02.144202925
63,117.4,38,117.41,08:12:03.014950725
63,117.4,37,117.41,08:12:03.085821744
68,117.4,37,117.41,08:12:03.168614789
68,117.4,34,117.41,08:12:03.495236971
74,117.4,34,117.41,08:12:03.495760663
78,117.4,34,117.41,08:12:03.495825892
78,117.4,20,117.41,08:12:03.495928743
73,117.4,20,117.41,08:12:03.496309332
73,117.4,19,117.41,08:12:03.496326675
73,117.4,17,117.41,08:12:03.496326675
73,117.4,15,117.41,08:12:03.496326675
81,117.4,15,117.41,08:12:03.496447862
81,117.4,7,117.41,08:12:03.496944181
81,117.4,3,117.41,08:12:03.497018735
81,117.4,2,117.41,08:12:03.497960975
81,117.4,1,117.41,08:12:03.498060100
81,117.4,103,117.42,08:12:03.498060100
5,117.41,103,117.42,08:12:03.498156280
7,117.41,103,117.42,08:12:03.498156280
5,117.41,103,117.42,08:12:03.498577159
6,117.41,103,117.42,08:12:03.498643640
1,117.41,103,117.42,08:12:03.498845019
81,117.4,103,117.42,08:12:03.499099078
1,117.41,103,117.42,08:12:03.499253057
73,117.4,103,117.42,08:12:03.499425181
1,117.41,103,117.42,08:12:03.499617648
1,117.41,110,117.42,08:12:03.499634391
73,117.4,110,117.42,08:12:03.499634391
73,117.4,113,117.42,08:12:03.499634391
1,117.41,113,117.42,08:12:03.499820473
73,117.4,113,117.42,08:12:03.499959052
83,117.4,113,117.42,08:12:03.507507442
1,117.41,113,117.42,08:12:03.507680351
3,117.41,113,117.42,08:12:03.507915128
4,117.41,113,117.42,08:12:03.507994097
5,117.41,113,117.42,08:12:03.508168046
6,117.41,113,117.42,08:12:03.508324530
10,117.41,113,117.42,08:12:03.510238368
22,117.41,113,117.42,08:12:03.522698445
25,117.41,113,117.42,08:12:03.523088412
39,117.41,113,117.42,08:12:03.523207746
39,117.41,111,117.42,08:12:03.523411196
40,117.41,111,117.42,08:12:03.523666124
39,117.41,111,117.42,08:12:03.526472247
40,117.41,111,117.42,08:12:03.526829426
41,117.41,111,117.42,08:12:03.543334275
39,117.41,111,117.42,08:12:03.552536414
27,117.41,111,117.42,08:12:03.575254334
28,117.41,111,117.42,08:12:03.575404661
38,117.41,111,117.42,08:12:03.575799152
38,117.41,108,117.42,08:12:03.584123123
38,117.41,101,117.42,08:12:03.584123123
42,117.41,101,117.42,08:12:03.584548883
43,117.41,101,117.42,08:12:03.584813931
39,117.41,101,117.42,08:12:03.618790087
43,117.41,101,117.42,08:12:03.718130953
43,117.41,99,117.42,08:12:03.718284524
44,117.41,99,117.42,08:12:04.074681668
48,117.41,99,117.42,08:12:04.247343373
62,117.41,99,117.42,08:12:04.247419875
63,117.41,99,117.42,08:12:04.268955041
63,117.41,97,117.42,08:12:04.269123208
63,117.41,83,117.42,08:12:04.269261102
75,117.41,83,117.42,08:12:05.089533594
75,117.41,81,117.42,08:12:05.249069437
75,117.41,80,117.42,08:12:05.926640420
75,117.41,76,117.42,08:12:05.926983944
75,117.41,72,117.42,08:12:05.927080718
85,117.41,72,117.42,08:12:05.927312270
85,117.41,70,117.42,08:12:05.927495972
85,117.41,64,117.42,08:12:05.927685761
85,117.41,62,117.42,08:12:05.927771124
85,117.41,55,117.42,08:12:05.928248925
85,117.41,42,117.42,08:12:05.928248925
85,117.41,39,117.42,08:12:05.928619807
86,117.41,39,117.42,08:12:05.928929622
88,117.41,39,117.42,08:12:05.929282370
88,117.41,35,117.42,08:12:05.929732417
96,117.41,35,117.42,08:12:05.935957246
98,117.41,35,117.42,08:12:05.939426917
98,117.41,33,117.42,08:12:05.940707703
98,117.41,32,117.42,08:12:05.940722912
98,117.41,31,117.42,08:12:05.940976183
98,117.41,21,117.42,08:12:05.941164113
98,117.41,20,117.42,08:12:05.941335155
98,117.41,19,117.42,08:12:05.941527711
98,117.41,16,117.42,08:12:05.941527711
90,117.41,16,117.42,08:12:05.946364551
90,117.41,20,117.42,08:12:05.954176941
90,117.41,16,117.42,08:12:05.964174044
89,117.41,16,117.42,08:12:05.966534597
89,117.41,19,117.42,08:12:05.966704322
89,117.41,20,117.42,08:12:05.966894741
90,117.41,20,117.42,08:12:05.966963387
90,117.41,22,117.42,08:12:05.967044240
90,117.41,19,117.42,08:12:05.967132619
89,117.41,19,117.42,08:12:06.004269975
89,117.41,20,117.42,08:12:06.004487277
89,117.41,23,117.42,08:12:06.004558122
89,117.41,22,117.42,08:12:06.004666346
90,117.41,22,117.42,08:12:06.004753091
90,117.41,19,117.42,08:12:06.004861005
90,117.41,21,117.42,08:12:06.090704519
90,117.41,23,117.42,08:12:06.090773997
90,117.41,26,117.42,08:12:06.090875610
90,117.41,24,117.42,08:12:06.098923294
90,117.41,21,117.42,08:12:06.244180291
90,117.41,19,117.42,08:12:06.245545154
90,117.41,20,117.42,08:12:06.277604694
90,117.41,21,117.42,08:12:06.307630343
90,117.41,22,117.42,08:12:06.694091617
90,117.41,25,117.42,08:12:06.917904694
91,117.41,25,117.42,08:12:07.787537169
95,117.41,25,117.42,08:12:08.749288060
95,117.41,24,117.42,08:12:08.749446812
95,117.41,21,117.42,08:12:09.196926155
91,117.41,21,117.42,08:12:09.197130647
91,117.41,17,117.42,08:12:09.197130647
91,117.41,16,117.42,08:12:09.197397178
91,117.41,15,117.42,08:12:09.197520186
90,117.41,15,117.42,08:12:09.226938648
90,117.41,16,117.42,08:12:09.227123368
90,117.41,19,117.42,08:12:09.227201966
91,117.41,19,117.42,08:12:09.227266129
91,117.41,16,117.42,08:12:09.227415598
91,117.41,12,117.42,08:12:09.779688235
96,117.41,12,117.42,08:12:10.142057286
96,117.41,11,117.42,08:12:10.204334596
96,117.41,12,117.42,08:12:10.443524077
96,117.41,13,117.42,08:12:10.454988125
96,117.41,14,117.42,08:12:10.826350753
96,117.41,15,117.42,08:12:10.950961838
96,117.41,14,117.42,08:12:12.567015617
96,117.41,13,117.42,08:12:12.688484086
96,117.41,17,117.42,08:12:13.579951516
84,117.41,17,117.42,08:12:14.262540400
96,117.41,17,117.42,08:12:14.761763802
84,117.41,17,117.42,08:12:15.264224200
84,117.41,18,117.42,08:12:15.429709769
84,117.41,19,117.42,08:12:15.429877173
84,117.41,11,117.42,08:12:15.433121916
84,117.41,10,117.42,08:12:15.433307885
84,117.41,9,117.42,08:12:15.433387158
84,117.41,10,117.42,08:12:15.433529798
84,117.41,11,117.42,08:12:15.433730635
82,117.41,11,117.42,08:12:15.461045637
82,117.41,13,117.42,08:12:15.461267592
82,117.41,21,117.42,08:12:15.461358018
82,117.41,24,117.42,08:12:15.461358018
84,117.41,24,117.42,08:12:15.461460056
84,117.41,21,117.42,08:12:15.461655522
84,117.41,13,117.42,08:12:15.461738768
84,117.41,11,117.42,08:12:15.491309496
96,117.41,11,117.42,08:12:15.513990453
96,117.41,15,117.42,08:12:16.542981619
84,117.41,15,117.42,08:12:16.708972515
84,117.41,18,117.42,08:12:16.723779825
84,117.41,22,117.42,08:12:16.723847335
84,117.41,26,117.42,08:12:18.152147642
84,117.41,27,117.42,08:12:18.152392382
84,117.41,26,117.42,08:12:18.360319688
84,117.41,27,117.42,08:12:21.238021659
96,117.41,27,117.42,08:12:22.760127265
96,117.41,26,117.42,08:12:22.760291099
84,117.41,26,117.42,08:12:23.010649765
84,117.41,27,117.42,08:12:27.756959126
84,117.41,29,117.42,08:12:27.757093603
84,117.41,30,117.42,08:12:27.757158956
84,117.41,31,117.42,08:12:27.757223798
84,117.41,33,117.42,08:12:27.761019068
84,117.41,43,117.42,08:12:27.761218009
82,117.41,43,117.42,08:12:27.761286786
82,117.41,47,117.42,08:12:27.761286786
82,117.41,52,117.42,08:12:27.761358172
72,117.41,52,117.42,08:12:27.761432949
70,117.41,52,117.42,08:12:27.761506901
69,117.41,52,117.42,08:12:27.761610846
68,117.41,52,117.42,08:12:27.761610846
67,117.41,52,117.42,08:12:27.761610846
66,117.41,52,117.42,08:12:27.761610846
68,117.41,52,117.42,08:12:27.765104913
69,117.41,52,117.42,08:12:27.765237796
68,117.41,52,117.42,08:12:27.777246546
66,117.41,52,117.42,08:12:27.777405782
52,117.41,52,117.42,08:12:27.777473938
53,117.41,52,117.42,08:12:27.784645384
55,117.41,52,117.42,08:12:27.784788507
55,117.41,51,117.42,08:12:27.830295486
54,117.41,51,117.42,08:12:27.830295486
52,117.41,51,117.42,08:12:27.830458712
52,117.41,58,117.42,08:12:27.830528936
51,117.41,58,117.42,08:12:27.830596200
52,117.41,58,117.42,08:12:27.830596200
54,117.41,58,117.42,08:12:27.830741272
55,117.41,58,117.42,08:12:27.830860949
55,117.41,51,117.42,08:12:27.831552583
105,117.41,51,117.42,08:12:27.972380004
105,117.41,50,117.42,08:12:27.972631857
105,117.41,40,117.42,08:12:27.972715487
105,117.41,39,117.42,08:12:27.972715487
105,117.41,37,117.42,08:12:27.972731724
105,117.41,32,117.42,08:12:27.972731724
105,117.41,30,117.42,08:12:27.972788164
105,117.41,29,117.42,08:12:27.972855651
105,117.41,28,117.42,08:12:28.403946191
114,117.41,28,117.42,08:12:28.508730857
120,117.41,28,117.42,08:12:28.508834413
122,117.41,28,117.42,08:12:28.508900275
122,117.41,24,117.42,08:12:28.576602882
122,117.41,23,117.42,08:12:28.576935882
122,117.41,21,117.42,08:12:28.577060913
123,117.41,21,117.42,08:12:28.577152615
123,117.41,20,117.42,08:12:28.577382753
123,117.41,19,117.42,08:12:28.577552257
123,117.41,15,117.42,08:12:28.577552257
123,117.41,11,117.42,08:12:28.577579930
123,117.41,7,117.42,08:12:28.577579930
123,117.41,4,117.42,08:12:28.577579930
123,117.41,97,117.43,08:12:28.577579930
129,117.41,97,117.43,08:12:28.577768361
133,117.41,97,117.43,08:12:28.577768361
133,117.41,96,117.43,08:12:28.577768361
3,117.42,96,117.43,08:12:28.577816854
4,117.42,96,117.43,08:12:28.578093539
6,117.42,96,117.43,08:12:28.578093539
7,117.42,96,117.43,08:12:28.578366995
7,117.42,104,117.43,08:12:28.588511180
6,117.42,104,117.43,08:12:28.602577595
4,117.42,104,117.43,08:12:28.602816152
2,117.42,104,117.43,08:12:28.602908468
1,117.42,104,117.43,08:12:28.602908468
1,117.42,103,117.43,08:12:28.602993492
1,117.42,95,117.43,08:12:28.603088578
5,117.42,95,117.43,08:12:28.603088578
7,117.42,95,117.43,08:12:28.603211806
9,117.42,95,117.43,08:12:28.603288885
10,117.42,95,117.43,08:12:28.603288885
11,117.42,95,117.43,08:12:28.603361253
10,117.42,95,117.43,08:12:28.603493220
11,117.42,95,117.43,08:12:28.603656740
21,117.42,95,117.43,08:12:28.661532064
26,117.42,95,117.43,08:12:28.661632572
29,117.42,95,117.43,08:12:28.661914163
25,117.42,95,117.43,08:12:28.662795291
22,117.42,95,117.43,08:12:28.662911925
17,117.42,95,117.43,08:12:28.674148084
7,117.42,95,117.43,08:12:28.674148084
7,117.42,101,117.43,08:12:28.678283664
7,117.42,105,117.43,08:12:28.678403138
6,117.42,105,117.43,08:12:28.694501763
5,117.42,105,117.43,08:12:28.694581621
3,117.42,105,117.43,08:12:28.694581621
5,117.42,105,117.43,08:12:28.694811222
7,117.42,105,117.43,08:12:28.696818904
8,117.42,105,117.43,08:12:28.719012409
18,117.42,105,117.43,08:12:28.795052290
23,117.42,105,117.43,08:12:28.795173426
13,117.42,105,117.43,08:12:28.881741260
8,117.42,105,117.43,08:12:28.881813641
9,117.42,105,117.43,08:12:29.392875446
19,117.42,105,117.43,08:12:29.420701189
24,117.42,105,117.43,08:12:29.420798366
27,117.42,105,117.43,08:12:29.511941994
28,117.42,105,117.43,08:12:30.077918248
28,117.42,106,117.43,08:12:30.206503914
28,117.42,107,117.43,08:12:30.826460499
28,117.42,106,117.43,08:12:30.950434446
27,117.42,106,117.43,08:12:31.728292643
26,117.42,106,117.43,08:12:31.728453117
25,117.42,106,117.43,08:12:31.728467616
23,117.42,106,117.43,08:12:31.728467616
21,117.42,106,117.43,08:12:31.728467616
20,117.42,106,117.43,08:12:31.728481104
19,117.42,106,117.43,08:12:31.728654391
9,117.42,106,117.43,08:12:31.728675313
4,117.42,106,117.43,08:12:31.728675313
1,117.42,106,117.43,08:12:31.728675313
141,117.41,106,117.43,08:12:31.728675313
140,117.41,106,117.43,08:12:31.728700199
3,117.42,106,117.43,08:12:31.728835034
2,117.42,106,117.43,08:12:31.728849869
140,117.41,106,117.43,08:12:31.728925533
140,117.41,8,117.42,08:12:31.728925533
140,117.41,106,117.43,08:12:31.729228199
140,117.41,1,117.42,08:12:31.729243555
147,117.41,1,117.42,08:12:31.729423180
147,117.41,96,117.43,08:12:31.729511942
150,117.41,96,117.43,08:12:31.729611034
149,117.41,96,117.43,08:12:31.750737905
147,117.41,96,117.43,08:12:31.750737905
144,117.41,96,117.43,08:12:31.750954207
144,117.41,4,117.42,08:12:31.750954207
137,117.41,4,117.42,08:12:31.751043146
137,117.41,6,117.42,08:12:31.751043146
137,117.41,14,117.42,08:12:31.751043146
137,117.41,17,117.42,08:12:31.751199941
138,117.41,17,117.42,08:12:31.751283512
138,117.41,20,117.42,08:12:31.751283512
138,117.41,21,117.42,08:12:31.751372187
128,117.41,21,117.42,08:12:31.751372187
128,117.41,22,117.42,08:12:31.751612414
128,117.41,21,117.42,08:12:31.752138721
128,117.41,18,117.42,08:12:31.752464954
128,117.41,10,117.42,08:12:31.752464954
128,117.41,7,117.42,08:12:31.752464954
128,117.41,8,117.42,08:12:31.754391986
127,117.41,8,117.42,08:12:31.785675908
124,117.41,8,117.42,08:12:31.785675908
124,117.41,12,117.42,08:12:31.785873732
124,117.41,15,117.42,08:12:31.785959921
124,117.41,23,117.42,08:12:31.785959921
124,117.41,27,117.42,08:12:31.786065242
124,117.41,19,117.42,08:12:31.816112907
123,117.41,19,117.42,08:12:31.820177744
123,117.41,20,117.42,08:12:31.826738730
123,117.41,19,117.42,08:12:31.857491079
123,117.41,15,117.42,08:12:31.857704890
123,117.41,12,117.42,08:12:31.857791907
123,117.41,8,117.42,08:12:31.857918288
123,117.41,9,117.42,08:12:31.922730339
123,117.41,6,117.42,08:12:32.135889346
123,117.41,5,117.42,08:12:32.136194527
123,117.41,6,117.42,08:12:32.136307941
123,117.41,7,117.42,08:12:32.136564990
123,117.41,8,117.42,08:12:32.136564990
123,117.41,7,117.42,08:12:32.136734484
123,117.41,6,117.42,08:12:32.136734484
123,117.41,5,117.42,08:12:32.136850097
123,117.41,4,117.42,08:12:32.136867300
123,117.41,3,117.42,08:12:32.136867300
123,117.41,2,117.42,08:12:32.136867300
123,117.41,3,117.42,08:12:32.136867300
130,117.41,3,117.42,08:12:32.136942967
130,117.41,2,117.42,08:12:32.137022068
133,117.41,2,117.42,08:12:32.137133371
133,117.41,1,117.42,08:12:32.137220967
133,117.41,105,117.43,08:12:32.137755482
143,117.41,105,117.43,08:12:32.138085187
146,117.41,105,117.43,08:12:32.138100131
145,117.41,105,117.43,08:12:32.161471875
145,117.41,112,117.43,08:12:32.161794055
138,117.41,112,117.43,08:12:32.161794055
135,117.41,112,117.43,08:12:32.161794055
135,117.41,115,117.43,08:12:32.161794055
135,117.41,110,117.43,08:12:32.161863908
135,117.41,104,117.43,08:12:32.161863908
147,117.41,104,117.43,08:12:32.515775796
200,117.41,104,117.43,08:12:36.046954594
8,117.42,104,117.43,08:12:36.047139416
9,117.42,104,117.43,08:12:36.047213454
10,117.42,104,117.43,08:12:36.047385860
12,117.42,104,117.43,08:12:36.047468877
13,117.42,104,117.43,08:12:36.047468877
14,117.42,104,117.43,08:12:36.047571527
18,117.42,104,117.43,08:12:36.047571527
30,117.42,104,117.43,08:12:36.047682174
34,117.42,104,117.43,08:12:36.047752487
37,117.42,104,117.43,08:12:36.047844401
38,117.42,104,117.43,08:12:36.069662917
41,117.42,104,117.43,08:12:37.069269711
37,117.42,104,117.43,08:12:37.559019825
33,117.42,104,117.43,08:12:37.559092004
30,117.42,104,117.43,08:12:37.559161312
29,117.42,104,117.43,08:12:37.559227338
17,117.42,104,117.43,08:12:37.559415558
14,117.42,104,117.43,08:12:37.559415558
6,117.42,104,117.43,08:12:37.559520442
5,117.42,104,117.43,08:12:37.559586496
6,117.42,104,117.43,08:12:37.559865638
7,117.42,104,117.43,08:12:37.562094115
6,117.42,104,117.43,08:12:37.563260870
5,117.42,104,117.43,08:12:37.563326560
6,117.42,104,117.43,08:12:37.567443874
7,117.42,104,117.43,08:12:37.568368356
6,117.42,104,117.43,08:12:37.570600278
5,117.42,104,117.43,08:12:37.570749134
6,117.42,104,117.43,08:12:37.581524155
7,117.42,104,117.43,08:12:37.627468681
6,117.42,104,117.43,08:12:37.720894061
7,117.42,104,117.43,08:12:38.151892349
6,117.42,104,117.43,08:12:38.238368638
7,117.42,104,117.43,08:12:38.238525569
8,117.42,104,117.43,08:12:38.640586391
9,117.42,104,117.43,08:12:38.640675080
13,117.42,104,117.43,08:12:38.640738942
17,117.42,104,117.43,08:12:38.640846558
18,117.42,104,117.43,08:12:38.640981902
31,117.42,104,117.43,08:12:38.641050398
32,117.42,104,117.43,08:12:38.977919014
35,117.42,104,117.43,08:12:39.064647458
35,117.42,107,117.43,08:12:41.695519999
35,117.42,108,117.43,08:12:41.853199247
36,117.42,108,117.43,08:12:42.942813255
36,117.42,106,117.43,08:12:45.118365118
36,117.42,105,117.43,08:12:45.118516068
36,117.42,97,117.43,08:12:45.118689828
36,117.42,90,117.43,08:12:45.118767601
44,117.42,90,117.43,08:12:45.118888503
45,117.42,90,117.43,08:12:45.119254932
59,117.42,90,117.43,08:12:45.119828035
59,117.42,88,117.43,08:12:45.120207017
59,117.42,86,117.43,08:12:45.120419910
59,117.42,85,117.43,08:12:45.129575860
59,117.42,78,117.43,08:12:45.129932528
59,117.42,75,117.43,08:12:45.130003059
59,117.42,71,117.43,08:12:45.130319027
59,117.42,63,117.43,08:12:45.130457071
60,117.42,63,117.43,08:12:45.140722395
61,117.42,63,117.43,08:12:45.246970965
61,117.42,60,117.43,08:12:45.247096721
61,117.42,59,117.43,08:12:45.247234808
61,117.42,55,117.43,08:12:46.103203560
61,117.42,46,117.43,08:12:46.103361690
71,117.42,46,117.43,08:12:46.103378573
73,117.42,46,117.43,08:12:46.103635147
79,117.42,46,117.43,08:12:46.103779892
79,117.42,37,117.43,08:12:46.103800017
79,117.42,36,117.43,08:12:46.103800017
79,117.42,34,117.43,08:12:46.103800017
79,117.42,31,117.43,08:12:46.103818481
83,117.42,31,117.43,08:12:46.103818481
83,117.42,27,117.43,08:12:46.103818481
83,117.42,22,117.43,08:12:46.103961139
83,117.42,18,117.43,08:12:46.103976263
83,117.42,17,117.43,08:12:46.103976263
83,117.42,16,117.43,08:12:46.104124711
83,117.42,12,117.43,08:12:46.104148071
83,117.42,4,117.43,08:12:46.104148071
83,117.42,1,117.43,08:12:46.104148071
83,117.42,115,117.44,08:12:46.104148071
83,117.42,108,117.44,08:12:46.104381232
83,117.42,100,117.44,08:12:46.104381232
8,117.43,100,117.44,08:12:46.104400122
11,117.43,100,117.44,08:12:46.104400122
13,117.43,100,117.44,08:12:46.104400122
13,117.43,99,117.44,08:12:46.104556624
13,117.43,89,117.44,08:12:46.104556624
14,117.43,89,117.44,08:12:46.104604829
14,117.43,90,117.44,08:12:46.104604829
15,117.43,90,117.44,08:12:46.104949635
12,117.43,90,117.44,08:12:46.104949635
14,117.43,90,117.44,08:12:46.104949635
29,117.43,90,117.44,08:12:46.105513148
29,117.43,98,117.44,08:12:46.114791671
29,117.43,104,117.44,08:12:46.114867892
14,117.43,104,117.44,08:12:46.114987123
14,117.43,100,117.44,08:12:46.131368906
10,117.43,100,117.44,08:12:46.131368906
9,117.43,100,117.44,08:12:46.131678391
6,117.43,100,117.44,08:12:46.131678391
4,117.43,100,117.44,08:12:46.131757335
7,117.43,100,117.44,08:12:46.131948851
8,117.43,100,117.44,08:12:46.132093049
12,117.43,100,117.44,08:12:46.132165411
10,117.43,100,117.44,08:12:46.134380225
9,117.43,100,117.44,08:12:46.134393533
8,117.43,100,117.44,08:12:46.134459959
5,117.43,100,117.44,08:12:46.134539899
4,117.43,100,117.44,08:12:46.134626020
5,117.43,100,117.44,08:12:46.134626020
7,117.43,100,117.44,08:12:46.134732275
8,117.43,100,117.44,08:12:46.135046842
9,117.43,100,117.44,08:12:46.135325145
10,117.43,100,117.44,08:12:46.144550769
6,117.43,100,117.44,08:12:46.160132889
5,117.43,100,117.44,08:12:46.160147509
4,117.43,100,117.44,08:12:46.160313909
2,117.43,100,117.44,08:12:46.160392850
1,117.43,100,117.44,08:12:46.160392850
6,117.43,100,117.44,08:12:46.160631816
7,117.43,100,117.44,08:12:46.160789099
8,117.43,100,117.44,08:12:46.160877975
7,117.43,100,117.44,08:12:46.164850036
2,117.43,100,117.44,08:12:46.190014262
1,117.43,100,117.44,08:12:46.190161766
5,117.43,100,117.44,08:12:46.190231267
4,117.43,100,117.44,08:12:46.190451473
3,117.43,100,117.44,08:12:46.190541372
85,117.42,100,117.44,08:12:46.191392248
126,117.42,100,117.44,08:12:46.690360217
126,117.42,94,117.44,08:12:46.737631513
4,117.43,94,117.44,08:12:46.738267993
8,117.43,94,117.44,08:12:46.738522998
9,117.43,94,117.44,08:12:46.738692546
13,117.43,94,117.44,08:12:46.738692546
13,117.43,104,117.44,08:12:46.738709410
14,117.43,104,117.44,08:12:46.738709410
22,117.43,104,117.44,08:12:46.738709410
25,117.43,104,117.44,08:12:46.738783441
40,117.43,104,117.44,08:12:46.738869032
41,117.43,104,117.44,08:12:46.739131345
38,117.43,104,117.44,08:12:46.748281104
37,117.43,104,117.44,08:12:46.750584980
38,117.43,104,117.44,08:12:46.761242889
39,117.43,104,117.44,08:12:46.761402180
38,117.43,104,117.44,08:12:47.234620910
30,117.43,104,117.44,08:12:47.234780433
15,117.43,104,117.44,08:12:47.234934032
11,117.43,104,117.44,08:12:47.235170148
10,117.43,104,117.44,08:12:47.235249670
11,117.43,104,117.44,08:12:47.239621657
10,117.43,104,117.44,08:12:47.243015456
6,117.43,104,117.44,08:12:47.348229664
8,117.43,104,117.44,08:12:47.348395987
10,117.43,104,117.44,08:12:47.348535984
25,117.43,104,117.44,08:12:47.882688626
23,117.43,104,117.44,08:12:48.266612192
8,117.43,104,117.44,08:12:48.266738870
8,117.43,94,117.44,08:12:48.266922339
8,117.43,100,117.44,08:12:48.267886862
6,117.43,100,117.44,08:12:48.270831404
8,117.43,100,117.44,08:12:48.273580832
10,117.43,100,117.44,08:12:48.274590543
11,117.43,100,117.44,08:12:48.274734223
12,117.43,100,117.44,08:12:48.279197642
11,117.43,100,117.44,08:12:48.310976406
9,117.43,100,117.44,08:12:48.311106448
8,117.43,100,117.44,08:12:48.328164870
11,117.43,100,117.44,08:12:48.379495270
13,117.43,100,117.44,08:12:48.379559094
29,117.43,100,117.44,08:12:48.379658369
31,117.43,100,117.44,08:12:48.438929278
32,117.43,100,117.44,08:12:49.080242849
33,117.43,100,117.44,08:12:49.080395157
33,117.43,99,117.44,08:12:49.362466491
33,117.43,100,117.44,08:12:50.825855514
32,117.43,100,117.44,08:12:50.826006944
32,117.43,101,117.44,08:12:50.941107365
32,117.43,94,117.44,08:12:51.343973075
32,117.43,91,117.44,08:12:51.366973971
33,117.43,91,117.44,08:12:51.367138147
33,117.43,85,117.44,08:12:51.752034504
32,117.43,85,117.44,08:12:51.752172187
33,117.43,85,117.44,08:12:51.825020898
34,117.43,85,117.44,08:12:51.825168622
33,117.43,85,117.44,08:12:52.038688980
32,117.43,85,117.44,08:12:52.038857008
33,117.43,85,117.44,08:12:52.038928954
34,117.43,85,117.44,08:12:52.039034765
34,117.43,91,117.44,08:12:54.366859071
37,117.43,91,117.44,08:12:54.367030601
36,117.43,91,117.44,08:12:54.367102269
36,117.43,86,117.44,08:12:55.612258007
45,117.43,86,117.44,08:12:55.612519098
45,117.43,76,117.44,08:12:55.612599568
46,117.43,76,117.44,08:12:55.612599568
52,117.43,76,117.44,08:12:55.612674193
52,117.43,74,117.44,08:12:55.614568716
50,117.43,74,117.44,08:12:55.635228072
44,117.43,74,117.44,08:12:55.636160414
35,117.43,74,117.44,08:12:55.636229447
36,117.43,74,117.44,08:12:55.636297331
37,117.43,74,117.44,08:12:55.662287593
37,117.43,84,117.44,08:12:55.853237915
36,117.43,84,117.44,08:12:55.853534648
35,117.43,84,117.44,08:12:55.945006923
36,117.43,84,117.44,08:12:56.446007211
35,117.43,84,117.44,08:12:59.129007455
33,117.43,84,117.44,08:12:59.976779574
33,117.43,88,117.44,08:13:00.164160063
34,117.43,88,117.44,08:13:01.555648193
37,117.43,88,117.44,08:13:01.612250495
37,117.43,89,117.44,08:13:02.146037715
49,117.43,89,117.44,08:13:03.469510485
52,117.43,89,117.44,08:13:03.469606261
53,117.43,89,117.44,08:13:03.507429141
55,117.43,89,117.44,08:13:03.557323935
55,117.43,79,117.44,08:13:03.557428344
55,117.43,75,117.44,08:13:03.557533913
55,117.43,74,117.44,08:13:03.557655906
55,117.43,71,117.44,08:13:03.558012370
59,117.43,71,117.44,08:13:03.558098002
59,117.43,61,117.44,08:13:03.558220740
59,117.43,59,117.44,08:13:03.558362095
59,117.43,57,117.44,08:13:03.558522213
59,117.43,56,117.44,08:13:03.558938219
