price,volume,timestamp
117.41,3,08:10:00.004135304
117.41,1,08:10:00.138424619
117.42,1,08:10:00.243241245
117.42,1,08:10:00.243255344
117.42,5,08:10:00.243333885
117.42,1,08:10:00.243348717
117.41,2,08:10:00.272193736
117.41,5,08:10:05.410594202
117.41,3,08:10:05.410847763
117.41,4,08:10:05.410862119
117.41,4,08:10:05.410882698
117.41,1,08:10:05.410896659
117.41,7,08:10:05.410912675
117.41,2,08:10:05.410912675
117.41,1,08:10:05.410912675
117.41,2,08:10:05.410994316
117.41,1,08:10:05.410994316
117.41,2,08:10:05.411008367
117.41,1,08:10:05.411242790
117.41,9,08:10:05.411257315
117.41,7,08:10:05.411257315
117.41,1,08:10:05.411296873
117.41,1,08:10:05.411312208
117.41,2,08:10:05.411312208
117.41,1,08:10:05.411325878
117.41,3,08:10:05.411343901
117.4,1,08:10:05.437805587
117.4,2,08:10:05.437907872
117.4,6,08:10:05.437922595
117.4,1,08:10:05.437922595
117.41,3,08:10:07.316055239
117.4,1,08:10:07.344777794
117.41,1,08:10:07.643916276
117.41,3,08:10:07.644080513
117.41,1,08:10:07.644097015
117.41,3,08:10:07.644097015
117.41,1,08:10:07.644114160
117.41,2,08:10:07.644114160
117.41,3,08:10:07.644114160
117.41,5,08:10:07.644446644
117.41,2,08:10:07.644477156
117.41,2,08:10:07.644820896
117.41,10,08:10:07.644820896
117.41,7,08:10:07.644835412
117.41,9,08:10:07.644835412
117.41,7,08:10:07.644850541
117.41,5,08:10:07.644865597
117.41,3,08:10:07.644943683
117.41,6,08:10:07.644961241
117.41,2,08:10:07.644987177
117.41,1,08:10:07.645210816
117.41,1,08:10:07.645230483
117.41,1,08:10:07.645782854
117.41,1,08:10:07.664803636
117.41,1,08:10:07.664888013
117.41,1,08:10:07.664902797
117.41,1,08:10:07.669294787
117.41,1,08:10:07.670030629
117.41,1,08:10:07.698779933
117.41,1,08:10:07.698884458
117.41,2,08:10:07.698898637
117.41,1,08:10:07.698898637
117.41,3,08:10:07.698898637
117.41,1,08:10:07.698913098
117.41,2,08:10:07.698913098
117.41,1,08:10:07.730142975
117.41,3,08:10:08.686704446
117.41,1,08:10:12.795055337
117.41,4,08:10:12.795148755
117.41,2,08:10:12.795148755
117.41,1,08:10:12.827824426
117.41,1,08:10:18.029962600
117.42,1,08:10:19.628273947
117.42,1,08:10:19.628484814
117.42,3,08:10:19.628504734
117.42,2,08:10:19.628504734
117.42,1,08:10:19.628504734
117.42,1,08:10:19.628518904
117.42,4,08:10:19.628518904
117.42,1,08:10:19.628641787
117.42,1,08:10:19.628659611
117.42,2,08:10:19.628676194
117.42,1,08:10:19.628676194
117.42,1,08:10:19.652954506
117.42,6,08:10:19.654274095
117.42,8,08:10:19.888182703
117.42,1,08:10:19.888500066
117.42,3,08:10:19.888500066
117.42,1,08:10:19.888612677
117.42,5,08:10:19.888707311
117.42,1,08:10:19.888967771
117.42,1,08:10:19.913679367
117.42,1,08:10:19.913751597
117.42,1,08:10:19.937567117
117.42,2,08:10:19.937634905
117.42,1,08:10:22.699771739
117.42,3,08:10:22.700085571
117.42,10,08:10:22.700100756
117.42,1,08:10:22.700100756
117.42,5,08:10:22.700100756
117.42,3,08:10:22.700158146
117.42,1,08:10:22.700172147
117.41,1,08:10:22.700172147
117.41,1,08:10:22.700187375
117.41,8,08:10:22.700187375
117.41,13,08:10:22.700187375
117.41,3,08:10:22.700200569
117.41,1,08:10:22.700493738
117.41,1,08:10:22.700507030
117.41,4,08:10:22.700522070
117.41,1,08:10:22.700522070
117.41,2,08:10:22.700572880
117.41,1,08:10:22.700585981
117.41,4,08:10:22.700602125
117.41,11,08:10:22.729357163
117.41,1,08:10:22.760071751
117.41,5,08:10:22.760144730
117.42,2,08:10:28.316217007
117.42,1,08:10:28.316397787
117.42,1,08:10:28.316414463
117.42,4,08:10:28.316414463
117.42,3,08:10:28.316414463
117.42,2,08:10:28.316429746
117.42,1,08:10:28.316429746
117.42,3,08:10:28.316429746
117.42,2,08:10:28.316444802
117.41,6,08:10:28.342561100
117.42,1,08:10:30.490612933
117.42,1,08:10:30.549484630
117.42,3,08:10:30.549578783
117.42,2,08:10:30.549578783
117.42,2,08:10:30.575271837
117.42,1,08:10:30.575558527
117.42,4,08:10:32.668317033
117.41,1,08:10:32.692283683
117.41,5,08:10:37.999921874
117.41,1,08:10:38.034418958
117.42,1,08:10:41.540688929
117.42,1,08:10:41.540776315
117.42,2,08:10:41.540991154
117.42,1,08:10:41.541150494
117.42,1,08:10:41.569643123
117.42,1,08:10:41.579245475
117.42,1,08:10:41.609576265
117.42,1,08:10:44.118580736
117.42,1,08:10:44.118875721
117.42,1,08:10:45.992338483
117.42,1,08:10:45.992441078
117.41,1,08:10:46.025701413
117.42,1,08:10:46.242584595
117.42,1,08:10:48.786154087
117.42,1,08:10:48.786251985
117.42,1,08:10:48.787003961
117.42,1,08:10:48.787028707
117.42,1,08:10:48.787332591
117.41,1,08:10:49.048774508
117.41,1,08:10:49.071700860
117.42,1,08:11:00.109353860
117.42,1,08:11:00.109418670
117.42,1,08:11:02.155702607
117.42,1,08:11:02.155785928
117.42,2,08:11:02.155800380
117.42,1,08:11:02.155800380
117.41,2,08:11:02.197781193
117.41,1,08:11:07.830273971
117.42,1,08:11:13.562599723
117.42,2,08:11:15.339022525
117.42,1,08:11:15.339498410
117.42,1,08:11:15.339595398
117.42,2,08:11:15.339595398
117.42,3,08:11:15.340496772
117.42,1,08:11:15.340496772
117.42,1,08:11:15.340595636
117.42,1,08:11:15.340614438
117.41,1,08:11:15.363612463
117.41,2,08:11:15.390107836
117.42,2,08:11:16.755900106
117.42,2,08:11:16.756152365
117.42,4,08:11:16.756272723
117.42,1,08:11:16.756272723
117.41,1,08:11:16.787268661
117.41,2,08:11:16.816996652
117.42,3,08:11:22.565752600
117.42,3,08:11:22.565855387
117.42,3,08:11:22.565870206
117.42,2,08:11:22.565870206
117.41,2,08:11:22.591691173
117.42,2,08:11:23.372867620
117.42,1,08:11:23.373004810
117.42,1,08:11:23.373021549
117.42,2,08:11:23.373021549
117.42,4,08:11:23.373021549
117.42,4,08:11:23.373042385
117.42,3,08:11:23.373042385
117.42,2,08:11:23.373042385
117.41,7,08:11:23.398466910
117.41,11,08:11:31.742560419
117.41,1,08:11:31.742575928
117.41,6,08:11:31.742900656
117.41,1,08:11:31.743058860
117.41,19,08:11:31.743058860
117.41,1,08:11:31.743225916
117.41,1,08:11:31.743244601
117.41,11,08:11:31.743263987
117.41,1,08:11:31.743263987
117.4,1,08:11:31.925177371
117.4,1,08:11:31.925258154
117.4,4,08:11:31.925272871
117.4,1,08:11:31.950230390
117.4,1,08:11:31.954148057
117.4,1,08:11:31.954531477
117.41,2,08:11:32.058969428
117.4,1,08:11:32.086242435
117.41,1,08:11:38.679218001
117.41,1,08:11:38.679233136
117.41,1,08:11:38.768280938
117.41,5,08:11:38.768767638
117.4,2,08:11:38.795245036
117.41,4,08:11:39.795209273
117.41,3,08:11:39.795305554
117.41,1,08:11:39.795330683
117.41,1,08:11:39.795763185
117.4,3,08:11:39.824382703
117.41,1,08:11:42.652490196
117.41,1,08:11:42.652571693
117.41,1,08:11:43.908736564
117.4,1,08:11:43.936423412
117.41,1,08:11:52.818037763
117.41,2,08:11:52.818052012
117.41,5,08:11:52.818125007
117.41,1,08:11:52.818394789
117.41,1,08:11:52.818498885
117.41,3,08:11:52.819076619
117.41,1,08:11:52.819439515
117.41,4,08:11:52.836185969
117.41,3,08:11:52.836185969
117.41,2,08:11:52.836185969
117.41,1,08:11:52.836199950
117.41,1,08:11:52.836414292
117.4,1,08:11:52.961275553
117.4,5,08:11:52.990609307
117.41,1,08:11:53.415471558
117.41,1,08:11:53.415590342
117.41,3,08:11:53.415611925
117.41,4,08:11:53.415611925
117.41,1,08:11:53.415611925
117.41,1,08:11:53.415970800
117.41,3,08:11:53.441835623
117.41,2,08:12:03.496326675
117.41,1,08:12:03.496326675
117.41,1,08:12:03.497960975
117.41,1,08:12:03.498060100
117.41,1,08:12:03.499099078
117.41,1,08:12:03.499425181
117.41,1,08:12:03.499634391
117.41,1,08:12:03.499959052
117.41,1,08:12:03.526472247
117.41,2,08:12:03.552536414
117.42,2,08:12:05.940707703
117.42,1,08:12:05.940722912
117.42,1,08:12:05.941335155
117.42,1,08:12:05.941527711
117.42,3,08:12:05.941527711
117.41,1,08:12:05.966534597
117.41,1,08:12:06.004269975
117.42,4,08:12:09.197130647
117.41,1,08:12:09.226938648
117.42,8,08:12:15.433121916
117.41,2,08:12:15.461045637
117.41,1,08:12:27.830295486
117.42,2,08:12:28.577060913
117.42,1,08:12:28.577382753
117.42,1,08:12:28.577552257
117.42,3,08:12:28.577579930
117.42,4,08:12:28.577579930
117.42,1,08:12:28.602577595
117.42,2,08:12:28.602908468
117.42,1,08:12:28.603493220
117.42,4,08:12:28.662795291
117.42,1,08:12:28.694501763
117.42,1,08:12:31.728292643
117.42,1,08:12:31.728453117
117.42,1,08:12:31.728467616
117.42,2,08:12:31.728467616
117.42,1,08:12:31.728481104
117.42,1,08:12:31.728654391
117.42,10,08:12:31.728675313
117.42,5,08:12:31.728675313
117.42,3,08:12:31.728675313
117.42,1,08:12:31.728675313
117.42,1,08:12:31.728849869
117.42,2,08:12:31.728925533
117.41,1,08:12:31.750737905
117.41,2,08:12:31.750737905
117.42,1,08:12:31.752138721
117.41,1,08:12:31.785675908
117.41,3,08:12:31.785675908
117.41,1,08:12:31.820177744
117.42,1,08:12:31.857491079
117.42,1,08:12:32.136734484
117.42,1,08:12:32.136850097
117.42,1,08:12:32.136867300
117.41,1,08:12:32.161471875
117.43,1,08:12:46.103800017
117.43,2,08:12:46.103800017
117.43,9,08:12:46.103800017
117.43,3,08:12:46.103818481
117.43,1,08:12:46.103976263
117.43,1,08:12:46.104124711
117.43,4,08:12:46.104148071
117.43,8,08:12:46.104148071
117.43,3,08:12:46.104148071
117.43,1,08:12:46.104148071
117.43,4,08:12:46.131368906
117.43,1,08:12:46.131678391
117.43,2,08:12:46.134380225
117.43,1,08:12:46.134393533
117.43,1,08:12:46.134459959
117.43,4,08:12:46.160132889
117.43,1,08:12:46.160147509
117.43,1,08:12:46.190161766
117.43,1,08:12:46.190541372
117.43,1,08:12:52.038688980
117.44,5,08:12:55.612258007
117.44,2,08:12:55.614568716
117.43,2,08:12:55.635228072
117.44,2,08:13:03.635282745
117.44,1,08:13:03.635692601
117.44,1,08:13:03.635706719
117.44,1,08:13:03.635866204
117.44,1,08:13:03.635886261
117.44,6,08:13:03.635886261
117.44,1,08:13:03.635907682
117.44,3,08:13:03.635907682
117.44,1,08:13:03.635953912
117.44,1,08:13:03.637038248
117.44,1,08:13:03.637060647
117.44,2,08:13:03.637364686
117.44,1,08:13:03.661549235
117.44,5,08:13:03.688962196
117.44,2,08:13:03.994242105
117.44,1,08:13:03.994676789
117.43,1,08:13:04.028011766
117.44,4,08:13:09.301072037
117.44,4,08:13:09.301087752
117.44,1,08:13:09.301087752
117.44,1,08:13:09.301276068
117.44,1,08:13:09.301398308
117.44,15,08:13:09.301414900
117.44,3,08:13:09.301414900
117.44,2,08:13:09.301414900
117.44,1,08:13:09.323868566
117.44,1,08:13:09.323883257
117.44,4,08:13:09.352966200
117.43,1,08:13:09.353041633
117.43,1,08:13:09.392249251
117.44,1,08:13:14.542512376
117.44,1,08:13:14.542590876
117.44,1,08:13:14.548223981
117.43,1,08:13:14.575051377
117.45,1,08:13:16.330434258
117.45,1,08:13:16.330524505
117.45,1,08:13:16.330539668
117.44,1,08:13:16.355792206
117.45,1,08:13:16.528237058
117.45,5,08:13:19.359665634
117.45,1,08:13:19.384909912
117.45,1,08:13:19.385221930
117.44,3,08:13:29.991554755
117.44,1,08:13:29.991554755
117.44,1,08:13:29.991697903
117.44,3,08:13:29.991714300
117.44,2,08:13:29.991714300
117.44,1,08:13:29.991714300
117.44,4,08:13:29.991974301
117.44,8,08:13:29.991991805
117.44,4,08:13:29.991991805
117.44,2,08:13:29.992005853
117.44,1,08:13:29.992114557
117.44,1,08:13:29.992128842
117.44,2,08:13:29.992128842
117.44,14,08:13:29.992142691
117.44,15,08:13:29.992158583
117.44,1,08:13:29.992158583
117.44,2,08:13:29.992176557
117.44,1,08:13:29.992176557
117.44,1,08:13:29.992192297
117.44,6,08:13:29.992206887
117.44,4,08:13:29.992206887
117.44,1,08:13:29.992239264
117.44,1,08:13:29.992486169
117.44,5,08:13:29.992764191
117.44,1,08:13:29.993565486
117.44,1,08:13:29.994036264
117.44,1,08:13:30.024655460
117.44,2,08:13:30.024740853
117.44,1,08:13:30.024740853
117.44,1,08:13:30.024757903
117.44,13,08:13:30.025284065
117.44,1,08:13:30.077614851
117.44,2,08:13:30.077614851
117.44,1,08:13:30.077872827
117.44,1,08:13:30.078083119
117.44,1,08:13:30.163194687
117.44,1,08:13:31.781496567
117.43,1,08:13:31.809909402
117.44,1,08:13:31.872885082
117.44,1,08:13:43.721299064
117.44,5,08:13:43.721361937
117.44,1,08:13:43.722555972
117.44,1,08:13:43.755888215
117.44,1,08:13:43.788429926
117.44,1,08:13:47.829548476
117.45,1,08:13:53.767374227
117.45,1,08:13:53.767597871
117.45,9,08:13:53.767619670
117.45,1,08:13:53.767619670
117.45,2,08:13:53.767619670
117.45,3,08:13:53.767619670
117.45,8,08:13:53.767638278
117.45,1,08:13:53.767638278
117.46,1,08:13:53.772679982
117.46,1,08:13:53.772771150
117.46,1,08:13:53.772785924
117.46,4,08:13:53.772785924
117.46,1,08:13:53.772801707
117.45,3,08:13:53.800260026
117.45,4,08:13:53.800260026
117.45,2,08:13:53.830899847
117.46,1,08:13:53.874729040
117.46,4,08:13:53.874822195
117.46,1,08:13:53.874822195
117.46,1,08:13:53.905784906
117.46,1,08:13:53.906111059
117.46,1,08:13:53.931095195
117.46,4,08:13:56.331251466
117.46,4,08:13:56.331375701
117.46,1,08:13:56.331392787
117.46,3,08:13:56.331392787
117.46,14,08:13:56.331412892
117.46,3,08:13:56.331788921
117.46,6,08:13:56.344747396
117.45,4,08:13:56.357995400
117.46,1,08:13:56.364966839
117.45,6,08:13:56.385130213
117.45,1,08:13:56.414035917
117.46,2,08:14:00.144196561
117.46,1,08:14:05.043830193
117.46,1,08:14:05.043907422
117.45,1,08:14:05.073660706
117.46,1,08:14:05.084184632
117.46,1,08:14:10.939737773
117.46,1,08:14:11.184412202
117.46,1,08:14:18.270230677
117.46,2,08:14:18.270230677
117.46,1,08:14:18.270319559
117.46,2,08:14:18.274444939
117.46,1,08:14:18.275162938
117.46,1,08:14:18.292683466
117.46,4,08:14:18.292924027
117.46,2,08:14:18.292924027
117.46,1,08:14:18.293002480
117.45,1,08:14:18.299350055
117.45,1,08:14:18.324248573
117.45,1,08:14:18.356870002
117.45,1,08:14:18.356883179
117.46,1,08:14:18.472316599
117.46,1,08:14:22.089010766
117.46,1,08:14:22.089137854
117.46,1,08:14:22.089158501
117.46,3,08:14:22.101253219
117.46,1,08:14:22.101526643
117.45,1,08:14:22.115001821
117.45,2,08:14:22.146327756
117.46,1,08:14:22.313560227
117.46,4,08:14:22.313560227
117.46,1,08:14:22.313659683
117.46,1,08:14:22.313676486
117.45,1,08:14:22.339902692
117.46,1,08:14:22.340436922
117.46,1,08:14:24.496671209
117.46,4,08:14:24.496671209
117.45,1,08:14:24.530294945
117.45,1,08:14:26.791962373
117.45,1,08:14:26.791976101
117.45,1,08:14:26.792107195
117.45,1,08:14:26.792124735
117.45,2,08:14:26.792124735
117.45,4,08:14:26.792124735
117.45,8,08:14:26.792344098
117.45,1,08:14:26.792344098
117.45,1,08:14:26.855192589
117.45,3,08:14:26.855209255
117.46,4,08:14:33.462425860
117.46,1,08:14:33.462538781
117.46,1,08:14:33.462554969
117.46,8,08:14:33.462554969
117.46,1,08:14:33.462572243
117.45,1,08:14:33.489128090
117.45,3,08:14:33.489128090
117.46,1,08:14:35.293194526
117.46,5,08:14:35.293820603
117.46,1,08:14:35.323589913
117.46,1,08:14:35.323690606
117.46,2,08:14:35.323690606
117.45,2,08:14:35.355975358
117.46,1,08:14:47.126294542
117.46,4,08:14:47.126294542
117.46,1,08:14:47.126423400
117.46,1,08:14:47.126440357
117.46,2,08:14:47.126440357
117.46,4,08:14:47.126440357
117.46,1,08:14:47.126645643
117.46,3,08:14:47.126671058
117.46,1,08:14:47.126671058
117.45,3,08:14:47.153887020
117.45,1,08:14:47.153887020
117.46,1,08:14:47.167117737
117.46,4,08:14:47.167117737
117.46,3,08:14:47.167181078
117.46,1,08:14:47.167502127
117.46,1,08:14:47.167759814
117.46,3,08:14:47.168171074
117.45,2,08:14:47.195626659
117.45,1,08:14:47.222385021
117.45,1,08:14:47.222449251
117.46,1,08:14:52.042098996
117.46,1,08:14:52.042226045
117.46,2,08:14:52.042243645
117.46,1,08:14:52.042243645
117.46,1,08:14:52.042259105
117.46,1,08:14:52.052692420
117.46,1,08:14:52.074132205
117.46,1,08:14:52.104286161
117.46,1,08:14:52.128341508
117.46,1,08:14:52.133257503
117.46,1,08:14:55.513476812
117.46,2,08:14:55.513897700
117.46,1,08:14:55.515621946
117.46,1,08:14:55.515791296
117.46,4,08:14:55.516223710
117.46,1,08:14:55.516541782
117.46,3,08:14:55.516642921
117.45,1,08:14:55.539127143
117.45,1,08:14:55.566344498
117.45,2,08:14:55.594965553
117.46,1,08:14:59.422004289
117.46,1,08:14:59.422325546
117.46,1,08:14:59.423104019
117.46,1,08:15:06.841122834
117.46,2,08:15:06.841198511
117.46,2,08:15:06.841423189
117.46,1,08:15:06.841543346
117.46,1,08:15:06.851812066
117.46,1,08:15:06.870467949
117.46,1,08:15:06.899762844
117.46,1,08:15:06.940277695
117.46,1,08:15:16.734821175
117.46,1,08:15:16.734977400
117.46,3,08:15:16.734977400
117.46,1,08:15:16.735204542
117.46,1,08:15:16.736081697
117.46,1,08:15:16.736232718
117.46,1,08:15:16.739223665
117.46,8,08:15:16.739336392
117.46,1,08:15:16.739356581
117.46,1,08:15:16.740036803
117.46,1,08:15:16.745858600
117.46,4,08:15:16.746995245
117.46,1,08:15:16.747330256
117.46,2,08:15:16.747330256
117.46,1,08:15:16.758165618
117.46,2,08:15:16.759435941
117.46,1,08:15:16.782928915
117.46,1,08:15:19.978445293
117.46,1,08:15:19.978533824
117.46,1,08:15:20.288819285
117.46,1,08:15:20.289222501
117.46,1,08:15:20.321994607
117.46,4,08:15:20.322757855
117.46,1,08:15:20.323037023
117.45,7,08:15:22.589367682
117.45,1,08:15:22.589886363
117.45,1,08:15:22.589906885
117.45,1,08:15:26.068060247
117.45,1,08:15:27.829967727
117.45,6,08:15:29.179280845
117.45,1,08:15:33.637996837
117.46,1,08:15:36.046138355
117.46,1,08:15:36.046313350
117.46,1,08:15:36.046536889
117.46,1,08:15:36.046553439
117.46,2,08:15:36.046553439
117.46,6,08:15:36.046734201
117.46,1,08:15:36.047063925
117.46,4,08:15:36.047224379
117.46,3,08:15:36.047397074
117.46,1,08:15:36.056754288
117.46,1,08:15:36.056941993
117.46,1,08:15:36.060704127
117.46,1,08:15:36.061224715
117.46,1,08:15:36.061504404
117.46,1,08:15:36.075514020
117.46,1,08:15:51.339015859
117.46,1,08:15:56.922250020
117.46,1,08:15:56.922268509
117.46,1,08:15:56.922693619
117.46,3,08:15:56.922693619
117.46,1,08:15:57.809338182
117.46,1,08:15:57.809353834
117.46,1,08:15:59.155855221
117.46,1,08:15:59.155933272
117.46,1,08:15:59.429073496
117.46,5,08:15:59.429430623
117.46,1,08:15:59.720667333
117.46,1,08:16:01.146351425
117.46,1,08:16:02.981489711
117.46,1,08:16:02.981591184
117.46,3,08:16:02.981937193
117.46,3,08:16:02.982240127
117.46,1,08:16:03.011950643
117.47,1,08:16:16.785986532
117.47,12,08:16:16.786164778
117.47,4,08:16:16.786179860
117.47,1,08:16:16.786179860
117.47,3,08:16:16.786179860
117.47,4,08:16:16.786387869
117.47,15,08:16:16.786402851
117.47,2,08:16:16.786416618
117.47,2,08:16:16.786431037
117.47,6,08:16:16.786431037
117.47,3,08:16:16.786448090
117.47,2,08:16:16.786448090
117.47,7,08:16:16.786593177
117.47,8,08:16:16.786607088
117.47,4,08:16:16.786620979
117.47,1,08:16:16.786635824
117.47,8,08:16:16.786807376
117.47,2,08:16:16.786830236
117.47,1,08:16:16.786846313
117.47,1,08:16:16.786863775
117.47,1,08:16:16.786878265
117.47,2,08:16:16.786892601
117.47,6,08:16:16.786908201
117.47,1,08:16:16.786937395
117.47,14,08:16:16.787512393
117.47,1,08:16:16.787544341
117.47,4,08:16:16.787649113
117.47,5,08:16:16.787729909
117.47,3,08:16:20.425811044
117.47,1,08:16:20.425811044
117.47,1,08:16:20.436460019
117.47,1,08:16:20.707764119
117.47,3,08:16:20.707909782
117.47,1,08:16:20.707939740
117.47,3,08:16:20.707939740
117.47,1,08:16:47.830672275
117.48,1,08:16:58.704604760
117.48,1,08:16:58.704861131
117.48,1,08:16:58.704876785
117.48,5,08:16:58.815246328
117.48,1,08:16:58.815580302
117.48,4,08:16:58.815580302
117.48,1,08:16:58.815683847
117.48,8,08:16:58.815699821
117.48,1,08:16:58.815699821
117.48,1,08:16:58.815717508
117.48,1,08:16:59.084514498
117.48,3,08:16:59.121650531
117.48,2,08:16:59.218231663
117.48,2,08:16:59.218638585
117.48,1,08:16:59.218733256
117.48,1,08:17:00.001646730
117.48,1,08:17:00.119066033
117.48,4,08:17:00.285149617
117.48,1,08:17:00.413921804
117.48,3,08:17:00.416783276
117.48,1,08:17:00.416961562
117.48,1,08:17:00.417312755
117.48,1,08:17:00.595992077
117.47,7,08:17:14.635166694
117.48,1,08:17:26.791714884
117.48,4,08:17:26.791714884
117.48,1,08:17:26.792314973
117.48,1,08:17:26.792554781
117.48,1,08:17:26.827606691
117.48,1,08:17:26.833959882
117.48,3,08:17:34.781406468
117.48,1,08:17:34.781420826
117.48,1,08:17:34.781504602
117.48,4,08:17:54.175871336
117.48,1,08:17:54.176041541
117.48,1,08:17:54.176056644
117.48,2,08:17:54.176056644
117.48,1,08:17:54.176224164
117.48,1,08:17:54.176239035
117.48,3,08:17:54.176239035
117.48,2,08:17:54.176239035
117.48,1,08:17:54.176408379
117.48,1,08:17:54.176437157
117.48,3,08:17:54.177203828
117.48,1,08:17:54.177203828
117.48,1,08:17:54.177970730
117.48,1,08:17:54.178367264
117.48,1,08:17:54.219925248
117.47,1,08:18:00.037796452
117.48,2,08:18:01.126083142
117.48,1,08:18:01.126160499
117.48,2,08:18:01.126379289
117.48,1,08:18:01.126527422
117.48,5,08:18:01.126527422
117.48,1,08:18:01.126542556
117.48,1,08:18:01.126653928
117.48,1,08:18:01.126822363
117.48,1,08:18:01.127039627
117.48,11,08:18:01.382158527
117.48,4,08:18:01.384944793
117.48,1,08:18:01.403522795
117.48,1,08:18:01.403611553
117.48,1,08:18:01.692298535
117.48,4,08:18:04.910813549
117.48,1,08:18:04.910832605
117.48,1,08:18:04.911416703
117.48,1,08:18:04.911539388
117.48,1,08:18:09.189842508
117.48,1,08:18:09.189926696
117.48,1,08:18:09.189946027
117.48,2,08:18:09.189946027
117.48,4,08:18:09.189946027
117.48,1,08:18:14.440106739
117.48,1,08:18:14.441854883
117.48,1,08:18:14.450791507
117.48,1,08:18:33.254288944
117.48,1,08:18:33.254383846
117.48,2,08:18:33.254398669
117.48,1,08:18:33.254398669
117.48,1,08:18:33.280509669
117.48,2,08:18:36.189771483
117.48,1,08:18:36.190017384
117.48,1,08:18:36.190160085
117.48,5,08:18:36.190160085
117.48,1,08:18:36.190354382
117.48,1,08:18:36.366598374
117.49,4,08:18:37.735594893
117.49,3,08:18:37.735614755
117.49,1,08:18:37.735614755
117.49,10,08:18:37.735614755
117.49,5,08:18:37.735614755
117.49,1,08:18:37.735632938
117.49,5,08:18:37.735632938
117.49,2,08:18:37.735632938
117.49,4,08:18:37.735632938
117.49,1,08:18:37.735998341
117.49,1,08:18:37.736013244
117.49,1,08:18:37.736029196
117.49,1,08:18:37.736043753
117.49,1,08:18:37.736066066
117.49,10,08:18:37.736066066
117.49,5,08:18:37.736216289
117.49,11,08:18:37.736551349
117.49,2,08:18:37.736784460
117.49,1,08:18:38.161303943
117.49,1,08:18:38.161572918
117.48,1,08:18:42.091737174
117.48,3,08:18:42.091737174
117.48,1,08:18:42.096184613
117.48,1,08:18:42.096363460
117.48,1,08:18:42.096378210
117.48,1,08:18:42.096391288
117.48,10,08:18:42.096406414
117.48,1,08:18:42.096406414
117.48,3,08:18:42.096406414
117.48,1,08:18:42.096423928
117.48,1,08:18:42.097017095
117.48,1,08:18:42.097629216
117.48,1,08:18:42.138285947
117.48,1,08:18:42.138401369
117.48,3,08:18:42.138401369
117.48,1,08:18:42.138420117
117.48,1,08:18:42.138436665
117.48,3,08:18:42.138436665
117.48,1,08:18:42.165074675
117.48,1,08:18:42.165166295
117.48,1,08:18:51.484737158
117.48,3,08:18:51.484812018
117.49,1,08:19:05.236396246
117.48,1,08:19:05.262397321
117.48,1,08:19:06.017605921
117.49,1,08:19:22.731330358
117.49,1,08:19:22.731551619
117.49,1,08:19:22.731566213
117.49,2,08:19:22.731588262
117.49,1,08:19:22.731588262
117.49,4,08:19:22.731929201
117.49,6,08:19:22.731950580
117.49,1,08:19:22.731950580
117.49,2,08:19:22.769773815
117.49,1,08:19:22.769773815
117.5,1,08:19:31.346584696
117.5,1,08:19:31.346786143
117.5,1,08:19:31.346809389
117.5,14,08:19:31.346809389
117.5,7,08:19:31.346809389
117.5,2,08:19:31.346809389
117.5,8,08:19:31.346809389
117.5,4,08:19:31.346828756
117.5,2,08:19:31.346828756
117.5,1,08:19:31.346828756
117.5,3,08:19:31.347164062
117.5,1,08:19:31.347644285
117.5,4,08:19:31.347934641
117.5,5,08:19:31.348031521
117.5,7,08:19:31.348172119
117.5,1,08:19:31.349590789
117.5,3,08:19:31.349590789
117.5,4,08:19:31.349769529
117.5,1,08:19:31.349786876
117.5,1,08:19:31.357844805
117.5,1,08:19:31.372520184
117.51,1,08:19:31.398641707
117.51,2,08:19:31.511679067
117.51,1,08:19:36.481214909
117.51,1,08:19:36.481525844
117.5,1,08:19:48.828302657
117.5,1,08:19:48.828446126
117.5,9,08:19:48.828476052
117.5,1,08:19:48.828476052
117.5,1,08:19:48.829146109
117.5,1,08:19:48.829543344
117.5,1,08:19:48.829955731
117.5,1,08:19:48.830070288
117.5,1,08:19:48.830588850
117.5,1,08:19:48.853561534
117.5,1,08:19:48.854289124
117.5,1,08:19:48.860939365
117.5,1,08:19:48.864969515
117.5,1,08:19:49.674715229
117.5,1,08:19:49.674728966
117.5,1,08:19:49.674787571
117.5,1,08:19:50.556921686
117.5,1,08:19:50.557019956
117.5,1,08:19:50.557036746
117.5,4,08:19:50.557036746
117.5,1,08:19:50.557056081
117.5,7,08:19:50.590571143
117.5,30,08:19:50.590923793
117.5,3,08:19:50.591332948
117.5,1,08:19:50.591742807
117.51,1,08:19:59.150380440
117.51,2,08:19:59.150380440
117.51,1,08:19:59.150477718
117.51,8,08:19:59.150494429
117.51,1,08:19:59.150494429
117.51,3,08:19:59.282885268
117.51,1,08:20:00.015458302
117.51,3,08:20:00.040681147
117.51,1,08:20:00.040681147
117.51,3,08:20:00.040869227
117.51,4,08:20:00.040882824
117.51,1,08:20:00.040897614
117.51,4,08:20:00.040897614
117.51,1,08:20:00.041035195
117.51,5,08:20:00.041053656
117.51,1,08:20:00.041053656
117.51,3,08:20:00.041441115
117.51,3,08:20:00.041536241
117.51,5,08:20:00.041551345
117.51,1,08:20:00.041551345
117.51,1,08:20:00.041671380
117.51,1,08:20:00.041688468
117.51,1,08:20:00.041701626
117.51,2,08:20:00.041743160
117.52,1,08:20:00.042291326
117.52,1,08:20:00.043931062
117.51,1,08:20:00.051393183
117.51,3,08:20:00.053181603
117.51,4,08:20:00.053181603
117.51,1,08:20:00.053269587
117.51,1,08:20:00.125767344
117.51,1,08:20:00.126001827
117.51,1,08:20:00.126016188
117.51,2,08:20:00.126097363
117.52,5,08:20:00.129050935
117.51,4,08:20:00.185207738
117.51,1,08:20:00.185222865
117.51,2,08:20:00.218597031
117.51,1,08:20:00.218666576
117.52,1,08:20:00.319976410
117.52,1,08:20:01.366872385
117.51,1,08:20:01.405060236
117.51,1,08:20:01.405210712
117.51,1,08:20:01.405233730
117.51,1,08:20:01.416971361
117.5,41,08:20:03.947343795
117.5,1,08:20:03.947343795
117.5,1,08:20:03.947431398
117.5,1,08:20:03.947448032
117.5,3,08:20:03.947462451
117.5,2,08:20:03.947462451
117.51,1,08:20:06.598851388
117.51,1,08:20:06.598865064
117.51,1,08:20:06.598879221
117.51,1,08:20:06.598892844
117.51,1,08:20:06.598909228
117.51,4,08:20:06.598909228
117.51,3,08:20:06.598909228
117.51,2,08:20:06.598923237
117.51,2,08:20:06.598936888
117.51,1,08:20:06.599037385
117.51,1,08:20:06.599059904
117.51,1,08:20:06.599081126
117.51,1,08:20:06.600145673
117.51,3,08:20:06.600210764
117.51,3,08:20:06.600314841
117.51,3,08:20:06.600351983
117.51,5,08:20:06.600376091
117.51,2,08:20:06.601882291
117.51,1,08:20:06.705273218
117.51,4,08:20:06.705351503
117.52,1,08:20:06.852672254
117.52,1,08:20:06.975876855
117.52,1,08:20:11.031705236
117.51,2,08:20:12.794760554
117.51,1,08:20:12.794760554
117.51,2,08:20:12.794836093
117.51,1,08:20:12.795108288
117.51,2,08:20:12.795108288
117.5,1,08:20:13.399585605
117.51,1,08:20:14.326409067
117.51,1,08:20:14.326683556
117.51,2,08:20:14.326683556
117.51,1,08:20:16.383719659
117.51,1,08:20:17.663759874
117.51,1,08:20:17.677562598
117.51,1,08:20:17.677801225
117.51,1,08:20:17.733181596
117.5,1,08:20:19.009979947
117.5,1,08:20:19.010078913
117.5,27,08:20:19.010078913
117.5,13,08:20:19.010330845
117.5,1,08:20:19.010330845
117.5,1,08:20:19.010458333
117.5,1,08:20:19.010627428
117.5,1,08:20:19.010786183
117.5,2,08:20:19.010813412
117.5,1,08:20:19.010813412
117.5,20,08:20:19.010813412
117.5,1,08:20:19.010835044
117.5,8,08:20:19.021337930
117.5,6,08:20:19.021452071
117.5,1,08:20:19.021468893
117.5,2,08:20:19.021468893
117.5,3,08:20:19.021468893
117.5,4,08:20:19.021468893
117.5,1,08:20:19.021486656
117.5,1,08:20:19.034521138
117.5,1,08:20:19.034613817
117.51,3,08:20:21.254094929
117.51,4,08:20:21.256279884
117.5,2,08:20:22.164324973
117.5,26,08:20:24.978602508
117.5,1,08:20:24.979033106
117.5,4,08:20:24.979033106
117.5,2,08:20:24.979033106
117.5,1,08:20:24.979049506
117.5,10,08:20:24.979049506
117.5,10,08:20:24.989989023
117.5,10,08:20:24.990078155
117.5,1,08:20:24.990094594
117.5,3,08:20:24.990094594
117.5,3,08:20:24.990291519
117.5,2,08:20:24.990412763
117.5,1,08:20:31.625703532
117.5,1,08:20:31.625720268
117.5,1,08:20:31.626000476
117.5,2,08:20:31.626138428
117.5,2,08:20:31.626163999
117.5,1,08:20:31.626163999
117.5,1,08:20:31.626307428
117.5,1,08:20:31.626427847
117.5,2,08:20:31.626447838
117.5,1,08:20:31.650707494
117.5,1,08:20:32.343915714
117.5,1,08:20:33.970479171
117.5,1,08:20:33.970494073
117.5,1,08:20:33.970858062
117.5,1,08:20:33.970980498
117.5,1,08:20:33.971004342
117.5,1,08:20:33.997866174
117.5,1,08:20:34.025700850
117.49,4,08:20:38.961630836
117.49,2,08:20:38.961630836
117.49,1,08:20:38.961630836
117.49,1,08:20:38.961713870
117.49,4,08:20:38.961713870
117.49,1,08:20:39.053321231
117.49,1,08:20:39.053401023
117.49,1,08:20:52.948062526
117.49,1,08:20:52.974533606
117.48,1,08:20:53.000781416
117.48,5,08:20:58.289291304
117.48,4,08:20:58.289688977
117.48,1,08:20:58.289846208
117.48,1,08:20:58.289860826
117.48,1,08:20:58.289945059
117.48,1,08:20:58.289962630
117.47,1,08:21:00.017826469
117.48,1,08:21:00.035827702
117.48,1,08:21:00.056538771
117.48,1,08:21:00.056707321
117.48,1,08:21:00.066266782
117.48,1,08:21:00.066340730
117.48,3,08:21:00.145431162
117.48,1,08:21:00.187136676
117.48,1,08:21:00.187226445
117.48,1,08:21:04.193950365
117.48,2,08:21:04.194243540
117.48,1,08:21:04.971598501
117.48,1,08:21:04.971729209
117.48,1,08:21:04.971749481
117.48,2,08:21:04.971749481
117.48,1,08:21:04.972005551
117.48,3,08:21:04.972023669
117.48,4,08:21:04.972041522
117.48,1,08:21:04.972108956
117.48,3,08:21:04.972132297
117.48,1,08:21:04.972132297
117.48,2,08:21:04.972132297
117.48,1,08:21:04.982303171
117.48,1,08:21:04.997949361
117.48,1,08:21:06.532138054
117.48,1,08:21:06.532247916
117.48,1,08:21:06.532264930
117.49,1,08:21:06.824979139
117.47,1,08:21:10.724466917
117.48,4,08:21:12.871955025
117.48,1,08:21:12.872099663
117.48,1,08:21:12.872114042
117.48,1,08:21:12.872127469
117.48,1,08:21:12.872330605
117.48,1,08:21:12.872354839
117.48,37,08:21:19.781261073
117.48,1,08:21:19.781261073
117.48,4,08:21:19.781336907
117.48,3,08:21:19.815940114
117.48,1,08:21:19.815940114
117.48,1,08:21:19.816268111
117.48,2,08:21:19.849820043
117.48,8,08:21:31.500161378
117.48,1,08:21:31.500359437
117.48,1,08:21:31.500377018
117.48,4,08:21:31.500391051
117.48,3,08:21:31.500672164
117.48,1,08:21:31.500689646
117.48,1,08:21:31.500703402
117.48,4,08:21:31.500760087
117.48,2,08:21:31.500777431
117.48,1,08:21:31.500777431
117.48,6,08:21:31.500811479
117.48,10,08:21:31.500811479
117.48,2,08:21:31.500811479
117.48,1,08:21:31.500811479
117.48,3,08:21:31.501153596
117.48,1,08:21:31.501153596
117.48,1,08:21:32.122616249
117.48,1,08:21:32.122629560
117.48,1,08:21:32.122717967
117.48,1,08:21:32.133292057
117.48,1,08:21:32.133588392
117.48,1,08:21:32.514440314
117.48,1,08:21:35.466319423
117.48,2,08:21:35.467431498
117.48,1,08:21:35.467732824
117.48,1,08:21:35.490379017
117.48,1,08:21:35.490495843
117.48,1,08:21:35.861599506
117.48,1,08:21:35.861703955
117.48,2,08:21:35.861703955
117.48,1,08:21:35.861720588
117.48,3,08:21:35.861720588
117.49,1,08:21:48.551622226
117.48,1,08:21:55.035292971
117.48,1,08:21:57.017651137
117.48,1,08:21:58.261670286
117.48,3,08:21:58.261734848
117.48,1,08:22:00.166896802
117.48,1,08:22:00.166977764
117.48,1,08:22:00.238838115
117.48,1,08:22:00.239043127
117.48,1,08:22:00.266423105
117.48,1,08:22:00.266520256
117.48,1,08:22:00.266540064
117.48,1,08:22:00.266684141
117.49,1,08:22:01.017896521
117.48,1,08:22:01.142451128
117.49,1,08:22:05.864485466
117.48,1,08:22:05.865267893
117.48,2,08:22:05.865384444
117.48,1,08:22:05.865401267
117.48,4,08:22:05.865401267
117.48,1,08:22:05.964468527
117.47,1,08:22:10.414254339
117.47,1,08:22:16.017030039
117.47,1,08:22:18.550263619
117.47,6,08:22:20.172257449
117.47,3,08:22:20.172337013
117.47,4,08:22:20.172537387
117.47,19,08:22:20.172687050
117.47,1,08:22:20.172687050
117.47,4,08:22:20.172687050
117.47,10,08:22:20.172703268
117.47,2,08:22:20.172703268
117.47,50,08:22:20.172904068
117.47,1,08:22:20.172920680
117.47,14,08:22:20.172920680
117.47,1,08:22:20.173186353
117.47,1,08:22:20.173201534
117.47,5,08:22:20.173201534
117.47,1,08:22:20.173218366
117.47,1,08:22:20.173234795
117.47,2,08:22:20.173234795
117.47,2,08:22:20.173310510
117.47,1,08:22:20.173370622
117.47,1,08:22:20.174293725
117.47,3,08:22:20.174509820
117.47,6,08:22:20.174684640
117.47,2,08:22:20.175072207
117.47,1,08:22:20.175085727
117.47,1,08:22:20.179479013
117.47,1,08:22:20.179912609
117.47,1,08:22:20.179927409
117.47,1,08:22:20.180083924
117.47,1,08:22:20.180421287
117.47,1,08:22:20.180849763
117.47,2,08:22:20.180849763
117.47,1,08:22:20.183560344
117.47,15,08:22:20.183646433
117.47,1,08:22:20.197346555
117.47,1,08:22:20.197612362
117.47,2,08:22:20.384937863
117.47,4,08:22:20.385108225
117.47,26,08:22:20.385198775
117.48,2,08:22:27.911343176
117.48,1,08:22:27.911343176
117.48,3,08:22:27.911441033
117.48,1,08:22:27.911441033
117.48,4,08:22:27.911773330
117.48,1,08:22:27.911773330
117.48,2,08:22:27.911934433
117.48,1,08:22:27.911934433
117.48,1,08:22:27.911954994
117.48,4,08:22:27.911954994
117.48,3,08:22:27.911954994
117.48,1,08:22:27.912421316
117.48,2,08:22:27.912436206
117.48,8,08:22:27.912466010
117.48,1,08:22:27.912486369
117.48,1,08:22:27.912500074
117.48,2,08:22:27.912634589
117.48,3,08:22:27.912648292
117.48,1,08:22:27.912665303
117.48,1,08:22:27.912681015
117.48,1,08:22:27.912696788
117.48,1,08:22:27.936902664
117.48,1,08:22:27.938139197
117.48,1,08:22:27.938473590
117.48,1,08:22:27.939432690
117.48,1,08:22:27.947167483
117.48,1,08:22:28.078247034
117.48,1,08:22:29.626606501
117.48,5,08:22:29.626606501
117.48,1,08:22:29.626620517
117.48,1,08:22:29.626722482
117.48,15,08:22:29.626739551
117.48,1,08:22:29.626739551
117.48,4,08:22:29.627263083
117.48,1,08:22:29.627285374
117.48,4,08:22:29.627285374
117.48,3,08:22:29.627285374
117.48,3,08:22:29.627762113
117.48,1,08:22:29.627888349
117.48,1,08:22:29.675181608
117.49,1,08:22:32.541664646
117.48,1,08:22:32.879695373
117.48,3,08:22:32.879805341
117.48,3,08:22:32.879821706
117.48,9,08:22:35.233541111
117.48,1,08:22:35.233554550
117.48,1,08:22:35.233599043
117.48,1,08:22:35.233861369
117.48,12,08:22:35.234148559
117.48,1,08:22:35.234148559
117.48,3,08:22:35.663554360
117.48,1,08:22:35.663660590
117.48,1,08:22:35.663680093
117.49,1,08:22:36.123213853
117.48,1,08:22:40.999130788
117.48,1,08:22:41.000131571
117.48,3,08:22:41.000131571
117.48,1,08:22:41.186050807
117.48,4,08:22:41.396201339
117.47,1,08:22:54.017272278
117.48,1,08:23:00.018700129
117.47,1,08:23:00.018924756
117.47,36,08:23:00.153441820
117.47,11,08:23:00.153441820
117.47,21,08:23:00.153531447
117.47,27,08:23:00.154771858
117.47,1,08:23:00.154786261
117.47,2,08:23:00.154800114
117.47,1,08:23:00.154816795
117.47,1,08:23:00.154837797
117.47,1,08:23:00.154855227
117.47,2,08:23:00.154869506
117.47,4,08:23:00.154882693
117.47,3,08:23:00.154914363
117.47,2,08:23:00.154933586
117.47,1,08:23:00.155105674
117.47,1,08:23:00.164026672
117.47,4,08:23:00.164026672
117.47,8,08:23:00.164185571
117.47,12,08:23:00.164200768
117.47,3,08:23:00.164200768
117.47,10,08:23:00.164215344
117.47,1,08:23:00.164215344
117.47,5,08:23:00.164215344
117.47,1,08:23:00.164258169
117.47,3,08:23:00.165483396
117.47,15,08:23:00.165483396
117.47,6,08:23:00.165483396
117.47,1,08:23:00.165607420
117.47,8,08:23:00.175757836
117.47,1,08:23:00.175757836
117.47,1,08:23:00.186424339
117.47,1,08:23:00.190089696
117.47,1,08:23:00.190247996
117.47,1,08:23:00.225060810
117.47,3,08:23:00.225357994
117.47,4,08:23:00.225483306
117.47,2,08:23:00.225499913
117.47,1,08:23:00.225499913
117.47,3,08:23:00.262689913
117.47,1,08:23:00.313463627
117.47,1,08:23:00.398675796
117.47,2,08:23:00.496981702
117.47,4,08:23:04.919904267
117.47,2,08:23:04.920058056
117.47,4,08:23:04.920078257
117.47,3,08:23:04.920078257
117.47,1,08:23:04.920078257
117.47,1,08:23:04.920481367
117.47,1,08:23:04.920582951
117.47,1,08:23:04.920607866
117.47,3,08:23:04.920607866
117.47,2,08:23:04.920607866
117.48,1,08:23:05.850046278
117.47,1,08:23:07.351172278
117.47,1,08:23:07.351187247
117.47,1,08:23:07.351440434
117.47,1,08:23:08.029462877
117.48,1,08:23:08.327616485
117.48,1,08:23:08.327695996
117.48,1,08:23:09.635185734
117.47,1,08:23:11.320397489
117.47,1,08:23:11.350228834
117.47,1,08:23:11.462155624
117.47,2,08:23:11.462155624
117.48,1,08:23:13.979231086
117.48,3,08:23:13.979231086
117.48,1,08:23:13.979256661
117.48,1,08:23:13.979712996
117.48,2,08:23:13.979712996
117.48,1,08:23:13.979728539
117.48,1,08:23:13.979749275
117.48,1,08:23:13.980346929
117.48,1,08:23:13.983297163
117.48,1,08:23:13.984013265
117.48,1,08:23:13.984144612
117.48,1,08:23:15.870287394
117.48,4,08:23:15.870302047
117.48,3,08:23:15.870554159
117.48,3,08:23:20.273356649
117.48,1,08:23:23.081813402
117.48,5,08:23:23.081827728
117.48,3,08:23:23.081895312
117.48,1,08:23:23.081895312
117.48,1,08:23:23.082430764
117.48,1,08:23:23.082448696
117.48,1,08:23:23.115132661
117.48,1,08:23:28.114804570
117.48,1,08:23:28.114818615
117.48,1,08:23:28.114903660
117.48,1,08:23:28.114921619
117.48,1,08:23:28.178219581
117.48,1,08:23:34.105751544
117.48,1,08:23:34.105772152
117.48,1,08:23:34.105786322
117.48,9,08:23:34.105786322
117.48,3,08:23:34.106121813
117.48,2,08:23:34.106138958
117.48,1,08:23:34.108586717
117.48,1,08:23:34.116279798
117.48,8,08:23:37.916284077
117.48,4,08:23:37.916360867
117.48,4,08:23:37.916485850
117.48,3,08:23:37.920430192
117.48,1,08:23:37.959153442
117.48,1,08:23:38.418403635
117.47,1,08:23:51.017021641
117.47,1,08:23:55.020350454
117.48,1,08:23:55.020439110
117.48,8,08:23:55.020638803
117.48,1,08:23:55.020890393
117.48,1,08:23:55.020913564
117.48,4,08:23:55.020913564
117.48,1,08:23:55.031094567
117.49,1,08:23:58.182699308
117.48,1,08:23:58.696530183
117.48,1,08:23:58.696624974
117.48,1,08:23:58.697534214
117.48,1,08:23:58.700346654
117.48,3,08:23:58.700428177
117.48,1,08:23:58.700619704
117.48,2,08:23:59.845754353
117.48,1,08:23:59.846083044
117.48,1,08:24:00.022470638
117.48,2,08:24:00.022543181
117.48,1,08:24:00.023166016
117.48,4,08:24:00.144033549
117.48,1,08:24:00.144310778
117.48,1,08:24:01.599363894
117.48,2,08:24:01.599483122
117.48,1,08:24:01.599483122
117.48,1,08:24:01.599504882
117.48,2,08:24:01.599504882
117.48,2,08:24:01.982652649
117.48,1,08:24:05.799061971
117.48,1,08:24:09.087887410
117.48,1,08:24:09.089778985
117.48,3,08:24:09.089876835
117.48,4,08:24:09.089896189
117.48,1,08:24:09.089896189
117.48,2,08:24:09.089896189
117.48,1,08:24:09.090256077
117.48,1,08:24:09.124126205
117.48,1,08:24:10.247575662
117.48,1,08:24:10.247787463
117.48,3,08:24:10.247997060
117.48,1,08:24:10.292562699
117.48,3,08:24:10.292974877
117.47,1,08:24:12.108789023
117.47,1,08:24:12.108959106
117.47,3,08:24:12.108979237
117.47,4,08:24:12.108979237
117.47,1,08:24:12.108979237
117.47,2,08:24:12.109002402
117.47,1,08:24:12.109002402
117.47,2,08:24:12.109418769
117.47,1,08:24:12.109544282
117.47,1,08:24:12.109558182
117.47,1,08:24:12.109571824
117.47,1,08:24:12.109585593
117.47,2,08:24:12.109603722
117.47,2,08:24:12.109626558
117.47,2,08:24:12.109640462
117.47,2,08:24:12.109661886
117.47,1,08:24:12.109705931
117.47,2,08:24:12.109728398
117.47,1,08:24:12.109880865
117.47,6,08:24:12.110164685
117.47,1,08:24:12.228813180
117.47,3,08:24:14.030820914
117.47,1,08:24:16.688807640
117.47,4,08:24:16.688939240
117.47,1,08:24:16.688939240
117.47,4,08:24:16.688970874
117.47,1,08:24:16.688970874
117.47,3,08:24:16.688970874
117.47,1,08:24:23.551913712
117.47,1,08:24:23.551929305
117.47,1,08:24:23.620169257
117.47,1,08:24:23.620185439
117.47,1,08:24:27.234462954
117.47,4,08:24:27.234487824
117.47,1,08:24:27.234487824
117.47,1,08:24:27.234766476
117.47,1,08:24:27.350672913
117.47,1,08:24:34.865246923
117.47,1,08:24:34.865617869
117.47,3,08:24:34.865745037
117.47,1,08:24:34.865772119
117.47,1,08:24:34.876733711
117.47,1,08:24:34.891478007
117.47,1,08:24:38.992385651
117.47,1,08:24:38.992408080
117.47,3,08:24:38.992679493
117.47,8,08:24:38.992793823
117.48,1,08:24:45.819155119
117.48,1,08:24:49.897768985
117.48,1,08:24:49.900019700
117.48,1,08:24:49.904055409
117.48,2,08:24:50.710686193
117.48,1,08:24:50.710701768
117.48,1,08:24:50.711674413
117.48,1,08:24:50.746184931
117.49,3,08:24:56.004841457
117.49,1,08:24:56.004855303
117.49,3,08:24:56.004941060
117.49,1,08:24:56.004955862
117.49,2,08:25:00.007619634
117.49,1,08:25:00.007619634
117.49,1,08:25:00.008544459
117.49,1,08:25:00.008566884
117.49,1,08:25:00.008601688
117.49,1,08:25:00.008619380
117.49,2,08:25:00.009320928
117.49,1,08:25:00.009335706
117.49,1,08:25:00.009620841
117.49,2,08:25:00.010302009
117.49,1,08:25:00.010415322
117.49,1,08:25:00.020490334
117.49,1,08:25:00.020755588
117.49,1,08:25:00.452632254
117.49,3,08:25:00.452709082
117.5,1,08:25:00.533513822
117.5,1,08:25:00.533602705
117.5,2,08:25:00.533616436
117.5,1,08:25:00.533616436
117.5,2,08:25:00.535535090
117.5,1,08:25:00.535535090
117.5,2,08:25:01.116667402
117.5,3,08:25:06.192655942
117.5,6,08:25:06.192742418
117.5,1,08:25:06.192742418
117.5,5,08:25:06.193050156
117.5,2,08:25:06.193170595
117.5,1,08:25:06.193187004
117.5,2,08:25:06.193278441
117.5,30,08:25:06.193303385
117.5,1,08:25:06.193572561
117.5,2,08:25:06.193587790
117.5,8,08:25:06.193791692
117.5,1,08:25:06.193791692
117.5,17,08:25:06.193791692
117.5,4,08:25:06.193971291
117.5,1,08:25:06.193984610
117.5,2,08:25:06.193998142
117.5,1,08:25:06.194012690
117.5,1,08:25:06.194032485
117.5,1,08:25:06.194647185
117.5,4,08:25:06.195456903
117.51,1,08:25:11.730586657
117.51,1,08:25:15.337630107
117.51,2,08:25:15.338001226
117.51,1,08:25:15.338001226
117.51,1,08:25:15.338193204
117.51,2,08:25:15.338426635
117.51,1,08:25:15.338592263
117.51,2,08:25:15.338880689
117.51,3,08:25:15.338880689
117.51,1,08:25:15.339058681
117.51,3,08:25:15.339058681
117.51,4,08:25:15.339135409
117.51,1,08:25:15.339253955
117.51,25,08:25:15.353207311
117.51,1,08:25:15.353767656
117.51,9,08:25:15.353767656
117.51,2,08:25:15.353767656
117.51,1,08:25:15.353787365
117.51,1,08:25:15.405663216
117.51,1,08:25:15.405765603
117.51,4,08:25:15.405765603
117.51,2,08:25:15.405781759
117.52,1,08:25:16.049763940
117.52,1,08:25:16.049883028
117.52,1,08:25:16.049912743
117.52,3,08:25:16.049912743
117.52,1,08:25:16.059315353
117.52,1,08:25:16.059568208
117.52,1,08:25:16.061007544
117.52,1,08:25:17.010173021
117.52,2,08:25:17.010395200
117.52,1,08:25:17.010409491
117.52,1,08:25:17.010484403
117.52,6,08:25:17.010503513
117.52,2,08:25:17.185365534
117.52,4,08:25:18.371617704
117.52,1,08:25:18.371631733
117.52,1,08:25:18.371708305
117.52,1,08:25:18.584813135
117.52,4,08:25:18.611443522
117.52,1,08:25:18.613878129
117.52,1,08:25:18.637282678
117.52,3,08:25:19.414286052
117.52,13,08:25:19.414353764
117.52,2,08:25:19.414558202
117.52,1,08:25:19.449392395
117.52,1,08:25:19.588897418
117.52,4,08:25:19.588977130
117.52,1,08:25:19.588977130
117.52,1,08:25:20.603711748
117.52,4,08:25:20.603792725
117.52,1,08:25:20.603792725
117.52,1,08:25:22.747143292
117.52,1,08:25:38.512171641
117.52,2,08:25:38.512454326
117.52,1,08:25:38.512548375
117.52,1,08:25:38.512567668
117.52,3,08:25:38.512567668
117.52,1,08:25:38.512751074
117.52,1,08:25:38.512898591
117.52,2,08:25:38.512898591
117.52,3,08:25:38.513357528
117.52,1,08:25:38.513374773
117.52,1,08:25:38.545985368
117.52,3,08:25:38.546324004
117.52,1,08:25:38.547371457
117.52,1,08:25:38.547457914
117.52,1,08:25:38.550915635
117.52,1,08:25:38.567877127
117.52,1,08:25:38.586968606
117.52,1,08:25:39.315172641
117.52,1,08:25:40.658901852
117.52,1,08:25:42.038026332
117.52,3,08:25:42.038345362
117.52,1,08:25:49.667469421
117.51,1,08:25:53.401788996
117.52,1,08:25:53.402124996
117.51,1,08:25:56.886318501
117.51,4,08:25:56.886434951
117.51,2,08:25:56.886434951
117.51,2,08:25:56.886612561
117.51,1,08:25:56.886612561
117.51,2,08:25:56.886814241
117.51,4,08:25:56.886837377
117.51,1,08:25:56.886837377
117.51,3,08:25:56.886837377
117.51,1,08:25:56.887021479
117.51,1,08:25:56.919915834
117.51,1,08:25:56.921518079
117.51,1,08:25:56.921531278
117.51,1,08:25:56.921594590
117.51,1,08:25:56.922118987
117.51,1,08:25:56.958162875
117.5,10,08:26:00.366888016
117.5,1,08:26:00.392680636
117.5,5,08:26:02.249376442
117.5,2,08:26:02.249376442
117.5,1,08:26:02.249515939
117.5,4,08:26:02.249533270
117.5,1,08:26:02.249533270
117.5,3,08:26:02.249547858
117.5,1,08:26:02.249927645
117.5,1,08:26:02.250131283
117.5,1,08:26:02.250168428
117.5,2,08:26:02.250168428
117.5,1,08:26:02.250182003
117.5,10,08:26:02.250182003
117.5,1,08:26:02.250205580
117.5,3,08:26:02.250205580
117.5,3,08:26:02.292614208
117.5,7,08:26:02.293184458
117.5,1,08:26:02.293201251
117.5,5,08:26:03.991856638
117.5,1,08:26:03.991957063
117.5,1,08:26:03.991975178
117.5,1,08:26:04.002554646
117.51,6,08:26:06.916401957
117.51,1,08:26:06.916416565
117.51,2,08:26:06.916416565
117.51,1,08:26:12.174074111
117.5,1,08:26:15.022422609
117.51,1,08:26:15.048366736
117.51,5,08:26:15.048668344
117.51,2,08:26:15.048668344
117.51,1,08:26:15.048668344
117.51,1,08:26:15.048825802
117.51,1,08:26:15.048842556
117.51,2,08:26:15.048842556
117.51,2,08:26:15.049519208
117.52,1,08:26:21.237742547
117.52,1,08:26:21.238020835
117.52,1,08:26:21.424273632
117.52,1,08:26:21.424362295
117.51,4,08:26:24.792281067
117.51,1,08:26:24.805730848
117.51,1,08:26:24.805756688
117.51,3,08:26:24.805756688
117.51,4,08:26:24.844797631
117.51,1,08:26:24.844911729
117.51,1,08:26:24.844931646
117.51,3,08:26:24.844931646
117.51,1,08:26:24.844947365
117.51,1,08:26:24.845209518
117.51,1,08:26:24.887841588
117.51,2,08:26:29.361433048
117.51,1,08:26:30.276627044
117.51,1,08:26:30.276728900
117.51,8,08:26:30.276843946
117.51,1,08:26:30.281319434
117.51,1,08:26:31.348917848
117.51,1,08:26:31.390078408
117.51,2,08:26:35.006744945
117.51,1,08:26:35.006839543
117.51,3,08:26:35.006839543
117.51,3,08:26:35.007392797
117.5,1,08:26:41.346502365
117.51,1,08:26:41.346612221
117.51,1,08:26:46.329125676
117.5,1,08:27:00.023308036
117.51,1,08:27:00.023430218
117.51,3,08:27:00.985129925
117.51,1,08:27:00.985261336
117.51,11,08:27:00.985261336
117.51,4,08:27:00.985446654
117.51,1,08:27:00.985446654
117.51,1,08:27:00.985460452
117.51,1,08:27:00.985636046
117.51,3,08:27:00.985636046
117.51,5,08:27:14.919192416
117.51,1,08:27:20.017074682
117.51,1,08:27:29.014811341
117.52,1,08:27:29.015302281
117.52,1,08:27:37.076738573
117.52,1,08:27:38.510538725
117.52,2,08:27:38.510755036
117.52,2,08:27:38.512044401
117.52,4,08:27:38.512044401
117.52,1,08:27:38.512191524
117.52,4,08:27:38.512205517
117.52,1,08:27:38.512205517
117.52,1,08:27:38.512222381
117.52,11,08:27:38.570606777
117.52,1,08:27:43.807666090
117.52,1,08:27:43.807797425
117.52,1,08:27:43.807813652
117.52,3,08:27:43.807829060
117.52,1,08:27:43.808051837
117.52,1,08:27:43.808070772
117.52,6,08:27:43.808070772
117.52,3,08:27:43.808150206
117.52,1,08:27:43.808166919
117.52,1,08:27:43.808204091
117.52,1,08:27:43.835680222
117.52,1,08:27:51.509132675
117.52,1,08:27:51.509402846
117.52,2,08:27:51.510371676
117.52,1,08:27:52.333325486
117.52,1,08:27:52.333345246
117.51,1,08:27:58.017034786
117.51,4,08:28:01.165620273
117.51,1,08:28:02.125937191
117.51,1,08:28:16.031525553
117.51,1,08:28:17.017881344
117.51,10,08:28:22.713070144
117.51,5,08:28:22.713070144
117.51,1,08:28:22.713286701
117.51,3,08:28:22.713301235
117.51,2,08:28:22.713301235
117.51,1,08:28:22.713301235
117.51,1,08:28:22.713315398
117.51,1,08:28:22.713331356
117.51,2,08:28:22.713331356
117.51,4,08:28:22.713350486
117.51,2,08:28:22.713350486
117.51,3,08:28:22.713350486
117.51,2,08:28:22.713523856
117.51,1,08:28:22.713537897
117.51,3,08:28:22.752917421
117.51,3,08:28:22.756354443
117.5,1,08:28:23.603897742
117.51,1,08:28:28.041051419
117.51,1,08:28:29.327120095
117.5,3,08:28:35.389742140
117.5,2,08:28:35.452068725
117.5,1,08:28:36.017056018
117.51,1,08:28:38.439967174
117.51,1,08:28:38.440236618
117.51,3,08:28:38.440236618
117.51,4,08:28:38.440236618
117.51,1,08:28:38.440261995
117.51,1,08:28:38.440586421
117.5,4,08:28:46.195480805
117.5,2,08:28:47.278658162
117.5,1,08:28:47.278767372
117.5,7,08:28:47.278784716
117.5,1,08:28:47.278784716
117.5,1,08:28:47.279033414
117.5,10,08:28:47.279047590
117.5,1,08:28:47.279177724
117.5,2,08:28:47.279371586
117.5,1,08:28:47.279401858
117.5,2,08:28:47.279401858
117.5,1,08:28:47.279415772
117.5,1,08:28:47.279430742
117.5,1,08:28:47.279448914
117.5,1,08:28:47.316003261
117.5,1,08:28:47.318437413
117.5,1,08:28:47.350299076
117.5,1,08:28:47.764464251
117.5,1,08:28:47.884699107
117.5,2,08:28:48.088818651
117.5,1,08:28:48.088818651
117.5,1,08:28:48.088931303
117.5,1,08:28:48.088967047
117.51,8,08:28:51.168074003
117.51,3,08:28:51.168074003
117.51,1,08:28:51.168180857
117.51,1,08:28:51.168202080
117.51,1,08:28:51.168556781
117.52,1,08:28:55.065102582
117.51,1,08:28:56.389141074
117.51,1,08:28:56.389154943
117.51,1,08:28:56.389278420
117.51,1,08:28:56.389295563
117.51,1,08:28:56.389509349
117.51,1,08:28:56.389601198
117.51,2,08:28:56.389601198
117.51,1,08:28:56.389615326
117.51,5,08:28:56.389615326
117.51,1,08:28:56.389691374
117.51,1,08:29:00.165083173
117.5,1,08:29:01.283984906
117.5,2,08:29:01.283999178
117.5,1,08:29:02.144129850
117.5,7,08:29:12.557567772
117.5,1,08:29:12.557669717
117.5,1,08:29:12.557687672
117.5,2,08:29:12.557687672
117.5,3,08:29:12.557687672
117.5,1,08:29:12.557704568
117.5,1,08:29:12.592736815
117.5,1,08:29:12.595332925
117.5,1,08:29:12.664596004
117.49,1,08:29:14.017102015
117.5,1,08:29:15.005076647
117.5,1,08:29:15.383815617
117.5,1,08:29:20.631834592
117.5,1,08:29:20.631931254
117.5,1,08:29:20.631951375
117.5,1,08:29:20.632284799
117.49,1,08:29:21.001304587
117.5,1,08:29:21.477620638
117.49,3,08:29:21.803947808
117.5,1,08:29:21.893442295
117.5,1,08:29:21.993257173
117.5,1,08:29:22.554961472
117.5,1,08:29:22.589522601
117.49,6,08:29:24.883280721
117.49,11,08:29:24.883280721
117.49,1,08:29:24.883365563
117.49,1,08:29:24.883384975
117.49,5,08:29:24.883617077
117.49,4,08:29:24.883729323
117.49,8,08:29:24.883746868
117.49,4,08:29:24.883746868
117.49,10,08:29:24.884021432
117.5,1,08:29:24.921231253
117.5,10,08:29:32.223228482
117.5,1,08:29:32.223335393
117.5,1,08:29:32.223352868
117.5,2,08:29:44.387304374
117.5,5,08:29:44.387317900
117.5,1,08:29:44.387413245
117.5,3,08:29:44.387428243
117.5,1,08:29:44.387428243
117.5,1,08:29:44.424359058
117.5,1,08:29:44.453769692
117.5,1,08:29:44.460890755
117.49,1,08:29:50.129018176
117.49,10,08:29:50.129018176
117.49,1,08:29:50.129104711
117.49,1,08:29:50.151998152
117.49,1,08:29:50.162560873
117.48,1,08:29:50.197182917
117.49,1,08:29:50.311094702
117.48,1,08:29:52.016684644
117.48,1,08:29:55.174730013
117.48,2,08:29:55.174743981
117.48,3,08:29:55.174743981
117.48,1,08:29:55.174810230
117.48,1,08:29:55.174950125
117.48,1,08:29:55.199590991
117.47,1,08:29:57.114325088
117.47,1,08:29:57.114418928
117.47,1,08:29:57.114437174
117.47,4,08:29:57.114437174
117.46,1,08:29:57.119417465
117.46,1,08:29:57.119523551
117.47,1,08:29:57.151696312
117.47,9,08:29:57.169375603
117.47,1,08:29:57.169375603
117.47,3,08:29:57.169375603
117.47,6,08:29:57.560924706
117.47,12,08:29:57.560924706
117.47,3,08:29:57.561146664
117.47,1,08:29:58.248388735
117.47,1,08:29:58.278208947
117.23,1,08:30:35.192812411
117.23,1,08:30:35.193010455
117.23,2,08:30:35.193301185
117.23,1,08:30:35.193301185
117.23,1,08:30:35.193503561
117.23,1,08:30:35.193519900
117.23,8,08:30:35.193535551
117.23,1,08:30:35.193535551
117.24,1,08:30:35.195876312
117.24,3,08:30:35.196003294
117.23,1,08:30:35.198079328
117.23,1,08:30:35.198509827
117.23,1,08:30:35.198531232
117.23,1,08:30:35.198932620
117.23,1,08:30:35.199237887
117.23,1,08:30:35.199403778
117.23,1,08:30:35.203079894
117.24,1,08:30:35.250895430
117.23,1,08:30:35.811188991
117.23,2,08:30:35.811454753
117.22,1,08:30:35.946620846
117.22,5,08:30:35.946620846
117.22,1,08:30:35.946711722
117.22,5,08:30:35.946726216
117.22,1,08:30:35.947180209
117.22,1,08:30:36.114411470
117.22,1,08:30:36.114513037
117.21,2,08:30:36.115096713
117.21,1,08:30:36.115096713
117.22,1,08:30:36.116176358
117.21,1,08:30:36.141531409
117.21,1,08:30:36.141897102
117.21,1,08:30:36.141913101
117.2,1,08:30:37.124515154
117.2,5,08:30:37.124515154
117.2,2,08:30:37.125034766
117.2,1,08:30:37.125034766
117.2,1,08:30:37.154317535
117.21,4,08:30:37.377286952
117.21,1,08:30:37.377746238
117.22,1,08:30:37.474434103
117.22,1,08:30:37.777556193
117.22,1,08:30:38.013691732
117.22,1,08:30:38.252948391
117.22,1,08:30:38.930467084
117.22,1,08:30:38.930485845
117.22,1,08:30:39.030330174
117.23,1,08:30:39.532431831
117.23,1,08:30:39.739173848
117.24,1,08:30:40.504044766
117.24,1,08:30:40.504423648
117.24,1,08:30:40.504446288
117.24,10,08:30:40.504446288
117.25,1,08:30:40.507447780
117.25,2,08:30:40.507447780
117.25,1,08:30:40.507475499
117.25,1,08:30:40.508141306
117.24,1,08:30:40.541618476
117.24,3,08:30:40.542555311
117.24,1,08:30:40.545204480
117.24,1,08:30:40.619459972
117.24,1,08:30:40.619867000
117.25,2,08:30:40.624158208
117.25,1,08:30:40.624158208
117.25,1,08:30:40.624251188
117.25,1,08:30:40.624266573
117.25,2,08:30:40.624266573
117.24,2,08:30:40.669805420
117.24,2,08:30:40.669907798
117.24,1,08:30:40.669907798
117.24,1,08:30:40.670300084
117.23,1,08:30:40.951712476
117.24,1,08:30:40.961875451
117.24,2,08:30:41.161114724
117.24,1,08:30:41.672200130
117.24,1,08:30:41.672292172
117.24,2,08:30:42.024081524
117.24,1,08:30:42.165240191
117.25,2,08:30:42.257065662
117.25,2,08:30:42.554090601
117.25,1,08:30:42.554128308
117.25,1,08:30:42.554182838
117.25,4,08:30:42.554216957
117.25,1,08:30:42.554234995
117.25,1,08:30:42.663017498
117.25,2,08:30:42.663378957
117.25,1,08:30:42.663378957
117.25,3,08:30:42.663659123
117.25,1,08:30:42.663659123
117.25,1,08:30:42.665354524
117.24,1,08:30:43.001203815
117.24,1,08:30:43.001315404
117.24,1,08:30:43.002949247
117.25,1,08:30:43.299109449
117.25,1,08:30:43.299187480
117.24,1,08:30:43.642605055
117.24,1,08:30:44.170702362
117.24,2,08:30:44.170721239
117.24,6,08:30:44.171109035
117.25,9,08:30:45.097885239
117.25,6,08:30:45.097980042
117.25,1,08:30:45.097980042
117.25,1,08:30:45.126913369
117.25,1,08:30:45.128425922
117.26,2,08:30:45.349155198
117.26,1,08:30:45.349155198
117.26,1,08:30:45.350683792
117.26,1,08:30:45.350698959
117.26,1,08:30:45.448729924
117.26,9,08:30:45.448797738
117.26,1,08:30:45.569797277
117.26,3,08:30:45.569882663
117.26,1,08:30:45.652645649
117.26,1,08:30:45.729044280
117.26,2,08:30:45.729162098
117.27,1,08:30:45.734361898
117.27,2,08:30:45.734474435
117.27,1,08:30:45.734490525
117.27,2,08:30:45.734509741
117.27,1,08:30:45.734509741
117.27,3,08:30:45.734509741
117.27,9,08:30:45.734818644
117.27,9,08:30:45.734991181
117.27,1,08:30:45.735344566
117.27,2,08:30:45.735498892
117.27,5,08:30:45.735498892
117.26,1,08:30:45.736069790
117.26,1,08:30:45.736085140
117.26,1,08:30:45.736473801
117.26,12,08:30:45.736555202
117.26,2,08:30:45.736706805
117.26,4,08:30:45.736980804
117.26,1,08:30:45.751585545
117.26,1,08:30:46.041884172
117.26,1,08:30:46.137183517
117.26,1,08:30:46.137197206
117.26,1,08:30:46.137268112
117.27,2,08:30:46.137268112
117.26,2,08:30:46.328003999
117.26,1,08:30:46.328076987
117.26,1,08:30:46.337551467
117.26,3,08:30:46.337843513
117.26,1,08:30:46.338529764
117.25,1,08:30:46.426906721
117.25,2,08:30:46.427014576
117.25,1,08:30:46.427014576
117.25,7,08:30:46.427031165
117.25,1,08:30:46.427215923
117.25,1,08:30:46.427323258
117.25,3,08:30:46.427469282
117.25,7,08:30:46.427469282
117.26,1,08:30:46.491541730
117.26,1,08:30:46.491631055
117.26,2,08:30:46.491645202
117.26,1,08:30:46.491645202
117.26,1,08:30:46.615244174
117.26,1,08:30:46.615331343
117.26,2,08:30:46.615347475
117.26,3,08:30:46.615347475
117.25,1,08:30:46.619094340
117.25,2,08:30:46.619179326
117.25,1,08:30:46.622520820
117.25,1,08:30:46.623148061
117.26,2,08:30:46.903568419
117.26,2,08:30:46.903650576
117.26,1,08:30:46.903665241
117.26,2,08:30:46.903665241
117.26,1,08:30:47.232656686
117.25,2,08:30:47.369922712
117.25,1,08:30:47.369922712
117.25,2,08:30:47.370008340
117.25,1,08:30:47.370023624
117.25,5,08:30:47.370023624
117.25,2,08:30:47.370023624
117.26,1,08:30:47.521607364
117.26,1,08:30:47.521623854
117.26,1,08:30:47.524997541
117.26,1,08:30:47.526387821
117.26,1,08:30:47.534775318
117.26,1,08:30:47.813924774
117.26,2,08:30:48.046341631
117.26,1,08:30:48.047173474
117.26,3,08:30:48.176298593
117.26,1,08:30:48.197686142
117.26,1,08:30:48.197803951
117.26,5,08:30:48.386962100
117.26,1,08:30:48.758072041
117.26,1,08:30:48.759944187
117.26,1,08:30:48.760153502
117.26,9,08:30:48.866173903
117.26,1,08:30:48.866575038
117.25,1,08:30:49.092468716
117.25,1,08:30:49.092498789
117.25,1,08:30:49.092515736
117.25,1,08:30:49.092529726
117.25,6,08:30:49.092543416
117.25,2,08:30:49.092556657
117.25,2,08:30:49.092578829
117.25,1,08:30:49.102865040
117.25,1,08:30:49.103524267
117.25,1,08:30:49.104579147
117.25,1,08:30:49.185348138
117.25,1,08:30:49.185430225
117.25,1,08:30:49.185545293
117.25,1,08:30:49.199364623
117.25,1,08:30:49.199380652
117.25,1,08:30:49.260408586
117.24,1,08:30:49.542290552
117.24,1,08:30:49.542432238
117.24,2,08:30:49.542432238
117.24,1,08:30:49.542637335
117.24,1,08:30:49.543183041
117.25,1,08:30:49.620715512
117.25,2,08:30:49.620715512
117.25,2,08:30:49.620810728
117.25,1,08:30:49.620830258
117.25,6,08:30:49.621344408
117.24,1,08:30:49.990023881
117.24,2,08:30:49.990023881
117.24,1,08:30:49.990097292
117.24,1,08:30:50.040755793
117.24,1,08:30:50.079102524
117.24,1,08:30:50.079117400
117.24,1,08:30:50.111386667
117.24,2,08:30:50.164400497
117.24,1,08:30:50.262576005
117.23,1,08:30:50.496170515
117.23,1,08:30:50.496267082
117.23,17,08:30:50.496285853
117.24,2,08:30:50.551843735
117.24,2,08:30:50.551939783
117.24,1,08:30:50.551963200
117.24,1,08:30:50.552440502
117.24,1,08:30:50.558837029
117.23,1,08:30:50.567351914
117.24,1,08:30:50.651351185
117.24,2,08:30:50.868486225
117.24,1,08:30:50.868565580
117.25,2,08:30:50.978221043
117.25,1,08:30:50.978221043
117.24,1,08:30:50.981086516
117.24,2,08:30:51.616418309
117.24,2,08:30:51.616839403
117.24,3,08:30:51.616839403
117.24,1,08:30:51.617121893
117.24,5,08:30:51.617239397
117.24,4,08:30:51.617356837
117.24,1,08:30:51.617373473
117.25,1,08:30:51.787979929
117.25,1,08:30:51.788055586
117.25,1,08:30:51.788376373
117.25,2,08:30:51.788376373
117.25,5,08:30:51.788851256
117.23,1,08:30:52.085264673
117.23,1,08:30:52.085694567
117.23,1,08:30:52.086570124
117.23,2,08:30:52.349970287
117.24,1,08:30:52.467423800
117.24,1,08:30:52.467510283
117.24,6,08:30:52.467815508
117.24,1,08:30:52.626940301
117.23,2,08:30:52.654734199
117.23,1,08:30:52.654832765
117.23,1,08:30:52.654847737
117.23,1,08:30:52.960627074
117.23,1,08:30:52.960720783
117.23,2,08:30:52.960738505
117.23,1,08:30:52.960738505
117.23,2,08:30:52.981105733
117.23,2,08:30:52.981120517
117.23,3,08:30:53.084779892
117.23,4,08:30:53.084779892
117.23,1,08:30:53.119018819
117.23,2,08:30:53.119018819
117.23,1,08:30:53.119097613
117.23,1,08:30:53.285256303
117.23,4,08:30:53.285256303
117.24,1,08:30:53.447075582
117.24,1,08:30:53.447208534
117.24,1,08:30:53.447230528
117.24,1,08:30:53.472928175
117.25,1,08:30:53.763612523
117.25,2,08:30:53.763706933
117.25,1,08:30:53.763936335
117.25,1,08:30:54.038690099
117.24,1,08:30:54.635604103
117.24,1,08:30:54.635617805
117.24,2,08:30:54.635617805
117.24,2,08:30:54.635993760
117.24,1,08:30:54.635993760
117.24,6,08:30:54.636114915
117.24,14,08:30:54.636288817
117.24,6,08:30:54.636288817
117.24,1,08:30:54.642486743
117.23,1,08:30:55.868883984
117.24,1,08:30:57.259784939
117.24,1,08:30:57.260426372
117.24,2,08:30:57.260426372
117.24,3,08:30:57.350322162
117.24,1,08:30:57.802914666
117.24,1,08:30:57.803472281
117.23,1,08:30:57.803741981
117.23,3,08:30:57.803757645
117.23,1,08:30:57.804017293
117.23,5,08:30:57.823182199
117.23,3,08:30:57.843213709
117.23,1,08:30:57.843213709
117.23,1,08:30:58.483175551
117.23,1,08:30:58.483261208
117.24,3,08:30:58.937827810
117.24,1,08:30:58.937827810
117.24,2,08:30:58.937827810
117.23,1,08:30:59.128630967
117.23,1,08:30:59.129492630
117.22,1,08:30:59.208886512
117.22,1,08:30:59.208989222
117.22,3,08:30:59.230832696
117.22,1,08:30:59.230832696
117.21,1,08:30:59.420377563
117.21,1,08:30:59.435861807
117.21,1,08:30:59.467001749
117.21,1,08:30:59.685938229
117.21,1,08:30:59.685959122
117.21,1,08:30:59.686519976
117.21,1,08:30:59.724082817
117.22,1,08:31:00.034620140
117.22,3,08:31:00.034620140
117.22,1,08:31:00.034717324
117.22,1,08:31:00.034738438
117.22,2,08:31:00.101244702
117.22,1,08:31:00.101754256
117.22,1,08:31:00.102497629
117.22,4,08:31:00.102572000
117.21,1,08:31:00.145460145
117.21,2,08:31:00.145532951
117.21,1,08:31:00.146151319
117.21,1,08:31:00.203100458
117.21,1,08:31:00.203199587
117.22,1,08:31:00.263838672
117.22,2,08:31:00.263943196
117.22,1,08:31:00.263964159
117.22,3,08:31:00.263964159
117.22,2,08:31:00.263964159
117.22,3,08:31:00.324441750
117.22,1,08:31:00.324527487
117.22,1,08:31:00.324545958
117.22,1,08:31:00.324990402
117.22,4,08:31:00.325156923
117.22,1,08:31:00.441117874
117.23,1,08:31:00.448572969
117.23,3,08:31:00.448670802
117.23,1,08:31:00.448688761
117.23,9,08:31:00.448688761
117.23,5,08:31:00.448688761
117.23,3,08:31:00.448688761
117.22,3,08:31:00.521592332
117.22,1,08:31:00.521606021
117.22,1,08:31:00.521663863
117.22,2,08:31:00.521975045
117.21,1,08:31:00.563803907
117.21,1,08:31:00.563902210
117.21,3,08:31:00.563917983
117.21,1,08:31:00.563917983
117.21,1,08:31:00.926417480
117.21,1,08:31:00.926650331
117.21,2,08:31:00.926717588
117.2,2,08:31:01.015333022
117.2,1,08:31:01.015333022
117.2,2,08:31:01.015458683
117.2,5,08:31:01.015484414
117.2,1,08:31:01.015484414
117.2,2,08:31:01.015484414
117.21,1,08:31:01.030688312
117.21,3,08:31:01.030688312
117.21,3,08:31:01.107202876
117.21,1,08:31:01.111351874
117.21,1,08:31:01.111579746
117.21,1,08:31:01.121213595
117.21,3,08:31:01.130491434
117.21,1,08:31:01.173793687
117.21,1,08:31:01.174874081
117.21,1,08:31:01.175130621
117.21,3,08:31:01.648431179
117.21,1,08:31:01.714545534
117.21,1,08:31:01.774279893
117.21,1,08:31:01.950781172
117.21,1,08:31:01.950986752
117.21,2,08:31:01.950986752
117.21,3,08:31:01.951004573
117.21,1,08:31:01.951004573
117.21,2,08:31:01.951004573
117.21,1,08:31:01.951159981
117.21,5,08:31:01.951184983
117.21,3,08:31:01.951797430
117.21,1,08:31:01.951797430
117.22,1,08:31:01.951953001
117.22,1,08:31:01.951974662
117.22,1,08:31:01.952074178
117.22,3,08:31:01.952087974
117.22,1,08:31:01.952996934
117.22,1,08:31:01.953675813
117.23,1,08:31:01.953944469
117.23,2,08:31:01.953944469
117.23,1,08:31:01.953965969
117.23,20,08:31:01.953965969
117.23,3,08:31:01.953965969
117.22,2,08:31:01.954610580
117.22,1,08:31:01.954636923
117.22,2,08:31:01.954653178
117.22,3,08:31:01.954721962
117.23,3,08:31:01.955382659
117.23,1,08:31:01.955424934
117.23,1,08:31:01.955443437
117.23,2,08:31:01.955831578
117.23,3,08:31:01.960174032
117.23,1,08:31:01.960246812
117.23,2,08:31:01.961899464
117.23,1,08:31:01.962288427
117.23,3,08:31:01.962571224
117.23,2,08:31:01.963504679
117.24,1,08:31:01.973729029
117.23,1,08:31:01.995919366
117.23,1,08:31:01.996917257
117.23,1,08:31:02.018784037
117.23,1,08:31:02.018798900
117.23,1,08:31:02.037527408
117.22,1,08:31:02.043560011
117.22,2,08:31:02.177007531
117.22,1,08:31:02.177007531
117.22,1,08:31:02.547332610
117.22,1,08:31:02.547346620
117.22,2,08:31:02.547423023
117.22,2,08:31:02.547723086
117.22,2,08:31:02.730247362
117.22,1,08:31:02.753617542
117.22,1,08:31:02.753632617
117.22,4,08:31:02.753822733
117.22,2,08:31:02.791332591
117.22,1,08:31:02.828968037
117.22,1,08:31:02.876892777
117.22,1,08:31:02.877905352
117.22,1,08:31:02.914156553
117.22,1,08:31:03.222547572
117.22,3,08:31:03.222563059
117.22,2,08:31:03.257601202
117.22,1,08:31:03.257799688
117.23,1,08:31:03.499049080
117.23,1,08:31:03.499212084
117.23,1,08:31:03.499231342
117.23,2,08:31:03.499231342
117.23,1,08:31:03.499658924
117.22,1,08:31:04.085715399
117.22,1,08:31:04.114555802
117.22,1,08:31:04.114571277
117.22,1,08:31:04.194198626
117.22,6,08:31:04.707123556
117.22,2,08:31:04.707216863
117.22,2,08:31:04.707231456
117.22,4,08:31:05.209090717
117.22,1,08:31:05.209090717
117.22,2,08:31:05.209188166
117.22,1,08:31:06.087646319
117.22,3,08:31:06.087753022
117.22,4,08:31:06.087774696
117.22,1,08:31:06.087774696
117.23,1,08:31:06.589592409
117.23,6,08:31:06.589605145
117.23,1,08:31:06.589605145
117.23,1,08:31:06.589620572
117.23,1,08:31:06.591089301
117.23,1,08:31:06.591924525
117.23,1,08:31:06.591939188
117.23,1,08:31:06.622250850
117.23,1,08:31:06.622265477
117.22,2,08:31:06.838300224
117.22,1,08:31:06.840147909
117.22,1,08:31:06.840236719
117.22,2,08:31:06.840674718
117.22,1,08:31:06.840692312
117.22,1,08:31:06.844422786
117.22,1,08:31:06.844514712
117.22,1,08:31:06.844531308
117.22,1,08:31:06.861826289
117.22,1,08:31:07.109922280
117.22,2,08:31:07.110012542
117.21,1,08:31:07.763298553
117.21,12,08:31:07.763298553
117.21,1,08:31:07.763709357
117.21,46,08:31:07.763826419
117.21,11,08:31:07.763826419
117.21,2,08:31:07.763826419
117.21,28,08:31:07.763921836
117.21,1,08:31:08.453938751
117.21,1,08:31:08.454039792
117.21,10,08:31:08.454056275
117.21,4,08:31:08.454056275
117.21,1,08:31:08.454056275
117.21,5,08:31:08.454181894
117.21,1,08:31:08.454181894
117.21,1,08:31:08.455348879
117.22,1,08:31:08.598676338
117.22,1,08:31:08.598805336
117.22,3,08:31:08.598805336
117.22,2,08:31:08.598805336
117.22,1,08:31:08.598905392
117.22,10,08:31:08.599028497
117.22,1,08:31:08.626420652
117.22,1,08:31:08.626434450
117.22,1,08:31:08.626504831
117.22,1,08:31:08.665832915
117.22,3,08:31:08.880197826
117.22,1,08:31:10.109961995
117.22,2,08:31:10.110063281
117.22,1,08:31:10.110081935
117.22,2,08:31:10.392056417
117.23,9,08:31:10.732035771
117.23,1,08:31:10.732126449
117.23,4,08:31:10.732142334
117.23,11,08:31:10.732142334
117.23,2,08:31:10.732142334
117.23,1,08:31:10.897880549
117.23,1,08:31:10.898079884
117.22,1,08:31:11.316346094
117.22,1,08:31:11.318761907
117.22,1,08:31:11.319074499
117.22,1,08:31:11.319190943
117.22,3,08:31:11.319206642
117.22,1,08:31:11.588879757
117.22,3,08:31:11.734424352
117.22,2,08:31:11.734505094
117.22,1,08:31:11.734523027
117.22,2,08:31:11.735988516
117.22,1,08:31:11.736096274
117.22,1,08:31:11.736111484
117.22,1,08:31:11.760799083
117.21,1,08:31:12.118515430
117.21,18,08:31:12.118596294
117.21,1,08:31:12.119146616
117.21,6,08:31:12.119493871
117.21,15,08:31:12.119508802
117.21,2,08:31:12.119522793
117.21,1,08:31:12.119522793
117.21,4,08:31:12.119640776
117.21,10,08:31:12.119684290
117.21,1,08:31:12.119698805
117.21,1,08:31:12.537595879
117.21,1,08:31:12.537704948
117.21,1,08:31:12.537721457
117.21,2,08:31:12.537721457
117.21,1,08:31:12.538157222
117.2,1,08:31:12.936486282
117.19,1,08:31:13.138635380
117.19,2,08:31:13.138635380
117.19,7,08:31:13.138662045
117.19,2,08:31:13.138662045
117.19,1,08:31:13.138662045
117.19,1,08:31:13.162708872
117.18,1,08:31:14.346453590
117.18,1,08:31:14.346539571
117.18,1,08:31:14.346804902
117.18,3,08:31:14.346916360
117.18,1,08:31:14.346916360
117.18,2,08:31:14.951886414
117.18,1,08:31:15.060215909
117.18,11,08:31:15.060685742
117.17,3,08:31:15.107935656
117.17,1,08:31:15.107935656
117.17,4,08:31:15.108002546
117.18,1,08:31:15.270545246
117.19,3,08:31:15.323013477
117.19,1,08:31:15.566537534
117.19,8,08:31:15.566551361
117.19,1,08:31:15.566651141
117.19,1,08:31:15.566668356
117.19,3,08:31:15.933076621
117.19,1,08:31:15.933151919
117.19,1,08:31:16.251795043
117.19,2,08:31:16.251795043
117.19,5,08:31:16.251809898
117.19,2,08:31:16.290945621
117.19,1,08:31:16.950522685
117.19,3,08:31:17.661900220
117.19,1,08:31:17.662221678
117.19,2,08:31:18.311680235
117.19,3,08:31:18.382423971
117.18,4,08:31:18.580192862
117.18,1,08:31:18.580192862
117.18,1,08:31:18.580288841
117.18,16,08:31:18.580304914
117.18,1,08:31:18.580304914
117.18,5,08:31:18.580304914
117.18,1,08:31:18.605910545
117.18,6,08:31:18.605910545
117.18,4,08:31:18.605989364
117.19,1,08:31:18.610233553
117.18,10,08:31:18.628309231
117.18,1,08:31:18.628309231
117.18,3,08:31:20.181466070
117.18,4,08:31:20.181872095
117.18,10,08:31:20.181872095
117.18,7,08:31:20.331375937
117.18,1,08:31:21.719970110
117.17,1,08:31:22.061535508
117.17,4,08:31:22.061647862
117.17,1,08:31:22.061669652
117.17,4,08:31:22.061669652
117.17,2,08:31:22.061669652
117.17,7,08:31:22.061669652
117.16,1,08:31:22.314510504
117.16,1,08:31:22.315781242
117.16,1,08:31:22.315914000
117.16,1,08:31:22.316251837
117.16,5,08:31:22.316396253
117.16,1,08:31:22.322051220
117.16,1,08:31:22.365557975
117.16,2,08:31:22.426877450
117.16,1,08:31:22.426893386
117.16,1,08:31:22.427492559
117.16,2,08:31:22.427508803
117.16,1,08:31:22.427539005
117.17,1,08:31:22.502554265
117.17,1,08:31:22.507895269
117.17,1,08:31:22.507987889
117.17,5,08:31:22.508005022
117.17,1,08:31:22.508005022
117.18,1,08:31:23.145796235
117.18,1,08:31:23.145904734
117.18,3,08:31:23.145929230
117.18,1,08:31:23.145929230
117.18,2,08:31:23.145929230
117.18,1,08:31:23.146409582
117.19,3,08:31:23.682806807
117.19,5,08:31:23.716144558
117.2,4,08:31:24.375031684
117.2,3,08:31:24.375446570
117.2,1,08:31:24.404021624
117.19,1,08:31:25.846613033
117.19,1,08:31:25.846728780
117.19,1,08:31:25.846750956
117.19,16,08:31:25.846750956
117.19,4,08:31:25.846750956
117.19,1,08:31:25.880122607
117.19,1,08:31:25.912811378
117.18,1,08:31:26.127394112
117.18,1,08:31:26.127410151
117.18,1,08:31:26.127551424
117.18,2,08:31:26.128094221
117.18,12,08:31:26.128112528
117.18,2,08:31:26.128326224
117.18,1,08:31:26.638291647
117.19,1,08:31:27.245879038
117.19,1,08:31:28.206687867
117.19,1,08:31:28.657929362
117.19,1,08:31:29.508057151
117.19,4,08:31:29.508159256
117.19,2,08:31:29.508178437
117.2,1,08:31:29.526299675
117.2,1,08:31:29.592488615
117.2,1,08:31:29.592599565
117.2,3,08:31:29.592627447
117.2,1,08:31:29.596381758
117.2,1,08:31:30.229281453
117.2,9,08:31:30.229281453
117.2,1,08:31:30.229366455
117.2,1,08:31:30.282327968
117.2,1,08:31:31.450520431
117.2,1,08:31:31.450603438
117.2,1,08:31:32.285928004
117.2,1,08:31:32.645628321
117.2,1,08:31:32.645711076
117.2,1,08:31:32.646062012
117.2,7,08:31:32.646374560
117.2,1,08:31:32.812686292
117.2,2,08:31:33.362696074
117.2,1,08:31:33.362696074
117.2,1,08:31:33.372730707
117.2,1,08:31:33.384327645
117.2,1,08:31:33.545108433
117.2,1,08:31:33.545211210
117.2,1,08:31:33.545234874
117.2,4,08:31:33.545234874
117.2,1,08:31:33.545622832
117.21,1,08:31:34.033945790
117.21,7,08:31:34.034029627
117.21,1,08:31:34.208728713
117.21,3,08:31:34.208728713
117.21,2,08:31:34.337086768
117.22,1,08:31:34.401048758
117.22,3,08:31:34.402432895
117.22,1,08:31:34.402510955
117.22,1,08:31:34.562134799
117.22,2,08:31:34.565803737
117.22,1,08:31:34.896526355
117.22,1,08:31:35.005979860
117.22,7,08:31:35.110923224
117.23,1,08:31:35.502241980
117.23,1,08:31:35.502716402
117.23,1,08:31:35.568332504
117.23,7,08:31:35.569814852
117.24,1,08:31:35.643516433
117.24,10,08:31:35.644739924
117.24,1,08:31:35.644739924
117.24,1,08:31:35.644898965
117.24,1,08:31:35.645058555
117.24,3,08:31:35.651426086
117.24,1,08:31:35.672863592
117.24,1,08:31:35.837424920
117.24,1,08:31:36.151527246
117.24,1,08:31:36.890139699
117.24,1,08:31:36.890219833
117.24,1,08:31:36.890634428
117.24,1,08:31:36.890748956
117.24,2,08:31:36.896702657
117.24,1,08:31:36.896719937
117.24,14,08:31:36.959721383
117.24,1,08:31:37.205284653
117.24,1,08:31:37.205361558
117.24,1,08:31:37.577287493
117.24,1,08:31:37.577428388
117.24,1,08:31:37.577562286
117.24,1,08:31:37.577589924
117.25,1,08:31:38.401002620
117.25,1,08:31:38.401146408
117.25,2,08:31:38.401760075
117.25,1,08:31:38.401760075
117.25,2,08:31:38.402984887
117.26,1,08:31:38.762923952
117.26,1,08:31:38.763042759
117.26,1,08:31:38.763068171
117.26,1,08:31:38.768566147
117.26,1,08:31:38.870878109
117.26,1,08:31:38.870974138
117.26,1,08:31:38.870990496
117.26,1,08:31:39.041168789
117.26,1,08:31:39.041260930
117.26,1,08:31:39.048802473
117.26,1,08:31:39.048910546
117.26,1,08:31:39.049599205
117.26,1,08:31:39.050422628
117.26,6,08:31:39.052479030
117.25,1,08:31:39.611605039
117.25,3,08:31:39.611712091
117.25,1,08:31:39.611712091
117.25,2,08:31:39.611847054
117.25,9,08:31:39.611975003
117.25,1,08:31:39.611975003
117.25,1,08:31:39.623360054
117.25,1,08:31:39.752426074
117.25,1,08:31:39.866999908
117.25,1,08:31:39.867118161
117.26,1,08:31:39.867137105
117.26,3,08:31:39.867137105
117.25,1,08:31:40.050042146
117.25,3,08:31:40.050111659
117.25,1,08:31:40.735478144
117.25,1,08:31:40.911616684
117.25,4,08:31:40.911716783
117.25,3,08:31:40.911735375
117.25,1,08:31:40.943910205
117.25,1,08:31:41.247148634
117.25,2,08:31:41.247148634
117.25,1,08:31:41.424794600
117.25,1,08:31:41.424886846
117.25,2,08:31:41.832819980
117.25,1,08:31:41.832907910
117.25,1,08:31:42.003034532
117.25,1,08:31:42.063539807
117.25,13,08:31:42.063737666
117.26,1,08:31:43.091299453
117.26,4,08:31:43.091402067
117.26,1,08:31:43.091420323
117.26,2,08:31:43.091420323
117.26,2,08:31:43.150561736
117.26,1,08:31:43.961762546
117.26,2,08:31:43.961762546
117.26,1,08:31:44.376627771
117.26,2,08:31:44.376627771
117.27,1,08:31:44.613654851
117.27,1,08:31:45.230209544
117.27,1,08:31:45.230589630
117.27,1,08:31:45.230725726
117.27,1,08:31:45.231213405
117.27,1,08:31:45.231659609
117.27,1,08:31:45.232012682
117.27,1,08:31:45.238404853
117.27,1,08:31:45.274796691
117.27,14,08:31:45.783284515
117.27,1,08:31:45.783373161
117.27,1,08:31:46.224333400
117.27,1,08:31:46.224348328
117.27,1,08:31:47.509095150
117.27,1,08:31:47.509192369
117.27,1,08:31:47.509534016
117.27,1,08:31:48.453291447
117.27,4,08:31:48.453307117
117.27,1,08:31:49.077388236
117.27,1,08:31:49.077467391
117.27,1,08:31:49.077482552
117.27,1,08:31:49.110120239
117.26,1,08:31:50.793556776
117.26,1,08:31:50.794794422
117.26,2,08:31:50.794794422
117.26,1,08:31:50.827980157
117.26,1,08:31:50.829527298
117.26,1,08:31:50.829634040
117.26,1,08:31:50.862503740
117.26,1,08:31:50.867256782
117.26,1,08:31:51.213768219
117.27,1,08:31:51.228253840
117.27,1,08:31:51.228279305
117.27,4,08:31:51.228279305
117.27,5,08:31:51.228298710
117.27,1,08:31:51.228298710
117.27,4,08:31:51.228298710
117.27,2,08:31:51.228298710
117.27,22,08:31:51.228685734
117.27,1,08:31:51.229278648
117.26,1,08:31:51.252178317
117.26,1,08:31:51.253119632
117.26,1,08:31:51.289479993
117.26,1,08:31:51.353616827
117.26,1,08:31:51.354638385
117.27,1,08:31:51.808343054
117.28,1,08:31:52.490303662
117.28,1,08:31:52.490408588
117.28,3,08:31:52.490424092
117.28,1,08:31:52.490424092
117.28,1,08:31:52.490442246
117.28,1,08:31:52.515804235
117.28,1,08:31:52.516777018
117.28,1,08:31:52.547699033
117.28,2,08:31:52.547699033
117.28,1,08:31:52.548256259
117.28,1,08:31:52.585329759
117.28,1,08:31:52.589329357
117.29,1,08:31:52.729758070
117.29,1,08:31:52.729861552
117.29,2,08:31:53.026807084
117.29,1,08:31:53.027126620
117.29,1,08:31:53.028624094
117.29,1,08:31:53.028723489
117.29,1,08:31:53.084132227
117.29,4,08:31:53.775032274
117.29,1,08:31:53.775306379
117.29,1,08:31:53.775321489
117.3,1,08:31:53.858037752
117.3,2,08:31:53.858123748
117.29,1,08:31:54.058842827
117.3,1,08:31:54.259485625
117.3,1,08:31:54.259505705
117.3,1,08:31:54.391501152
117.3,1,08:31:54.391594895
117.29,1,08:31:54.758891987
117.29,3,08:31:54.758907021
117.29,1,08:31:55.045066583
117.29,2,08:31:55.045066583
117.29,1,08:31:55.045151751
117.28,1,08:31:55.304584913
117.28,1,08:31:55.304673512
117.28,1,08:31:55.304691819
117.28,1,08:31:55.338640541
117.28,1,08:31:55.372240327
117.27,2,08:31:55.465885812
117.27,1,08:31:55.473051331
117.27,1,08:31:55.491863771
117.27,1,08:31:57.022511544
117.28,1,08:31:57.841882730
117.28,1,08:31:57.841977485
117.27,1,08:32:00.065026366
117.27,1,08:32:00.083804982
117.27,1,08:32:00.097481721
117.27,1,08:32:00.131758004
117.26,1,08:32:00.822306798
117.26,1,08:32:00.822389252
117.25,1,08:32:00.839798906
117.25,1,08:32:00.839818935
117.24,1,08:32:00.926300832
117.24,1,08:32:00.926608159
117.24,1,08:32:00.935366646
117.24,1,08:32:00.978710983
117.24,1,08:32:02.480136365
117.24,5,08:32:02.480225306
117.24,1,08:32:02.480225306
117.24,3,08:32:02.480511263
117.24,1,08:32:02.480511263
117.24,19,08:32:02.480511263
117.24,1,08:32:02.480649212
117.24,1,08:32:02.576397483
117.25,1,08:32:02.577005655
117.25,2,08:32:02.745180002
117.25,1,08:32:03.279430983
117.24,1,08:32:03.291105940
117.24,1,08:32:03.291421066
117.25,1,08:32:03.313302093
117.24,1,08:32:03.887650430
117.24,1,08:32:03.887891159
117.24,1,08:32:03.888235680
117.24,1,08:32:03.888798889
117.24,1,08:32:03.891124334
117.24,1,08:32:03.891624484
117.24,1,08:32:03.952002622
117.24,1,08:32:03.962137862
117.24,1,08:32:03.962230813
117.25,2,08:32:04.340494307
117.25,1,08:32:04.340588179
117.25,1,08:32:04.340931949
117.25,1,08:32:04.342313407
117.26,1,08:32:04.912295765
117.26,1,08:32:04.912395301
117.26,1,08:32:04.912412760
117.26,3,08:32:04.912968200
117.26,1,08:32:04.913413636
117.26,2,08:32:04.921404496
117.26,5,08:32:04.921404496
117.26,1,08:32:05.842153669
117.26,1,08:32:05.883548075
117.25,1,08:32:06.488577857
117.25,1,08:32:06.785702611
117.25,1,08:32:07.299093324
117.25,1,08:32:08.014910820
117.26,4,08:32:09.188466346
117.26,1,08:32:09.188479776
117.26,2,08:32:09.188571247
117.26,1,08:32:09.188591561
117.26,1,08:32:09.189257605
117.26,2,08:32:09.212210083
117.26,1,08:32:09.232371031
117.26,16,08:32:09.897185956
117.27,1,08:32:10.007863952
117.27,1,08:32:10.008031812
117.27,1,08:32:10.008046270
117.27,1,08:32:10.008060932
117.27,2,08:32:10.008074507
117.27,1,08:32:10.008074507
117.27,1,08:32:10.008090996
117.27,4,08:32:10.008109166
117.27,1,08:32:10.008789789
117.27,2,08:32:10.008940679
117.27,1,08:32:10.008940679
117.27,3,08:32:10.008940679
117.27,6,08:32:10.485177297
117.27,16,08:32:10.485177297
117.27,1,08:32:10.485251406
117.27,1,08:32:10.485270148
117.27,1,08:32:10.485887369
117.27,1,08:32:10.485937887
117.27,1,08:32:10.526345150
117.28,4,08:32:10.959913446
117.28,1,08:32:10.960018389
117.28,1,08:32:10.960044127
117.28,2,08:32:10.960044127
117.28,14,08:32:10.960044127
117.28,1,08:32:10.960793073
117.28,1,08:32:10.960996689
117.28,1,08:32:10.961019295
117.28,1,08:32:12.250193022
117.28,5,08:32:12.250283109
117.28,2,08:32:12.250548747
117.27,1,08:32:13.863019651
117.27,16,08:32:13.863120739
117.27,6,08:32:13.863120739
117.27,14,08:32:13.863137164
117.27,1,08:32:13.863137164
117.27,1,08:32:13.898496186
117.27,4,08:32:13.904443231
117.27,2,08:32:13.904443231
117.27,1,08:32:13.904522600
117.27,1,08:32:13.905051797
117.27,6,08:32:13.905051797
117.27,1,08:32:13.931914947
117.26,1,08:32:16.788183434
117.26,11,08:32:16.788183434
117.26,2,08:32:16.788708284
117.26,6,08:32:16.788708284
117.26,1,08:32:16.788851942
117.26,2,08:32:16.788866640
117.26,2,08:32:16.789027305
117.26,1,08:32:16.789041458
117.26,1,08:32:16.789056610
117.26,4,08:32:16.789070706
117.26,2,08:32:16.789085609
117.26,8,08:32:16.789100796
117.26,3,08:32:16.789120847
117.26,1,08:32:16.789120847
117.26,7,08:32:16.789154406
117.26,1,08:32:16.809133277
117.26,4,08:32:16.815054229
117.26,1,08:32:16.815174996
117.26,1,08:32:16.815197723
117.26,4,08:32:16.815197723
117.26,1,08:32:16.823536289
117.25,1,08:32:16.861448535
117.25,1,08:32:16.865838532
117.25,13,08:32:16.866049796
117.25,1,08:32:16.866156115
117.25,1,08:32:16.870958768
117.24,1,08:32:17.669174085
117.24,1,08:32:17.669250072
117.24,1,08:32:17.669266987
117.24,3,08:32:17.893137969
117.24,1,08:32:17.893478980
117.24,1,08:32:18.260618747
117.24,3,08:32:18.355918503
117.24,1,08:32:18.356003741
117.24,1,08:32:18.356905069
117.24,2,08:32:18.357383789
117.24,1,08:32:19.957041314
117.25,2,08:32:21.008125442
117.25,3,08:32:21.203881008
117.26,1,08:32:21.593578124
117.26,6,08:32:21.594212355
117.26,1,08:32:21.597171623
117.26,1,08:32:21.597697558
117.26,1,08:32:21.623797649
117.25,4,08:32:21.850411577
117.25,4,08:32:21.850505455
117.25,8,08:32:21.850505455
117.25,1,08:32:21.850907170
117.25,1,08:32:21.888903685
117.26,1,08:32:21.965864687
117.26,2,08:32:21.965951148
117.26,8,08:32:21.965951148
117.26,1,08:32:21.966734398
117.26,1,08:32:22.023728319
117.26,1,08:32:22.069953413
117.26,1,08:32:22.072639106
117.26,1,08:32:22.655411799
117.26,4,08:32:22.655428781
117.26,1,08:32:22.655428781
117.26,1,08:32:24.599323500
117.27,8,08:32:24.669608367
117.27,4,08:32:24.669734895
117.27,2,08:32:24.669757928
117.27,4,08:32:24.669757928
117.27,3,08:32:24.669757928
117.27,9,08:32:24.669757928
117.27,1,08:32:24.669757928
117.27,2,08:32:24.669775899
117.27,16,08:32:24.671025165
117.27,2,08:32:24.680587059
117.27,1,08:32:25.861378677
117.27,1,08:32:25.862295061
117.27,1,08:32:25.943424680
117.27,1,08:32:27.018584053
117.27,1,08:32:31.245966632
117.27,1,08:32:31.246071677
117.27,1,08:32:31.246094774
117.27,1,08:32:31.380847451
117.27,2,08:32:33.184675731
117.26,1,08:32:33.184886507
117.26,1,08:32:33.184900071
117.26,4,08:32:33.184914327
117.26,1,08:32:33.184914327
117.26,1,08:32:33.184929649
117.26,4,08:32:33.184929649
117.26,3,08:32:33.184945354
117.26,2,08:32:33.184945354
117.26,1,08:32:33.184945354
117.26,1,08:32:33.184960734
117.26,4,08:32:33.184960734
117.26,1,08:32:33.184974580
117.27,2,08:32:33.202579548
117.27,3,08:32:33.202579548
117.27,1,08:32:33.203673883
117.27,2,08:32:33.203673883
117.27,1,08:32:33.203690735
117.27,5,08:32:33.203690735
117.26,1,08:32:33.221547380
117.26,8,08:32:33.221547380
117.26,1,08:32:33.221631059
117.27,1,08:32:33.221755790
117.26,4,08:32:33.243680646
117.26,1,08:32:33.243680646
117.26,3,08:32:33.265706786
117.27,2,08:32:33.454964652
117.27,2,08:32:33.454977503
117.27,2,08:32:33.454993734
117.27,1,08:32:33.455025225
117.27,1,08:32:33.455045907
117.27,6,08:32:33.455863011
117.27,2,08:32:33.455931561
117.27,4,08:32:33.455946018
117.27,1,08:32:33.455968959
117.27,6,08:32:33.455991909
117.27,1,08:32:33.456538852
117.26,1,08:32:33.514651902
117.26,1,08:32:33.514711220
117.26,1,08:32:35.024067871
117.26,2,08:32:35.024067871
117.26,1,08:32:35.113927794
117.26,1,08:32:35.658422196
117.27,1,08:32:36.782436545
117.27,1,08:32:36.782527434
117.27,1,08:32:36.782543406
117.27,1,08:32:36.789167286
117.26,2,08:32:38.412682285
117.26,1,08:32:38.412792528
117.26,3,08:32:38.412792528
117.26,2,08:32:38.413143354
117.26,1,08:32:38.413143354
117.26,1,08:32:38.413237850
117.26,1,08:32:38.413349792
117.26,1,08:32:38.413377575
117.26,1,08:32:38.414590332
117.26,1,08:32:38.415044929
117.26,1,08:32:38.415342434
117.27,1,08:32:38.478219667
117.28,1,08:32:38.703999498
117.28,1,08:32:38.994245576
117.28,3,08:32:38.994340567
117.28,1,08:32:38.994358177
117.28,1,08:32:39.175244527
117.28,1,08:32:39.175330542
117.28,1,08:32:40.505219517
117.28,2,08:32:40.505219517
117.29,1,08:32:41.152289988
117.29,1,08:32:41.152808758
117.29,1,08:32:41.169972470
117.28,1,08:32:41.331170710
117.29,2,08:32:41.378121292
117.28,1,08:32:41.563976855
117.29,4,08:32:41.564060760
117.28,1,08:32:41.576859528
117.28,1,08:32:41.661019345
117.28,1,08:32:42.610902062
117.28,1,08:32:42.643555545
117.28,3,08:32:42.948574042
117.28,4,08:32:43.244377535
117.29,1,08:32:44.438678815
117.29,1,08:32:44.438692888
117.29,1,08:32:44.438773781
117.29,2,08:32:44.439187428
117.29,1,08:32:44.439187428
117.29,1,08:32:44.439674878
117.29,1,08:32:44.439691105
117.29,1,08:32:44.439792279
117.29,2,08:32:44.439956957
117.29,2,08:32:44.565058413
117.29,1,08:32:44.565058413
117.29,1,08:32:44.565155642
117.29,1,08:32:44.565176790
117.29,1,08:32:44.565506596
117.29,16,08:32:44.671933008
117.29,2,08:32:44.685574632
117.3,1,08:32:46.053054036
117.3,1,08:32:46.053167312
117.3,1,08:32:46.053186614
117.3,3,08:32:46.053186614
117.3,4,08:32:46.053186614
117.3,14,08:32:46.053545181
117.3,1,08:32:46.053545181
117.3,1,08:32:46.147734067
117.31,3,08:32:46.183865424
117.31,1,08:32:46.199286300
117.31,10,08:32:46.199286300
117.31,1,08:32:46.199377373
117.31,1,08:32:46.199700227
117.31,3,08:32:46.199835549
117.31,1,08:32:46.199835549
117.31,2,08:32:46.199835549
117.31,1,08:32:46.418529509
117.31,1,08:32:46.419047353
117.31,2,08:32:46.419588901
117.31,3,08:32:46.502946396
117.31,1,08:32:46.509548731
117.31,1,08:32:46.620156104
117.31,1,08:32:46.675881687
117.31,2,08:32:46.811309213
117.31,1,08:32:46.811309213
117.3,1,08:32:46.923505766
117.3,1,08:32:46.923747896
117.3,1,08:32:46.924103371
117.3,17,08:32:47.379637109
117.3,2,08:32:47.379637109
117.3,1,08:32:47.379724939
117.3,1,08:32:47.413272026
117.3,1,08:32:47.494243287
117.3,1,08:32:47.498137311
117.3,1,08:32:47.710433750
117.3,1,08:32:47.819167183
117.29,1,08:32:47.846337494
117.29,1,08:32:47.846351743
117.29,2,08:32:47.846436818
117.29,1,08:32:47.846452744
117.29,1,08:32:47.880201937
117.29,1,08:32:47.913864947
117.29,4,08:32:48.616481375
117.29,1,08:32:48.617019517
117.29,1,08:32:48.617550545
117.29,1,08:32:48.655207200
117.29,4,08:32:48.655283484
117.29,1,08:32:49.081322950
117.28,1,08:32:50.279478488
117.29,1,08:32:50.313426660
117.28,1,08:32:50.679736137
117.28,1,08:32:50.680434876
117.28,1,08:32:50.681267573
117.28,1,08:32:50.718550561
117.28,1,08:32:50.719570039
117.28,4,08:32:51.114070907
117.29,1,08:32:51.306213452
117.29,2,08:32:51.306651900
117.29,1,08:32:51.306670322
117.29,4,08:32:51.307528313
117.29,1,08:32:51.939184789
117.29,8,08:32:51.939456757
117.29,1,08:32:51.939456757
117.29,2,08:32:53.136992329
117.29,2,08:32:53.753893565
117.29,2,08:32:53.754265095
117.29,2,08:32:53.754352147
117.29,1,08:32:53.754696435
117.29,1,08:32:53.754715232
117.29,2,08:32:53.755157792
117.29,1,08:32:53.755283864
117.29,1,08:32:53.755460575
117.29,2,08:32:53.755460575
117.29,1,08:32:53.755682341
117.29,2,08:32:53.755702901
117.29,1,08:32:53.755702901
117.28,1,08:32:53.763157358
117.28,1,08:32:53.763173691
117.28,2,08:32:53.763173691
117.28,2,08:32:53.763303461
117.28,1,08:32:53.763303461
117.28,2,08:32:53.764032360
117.28,1,08:32:53.764049051
117.28,1,08:32:53.764655438
117.28,1,08:32:53.765169688
117.29,1,08:32:53.775234799
117.29,1,08:32:53.775410200
117.29,1,08:32:53.813731649
117.29,1,08:32:53.813924977
117.29,2,08:32:53.814018394
117.28,1,08:32:55.478356751
117.28,1,08:32:55.478434716
117.28,1,08:32:56.265732150
117.28,1,08:32:56.267725262
117.28,1,08:32:56.267804542
117.27,1,08:32:57.576950740
117.28,1,08:32:58.419113881
117.28,1,08:32:58.419312220
117.28,1,08:32:59.167570161
117.28,1,08:32:59.853417339
117.28,1,08:32:59.887219843
117.27,1,08:33:00.200038385
117.27,1,08:33:00.264346990
117.27,4,08:33:00.264346990
117.28,6,08:33:00.264420539
117.27,1,08:33:00.302680909
117.27,1,08:33:00.303101241
117.27,7,08:33:00.303101241
117.28,1,08:33:02.403689274
117.28,2,08:33:02.403781808
117.28,3,08:33:02.404113165
117.28,2,08:33:02.404231702
117.28,2,08:33:02.404259468
117.28,14,08:33:02.404259468
117.28,3,08:33:02.404259468
117.28,3,08:33:02.404816108
117.28,1,08:33:02.404922184
117.28,2,08:33:02.405377892
117.28,1,08:33:02.405863095
117.28,1,08:33:02.406215927
117.28,1,08:33:02.414449851
117.28,1,08:33:02.414552055
117.28,1,08:33:02.414568999
117.28,4,08:33:03.754702587
117.28,2,08:33:03.754702587
117.28,1,08:33:03.754702587
117.28,4,08:33:03.754782161
117.29,1,08:33:03.931532822
117.29,1,08:33:03.931621779
117.29,1,08:33:03.931637766
117.29,2,08:33:03.931637766
117.29,1,08:33:03.931966768
117.29,1,08:33:03.946759834
117.29,1,08:33:04.484525417
117.29,1,08:33:05.580042351
117.29,3,08:33:07.216482209
117.29,1,08:33:07.216617861
117.29,1,08:33:07.216641820
117.29,4,08:33:07.216641820
117.29,7,08:33:07.216641820
117.29,4,08:33:07.217204161
117.29,1,08:33:07.217204161
117.29,1,08:33:07.217667662
117.29,4,08:33:07.217770465
117.29,1,08:33:07.218017124
117.29,1,08:33:07.222723255
117.29,2,08:33:07.222819532
117.29,1,08:33:07.223372762
117.29,1,08:33:07.223866493
117.3,2,08:33:08.759183369
117.3,4,08:33:08.759183369
117.3,1,08:33:08.759197532
117.29,1,08:33:10.247543883
117.29,1,08:33:10.247874734
117.29,6,08:33:13.306219524
117.29,3,08:33:13.306541674
117.29,8,08:33:13.306541674
117.29,6,08:33:13.306758551
117.29,1,08:33:13.306783299
117.29,1,08:33:13.306817348
117.28,17,08:33:13.322959792
117.28,1,08:33:13.322959792
117.28,7,08:33:13.322959792
117.28,1,08:33:13.341424046
117.28,1,08:33:13.341637419
117.29,1,08:33:13.342236830
117.28,2,08:33:13.342644782
117.29,3,08:33:13.414314737
117.29,1,08:33:13.913370524
117.29,2,08:33:13.913370524
117.29,1,08:33:13.913462003
117.29,1,08:33:13.913954643
117.29,3,08:33:13.913954643
117.29,1,08:33:13.914399660
117.29,6,08:33:15.229427309
117.29,1,08:33:15.229427309
117.29,1,08:33:15.231341369
117.29,1,08:33:15.231510911
117.29,1,08:33:15.744787051
117.29,4,08:33:15.744787051
117.29,1,08:33:16.577617769
117.29,1,08:33:17.188075868
117.29,1,08:33:17.447093893
117.29,1,08:33:18.099694198
117.29,1,08:33:18.297824698
117.28,1,08:33:20.218366786
117.28,9,08:33:20.218476348
117.28,1,08:33:20.218503289
117.28,1,08:33:20.252885915
117.27,1,08:33:20.267618830
117.27,1,08:33:20.267914748
117.27,1,08:33:20.268013403
117.27,2,08:33:20.268030616
117.27,3,08:33:20.268030616
117.27,1,08:33:20.286392295
117.27,1,08:33:20.297972951
117.27,1,08:33:20.298107168
117.27,1,08:33:20.298126762
117.27,4,08:33:20.298126762
117.27,2,08:33:20.298126762
117.26,1,08:33:21.715587737
117.26,1,08:33:24.036213790
117.27,3,08:33:26.779424295
117.27,1,08:33:26.779424295
117.27,1,08:33:26.779531143
117.27,2,08:33:26.779549825
117.27,1,08:33:26.779549825
117.27,1,08:33:26.779652801
117.27,1,08:33:26.816329303
117.27,1,08:33:27.773043810
117.27,1,08:33:27.783900407
117.27,1,08:33:27.794624581
117.27,1,08:33:27.805443625
117.27,1,08:33:27.816305088
117.27,1,08:33:27.827045259
117.27,1,08:33:27.837858146
117.27,1,08:33:27.859934506
117.27,1,08:33:27.871000782
117.28,1,08:33:28.399859985
117.29,2,08:33:30.465507891
117.29,1,08:33:30.465617958
117.29,5,08:33:30.465617958
117.29,1,08:33:30.466107977
117.29,2,08:33:30.466107977
117.29,5,08:33:30.466107977
117.29,1,08:33:30.690621859
117.29,2,08:33:30.690621859
117.29,1,08:33:31.829332144
117.29,1,08:33:31.869230734
117.29,1,08:33:34.472006243
117.29,1,08:33:34.472099311
117.29,2,08:33:34.472099311
117.28,1,08:33:35.098902745
117.28,1,08:33:35.099017452
117.28,1,08:33:35.099040402
117.28,8,08:33:35.099040402
117.28,1,08:33:35.099335167
117.27,1,08:33:36.778698166
117.27,1,08:33:36.778719554
117.27,1,08:33:36.779195247
117.27,3,08:33:36.779195247
117.27,1,08:33:36.784285771
117.27,1,08:33:37.843366735
117.27,1,08:33:37.843454834
117.27,1,08:33:37.855024946
117.27,1,08:33:37.978790696
117.27,1,08:33:38.052193852
117.28,1,08:33:38.701319312
117.28,1,08:33:38.701440931
117.28,1,08:33:38.701473084
117.28,4,08:33:38.701473084
117.28,12,08:33:38.702017866
117.28,1,08:33:38.902340923
117.28,1,08:33:38.902757060
117.28,1,08:33:38.902893757
117.28,1,08:33:38.903492263
117.28,1,08:33:38.904173638
117.27,2,08:33:39.084372941
117.27,1,08:33:39.084372941
117.27,1,08:33:39.084498273
117.27,6,08:33:39.084498273
117.27,1,08:33:39.084514823
117.27,3,08:33:39.084774059
117.27,2,08:33:39.084796503
117.27,4,08:33:39.084796503
117.27,8,08:33:39.085454820
117.27,3,08:33:39.085632391
117.27,1,08:33:39.085649921
117.27,4,08:33:39.085840819
117.27,1,08:33:39.086012243
117.27,3,08:33:39.086040809
117.27,1,08:33:39.086267367
117.27,1,08:33:39.089124929
117.26,3,08:33:39.090251824
117.26,1,08:33:39.090336710
117.26,2,08:33:39.090352067
117.26,3,08:33:39.090352067
117.26,1,08:33:39.090352067
117.27,1,08:33:39.094630418
117.27,1,08:33:39.094711241
117.27,1,08:33:39.095632639
117.27,1,08:33:39.096098357
117.27,1,08:33:39.106532192
117.27,1,08:33:39.117298164
117.27,1,08:33:39.128246152
117.27,1,08:33:39.169417437
117.27,1,08:33:39.180144078
117.27,1,08:33:39.190882392
117.27,1,08:33:39.201662787
117.27,1,08:33:39.212545850
117.27,1,08:33:39.223345941
117.27,1,08:33:39.237482566
117.27,1,08:33:39.248220298
117.27,1,08:33:39.258853806
117.27,1,08:33:39.272422461
117.27,1,08:33:39.283185396
117.27,1,08:33:39.294004799
117.27,1,08:33:39.304968223
117.27,1,08:33:39.315894525
117.27,1,08:33:39.327096006
117.27,1,08:33:39.337752703
117.27,1,08:33:39.348674617
117.27,1,08:33:39.359367575
117.27,1,08:33:39.372458556
117.27,1,08:33:39.383134128
117.27,1,08:33:39.394779924
117.27,1,08:33:39.405816833
117.27,1,08:33:39.416674345
117.27,1,08:33:39.427357204
117.27,1,08:33:39.437958616
117.27,1,08:33:39.448650953
117.27,1,08:33:39.459600925
117.27,1,08:33:39.472590246
117.27,1,08:33:39.483345257
117.27,1,08:33:39.494084274
117.27,1,08:33:39.504963673
117.27,1,08:33:39.506520855
117.27,6,08:33:39.507635981
117.27,1,08:33:39.515934466
117.27,1,08:33:39.526461927
117.27,1,08:33:39.533801550
117.27,1,08:33:39.565177132
117.27,1,08:33:39.575849978
117.27,1,08:33:39.586609162
117.27,1,08:33:39.598940583
117.27,1,08:33:39.609663484
117.27,1,08:33:39.620387002
117.27,1,08:33:39.631032817
117.27,1,08:33:39.642162500
117.27,1,08:33:39.653206937
117.27,1,08:33:39.664534234
117.27,1,08:33:39.675214331
117.27,1,08:33:39.686108681
117.27,1,08:33:39.696924936
117.27,1,08:33:39.707786846
117.27,1,08:33:39.718818139
117.27,1,08:33:39.729380473
117.27,1,08:33:39.741949464
117.27,1,08:33:39.753673807
117.27,1,08:33:39.764392122
117.27,1,08:33:39.775721035
117.27,1,08:33:39.787252497
117.27,1,08:33:39.798014838
117.27,1,08:33:39.808831495
117.27,1,08:33:39.819549125
117.27,1,08:33:39.830603512
117.27,1,08:33:39.842004985
117.27,1,08:33:39.907181695
117.27,1,08:33:39.918124355
117.27,1,08:33:39.928975671
117.27,1,08:33:39.939903873
117.27,1,08:33:39.952876730
117.27,1,08:33:39.952896205
117.27,1,08:33:39.966622338
117.27,1,08:33:40.020587242
117.27,1,08:33:40.047808557
117.27,1,08:33:40.058913970
117.27,1,08:33:40.069742963
117.27,1,08:33:40.080624551
117.27,1,08:33:40.091674098
117.27,1,08:33:40.128572641
117.27,1,08:33:40.140617526
117.27,1,08:33:40.152832902
117.27,1,08:33:40.163770174
117.27,1,08:33:40.175041132
117.27,1,08:33:40.201088986
117.27,1,08:33:40.212745790
117.27,1,08:33:40.223531765
117.27,1,08:33:40.234632383
117.27,1,08:33:40.245495952
117.27,1,08:33:40.256507873
117.27,1,08:33:40.315809439
117.27,1,08:33:40.336262715
117.27,1,08:33:40.352251998
117.27,1,08:33:40.370193165
117.27,1,08:33:40.384584264
117.27,1,08:33:40.395491752
117.27,1,08:33:40.406422924
117.27,1,08:33:40.417260397
117.27,1,08:33:40.428046552
117.27,1,08:33:40.438775072
117.27,1,08:33:40.450250467
117.27,1,08:33:40.450343501
117.27,1,08:33:40.549574474
117.27,1,08:33:40.560780366
117.27,1,08:33:40.574875733
117.27,1,08:33:40.618569090
117.27,1,08:33:40.643597212
117.27,1,08:33:40.668875300
117.27,1,08:33:40.696323416
117.27,1,08:33:40.718439445
117.27,1,08:33:40.798338614
117.27,1,08:33:40.809123005
117.27,1,08:33:40.819980756
117.27,1,08:33:40.911838822
117.27,1,08:33:40.923353719
117.27,1,08:33:40.934360634
117.27,1,08:33:40.945318862
117.27,1,08:33:40.979364547
117.27,1,08:33:40.990152759
117.27,1,08:33:41.000760915
117.27,1,08:33:41.011607416
117.27,1,08:33:41.070372398
117.27,1,08:33:41.070442927
117.27,1,08:33:41.081559561
117.27,1,08:33:41.092160484
117.27,1,08:33:41.103496606
117.27,1,08:33:41.114358319
117.27,1,08:33:41.125151990
117.27,1,08:33:41.141754386
117.27,1,08:33:41.152486227
117.27,1,08:33:41.163183489
117.27,1,08:33:41.173815021
117.27,1,08:33:41.184681916
117.27,1,08:33:41.263100140
117.27,1,08:33:41.263343414
117.27,1,08:33:41.300059643
117.27,1,08:33:41.349160474
117.27,1,08:33:41.370529717
117.27,1,08:33:41.405044876
117.27,1,08:33:41.415957549
117.27,1,08:33:41.426769063
117.27,1,08:33:41.437843051
117.27,1,08:33:41.448626466
117.27,1,08:33:41.476717330
117.27,1,08:33:41.487561865
117.27,1,08:33:41.499939906
117.27,1,08:33:41.510645209
117.27,1,08:33:41.521224750
117.27,1,08:33:41.531967661
117.27,4,08:33:41.536947351
117.27,1,08:33:41.542821622
117.27,1,08:33:41.553551827
117.27,1,08:33:41.564367713
117.27,1,08:33:41.575288789
117.27,1,08:33:41.586083926
117.27,1,08:33:41.599974282
117.27,1,08:33:41.610807348
117.27,1,08:33:41.621659989
117.27,1,08:33:41.632417907
117.27,1,08:33:41.650614542
117.27,1,08:33:41.661443582
117.27,1,08:33:41.672167996
117.27,1,08:33:41.685724446
117.27,1,08:33:41.696977096
117.27,1,08:33:41.708004847
117.27,1,08:33:41.718780300
117.27,1,08:33:41.870705211
117.27,1,08:33:41.871004740
117.27,1,08:33:42.121810808
117.27,1,08:33:42.121824728
117.27,1,08:33:42.121892199
117.27,1,08:33:42.169923752
117.27,1,08:33:42.180930127
117.27,1,08:33:42.276179104
117.27,1,08:33:42.276247994
117.27,1,08:33:42.292521102
117.27,1,08:33:42.310341430
117.27,1,08:33:42.321240112
117.27,1,08:33:42.333262265
117.27,1,08:33:42.345206809
117.27,1,08:33:42.378439810
117.27,1,08:33:42.398297396
117.27,1,08:33:42.771299767
117.27,3,08:33:42.771469153
117.27,1,08:33:42.771485422
117.27,1,08:33:42.771500744
117.27,1,08:33:42.772341294
117.27,1,08:33:42.772673930
117.27,1,08:33:42.796043290
117.27,1,08:33:42.796173559
117.27,1,08:33:42.796192218
117.27,4,08:33:42.796192218
117.27,1,08:33:42.796208916
117.27,1,08:33:42.796417223
117.28,1,08:33:43.713100097
117.28,3,08:33:43.713184671
117.28,1,08:33:43.713184671
117.28,1,08:33:43.713201809
117.28,1,08:33:43.713395115
117.28,1,08:33:43.713501221
117.29,1,08:33:44.235861757
117.29,3,08:33:44.235861757
117.29,1,08:33:44.235971636
117.29,8,08:33:44.235971636
117.29,1,08:33:44.235986887
117.29,4,08:33:44.235986887
117.29,3,08:33:44.236000100
117.28,7,08:33:44.298538516
117.28,1,08:33:44.298538516
117.28,1,08:33:44.298987188
117.28,2,08:33:44.298987188
117.28,1,08:33:44.299294244
117.28,8,08:33:45.023318060
117.28,3,08:33:45.023336866
117.28,1,08:33:45.023336866
117.28,1,08:33:45.023582971
117.27,1,08:33:45.091138165
117.27,1,08:33:45.097269087
117.27,1,08:33:45.097344770
117.27,1,08:33:45.102207199
117.27,1,08:33:45.113003465
117.27,1,08:33:45.124359872
117.27,1,08:33:45.135680361
117.27,1,08:33:45.146565492
117.27,1,08:33:45.157318098
117.27,1,08:33:45.168095219
117.27,1,08:33:45.178616481
117.27,1,08:33:45.189827367
117.27,1,08:33:45.200678082
117.27,1,08:33:45.211535311
117.27,1,08:33:45.222346822
