price,volume,timestamp
108.8281,5,09:15:16.206462773
108.8281,1,09:15:32.299453016
108.8438,1,09:15:37.495162452
108.8281,44,09:15:38.630505854
108.8438,1,09:15:49.333500217
108.8281,1,09:15:58.805609351
108.8281,1,09:16:03.201854376
108.8281,1,09:16:06.014167896
108.8281,1,09:16:07.213221782
108.8281,100,09:16:22.424698985
108.8281,23,09:16:22.431184665
108.8281,75,09:16:22.432838881
108.8281,1,09:16:22.432978346
108.8281,32,09:16:22.433362516
108.8281,13,09:16:22.433441530
108.8281,110,09:16:22.433552290
108.8281,48,09:16:22.433634442
108.8281,48,09:16:22.433657742
108.8281,1,09:16:22.434459989
108.8281,2,09:16:22.434587978
108.8281,6,09:16:22.434900644
108.8281,1,09:16:22.435338458
108.8281,5,09:16:22.435364250
108.8281,1,09:16:22.435386513
108.8281,94,09:16:22.435417839
108.8281,2,09:16:22.435454363
108.8281,70,09:16:22.435494230
108.8281,79,09:16:22.436139388
108.8281,1,09:16:22.437251796
108.8281,1,09:16:22.438184022
108.8281,1,09:16:22.441579569
108.8125,1,09:16:35.719821041
108.8125,43,09:16:38.298550063
108.8281,4,09:16:41.648972342
108.8281,2,09:16:43.234678634
108.8281,3,09:16:46.749623415
108.8125,1,09:17:02.094505808
108.8281,7,09:17:02.983865169
108.8281,2,09:17:02.984299059
108.8281,1,09:17:02.984352784
108.8281,20,09:17:02.984430251
108.8281,10,09:17:02.984472496
108.8281,1,09:17:02.984529803
108.8281,3,09:17:02.984651901
108.8281,31,09:17:02.984692433
108.8281,1,09:17:02.984736562
108.8281,1,09:17:02.985255181
108.8281,1,09:17:02.985301623
108.8281,1,09:17:02.985598013
108.8281,146,09:17:02.985947374
108.8281,48,09:17:02.986852972
108.8281,110,09:17:02.987048397
108.8281,41,09:17:02.987374353
108.8281,63,09:17:02.987612847
108.8281,2,09:17:02.987804317
108.8281,1,09:17:02.989271796
108.8281,1,09:17:02.989484322
108.8281,32,09:17:02.989594321
108.8281,2,09:17:02.989620545
108.8281,8,09:17:02.989749184
108.8281,48,09:17:02.989865698
108.8281,48,09:17:02.989909722
108.8281,22,09:17:02.989997494
108.8281,21,09:17:02.990195399
108.8281,5,09:17:02.990281199
108.8281,4,09:17:02.990370388
108.8281,25,09:17:02.990867959
108.8281,1,09:17:02.990902501
108.8281,43,09:17:02.990986595
108.8281,1,09:17:02.991250444
108.8281,1,09:17:02.991658388
108.8281,32,09:17:02.991716716
108.8281,1,09:17:02.991779139
108.8281,1,09:17:02.991992919
108.8281,1,09:17:02.992012046
108.8281,1,09:17:02.992486677
108.8281,14,09:17:02.992513260
108.8281,1,09:17:02.992709923
108.8281,2,09:17:02.992731738
108.8281,48,09:17:02.993481212
108.8281,1,09:17:02.994370296
108.8281,48,09:17:02.994471862
108.8281,37,09:17:02.994763862
108.8281,55,09:17:02.994788809
108.8281,3,09:17:02.994829982
108.8281,55,09:17:02.994995217
108.8281,48,09:17:02.995081897
108.8281,32,09:17:02.995294365
108.8281,1,09:17:02.995361772
108.8281,16,09:17:02.995610836
108.8281,1,09:17:02.996112795
108.8281,4,09:17:02.996316805
108.8281,1,09:17:02.996357627
108.8281,1,09:17:02.996400797
108.8281,6,09:17:02.996500383
108.8281,1,09:17:02.996527370
108.8281,33,09:17:02.996575041
108.8281,1,09:17:02.996731883
108.8281,6,09:17:02.997843505
108.8281,1,09:17:02.997884955
108.8281,1,09:17:02.998186418
108.8281,1,09:17:02.998292656
108.8281,1,09:17:02.998610403
108.8281,24,09:17:02.999286654
108.8438,63,09:17:11.747005235
108.8281,65,09:17:24.207789879
108.8281,2,09:17:24.208545603
108.8281,4,09:17:24.208734007
108.8281,1,09:17:24.208778776
108.8281,1,09:17:24.208803285
108.8281,1,09:17:24.208860595
108.8281,1,09:17:24.208902369
108.8281,1,09:17:24.208966674
108.8281,6,09:17:24.209054087
108.8281,25,09:17:24.209116482
108.8281,37,09:17:24.209246446
108.8281,32,09:17:24.209622166
108.8281,24,09:17:24.209979843
108.8281,2,09:17:24.215212000
108.8281,1,09:17:24.215509727
108.8281,41,09:17:24.215532575
108.8281,1,09:17:24.217675700
108.8281,1,09:17:24.217802673
108.8281,1,09:17:24.218543207
108.8281,16,09:17:27.528760831
108.8281,4,09:17:27.528847316
108.8281,3,09:17:27.528933666
108.8281,4,09:17:29.236641937
108.8281,8,09:17:29.498270494
108.8281,43,09:17:29.498541988
108.8281,61,09:17:29.498939583
108.8281,6,09:17:29.499105929
108.8281,1,09:17:29.499143796
108.8281,1,09:17:29.499273071
108.8281,1,09:17:29.499414009
108.8281,1,09:17:29.499537102
108.8281,3,09:17:29.499639572
108.8281,1,09:17:29.499754220
108.8281,1,09:17:29.499811143
108.8281,1,09:17:29.499836270
108.8281,1,09:17:29.499879145
108.8281,1,09:17:29.499925001
108.8281,1,09:17:29.499959908
108.8281,1,09:17:29.500040706
108.8281,3,09:17:29.500064252
108.8281,1,09:17:29.500124250
108.8281,1,09:17:29.500174456
108.8281,1,09:17:29.500219215
108.8281,30,09:17:29.500243280
108.8281,41,09:17:29.501763442
108.8281,1,09:17:29.502633456
108.8281,1,09:17:29.502855237
108.8281,2,09:17:29.502879301
108.8281,1,09:17:29.503016968
108.8281,25,09:17:29.504730919
108.8281,1,09:17:30.097143123
108.8281,1,09:17:30.097363329
108.8281,2,09:17:30.097475444
108.8281,282,09:17:35.089848623
108.8281,39,09:17:35.090095137
108.8281,7,09:17:35.090131973
108.8281,1,09:17:35.090183772
108.8281,1,09:17:35.090284126
108.8281,1,09:17:35.090330037
108.8281,1,09:17:35.090363830
108.8281,1,09:17:35.090393812
108.8281,1,09:17:35.090422756
108.8281,1,09:17:35.090459208
108.8281,1,09:17:35.090501030
108.8281,1,09:17:35.090524972
108.8281,1,09:17:35.090552947
108.8281,1,09:17:35.090586628
108.8281,1,09:17:35.090620191
108.8281,1,09:17:35.090665442
108.8281,1,09:17:35.090694697
108.8281,1,09:17:35.090718290
108.8281,1,09:17:35.090756148
108.8281,1,09:17:35.090781535
108.8281,1,09:17:35.090810668
108.8281,1,09:17:35.090839325
108.8281,1,09:17:35.090873469
108.8281,1,09:17:35.090903605
108.8281,1,09:17:35.090939759
108.8281,2,09:17:35.090982809
108.8281,2,09:17:35.091007882
108.8281,1,09:17:35.091037210
108.8281,5,09:17:35.091172448
108.8281,1,09:17:35.093043177
108.8281,33,09:17:35.093296536
108.8281,1,09:17:35.093384016
108.8281,14,09:17:35.093429335
108.8281,46,09:17:35.093855654
108.8281,1,09:17:35.095751984
108.8281,1,09:17:35.096297886
108.8281,1,09:17:35.096425594
108.8281,11,09:17:35.097125625
108.8281,48,09:17:35.097668928
108.8281,48,09:17:35.097799993
108.8281,1,09:17:35.097841233
108.8281,8,09:17:35.097898254
108.8281,2,09:17:35.097990756
108.8281,72,09:17:35.098484535
108.8281,1,09:17:35.099312741
108.8281,1,09:17:35.099573712
108.8281,1,09:17:35.099645387
108.8281,42,09:17:35.099692889
108.8281,38,09:17:35.099755040
108.8281,1,09:17:35.100202375
108.8281,2,09:17:35.100545745
108.8281,6,09:17:35.101362600
108.8281,1,09:17:35.101953828
108.8281,1,09:17:35.102247040
108.8281,1,09:17:35.102290500
108.8281,1,09:17:35.102334296
108.8281,1,09:17:35.102594017
108.8281,1,09:17:35.102856320
108.8281,1,09:17:35.103111844
108.8281,27,09:17:35.265515728
108.8125,1,09:17:39.848860611
108.8281,270,09:17:42.388911480
108.8281,53,09:17:42.389404390
108.8281,2,09:17:42.391948211
108.8281,1,09:17:42.694558061
108.8281,2,09:17:45.248669745
108.8281,2,09:17:45.248783936
108.8281,1,09:17:45.249397865
108.8281,45,09:17:45.249871865
108.8281,5,09:17:45.249900202
108.8281,1,09:17:45.251202574
108.8281,3,09:17:45.347235355
108.8281,1,09:17:45.347510615
108.8281,10,09:17:45.617264373
108.8281,1,09:17:45.855248450
108.8281,2,09:17:45.855738409
108.8281,7,09:17:45.855871215
108.8281,1,09:17:45.856462507
108.8281,125,09:17:46.266165546
108.8281,5,09:17:46.269313095
108.8281,1,09:17:46.271311359
108.8281,48,09:17:56.604664276
108.8281,1,09:17:56.604939472
108.8281,1,09:17:56.605029691
108.8281,1,09:17:56.605075186
108.8281,114,09:17:56.605621796
108.8281,4,09:17:56.605902461
108.8281,10,09:17:56.606028985
108.8281,1,09:17:56.606164863
108.8281,54,09:17:56.606164863
108.8281,2,09:17:56.607900863
108.8281,5,09:17:56.607964253
108.8281,50,09:17:56.608047828
108.8281,32,09:17:56.608181889
108.8281,25,09:17:56.608399820
108.8281,1,09:17:56.609681264
108.8281,1,09:17:56.609836729
108.8281,2,09:17:56.609912759
108.8281,1,09:17:56.609935432
108.8281,2,09:17:56.610031776
108.8281,1,09:17:56.610053562
108.8281,1,09:17:56.610074113
108.8281,1,09:17:56.610126280
108.8281,34,09:17:56.610322784
108.8281,1,09:17:56.611116808
108.8281,1,09:17:56.611169844
108.8281,1,09:17:59.807723653
108.8281,1,09:18:10.016376154
108.8281,2,09:18:12.690880260
108.8281,3,09:18:12.910017130
108.8281,47,09:18:13.143156632
108.8281,3,09:18:13.145222679
108.8281,1,09:18:13.145837121
108.8281,26,09:18:13.165939267
108.8281,13,09:18:13.166190056
108.8281,1,09:18:13.166236563
108.8281,79,09:18:13.166497096
108.8281,1,09:18:13.166565610
108.8281,9,09:18:13.166670682
108.8281,1,09:18:14.528172250
108.8438,8,09:18:16.141948942
108.8281,2,09:18:16.142016057
108.8281,1,09:18:16.142857460
108.8281,1,09:18:16.142985209
108.8281,29,09:18:16.143199188
108.8281,1,09:18:16.144588896
108.8281,1,09:18:16.145579831
108.8281,12,09:18:16.145654175
108.8281,1,09:18:16.146038445
108.8281,1,09:18:16.345133753
108.8281,31,09:18:16.345370001
108.8281,13,09:18:16.348877950
108.8281,1,09:18:16.349101561
108.8281,1,09:18:16.349283344
108.8281,65,09:18:16.358274910
108.8281,2,09:18:17.088066471
108.8281,46,09:18:31.424477714
108.8281,1,09:18:46.429509325
108.8438,100,09:19:10.799763783
108.8281,48,09:19:17.724948024
108.8281,1,09:19:18.769333092
108.8438,8,09:19:32.875558731
108.8281,1,09:19:45.852394084
108.8438,1,09:19:49.214961650
108.8438,80,09:19:54.021521814
108.8281,1,09:19:57.596932106
108.8281,1,09:19:59.382501360
108.8281,1,09:20:00.563001897
108.8438,1,09:20:02.077069303
108.8438,2,09:20:09.757519284
108.8438,50,09:20:17.291602113
108.8281,1,09:20:18.894706983
108.8438,1,09:20:22.712432282
108.8438,32,09:20:24.258403982
108.8438,55,09:20:24.258937094
108.8438,3,09:20:24.259013326
108.8438,33,09:20:24.260256592
108.8438,2,09:20:24.260361501
108.8438,1,09:20:24.260646706
108.8438,1,09:20:24.260685926
108.8438,14,09:20:24.260808946
108.8438,3,09:20:24.260868019
108.8438,3,09:20:24.260922964
108.8438,49,09:20:24.261225015
108.8438,152,09:20:24.261788246
108.8438,1,09:20:24.262657879
108.8438,2,09:20:24.262741897
108.8438,2,09:20:24.262802446
108.8438,2,09:20:24.262864984
108.8438,1,09:20:24.263700553
108.8438,1,09:20:24.263736797
108.8438,1,09:20:24.263774155
108.8438,6,09:20:24.263819935
108.8438,1,09:20:24.263886051
108.8438,7,09:20:24.263975071
108.8438,32,09:20:24.264056743
108.8438,37,09:20:24.264126850
108.8438,3,09:20:24.264232863
108.8438,3,09:20:24.264332658
108.8438,2,09:20:24.264771512
108.8438,141,09:20:24.265817683
108.8438,110,09:20:24.265971924
108.8438,2,09:20:24.266015090
108.8438,1,09:20:24.266051839
108.8438,48,09:20:24.266264611
108.8438,1,09:20:24.266613694
108.8438,3,09:20:24.266813531
108.8438,1,09:20:24.266867939
108.8438,1,09:20:24.266898954
108.8438,1,09:20:24.266948375
108.8438,39,09:20:24.267006067
108.8438,1,09:20:24.267058342
108.8438,1,09:20:24.267195546
108.8438,1,09:20:24.267242689
108.8438,1,09:20:24.267297231
108.8438,20,09:20:24.267579740
108.8438,7,09:20:24.267652883
108.8438,5,09:20:24.267791769
108.8438,16,09:20:24.267824198
108.8438,10,09:20:24.267892225
108.8438,7,09:20:24.267918677
108.8438,3,09:20:24.267947634
108.8438,2,09:20:24.267979897
108.8438,12,09:20:24.268021680
108.8438,1,09:20:24.268088341
108.8438,25,09:20:24.268339489
108.8438,1,09:20:24.268366132
108.8438,1,09:20:24.268415615
108.8438,2,09:20:24.268482147
108.8438,1,09:20:24.268917090
108.8438,1,09:20:24.269020634
108.8438,10,09:20:24.269217692
108.8438,1,09:20:24.269363835
108.8438,8,09:20:24.269363835
108.8438,76,09:20:24.269511480
108.8438,1,09:20:24.272070556
108.8594,1,09:20:44.145165716
108.8594,2,09:20:47.983292240
108.8438,50,09:20:56.458049820
108.8594,2,09:21:01.946688408
108.8438,2,09:21:05.753906681
108.8594,50,09:21:13.633302676
108.8594,50,09:21:15.576213010
108.8594,1,09:21:27.514945766
108.8594,1,09:21:29.429802427
108.8594,1,09:21:32.070394541
108.8594,1,09:21:35.559759810
108.8594,1,09:21:37.146523272
108.8594,1,09:21:39.879769123
108.8594,1,09:21:42.436655488
108.8594,1,09:21:53.455276143
108.8594,4,09:21:55.761182531
108.8594,5,09:21:58.616250555
108.8594,5,09:22:01.925778806
108.8438,3,09:22:04.550762237
108.8438,4,09:22:04.550867148
108.8438,2,09:22:04.550999922
108.8438,3,09:22:04.551049500
108.8438,2,09:22:04.551107700
108.8438,2,09:22:04.551227799
108.8438,3,09:22:04.552460940
108.8438,1,09:22:04.552735212
108.8438,11,09:22:04.552834820
108.8438,27,09:22:04.552927740
108.8438,4,09:22:04.553225099
108.8438,6,09:22:04.553289724
108.8438,2,09:22:04.553480884
108.8438,85,09:22:04.553753251
108.8438,25,09:22:04.554015061
108.8438,40,09:22:04.554201030
108.8438,1,09:22:04.554224697
108.8438,20,09:22:04.554267876
108.8438,2,09:22:04.554783589
108.8438,52,09:22:04.555097809
108.8438,5,09:22:04.555445513
108.8438,52,09:22:04.555647104
108.8438,1,09:22:04.555691866
108.8438,17,09:22:04.555850455
108.8438,2,09:22:04.555882891
108.8438,44,09:22:04.556000228
108.8438,7,09:22:04.556032414
108.8438,9,09:22:04.556070885
108.8438,149,09:22:04.556303639
108.8438,3,09:22:04.556421545
108.8438,6,09:22:04.556446924
108.8438,6,09:22:04.556532027
108.8438,32,09:22:04.556532027
108.8438,1,09:22:04.556558220
108.8438,2,09:22:04.556595949
108.8438,39,09:22:04.556757804
108.8438,3,09:22:04.556787991
108.8438,1,09:22:04.557092749
108.8438,14,09:22:04.557092749
108.8438,3,09:22:04.557223942
108.8438,2,09:22:04.557354425
108.8438,1,09:22:04.558174339
108.8438,117,09:22:04.558370046
108.8438,3,09:22:04.558396990
108.8438,6,09:22:04.558474060
108.8438,1,09:22:04.558729185
108.8438,1,09:22:04.558812346
108.8438,20,09:22:04.558851843
108.8438,1,09:22:04.558962854
108.8438,1,09:22:04.559005696
108.8438,10,09:22:04.559066065
108.8438,1,09:22:04.559311037
108.8438,1,09:22:04.559362097
108.8438,2,09:22:04.559626403
108.8438,2,09:22:04.559690542
108.8438,1,09:22:04.559690542
108.8438,1,09:22:04.559753145
108.8438,1,09:22:04.559804810
108.8438,1,09:22:04.559815547
108.8438,2,09:22:04.559871778
108.8438,1,09:22:04.559924697
108.8438,43,09:22:04.559981249
108.8438,1,09:22:04.560055420
108.8438,8,09:22:04.560124528
108.8438,1,09:22:04.560144616
108.8438,326,09:22:04.560269647
108.8438,2,09:22:04.560506735
108.8438,1,09:22:04.561410470
108.8438,1,09:22:04.561528567
108.8438,92,09:22:04.561686516
108.8438,1,09:22:04.561911842
108.8438,2,09:22:04.562011095
108.8438,1,09:22:04.562059682
108.8438,8,09:22:04.562096777
108.8438,50,09:22:04.562121509
108.8438,1,09:22:04.562138208
108.8438,1,09:22:04.562266822
108.8438,1,09:22:04.563489890
108.8438,3,09:22:04.563550108
108.8438,1,09:22:04.563576647
108.8438,1,09:22:04.563599821
108.8438,5,09:22:04.564053197
108.8438,17,09:22:04.564159570
108.8438,55,09:22:04.564268139
108.8438,1,09:22:04.564394209
108.8438,3,09:22:04.564456923
108.8438,32,09:22:04.564541014
108.8438,44,09:22:04.564737073
108.8438,1,09:22:04.564832563
108.8438,42,09:22:04.564879341
108.8438,2,09:22:04.565144448
108.8438,1,09:22:04.565210097
108.8438,3,09:22:04.565479216
108.8438,2,09:22:04.565514308
108.8438,2,09:22:04.565606252
108.8438,3,09:22:04.565730780
108.8438,1,09:22:04.566089862
108.8438,3,09:22:04.566564080
108.8438,1,09:22:04.566607297
108.8438,41,09:22:04.567998125
108.8438,1,09:22:04.568043703
108.8438,1,09:22:04.568096786
108.8438,1,09:22:04.568292796
108.8438,1,09:22:04.568362237
108.8438,1,09:22:04.568509005
108.8438,1,09:22:04.568531038
108.8438,3,09:22:04.568692535
108.8438,1,09:22:04.568790582
108.8438,2,09:22:04.568810954
108.8438,1,09:22:04.568834625
108.8438,1,09:22:04.568858778
108.8438,6,09:22:04.569299869
108.8438,2,09:22:04.569407094
108.8438,7,09:22:04.570094087
108.8438,1,09:22:04.570120446
108.8438,3,09:22:04.570633259
108.8438,3,09:22:04.570658619
108.8438,1,09:22:04.571697511
108.8438,2,09:22:04.571737483
108.8438,49,09:22:04.571760302
108.8438,1,09:22:04.572019454
108.8438,1,09:22:04.575209086
108.8438,1,09:22:04.575475892
108.8438,1,09:22:04.581594703
108.8438,8,09:22:04.683241355
108.8281,6,09:22:05.829206825
108.8438,1,09:22:08.179178646
108.8438,1,09:22:09.707843329
108.8438,25,09:22:11.158267415
108.8438,16,09:22:11.468678783
108.8438,6,09:22:11.469573582
108.8438,5,09:22:11.470240251
108.8438,90,09:22:11.470567122
108.8438,34,09:22:11.471028872
108.8438,11,09:22:11.473947062
108.8438,110,09:22:11.475207299
108.8438,1,09:22:11.475594731
108.8438,1,09:22:11.475659420
108.8438,9,09:22:11.475679555
108.8438,1,09:22:11.476291366
108.8438,1,09:22:11.476433756
108.8438,1,09:22:11.476473389
108.8438,1,09:22:11.476499088
108.8438,1,09:22:11.476551704
108.8438,28,09:22:11.476578907
108.8438,25,09:22:11.478227302
108.8438,1,09:22:11.478297108
108.8438,1,09:22:11.480416447
108.8438,2,09:22:11.481248365
108.8438,1,09:22:11.609479939
108.8438,1,09:22:11.609759148
108.8438,3,09:22:11.609884949
108.8438,12,09:22:11.610086937
108.8438,2,09:22:11.611325224
108.8438,1,09:22:11.611674051
108.8438,15,09:22:11.611938792
108.8438,1,09:22:11.611974937
108.8438,1,09:22:11.612333213
108.8438,1,09:22:11.621911236
108.8438,4,09:22:11.622104700
108.8438,1,09:22:11.622151062
108.8438,1,09:22:11.622294604
108.8438,1,09:22:11.628951001
108.8438,4,09:22:11.796450019
108.8438,42,09:22:11.796830960
108.8438,1,09:22:11.817122941
108.8438,100,09:22:11.943059674
108.8438,48,09:22:15.390174061
108.8438,24,09:22:15.390579823
108.8438,1,09:22:15.390652036
108.8438,1,09:22:15.390701916
108.8438,2,09:22:15.390774166
108.8438,1,09:22:15.390851851
108.8438,6,09:22:15.390928688
108.8438,1,09:22:15.390969332
108.8438,3,09:22:15.395935476
108.8438,8,09:22:15.396234091
108.8438,1,09:22:15.396264773
108.8438,1,09:22:15.396427996
108.8438,2,09:22:15.396458800
108.8438,1,09:22:15.396492276
108.8438,1,09:22:15.396529642
108.8438,11,09:22:15.396632985
108.8438,1,09:22:15.411819759
108.8438,10,09:22:18.038376927
108.8438,1,09:22:20.452814768
108.8438,38,09:22:23.278808401
108.8438,4,09:22:23.278857647
108.8438,1,09:22:23.279019709
108.8438,1,09:22:23.279292511
108.8438,3,09:22:23.279832487
108.8438,22,09:22:23.282050263
108.8438,144,09:22:23.283545509
108.8438,1,09:22:23.284934145
108.8438,14,09:22:23.284963688
108.8438,11,09:22:23.284983976
108.8438,1,09:22:23.285012895
108.8438,4,09:22:23.285031852
108.8438,2,09:22:23.285057475
108.8438,3,09:22:23.285144910
108.8438,1,09:22:23.285171538
108.8438,1,09:22:23.285195990
108.8438,1,09:22:23.285220480
108.8438,1,09:22:23.285242909
108.8438,1,09:22:23.285261307
108.8438,2,09:22:23.285282744
108.8438,34,09:22:23.285312732
108.8438,1,09:22:23.286417992
108.8438,3,09:22:23.308232665
108.8438,1,09:22:23.308433377
108.8438,96,09:22:24.085478985
108.8438,55,09:22:24.085535290
108.8438,1,09:22:24.085717809
108.8438,42,09:22:24.085998102
108.8438,45,09:22:24.091068911
108.8438,2,09:22:24.107427366
108.8438,1,09:22:24.107622460
108.8438,5,09:22:26.012596401
108.8438,1,09:22:32.270939640
108.8438,3,09:22:32.733219187
108.8438,2,09:22:32.733241433
108.8438,1,09:22:32.734413835
108.8438,15,09:22:32.734470332
108.8438,6,09:22:32.734491827
108.8438,2,09:22:32.734530055
108.8438,1,09:22:32.734751653
108.8438,11,09:22:32.734778238
108.8438,3,09:22:32.734822150
108.8438,3,09:22:32.734840563
108.8438,1,09:22:32.735083083
108.8438,1,09:22:32.735151363
108.8438,80,09:22:32.735218456
108.8438,52,09:22:32.739887248
108.8438,1,09:22:32.740544006
108.8438,1,09:22:32.740568621
108.8438,8,09:22:32.740661599
108.8438,1,09:22:32.740705664
108.8438,1,09:22:32.741001129
108.8438,1,09:22:32.741042474
108.8438,1,09:22:32.741657398
108.8438,1,09:22:32.743041929
108.8438,10,09:22:32.743396563
108.8438,5,09:22:32.743580474
108.8438,1,09:22:32.743847449
108.8438,3,09:22:32.745137225
108.8438,26,09:22:32.746946769
108.8438,10,09:22:32.763825129
108.8438,3,09:22:32.764053134
108.8438,1,09:22:33.647173025
108.8438,1,09:22:35.239957871
108.8438,1,09:22:35.240185427
108.8438,180,09:22:35.240596458
108.8438,1,09:22:35.240701457
108.8438,1,09:22:35.240801494
108.8438,1,09:22:35.240841850
108.8438,1,09:22:35.240880609
108.8438,2,09:22:35.242481630
108.8438,106,09:22:35.246629689
108.8438,1,09:22:35.247701256
108.8438,1,09:22:35.247844714
108.8438,1,09:22:35.248025786
108.8438,1,09:22:35.248513957
108.8438,1,09:22:35.249138414
108.8438,1,09:22:35.249237536
108.8438,1,09:22:35.249829935
108.8438,1,09:22:35.249884836
108.8438,1,09:22:35.250050595
108.8438,1,09:22:35.250401966
108.8438,157,09:22:35.255998472
108.8281,18,09:22:37.323837114
108.8438,48,09:22:39.707289875
108.8438,1,09:22:39.707507373
108.8438,1,09:22:39.707555086
108.8438,1,09:22:39.707587304
108.8438,1,09:22:39.707623967
108.8438,1,09:22:39.707640438
108.8438,1,09:22:39.707708702
108.8438,1,09:22:39.707736521
108.8438,1,09:22:39.707763731
108.8438,1,09:22:39.707827997
108.8438,1,09:22:39.707852055
108.8438,1,09:22:39.707884469
108.8438,1,09:22:39.707927327
108.8438,1,09:22:39.707964950
108.8438,1,09:22:39.707996125
108.8438,1,09:22:39.708033739
108.8438,1,09:22:39.708099701
108.8438,1,09:22:39.708178211
108.8438,1,09:22:39.708233706
108.8438,2,09:22:39.709149966
108.8438,55,09:22:39.709981932
108.8438,2,09:22:39.710098328
108.8438,2,09:22:39.710849729
108.8438,1,09:22:39.711074901
108.8438,37,09:22:39.711110255
108.8438,8,09:22:39.711362395
108.8438,1,09:22:39.711753762
108.8438,2,09:22:39.711852491
108.8438,1,09:22:39.711983137
108.8438,37,09:22:47.382991763
108.8438,3,09:22:47.505872466
108.8438,40,09:22:47.506198246
108.8438,3,09:22:47.507591717
108.8438,6,09:22:56.251789695
108.8438,1,09:22:56.251984528
108.8438,1,09:22:56.252055550
108.8438,1,09:22:56.252171482
108.8438,3,09:22:56.252220235
108.8438,1,09:22:56.252257672
108.8438,1,09:22:56.252304089
108.8438,1,09:22:56.252414808
108.8438,1,09:22:56.252449308
108.8438,1,09:22:56.252646012
108.8438,29,09:22:57.158187242
108.8438,1,09:22:57.158285347
108.8438,1,09:22:57.158337019
108.8438,1,09:22:57.158396313
108.8438,1,09:22:57.158454973
108.8438,1,09:22:57.158538751
108.8438,1,09:22:57.158580706
108.8438,1,09:22:57.158646084
108.8438,1,09:22:57.158707720
108.8438,1,09:22:57.158758400
108.8438,1,09:22:57.158815437
108.8438,1,09:22:57.158849809
108.8438,1,09:22:57.158881151
108.8438,1,09:22:57.158921583
108.8438,1,09:22:57.158950839
108.8438,1,09:22:57.158990963
108.8438,1,09:22:57.159018292
108.8438,1,09:22:57.159049048
108.8438,1,09:22:57.159078843
108.8438,1,09:22:57.159144923
108.8438,1,09:22:57.159178353
108.8438,1,09:22:57.159213046
108.8438,1,09:22:57.159248588
108.8438,1,09:22:57.159397888
108.8438,13,09:22:57.551930899
108.8438,1,09:22:57.552128967
108.8438,1,09:22:57.552226236
108.8438,13,09:22:57.568636432
108.8438,1,09:22:57.568791587
108.8438,1,09:22:57.568904510
108.8438,10,09:22:57.569024212
108.8438,1,09:22:57.569166056
108.8438,1,09:22:57.569268406
108.8438,3,09:22:57.569355260
108.8438,5,09:22:57.569562713
108.8438,1,09:22:57.570241556
108.8438,1,09:22:57.570450168
108.8438,12,09:22:57.571106024
108.8438,1,09:22:57.571562978
108.8438,8,09:22:57.571588021
108.8438,1,09:22:57.571611753
108.8438,9,09:22:57.571664330
108.8438,1,09:22:57.571690570
108.8438,1,09:22:57.571795456
108.8438,6,09:22:57.572757651
108.8438,13,09:22:57.590472524
108.8438,1,09:22:57.590708279
108.8438,13,09:22:57.607066237
108.8438,1,09:22:57.607281448
108.8438,1,09:22:57.607366346
108.8438,13,09:22:57.626785233
108.8438,1,09:22:57.626974436
108.8438,1,09:22:57.627017430
108.8438,13,09:22:57.643392742
108.8438,1,09:22:57.643566042
108.8438,1,09:22:57.643606286
108.8438,1,09:22:57.643680924
108.8438,13,09:22:58.118496784
108.8438,1,09:22:58.118736616
108.8438,36,09:23:00.454321072
108.8438,1,09:23:03.272757019
108.8438,1,09:23:06.106230609
108.8438,13,09:23:06.181999709
108.8438,1,09:23:06.182270675
108.8438,1,09:23:06.182320478
108.8438,2,09:23:06.182415999
108.8438,1,09:23:06.182483972
108.8438,5,09:23:06.761083926
108.8438,175,09:23:08.690254515
108.8438,68,09:23:09.911374256
108.8438,9,09:23:09.911427662
108.8438,1,09:23:09.911482895
108.8438,3,09:23:09.911557396
108.8438,1,09:23:09.911602699
108.8438,11,09:23:09.911688518
108.8438,1,09:23:09.911751579
108.8438,1,09:23:09.911801401
108.8438,8,09:23:09.911998637
108.8438,1,09:23:09.912046106
108.8438,1,09:23:09.912124732
108.8438,1,09:23:09.912272809
108.8438,1,09:23:09.912294137
108.8438,32,09:23:12.200774726
108.8438,48,09:23:12.200875961
108.8438,53,09:23:12.201090368
108.8438,48,09:23:12.203697797
108.8438,1,09:23:12.205467384
108.8438,1,09:23:12.205777740
108.8438,6,09:23:12.206005693
108.8438,1,09:23:12.206045166
108.8438,1,09:23:12.206062840
108.8438,2,09:23:12.206084821
108.8438,50,09:23:12.206236968
108.8438,1,09:23:12.207336558
108.8438,27,09:23:12.273236422
108.8438,1,09:23:12.274523556
108.8438,1,09:23:12.275066789
108.8438,12,09:23:12.275584566
108.8438,1,09:23:12.276200991
108.8438,1,09:23:12.276330168
108.8438,1,09:23:12.285394290
108.8438,5,09:23:12.285650363
108.8438,1,09:23:12.285696068
108.8438,56,09:23:12.285931024
108.8438,1,09:23:12.697734116
108.8438,8,09:23:12.697980127
108.8438,1,09:23:12.698019497
108.8438,9,09:23:12.698217550
108.8438,1,09:23:12.698262789
108.8438,1,09:23:12.698360038
108.8438,2,09:23:12.699120349
108.8438,1,09:23:18.897418519
108.8438,20,09:23:39.862392454
108.8438,1,09:23:39.862853119
108.8438,14,09:23:39.862898250
108.8438,4,09:23:39.862933581
108.8438,2,09:23:39.862959643
108.8438,1,09:23:39.863041475
108.8438,1,09:23:39.863096417
108.8438,1,09:23:39.863133567
108.8438,1,09:23:39.863195996
108.8438,1,09:23:39.863265614
108.8438,2,09:23:39.863265614
108.8438,1,09:23:39.863292123
108.8438,1,09:23:39.863351617
108.8438,1,09:23:39.863391136
108.8438,1,09:23:39.863454712
108.8438,1,09:23:39.863527724
108.8438,1,09:23:39.863589374
108.8438,1,09:23:39.863654764
108.8438,1,09:23:39.863660694
108.8438,1,09:23:39.863717936
108.8438,2,09:23:39.863748635
108.8438,1,09:23:39.864272022
108.8438,1,09:23:39.864357399
108.8438,66,09:23:39.865275814
108.8438,1,09:23:39.865844693
108.8438,1,09:23:39.866011176
108.8438,7,09:23:39.866105761
108.8438,48,09:23:39.878989352
108.8438,48,09:23:39.879215561
108.8438,1,09:23:39.879316367
108.8438,15,09:23:39.879359851
108.8438,1,09:23:39.879359851
108.8438,2,09:23:39.879461271
108.8438,31,09:23:39.879627934
108.8438,10,09:23:42.954412707
108.8438,1,09:23:42.954641406
108.8438,1,09:23:42.954694662
108.8438,1,09:23:42.954740889
108.8438,8,09:23:44.114977309
108.8438,1,09:23:44.115138403
108.8438,9,09:23:44.115294025
108.8438,1,09:23:44.115333927
108.8438,1,09:23:44.116856082
108.8438,15,09:23:44.221327668
108.8438,1,09:23:44.221378306
108.8438,17,09:23:44.221446775
108.8438,1,09:23:44.222023286
108.8438,5,09:23:44.222292987
108.8438,1,09:23:44.222468968
108.8438,1,09:23:44.222586891
108.8438,9,09:23:44.222624620
108.8438,2,09:23:44.222735720
108.8438,9,09:23:44.223533143
108.8438,3,09:23:44.224148001
108.8438,6,09:23:44.224659047
108.8438,1,09:23:44.225079076
108.8438,2,09:23:44.225099038
108.8438,1,09:23:44.236502090
108.8438,1,09:23:44.512137992
108.8438,7,09:23:44.512628527
108.8438,1,09:23:44.513194026
108.8438,9,09:23:44.513367889
108.8438,19,09:23:44.519974249
108.8438,1,09:23:47.697141257
108.8594,5,09:23:54.669080791
108.8438,55,09:23:55.752859401
108.8438,58,09:23:55.753197721
108.8438,1,09:23:55.753358925
108.8438,5,09:23:55.753411553
108.8438,1,09:23:55.753459537
108.8438,1,09:23:55.753473717
108.8438,1,09:23:55.753530569
108.8438,1,09:23:55.753542796
108.8438,4,09:23:55.753585011
108.8438,1,09:23:55.753642273
108.8438,1,09:23:55.753647265
108.8438,1,09:23:55.753685564
108.8438,1,09:23:55.753741313
108.8438,224,09:23:55.753741313
108.8438,136,09:23:55.753760952
108.8438,1,09:23:55.753849411
108.8438,1,09:23:55.753882435
108.8438,1,09:23:55.753923115
108.8438,19,09:23:55.753964870
108.8438,14,09:23:55.754302093
108.8438,55,09:23:55.754374859
108.8438,1,09:23:55.754416248
108.8438,10,09:23:55.754455200
108.8438,55,09:23:55.754543509
108.8438,1,09:23:55.754619375
108.8438,5,09:23:55.754685475
108.8438,1,09:23:55.754708442
108.8438,2,09:23:55.754727167
108.8438,2,09:23:55.754763433
108.8438,1,09:23:55.754827658
108.8438,1,09:23:55.754911714
108.8438,47,09:23:55.754949926
108.8438,3,09:23:55.755124691
108.8438,20,09:23:55.755166648
108.8438,6,09:23:55.755301312
108.8438,18,09:23:55.755459329
108.8438,4,09:23:55.755533362
108.8438,2,09:23:55.756091223
108.8438,13,09:23:55.774055351
108.8438,1,09:23:55.774185559
108.8438,1,09:23:55.774270879
108.8438,30,09:23:55.774401563
108.8438,1,09:23:55.774440076
108.8438,4,09:23:55.774516503
108.8438,1,09:23:55.774558904
108.8438,1,09:23:55.774591208
108.8438,1,09:23:55.774626361
108.8438,1,09:23:55.774654868
108.8438,1,09:23:55.774688157
108.8438,1,09:23:55.774730312
108.8438,1,09:23:55.774789579
108.8438,1,09:23:55.774818723
108.8438,1,09:23:55.774849164
108.8438,1,09:23:55.774884640
108.8438,1,09:23:55.774952601
108.8438,1,09:23:55.774978153
108.8438,1,09:23:55.775006695
108.8438,1,09:23:55.775049073
108.8438,1,09:23:55.775077452
108.8438,1,09:23:55.775111209
108.8438,1,09:23:55.775166593
108.8438,1,09:23:55.775196875
108.8438,6,09:23:55.775242601
108.8438,1,09:23:55.775334267
108.8438,12,09:23:55.775405301
108.8438,1,09:23:55.775465136
108.8438,1,09:23:55.775513723
108.8438,4,09:23:55.775576531
108.8438,1,09:23:55.775798897
108.8438,39,09:23:55.826314132
108.8438,1,09:23:55.826533462
108.8438,1,09:23:55.826585859
108.8438,1,09:23:55.826795256
108.8438,39,09:23:55.875068436
108.8438,1,09:23:55.875293135
108.8438,1,09:23:55.875382448
108.8438,1,09:23:55.875402404
108.8438,1,09:23:55.875435119
108.8438,1,09:23:55.875468179
108.8438,2,09:23:55.875511252
108.8438,2,09:23:55.876137671
108.8438,1,09:23:55.877725165
108.8438,1,09:23:55.878238948
108.8438,25,09:23:55.879656753
108.8438,1,09:23:55.879782870
108.8438,1,09:23:55.879861803
108.8438,1,09:23:55.879914530
108.8438,5,09:23:55.880094029
108.8438,1,09:23:55.880276916
108.8438,1,09:23:55.880551830
108.8438,5,09:23:55.880843279
108.8438,2,09:23:55.881196605
108.8438,1,09:23:55.881238637
108.8438,5,09:23:55.881871293
108.8438,7,09:23:55.889523252
108.8438,26,09:23:55.923760611
108.8438,1,09:23:55.923984763
108.8438,1,09:23:55.924067282
108.8438,3,09:23:55.935212950
108.8438,1,09:23:55.935369008
108.8438,1,09:23:55.935448495
108.8438,5,09:23:55.935542967
108.8438,39,09:23:55.972444053
108.8438,1,09:23:55.972604468
108.8438,2,09:23:55.972652454
108.8438,1,09:23:55.972722177
108.8438,1,09:23:55.972743163
108.8438,1,09:23:55.972767982
108.8438,1,09:23:55.972844006
108.8438,1,09:23:55.972871539
108.8438,2,09:23:55.973394572
108.8438,48,09:23:55.976303212
108.8438,13,09:23:56.021421808
108.8438,1,09:23:56.021629242
108.8438,1,09:23:56.021708652
108.8438,13,09:23:56.106738202
108.8438,77,09:23:56.107039236
108.8438,1,09:23:56.107094856
108.8438,1,09:23:56.107177568
108.8438,1,09:23:56.107239082
108.8438,1,09:23:56.107364983
108.8438,2,09:23:56.107404743
108.8438,1,09:23:56.107446014
108.8438,7,09:23:56.107501728
108.8438,1,09:23:56.107649506
108.8438,1,09:23:56.107964576
108.8438,13,09:23:56.155627428
108.8438,1,09:23:56.155832228
108.8438,1,09:23:56.155879890
108.8438,1,09:23:56.155981336
108.8438,1,09:23:56.156037320
108.8438,13,09:23:56.204478873
108.8438,1,09:23:56.204682320
108.8438,1,09:23:56.204735409
108.8438,1,09:23:56.204799721
108.8438,1,09:23:56.204845248
108.8438,13,09:23:56.253159475
108.8438,1,09:23:56.253295229
108.8438,1,09:23:56.253383480
108.8438,1,09:23:56.253426579
108.8438,1,09:23:56.253534834
108.8438,1,09:23:56.254554631
108.8438,1,09:23:56.254889617
108.8438,20,09:23:56.301987692
108.8438,1,09:23:56.302329040
108.8438,400,09:24:00.239990757
108.8438,1,09:24:00.240617877
108.8438,1,09:24:00.240903054
108.8438,1,09:24:00.240968236
108.8438,1,09:24:00.241819824
108.8438,1,09:24:00.864108330
108.8438,2,09:24:12.786837971
108.8438,4,09:24:13.277409211
108.8281,21,09:24:14.407925726
108.8281,1,09:24:28.711430462
108.8438,5,09:24:31.896568826
108.8438,1,09:24:36.072304619
108.8281,36,09:24:42.327784154
108.8438,5,09:24:50.516395754
108.8281,2,09:24:55.943249531
108.8438,48,09:25:07.677154566
108.8438,110,09:25:07.678935069
108.8438,149,09:25:07.679059628
108.8438,8,09:25:07.679112445
108.8438,96,09:25:07.679365574
108.8438,1,09:25:07.680647520
108.8438,3,09:25:07.681095206
108.8438,3,09:25:07.681172811
108.8438,13,09:25:07.681319549
108.8438,14,09:25:07.681618672
108.8438,2,09:25:07.681695192
108.8438,1,09:25:07.681745884
108.8438,6,09:25:07.681973755
108.8438,13,09:25:07.682096409
108.8438,1,09:25:07.682238438
108.8438,1,09:25:07.682326415
108.8438,2,09:25:07.682349084
108.8438,1,09:25:07.682376921
108.8438,1,09:25:07.682394688
108.8438,1,09:25:07.682414381
108.8438,1,09:25:07.682437940
108.8438,1,09:25:07.682459205
108.8438,5,09:25:07.682482171
108.8438,12,09:25:07.682508947
108.8438,4,09:25:07.682534620
108.8438,1,09:25:07.682560560
108.8438,6,09:25:07.682582049
108.8438,1,09:25:07.682621518
108.8438,2,09:25:07.682691097
108.8438,6,09:25:07.682731552
108.8438,10,09:25:07.682894263
108.8438,1,09:25:07.682917889
108.8438,1,09:25:07.682980961
108.8438,1,09:25:07.683003912
108.8438,1,09:25:07.683027209
108.8438,1,09:25:07.683047748
108.8438,1,09:25:07.683076544
108.8438,1,09:25:07.683093665
108.8438,1,09:25:07.683114216
108.8438,1,09:25:07.683136808
108.8438,1,09:25:07.683164960
108.8438,1,09:25:07.683184457
108.8438,1,09:25:07.683206100
108.8438,1,09:25:07.683228487
108.8438,1,09:25:07.683253416
108.8438,1,09:25:07.683273349
108.8438,1,09:25:07.683292277
108.8438,1,09:25:07.683313443
108.8438,1,09:25:07.683366404
108.8438,1,09:25:07.683385898
108.8438,8,09:25:07.683422974
108.8438,96,09:25:07.683674617
108.8438,110,09:25:07.683759368
108.8438,2,09:25:07.683797129
108.8438,2,09:25:07.684277395
108.8438,2,09:25:07.684311620
108.8438,1,09:25:07.684798260
108.8438,1,09:25:07.684906313
108.8438,2,09:25:07.684922278
108.8438,6,09:25:07.684933449
108.8438,1,09:25:07.684944218
108.8438,1,09:25:07.686160133
108.8438,1,09:25:07.686190633
108.8438,3,09:25:07.686232617
108.8438,1,09:25:07.686302615
108.8438,33,09:25:07.688101452
108.8438,52,09:25:07.688158689
108.8438,20,09:25:07.688336017
108.8438,6,09:25:07.688546319
108.8438,1,09:25:07.688887138
108.8438,13,09:25:07.689003714
108.8438,23,09:25:07.689116110
108.8438,1,09:25:07.689255137
108.8438,1,09:25:07.689300565
108.8438,1,09:25:07.693167884
108.8438,1,09:25:07.693526305
108.8438,26,09:25:07.693594177
108.8438,1,09:25:07.693624723
108.8438,1,09:25:07.693992460
108.8438,1,09:25:07.694369426
108.8438,1,09:25:07.694497707
108.8438,1,09:25:07.696952630
108.8438,151,09:25:07.698090240
108.8438,1,09:25:07.702814988
108.8594,5,09:25:09.146240489
108.8438,16,09:25:16.628334572
108.8438,1,09:25:16.650044394
108.8438,9,09:25:16.650631194
108.8438,27,09:25:16.672873087
108.8438,2,09:25:21.389787607
108.8438,4,09:25:21.390322055
108.8438,1,09:25:21.390420855
108.8438,5,09:25:21.390542534
108.8438,1,09:25:21.390575604
108.8438,1,09:25:21.390599514
108.8438,1,09:25:21.391174163
108.8438,17,09:25:21.391421272
108.8438,55,09:25:21.391674087
108.8438,1,09:25:21.392094712
108.8438,9,09:25:21.392216757
108.8438,1,09:25:21.392485300
108.8438,1,09:25:21.393301864
108.8438,55,09:25:21.393543657
108.8438,1,09:25:21.393923754
108.8438,1,09:25:21.394022409
108.8438,6,09:25:21.394617106
108.8438,2,09:25:21.394889998
108.8438,1,09:25:21.394944329
108.8438,1,09:25:21.394971760
108.8438,19,09:25:21.395170758
108.8438,1,09:25:21.395236383
108.8438,28,09:25:21.395410357
108.8438,1,09:25:21.395410357
108.8438,3,09:25:21.396275779
108.8438,1,09:25:21.396803640
108.8438,2,09:25:21.397208365
108.8438,48,09:25:21.397264513
108.8438,20,09:25:21.397306552
108.8438,33,09:25:21.397950508
108.8438,1,09:25:21.398054359
108.8438,1,09:25:21.398184720
108.8438,6,09:25:21.398212602
108.8438,1,09:25:21.398244680
108.8438,1,09:25:21.398454659
108.8438,1,09:25:21.398642563
108.8438,2,09:25:21.398810343
108.8438,143,09:25:21.398874848
108.8438,1,09:25:21.399103887
108.8438,1,09:25:21.399914688
108.8438,1,09:25:21.401850462
108.8438,1,09:25:21.401890165
108.8438,1,09:25:21.477516004
108.8438,1,09:25:21.477965268
108.8438,1,09:25:21.478483732
108.8438,768,09:25:27.909546799
108.8438,5,09:25:37.039144269
108.8438,25,09:26:05.658143848
108.8438,100,09:26:16.247392371
108.8438,6,09:26:16.548603316
108.8438,5,09:26:30.680985738
108.8281,1000,09:26:37.069480298
108.8281,1,09:26:39.043415202
108.8281,1,09:26:39.043645604
108.8281,2,09:26:39.229131690
108.8281,3,09:26:39.229392981
108.8281,2,09:26:39.229473280
108.8281,440,09:26:39.230597252
108.8281,1,09:26:39.231733051
108.8281,18,09:26:39.231798159
108.8281,120,09:26:39.236050220
108.8281,2,09:26:39.236551081
108.8281,1,09:26:39.237831907
108.8281,5,09:26:39.238300479
108.8281,4,09:26:39.239637079
108.8281,3,09:26:39.239753925
108.8281,1,09:26:39.242019972
108.8125,9,09:26:39.260952337
108.8281,25,09:26:39.303194064
108.8281,13,09:26:39.374891098
108.8281,1,09:26:44.451710034
108.8281,4,09:26:44.452331327
108.8281,1,09:26:44.452547043
108.8281,319,09:26:44.766639576
108.8281,48,09:26:45.338183218
108.8281,4,09:26:45.339868941
108.8281,1,09:26:45.340088242
108.8281,1,09:26:45.340588479
108.8281,60,09:26:45.340730498
108.8281,2,09:26:45.342437793
108.8281,1,09:26:45.343206324
108.8281,1,09:26:45.344568265
108.8281,209,09:26:45.344715525
108.8281,1,09:26:45.344954775
108.8281,1,09:26:45.345737233
108.8281,52,09:26:45.345765473
108.8281,153,09:26:45.345823836
108.8281,1,09:26:45.346890327
108.8281,1,09:26:45.346933906
108.8281,1,09:26:45.346956607
108.8281,6,09:26:45.347016919
108.8281,2,09:26:45.347147930
108.8281,1,09:26:45.347532421
108.8281,10,09:26:45.347696430
108.8281,1,09:26:45.347787900
108.8281,10,09:26:45.349516771
108.8281,1,09:26:45.349931861
108.8281,1,09:26:45.349976425
108.8281,1,09:26:45.350218868
108.8281,1,09:26:45.350801459
108.8281,79,09:26:45.351021633
108.8281,6,09:26:45.351097753
108.8281,3,09:26:45.351663586
108.8281,2,09:26:45.351830424
108.8281,1,09:26:45.352239671
108.8281,1,09:26:45.352405002
108.8281,1,09:26:45.352437828
108.8281,1,09:26:45.352475233
108.8281,2,09:26:45.352617803
108.8281,1,09:26:45.352761723
108.8281,1,09:26:45.353171613
108.8281,34,09:26:45.393054475
108.8281,1,09:26:45.393181770
108.8281,1,09:26:45.393257279
108.8281,1,09:26:45.393338708
108.8281,7,09:26:45.393469229
108.8281,3,09:26:45.393677517
108.8281,10,09:26:45.393826420
108.8281,1,09:26:45.394355033
108.8281,7,09:26:45.394467147
108.8281,1,09:26:45.394617787
108.8281,1,09:26:45.394670018
108.8281,2,09:26:45.394747655
108.8281,1,09:26:45.394985202
108.8281,55,09:26:45.395356781
108.8281,6,09:26:45.395906216
108.8281,1,09:26:45.406506014
108.8281,1,09:26:45.406720556
108.8281,7,09:26:45.406853934
108.8281,11,09:26:45.410032446
108.8281,9,09:26:45.413642650
108.8281,1,09:26:45.413871311
108.8281,8,09:26:45.414021285
108.8281,37,09:26:45.419712987
108.8281,1,09:26:45.433641374
108.8281,5,09:26:49.660029328
108.8281,1,09:26:49.660283561
108.8281,131,09:26:49.660686721
108.8281,1,09:26:49.663269327
108.8281,3,09:26:49.663593406
108.8281,1,09:26:49.664248914
108.8281,1,09:26:49.664551522
108.8281,85,09:26:49.664811303
108.8281,2,09:26:49.665130699
108.8281,1,09:26:49.686215249
108.8281,1,09:26:49.693268604
108.8281,1,09:26:49.711820709
108.8281,2,09:26:55.112846254
108.8281,10,09:26:55.747433417
108.8281,25,09:27:12.372110242
108.8281,5,09:27:12.372240344
108.8281,21,09:27:12.372856484
108.8281,31,09:27:12.373090841
108.8281,19,09:27:12.373138705
108.8281,10,09:27:12.374123426
108.8281,1,09:27:12.375913004
108.8281,1,09:27:12.376022264
108.8281,282,09:27:12.379061497
108.8281,48,09:27:12.379173633
108.8281,13,09:27:12.379236467
108.8281,1,09:27:12.379401577
108.8281,1,09:27:12.379455981
108.8281,1,09:27:12.379511109
108.8281,40,09:27:12.379548492
108.8281,1,09:27:12.379798731
108.8281,1,09:27:12.380255802
108.8281,2,09:27:12.380293512
108.8281,1,09:27:12.380321077
108.8281,1,09:27:12.380425873
108.8281,1,09:27:12.380655500
108.8281,1,09:27:12.382333300
108.8281,1,09:27:12.382721836
108.8281,9,09:27:12.734562742
108.8281,1,09:27:12.734772858
108.8281,1,09:27:12.734834878
108.8281,1,09:27:12.734911385
108.8281,63,09:27:12.736146415
108.8281,121,09:27:12.741208722
108.8281,9,09:27:12.744601015
108.8281,9,09:27:12.747493742
108.8281,5,09:27:13.663418787
108.8281,1,09:27:13.663647898
108.8281,73,09:27:14.317262959
108.8281,5,09:27:16.559678581
108.8281,1,09:27:16.676955443
108.8281,2,09:27:16.677010689
108.8281,104,09:27:16.677326244
108.8281,86,09:27:16.677781248
108.8281,1,09:27:16.678031573
108.8281,7,09:27:16.678153947
108.8281,13,09:27:16.678348373
108.8281,1,09:27:16.680600476
108.8281,5,09:27:20.019019271
108.8281,3,09:27:20.019311878
108.8281,1,09:27:20.019407548
108.8281,1,09:27:20.019503895
108.8281,24,09:27:20.019881631
108.8281,3,09:27:20.020010199
108.8281,1,09:27:20.020053721
108.8281,1,09:27:20.020085155
108.8281,1,09:27:20.020141975
108.8281,1,09:27:20.020191807
108.8281,1,09:27:20.020230352
108.8281,1,09:27:20.020290829
108.8281,1,09:27:20.020341372
108.8281,1,09:27:20.020395366
108.8281,1,09:27:20.020441319
108.8281,1,09:27:20.020507001
108.8281,1,09:27:20.020547276
108.8281,1,09:27:20.020601620
108.8281,1,09:27:20.020671954
108.8281,1,09:27:20.020709805
108.8281,1,09:27:20.020758462
108.8281,1,09:27:20.020790180
108.8281,1,09:27:20.020835356
108.8281,1,09:27:20.020874236
108.8281,1,09:27:20.020924487
108.8281,1,09:27:20.021007725
108.8281,1,09:27:20.021044372
108.8281,1,09:27:20.021218580
108.8281,3,09:27:20.022416799
108.8281,10,09:27:20.027690234
108.8281,1,09:27:20.027898560
108.8281,9,09:27:20.032043445
108.8281,1,09:27:32.120660283
108.8281,10,09:27:32.188093677
108.8281,1,09:27:32.188307045
108.8281,3,09:27:36.671497602
108.8281,1,09:27:36.675716353
108.8281,1,09:27:37.517090262
108.8281,3,09:27:37.850160301
108.8281,7,09:27:38.435550503
108.8281,484,09:27:38.436069005
108.8281,10,09:27:38.439287138
108.8281,25,09:27:42.575875499
108.8281,20,09:27:45.907598273
108.8281,1,09:27:45.907823273
108.8281,1,09:27:45.908130092
108.8281,1,09:27:45.908475664
108.8281,55,09:27:45.930065898
108.8281,135,09:27:45.930800249
108.8281,1,09:27:45.931951418
108.8281,3,09:27:46.700906852
108.8281,1,09:27:46.701108572
108.8281,2,09:27:47.335303022
108.8281,2,09:27:48.802360248
108.8125,17,09:27:49.180165073
108.8281,1,09:27:49.976013097
108.8281,1,09:27:51.966812596
108.8281,3,09:27:52.142422815
108.8281,1,09:27:52.382911565
108.8281,1,09:27:53.635318564
108.8125,19,09:27:53.701120509
108.8281,32,09:27:54.074816156
108.8281,1,09:27:54.389395288
108.8281,1,09:27:55.934593551
108.8281,1,09:27:56.659181895
108.8125,18,09:27:59.630965357
108.8281,48,09:28:04.510813262
108.8281,48,09:28:04.511014050
108.8281,1,09:28:04.511229190
108.8281,8,09:28:04.511414321
108.8281,1,09:28:04.511466123
108.8281,2,09:28:04.511550073
108.8281,2,09:28:04.511760858
108.8281,15,09:28:04.511862697
108.8281,1,09:28:04.511987401
108.8281,14,09:28:04.512093451
108.8281,8,09:28:04.512213732
108.8281,16,09:28:04.512257359
108.8281,1,09:28:04.512279243
108.8281,1,09:28:04.512310777
108.8281,1,09:28:04.512331696
108.8281,1,09:28:04.512359840
108.8281,1,09:28:04.512412299
108.8281,1,09:28:04.512435432
108.8281,1,09:28:04.512466550
108.8281,1,09:28:04.512501396
108.8281,1,09:28:04.512524429
108.8281,1,09:28:04.512550727
108.8281,1,09:28:04.512580744
108.8281,1,09:28:04.512600630
108.8281,1,09:28:04.512634073
108.8281,1,09:28:04.512654873
108.8281,1,09:28:04.512691911
108.8281,1,09:28:04.512740280
108.8281,1,09:28:04.512768229
108.8281,1,09:28:04.512802958
108.8281,1,09:28:04.512831094
108.8281,1,09:28:04.512867613
108.8281,1,09:28:04.512904360
108.8281,1,09:28:04.512980250
108.8281,98,09:28:04.513202174
108.8281,1,09:28:04.513652190
108.8281,23,09:28:04.513660775
108.8281,50,09:28:04.515125912
108.8281,10,09:28:04.515457058
108.8281,2,09:28:04.515681162
108.8281,1,09:28:04.517570483
108.8281,1,09:28:04.517672309
108.8281,1,09:28:04.739307406
108.8281,9,09:28:08.434992803
108.8281,1,09:28:12.912629194
108.8281,8,09:28:12.912975876
108.8281,1,09:28:12.913016456
108.8281,15,09:28:12.913058642
108.8281,5,09:28:12.913152686
108.8281,1,09:28:12.913195292
108.8281,18,09:28:12.913287971
108.8281,6,09:28:12.913341544
108.8281,31,09:28:12.913371758
108.8281,45,09:28:12.913633841
108.8281,1,09:28:12.913824937
108.8281,34,09:28:12.914072186
108.8281,1,09:28:12.915523723
108.8281,41,09:28:12.918841860
108.8281,1,09:28:12.918970051
108.8281,1,09:28:12.919045387
108.8281,1,09:28:12.919108275
108.8281,2,09:28:13.927046639
108.8125,30,09:28:16.279636060
108.8281,1,09:28:27.176086098
108.8281,10,09:28:32.862247975
108.8281,1,09:28:32.862459887
108.8281,35,09:28:32.862774402
108.8281,1,09:28:32.862849184
108.8281,35,09:28:32.863076635
108.8281,1,09:28:32.863108559
108.8281,1,09:28:32.863128873
108.8281,1,09:28:32.863200827
108.8281,1,09:28:32.863218731
108.8281,4,09:28:32.863251883
108.8281,1,09:28:32.863325792
108.8281,5,09:28:32.863389812
108.8281,1,09:28:32.863389812
108.8281,1,09:28:32.863419685
108.8281,1,09:28:32.863458221
108.8281,1,09:28:32.863483818
108.8281,1,09:28:32.863518250
108.8281,1,09:28:32.863564053
108.8281,1,09:28:32.863593903
108.8281,1,09:28:32.863665223
108.8281,1,09:28:32.863694954
108.8281,1,09:28:32.863730258
108.8281,1,09:28:32.863765241
108.8281,1,09:28:32.863795126
108.8281,1,09:28:32.863834538
108.8281,1,09:28:32.863870193
108.8281,1,09:28:32.863933407
108.8281,1,09:28:32.863975776
108.8281,1,09:28:32.864033448
108.8281,1,09:28:32.864074693
108.8281,5,09:28:32.864208338
108.8281,1,09:28:32.864325316
108.8281,1,09:28:32.864637166
108.8281,1,09:28:32.864669042
108.8281,1,09:28:32.864906009
108.8281,1,09:28:32.865177906
108.8281,9,09:28:32.867086745
108.8281,9,09:28:32.907175544
108.8281,1,09:28:32.907423616
108.8281,10,09:28:32.915084919
108.8281,1,09:28:32.915290104
108.8281,1,09:28:32.915329500
108.8125,15,09:28:35.810626906
108.8281,9,09:28:36.469086400
108.8281,1,09:28:36.469398467
108.8281,10,09:28:36.473025222
108.8281,1,09:28:36.473215735
108.8281,9,09:28:36.499057824
108.8281,1,09:28:36.499248471
108.8281,1,09:28:36.499309621
108.8281,1,09:28:39.720340604
108.8281,67,09:28:39.720684624
108.8281,1,09:28:43.823722565
108.8281,32,09:28:53.799707911
108.8281,110,09:28:53.799735226
108.8281,48,09:28:53.799850489
108.8281,1,09:28:53.801149575
108.8281,1,09:28:53.801193668
108.8281,17,09:28:53.801287152
108.8281,90,09:28:53.801357588
108.8281,64,09:28:53.801579135
108.8281,2,09:28:53.802058076
108.8281,4,09:28:53.802300456
108.8281,30,09:28:53.802447489
108.8281,49,09:28:53.802728653
108.8281,1,09:28:53.803685312
108.8281,1,09:28:53.804439452
108.8281,48,09:28:53.805092003
108.8281,32,09:28:53.805183918
108.8281,5,09:28:53.805573523
108.8281,1,09:28:53.805614314
108.8281,1,09:28:53.805640085
108.8281,1,09:28:53.805659966
108.8281,1,09:28:53.805715148
108.8281,8,09:28:53.807007021
108.8281,6,09:28:53.807059166
108.8281,2,09:28:53.807145088
108.8281,3,09:28:53.807207719
108.8281,1,09:28:53.807241608
108.8281,20,09:28:53.807267064
108.8281,1,09:28:53.807396881
108.8281,149,09:28:53.807435903
108.8281,1,09:28:53.807496724
108.8281,1,09:28:53.807641779
108.8281,11,09:28:53.807740549
108.8281,1,09:28:53.808771754
108.8281,1,09:28:53.809726916
108.8281,1,09:28:53.813088087
108.8281,5,09:28:53.813730078
108.8281,1,09:28:53.813776940
108.8281,55,09:28:53.816725751
108.8281,1,09:28:53.816923532
108.8281,1,09:28:53.818935121
108.8281,1,09:28:53.819079149
108.8281,48,09:28:53.819335423
108.8281,55,09:28:53.819424549
108.8281,1,09:28:53.819631692
108.8281,1,09:28:53.820264114
108.8281,1,09:28:53.820360948
108.8281,32,09:28:53.820459193
108.8281,34,09:28:53.820569477
108.8281,1,09:28:53.821187796
108.8281,1,09:28:53.821300717
108.8281,17,09:28:53.832874935
108.8281,55,09:28:53.835863879
108.8281,1,09:28:53.835989721
108.8281,1,09:28:53.836041726
108.8281,1,09:28:53.836085860
108.8281,1,09:28:53.836145183
108.8281,1,09:28:53.836190116
108.8281,1,09:28:53.836257736
108.8281,1,09:28:53.836289487
108.8281,1,09:28:53.836323098
108.8281,1,09:28:53.836346951
108.8281,1,09:28:53.836374427
108.8281,1,09:28:53.836434056
108.8281,1,09:28:53.836503306
108.8281,1,09:28:53.836539489
108.8281,1,09:28:53.836607801
108.8281,1,09:28:53.836632003
108.8281,1,09:28:53.836674993
108.8281,1,09:28:53.836712705
108.8281,4,09:28:53.836751490
108.8281,2,09:28:53.836781122
108.8281,5,09:28:53.836818535
108.8281,1,09:28:53.836893720
108.8281,1,09:28:53.836931184
108.8281,32,09:28:53.837005447
108.8281,1,09:28:53.837043730
108.8281,21,09:28:53.837308503
108.8281,40,09:28:53.837432953
108.8281,12,09:28:53.837455623
108.8281,5,09:28:53.837604605
108.8281,34,09:28:53.837685490
108.8281,1,09:28:53.837965262
108.8281,1,09:28:53.838047484
108.8281,100,09:28:53.852026640
108.8281,1,09:28:53.852229198
108.8281,10,09:28:53.852310269
108.8281,1,09:28:53.852468486
108.8281,1,09:28:53.852563383
108.8281,1,09:28:53.852591653
108.8281,1,09:28:53.852621721
108.8281,1,09:28:53.852652944
108.8281,1,09:28:53.852684858
108.8281,1,09:28:53.852716523
108.8281,1,09:28:53.852775126
108.8281,1,09:28:53.852796518
108.8281,5,09:28:53.854087635
108.8281,8,09:28:53.854173256
108.8281,1,09:28:53.855225751
108.8281,1,09:28:53.855295196
108.8281,1,09:28:53.855472380
108.8281,28,09:28:53.855532013
108.8281,1,09:28:53.855768619
108.8281,1,09:28:53.861986630
108.8281,25,09:28:53.908034901
108.8281,1,09:28:53.908082505
108.8281,4,09:28:53.909917441
108.8281,3,09:28:53.909954395
108.8281,1,09:28:53.915751754
108.8281,3,09:28:53.915975281
108.8281,1,09:28:53.916161468
108.8281,1,09:28:53.916239319
108.8281,47,09:28:53.918614006
108.8281,15,09:28:53.941772865
108.8281,1,09:28:53.941987842
108.8281,1,09:28:53.942043961
108.8281,1,09:28:53.942093236
108.8281,1,09:28:53.942135579
108.8281,1,09:28:53.942211046
108.8281,1,09:28:53.942371139
108.8281,1,09:28:54.226527058
108.8281,1,09:28:54.226730675
108.8281,2,09:28:54.226765817
108.8281,1,09:28:54.226874812
108.8281,6,09:28:54.226984951
108.8281,10,09:28:54.227015922
108.8281,3,09:28:54.227038115
108.8281,1,09:28:54.227169996
108.8281,1,09:28:54.227202598
108.8281,1,09:28:55.807209447
108.8281,1,09:28:56.075357093
108.8281,1,09:28:56.710405161
108.8281,1,09:28:56.710487412
108.8281,5,09:28:56.710869897
108.8281,5,09:28:56.711023586
108.8438,2,09:28:56.847956987
108.8281,1,09:29:06.349435324
108.8281,1,09:29:06.374822964
108.8281,1,09:29:06.383646973
108.8281,1,09:29:08.504189402
108.8281,10,09:29:13.429983691
108.8281,48,09:29:20.440758340
108.8281,11,09:29:20.440876326
108.8281,55,09:29:20.444356329
108.8281,1,09:29:20.445078504
108.8281,1,09:29:20.445102447
108.8281,7,09:29:20.445128402
108.8281,1,09:29:20.446751984
108.8281,25,09:29:30.186431669
108.8281,30,09:29:30.670690794
108.8281,1,09:29:33.562024511
108.8281,1,09:29:33.562305038
108.8281,1,09:29:33.562342927
108.8281,4,09:29:33.562524799
108.8281,1,09:29:33.563462649
108.8281,1,09:29:33.563597560
108.8281,1,09:29:33.563676115
108.8281,1,09:29:33.563720990
108.8281,1,09:29:33.563855252
108.8281,14,09:29:33.564209201
108.8281,1,09:29:33.564239397
108.8281,2,09:29:33.564262306
108.8281,25,09:29:33.768870283
108.8281,1,09:29:33.769086697
108.8281,1,09:29:33.769686533
108.8281,11,09:29:35.212262910
108.8281,1,09:29:35.212346175
108.8281,1,09:29:35.212634495
108.8281,1,09:29:35.212716589
108.8281,53,09:29:35.214028673
108.8281,10,09:29:35.217672153
108.8281,17,09:29:35.217719371
108.8281,1,09:29:35.218043337
108.8281,2,09:29:35.218158872
108.8281,1,09:29:35.218186555
108.8281,1,09:29:35.218219903
108.8281,5,09:29:35.218240441
108.8281,2,09:29:35.218280407
108.8281,16,09:29:35.218336392
108.8281,15,09:29:35.270908210
108.8281,1,09:29:35.271117648
108.8281,1,09:29:35.271172769
108.8281,48,09:29:35.271419231
108.8281,1,09:29:35.271464771
108.8281,5,09:29:35.272167020
108.8281,15,09:29:35.272926717
108.8281,1,09:29:35.272975829
108.8281,1,09:29:35.273054797
108.8281,2,09:29:35.273162092
108.8281,1,09:29:35.273409933
108.8281,1,09:29:47.050588785
108.8281,1,09:29:47.051701900
108.8281,1,09:29:51.884945111
108.8281,1,09:29:51.885284228
108.8281,1,09:29:51.886086176
108.8281,3,09:29:51.886557799
108.8281,2,09:29:53.466812556
108.8281,48,09:29:56.574212510
108.8281,55,09:29:56.574914944
108.8281,1,09:29:56.575450366
108.8281,6,09:29:56.575487389
108.8281,4,09:29:56.575515415
108.8281,9,09:29:56.575580108
108.8281,1,09:29:56.575622119
108.8281,1,09:29:56.576044377
108.8281,1,09:29:56.576086301
108.8281,1,09:29:56.576119953
108.8281,1,09:29:56.576162811
108.8281,1,09:29:56.576203084
108.8281,1,09:29:56.576228384
108.8281,1,09:29:56.576266148
108.8281,1,09:29:56.576299992
108.8281,1,09:29:56.576337771
108.8281,1,09:29:56.576385619
108.8281,1,09:29:56.576401914
108.8281,1,09:29:56.576424247
108.8281,1,09:29:56.576455525
108.8281,1,09:29:56.576477947
108.8281,1,09:29:56.576507933
108.8281,1,09:29:56.576534300
108.8281,1,09:29:56.576557672
108.8281,1,09:29:56.576585731
108.8281,1,09:29:56.576618626
108.8281,1,09:29:56.576638843
108.8281,1,09:29:56.576662659
108.8281,1,09:29:56.576689033
108.8281,1,09:29:56.576747012
108.8281,15,09:29:56.576865398
108.8281,2,09:29:56.576937979
108.8281,1,09:29:56.576973401
108.8281,5,09:29:56.577075464
108.8281,1,09:29:56.577138213
108.8281,1,09:29:56.577165613
108.8281,25,09:29:56.577191322
108.8281,1,09:29:56.577220414
108.8281,1,09:29:56.577404868
108.8281,1,09:29:56.577626715
108.8281,1,09:29:56.577652511
108.8281,1,09:29:56.577698362
108.8281,1,09:29:56.578034136
108.8281,1,09:29:56.578091321
108.8281,1,09:29:56.578115869
108.8281,1,09:29:56.578140679
108.8281,1,09:29:56.578192577
108.8281,1,09:29:56.578219621
108.8281,1,09:29:56.578246998
108.8281,1,09:29:56.578270054
108.8281,1,09:29:56.578292740
108.8281,1,09:29:56.578312474
108.8281,1,09:29:56.578335329
108.8281,1,09:29:56.578361621
108.8281,1,09:29:56.578382949
108.8281,1,09:29:56.578399052
108.8281,1,09:29:56.578460419
108.8281,1,09:29:56.578487009
108.8281,1,09:29:56.578515099
108.8281,1,09:29:56.578546296
108.8281,1,09:29:56.578932058
108.8281,17,09:29:57.736232588
108.8438,5,09:30:00.011526772
108.8281,96,09:30:00.511588306
108.8281,2,09:30:00.512662101
108.8281,3,09:30:00.512747923
108.8281,1,09:30:00.512844805
108.8281,2,09:30:00.512919715
108.8281,2,09:30:00.512962714
108.8281,2,09:30:00.513052332
108.8281,55,09:30:00.513146421
108.8281,2,09:30:00.513575949
108.8281,1,09:30:00.513601953
108.8281,3,09:30:00.513652047
108.8281,96,09:30:00.513833699
108.8281,1,09:30:00.514543796
108.8281,1,09:30:00.515088572
108.8281,1,09:30:00.515109875
108.8281,1,09:30:00.515263384
108.8281,1,09:30:00.515287666
108.8281,1,09:30:00.515307716
108.8281,1,09:30:00.515338058
108.8281,1,09:30:00.515354830
108.8281,1,09:30:00.515378654
108.8281,1,09:30:00.515396751
108.8281,1,09:30:00.515422943
108.8281,1,09:30:00.515442141
108.8281,1,09:30:00.515466928
108.8281,1,09:30:00.515487470
108.8281,1,09:30:00.515509630
108.8281,1,09:30:00.515533541
108.8281,1,09:30:00.515552815
108.8281,1,09:30:00.515574259
108.8281,1,09:30:00.515597219
108.8281,1,09:30:00.515621482
108.8281,1,09:30:00.515642397
108.8281,1,09:30:00.515667476
108.8281,1,09:30:00.515684670
108.8281,1,09:30:00.515709288
108.8281,1,09:30:00.515755980
108.8281,1,09:30:00.515966302
108.8281,4,09:30:00.517432200
108.8281,1,09:30:00.543825781
108.8281,6,09:30:07.785162587
108.8281,400,09:30:07.785745699
108.8281,7,09:30:07.786176261
108.8281,1,09:30:07.789483304
108.8281,1,09:30:07.789528534
108.8281,48,09:30:07.790822434
108.8281,1,09:30:07.791572095
108.8281,13,09:30:07.791598620
108.8281,1,09:30:07.791900466
108.8281,2,09:30:07.791954611
108.8281,15,09:30:07.791985914
108.8281,1,09:30:07.792044159
108.8281,2,09:30:07.792399993
108.8281,1,09:30:07.792455191
108.8281,24,09:30:07.792580029
108.8281,2,09:30:07.792610016
108.8281,47,09:30:07.792853599
108.8281,1,09:30:07.793212541
108.8281,1,09:30:07.793412324
108.8281,2,09:30:07.793434926
108.8281,2,09:30:07.793499526
108.8281,1,09:30:07.793554189
108.8281,1,09:30:07.793871533
108.8281,1,09:30:07.821659665
108.8281,80,09:30:07.821743702
108.8281,34,09:30:07.821933868
108.8281,1,09:30:07.824955811
108.8281,5,09:30:07.825078652
108.8281,1,09:30:07.825131385
108.8281,1,09:30:07.825189278
108.8281,22,09:30:07.829831196
108.8281,1,09:30:07.829969048
108.8281,1,09:30:07.830046765
108.8281,7,09:30:07.830165452
108.8281,20,09:30:07.836625054
108.8281,1,09:30:07.836855529
108.8281,1,09:30:07.836930398
108.8281,1,09:30:07.837051354
108.8281,1,09:30:07.895417737
108.8281,75,09:30:07.895732108
108.8281,10,09:30:07.895764768
108.8281,1,09:30:07.895796352
108.8281,3,09:30:07.895843582
108.8281,1,09:30:07.895901420
108.8281,1,09:30:07.896001409
108.8281,3,09:30:07.898360797
108.8281,1,09:30:07.898527992
108.8281,21,09:30:07.898913688
108.8281,13,09:30:08.415035291
108.8281,1,09:30:08.417012557
108.8281,12,09:30:08.417155891
108.8281,1,09:30:08.417219473
108.8281,1,09:30:08.417333187
108.8281,1,09:30:08.425058530
108.8281,34,09:30:08.425282493
108.8281,2,09:30:08.426122609
108.8281,1,09:30:08.426310066
108.8281,1,09:30:08.426368457
108.8281,1,09:30:08.426473874
108.8281,2,09:30:08.426514175
108.8281,1,09:30:08.426570170
108.8281,1,09:30:08.426623041
108.8281,1,09:30:08.426696486
108.8281,4,09:30:08.426771512
108.8125,14,09:30:08.505508020
108.8281,9,09:30:08.506166613
108.8281,1,09:30:08.506568237
108.8281,9,09:30:08.526164576
108.8281,1,09:30:08.526402028
108.8281,10,09:30:08.551151423
108.8281,1,09:30:08.551417672
108.8281,9,09:30:08.558144873
108.8281,1,09:30:08.558362490
108.8281,9,09:30:08.683214936
108.8281,1,09:30:08.683494090
108.8281,1,09:30:08.867675597
108.8281,10,09:30:08.867842723
108.8281,4,09:30:08.867955708
108.8281,1,09:30:08.893759594
108.8281,1,09:30:08.893970789
108.8281,2,09:30:09.072383508
108.8281,1,09:30:09.072603803
108.8281,2,09:30:09.072663910
108.8281,1,09:30:09.072697888
108.8281,2,09:30:09.072899019
108.8281,32,09:30:10.317961558
108.8281,16,09:30:10.319259131
108.8281,1,09:30:11.325333235
108.8281,1,09:30:11.325563486
108.8281,15,09:30:11.325685312
108.8281,1,09:30:11.325783702
108.8281,7,09:30:11.325870384
108.8281,1,09:30:11.325907508
108.8281,1,09:30:11.325934930
108.8281,1,09:30:11.326019466
108.8281,1,09:30:11.326043531
108.8281,1,09:30:11.326077320
108.8281,1,09:30:11.326111301
108.8281,1,09:30:11.326141913
108.8281,1,09:30:11.326215067
108.8281,1,09:30:11.326331600
108.8281,52,09:30:11.707712775
108.8281,1,09:30:11.707834066
108.8281,1,09:30:11.707920967
108.8281,1,09:30:11.708003719
108.8281,1,09:30:11.708047163
108.8281,1,09:30:11.708124405
108.8281,1,09:30:11.708127497
108.8281,1,09:30:11.708152435
108.8281,1,09:30:11.708177399
108.8281,1,09:30:11.708224020
108.8281,1,09:30:11.708257449
108.8281,1,09:30:11.708288604
108.8281,1,09:30:11.708336029
108.8281,1,09:30:11.708382994
108.8281,1,09:30:11.708447433
108.8281,1,09:30:11.708511803
108.8281,1,09:30:11.708550360
108.8281,1,09:30:11.708578706
108.8281,1,09:30:11.708607398
108.8281,1,09:30:11.708660737
108.8281,1,09:30:11.708767571
108.8281,1,09:30:11.708796502
108.8281,1,09:30:11.708853150
108.8281,4,09:30:11.708918623
108.8281,5,09:30:11.709213692
108.8281,1,09:30:11.709700665
108.8281,2,09:30:11.710005212
108.8281,1,09:30:11.710047977
108.8281,5,09:30:11.710548823
108.8281,1,09:30:11.711123673
108.8281,1,09:30:12.483075649
108.8438,1,09:30:12.699463415
108.8281,6,09:30:13.640012537
108.8281,21,09:30:13.640345584
108.8281,1,09:30:13.640471401
108.8281,2,09:30:13.640510957
108.8281,1,09:30:16.693475007
108.8281,1,09:30:16.693573674
108.8281,1,09:30:16.693650635
108.8281,1,09:30:16.693976409
108.8281,19,09:30:16.695033851
108.8281,19,09:30:16.695244241
108.8281,1,09:30:16.695306562
108.8281,1,09:30:16.695433347
108.8281,10,09:30:16.754740585
108.8281,1,09:30:16.754957850
108.8281,1,09:30:16.755019880
108.8281,9,09:30:16.762762081
108.8281,1,09:30:16.762922401
108.8281,1,09:30:16.762964936
108.8281,8,09:30:16.763038912
108.8281,2,09:30:16.763038912
108.8281,1,09:30:16.763108123
108.8281,1,09:30:16.763135493
108.8125,1,09:30:17.471931843
108.8281,34,09:30:19.282953024
108.8281,3,09:30:19.285169629
108.8281,1,09:30:19.285991431
108.8281,4,09:30:20.446251873
108.8281,33,09:30:20.457405464
108.8281,2,09:30:20.477416677
108.8281,1,09:30:53.285430694
108.8281,1,09:30:53.285885272
108.8281,1,09:30:53.286022888
108.8281,55,09:30:53.286107824
108.8281,6,09:30:53.286460029
108.8281,30,09:30:53.286582995
108.8281,50,09:30:53.286709622
108.8281,2,09:30:53.286744176
108.8281,1,09:30:53.286860339
108.8281,10,09:30:53.287024281
108.8281,1,09:30:53.287177817
108.8281,1,09:30:53.287227561
108.8281,1,09:30:53.287321023
108.8281,1,09:30:53.287343404
108.8281,6,09:30:53.288000841
108.8281,3,09:30:53.288337395
108.8281,1,09:30:53.288607289
108.8281,1,09:30:53.288694321
108.8281,1,09:30:53.288719445
108.8281,1,09:30:53.288959440
108.8281,2,09:30:53.288989280
108.8281,2,09:30:53.289051275
108.8281,3,09:30:53.289074072
108.8281,50,09:30:53.289205083
108.8281,2,09:30:53.289452128
108.8281,2,09:30:53.289540341
108.8281,1,09:30:53.289577142
108.8281,14,09:30:53.289666808
108.8281,1,09:30:53.292054878
108.8281,1,09:30:53.292394347
108.8281,9,09:30:53.292482967
108.8281,6,09:30:53.292732482
108.8281,1,09:30:53.294233869
108.8281,7,09:30:53.294394954
108.8281,1,09:30:53.294458523
108.8281,1,09:30:53.295280553
108.8281,1,09:30:53.295663092
108.8281,4,09:30:53.880043611
108.8125,1,09:30:58.961078196
108.8281,2,09:30:59.190245596
108.8281,1,09:31:02.054531671
108.8281,5,09:31:02.054657061
108.8281,1,09:31:02.054866527
108.8281,2,09:31:02.105372261
108.8281,1,09:31:02.105623613
108.8281,1,09:31:02.105670743
108.8281,1,09:31:02.258402976
108.8281,1,09:31:02.258624546
108.8281,1,09:31:02.258899780
108.8125,55,09:31:15.888575344
108.8125,55,09:31:15.889090506
108.8125,32,09:31:15.889228858
108.8125,446,09:31:15.890248285
108.8125,1,09:31:15.891228184
108.8125,1,09:31:15.891344276
108.8125,23,09:31:15.891584380
108.8125,48,09:31:15.891612127
108.8125,48,09:31:15.891652116
108.8125,55,09:31:15.891900585
108.8125,13,09:31:15.892035929
108.8125,1,09:31:15.892219257
108.8125,2,09:31:15.892285118
108.8125,3,09:31:15.892285118
108.8125,2,09:31:15.892315217
108.8125,44,09:31:15.892489416
108.8125,1,09:31:15.892589130
108.8125,1,09:31:15.892758580
108.8125,1,09:31:15.892797086
108.8125,3,09:31:15.892840091
108.8125,32,09:31:15.892877005
108.8125,1,09:31:15.892911911
108.8125,2,09:31:15.892952302
108.8125,3,09:31:15.893147516
108.8125,2,09:31:15.898456352
108.8125,1,09:31:15.907049072
108.8125,1,09:31:15.918990078
108.8125,9,09:31:15.935222011
108.8125,1,09:31:15.984003476
108.8125,2,09:31:16.161829814
108.8125,1,09:31:16.169215998
108.7969,1,09:31:21.161950313
108.7969,26,09:31:22.930337005
108.7969,446,09:31:31.853417354
108.7969,1,09:31:33.399285011
108.7969,201,09:31:38.473971656
108.8125,131,09:31:41.970304042
108.7969,54,09:32:03.075339751
108.7969,2,09:32:06.558610299
108.7969,50,09:32:13.417513758
108.8125,175,09:32:18.405238809
108.8125,96,09:32:18.406748754
108.8125,1,09:32:18.407790560
108.8125,55,09:32:18.407824253
108.8125,55,09:32:18.408213138
108.8125,72,09:32:18.409142731
108.8125,1,09:32:18.409841136
108.8125,1,09:32:18.412125018
108.8125,138,09:32:18.412397897
108.8125,1,09:32:18.412563040
108.8125,2,09:32:18.412598778
108.8125,2,09:32:18.412834767
108.8125,78,09:32:18.413320799
108.8125,25,09:32:18.414015562
108.8125,49,09:32:18.414198477
108.8125,2,09:32:18.414417666
108.8125,1,09:32:18.414468877
108.8125,17,09:32:18.414631705
108.8125,34,09:32:18.414714431
108.8125,29,09:32:18.414783257
108.8125,5,09:32:18.414812164
108.8125,1,09:32:18.414855166
108.8125,7,09:32:18.414961396
108.8125,2,09:32:18.417793001
108.8125,1,09:32:18.420862315
108.8125,10,09:32:18.425251181
108.8125,1,09:32:22.740461646
108.8281,2,09:32:26.328315243
108.8281,9,09:32:26.328397106
108.8281,2,09:32:26.329479049
108.8281,1,09:32:26.329566519
108.8281,4,09:32:26.329612878
108.8281,3,09:32:26.330002438
108.8281,3,09:32:26.330443429
108.8281,1,09:32:26.330659921
108.8281,50,09:32:26.332308312
108.8281,1,09:32:26.332953749
108.8281,1,09:32:26.334304541
108.8281,1,09:32:26.334423011
108.8281,19,09:32:26.334445232
108.8281,1,09:32:26.334566021
108.8281,1,09:32:26.334606202
108.8281,20,09:32:26.334626180
108.8281,1,09:32:26.335015250
108.8281,152,09:32:26.335464267
108.8281,1,09:32:26.335756032
108.8281,5,09:32:26.336674320
108.8281,2,09:32:26.336714228
108.8281,36,09:32:26.338801400
108.8281,1,09:32:26.340356202
108.8281,1,09:32:26.340425919
108.8281,2,09:32:26.367913778
108.8281,118,09:32:26.368885371
108.8281,9,09:32:26.433662691
108.8281,1,09:32:26.433850107
108.8281,27,09:32:26.434175211
108.8281,8,09:32:26.434302449
108.8281,1,09:32:26.434488206
108.8281,1,09:32:26.434564390
108.8281,9,09:32:28.134335574
108.8281,1500,09:32:39.720500862
108.8281,8,09:32:39.723152991
108.8281,20,09:32:39.724076229
108.8281,5,09:32:39.724256886
108.8281,41,09:32:39.724303264
108.8281,1,09:32:39.724311124
108.8281,1,09:32:39.724366109
108.8281,10,09:32:39.724418741
108.8281,1,09:32:39.724686303
108.8281,1,09:32:39.726290220
108.8281,1,09:32:39.726840387
108.8281,1,09:32:39.727280512
108.8281,48,09:32:58.769510609
108.8281,1,09:32:58.771304524
108.8281,1,09:32:58.771394078
108.8281,1,09:32:58.771963824
108.8281,1,09:32:58.771979856
108.8281,1,09:32:58.772000989
108.8281,1,09:32:58.772172442
108.8281,1,09:32:58.774992166
108.8281,100,09:32:58.783379292
108.8281,186,09:33:17.470913119
108.8125,3,09:33:19.202879969
108.8281,300,09:33:31.296042936
108.8125,11,09:33:37.363028908
108.8125,5,09:33:42.927712142
108.8125,1,09:33:42.943065930
108.8125,54,09:33:42.943136559
108.8125,1,09:33:42.943178047
108.8125,2,09:33:42.943332902
108.8125,9,09:33:42.943353322
108.8125,24,09:33:42.943406398
108.8125,2,09:33:42.943429672
108.8125,20,09:33:42.943803286
108.8125,1,09:33:42.944330036
108.8125,8,09:33:42.944600322
108.8125,2,09:33:42.945158037
108.8125,6,09:33:42.945310747
108.8125,1,09:33:42.945403273
108.8125,1,09:33:42.945419619
108.8125,33,09:33:42.945519346
108.8125,1,09:33:42.945564198
108.8125,82,09:33:42.945616663
108.8125,1,09:33:42.945738317
108.8125,7,09:33:42.945794641
108.8125,3,09:33:42.946742474
108.8125,2,09:33:42.947672937
108.8125,2,09:33:42.948211016
108.8125,3,09:33:42.948681944
108.8125,2,09:33:42.948703551
108.8125,1,09:33:43.008572930
108.8125,55,09:33:43.094134002
108.8125,55,09:33:43.094333843
108.8125,12,09:33:43.094446127
108.8125,32,09:33:43.094766783
108.8125,1,09:33:43.095239381
108.8125,77,09:33:43.095286869
108.8125,1,09:33:43.095324370
108.8125,1,09:33:43.095348160
108.8125,1,09:33:43.095360446
108.8125,1,09:33:43.095383016
108.8125,1,09:33:43.095410933
108.8125,1,09:33:43.095449212
108.8125,1,09:33:43.095482467
108.8125,1,09:33:43.095513399
108.8125,1,09:33:43.095591055
108.8125,1,09:33:43.095662235
108.8125,1,09:33:43.095697829
108.8125,1,09:33:43.095722511
108.8125,1,09:33:43.095752060
108.8125,1,09:33:43.095775158
108.8125,1,09:33:43.095846971
108.8125,1,09:33:43.095893196
108.8125,1,09:33:43.095945607
108.8125,1,09:33:43.096247145
108.8125,1,09:33:43.096332645
108.8125,1,09:33:43.096409106
108.8125,76,09:33:43.096570499
108.8125,6,09:33:43.097995641
108.8125,1,09:33:43.101018314
108.8125,15,09:33:45.195289614
108.8125,1,09:33:45.195808962
108.8125,1,09:33:45.195830818
108.8125,1,09:33:45.195869891
108.8125,8,09:33:45.195899738
108.8125,5,09:33:45.195980171
108.8125,34,09:33:45.196237425
108.8125,42,09:33:45.196432479
108.8125,3,09:33:45.197101209
108.8125,52,09:33:45.198490357
108.8125,1,09:33:45.198973563
108.8125,1,09:33:45.199055180
108.8125,131,09:33:45.199166022
108.8125,50,09:33:45.199204995
108.8125,1,09:33:45.199224890
108.8125,16,09:33:45.199242439
108.8125,2,09:33:45.199270462
108.8125,2,09:33:45.199292123
108.8125,24,09:33:45.199374106
108.8125,1,09:33:45.199635980
108.8125,1,09:33:45.200007655
108.8125,34,09:33:45.200126025
108.8125,1,09:33:45.200381275
108.8125,6,09:33:45.200673006
108.8125,60,09:33:45.200910232
108.8125,1,09:33:45.201007163
108.8125,3,09:33:45.201783953
108.8125,6,09:33:45.201863769
108.8125,48,09:33:45.203735271
108.8125,1,09:33:45.203796940
108.8125,41,09:33:45.204093318
108.8125,1,09:33:45.204194551
108.8125,38,09:33:45.204761778
108.8125,1,09:33:45.205906080
108.8125,1,09:33:45.206068986
108.8125,1,09:33:45.206095201
108.8125,1,09:33:45.207245480
108.8125,41,09:33:45.207719759
108.8125,1,09:33:45.207918374
108.8125,1,09:33:45.209373751
108.8125,6,09:33:45.211159556
108.8125,1,09:33:45.212375091
108.8125,15,09:33:45.212415149
108.8125,1,09:33:45.212682228
108.8125,1,09:33:45.212725977
108.8125,1,09:33:45.213101736
108.8125,10,09:33:45.301741186
108.8125,1,09:33:45.301943978
108.8125,1,09:33:45.301982692
108.8125,4,09:33:59.667775317
108.8125,1,09:34:07.537190198
108.8125,1,09:34:07.537766304
108.8125,70,09:34:07.559044290
108.8125,1,09:34:07.559429165
108.8125,1,09:34:07.559514377
108.8125,32,09:34:10.555663064
108.8125,55,09:34:14.754705391
108.8125,1,09:34:14.755510959
108.8125,48,09:34:14.756015628
108.8125,48,09:34:14.756425294
108.8125,32,09:34:14.757083159
108.8125,25,09:34:14.757361214
108.8125,1,09:34:14.760004771
108.8125,1,09:34:14.760036653
108.8125,5,09:34:14.761682282
108.8125,125,09:34:18.026478932
108.8125,1,09:34:18.026976882
108.8125,57,09:34:19.961661472
108.8125,4,09:34:27.813386313
108.8125,1,09:34:31.690749287
108.8125,6,09:34:32.013463556
108.8125,17,09:34:32.037977021
108.8125,60,09:34:32.038657757
108.8125,100,09:34:35.299310022
108.8125,4,09:34:35.301030674
108.8125,4,09:34:35.301099779
108.8281,5,09:34:35.353812593
108.8125,1,09:34:35.418516718
108.8125,1,09:34:35.458988386
108.8125,3,09:34:37.079300805
108.8125,91,09:34:37.079773576
108.8125,20,09:34:37.079848909
108.8125,1,09:34:37.079875562
108.8125,1,09:34:37.079903444
108.8125,4,09:34:37.079954213
108.8125,1,09:34:37.079982207
108.8125,1,09:34:37.080018797
108.8125,55,09:34:37.080081799
108.8125,13,09:34:37.080397867
108.8125,17,09:34:37.080601307
108.8125,20,09:34:37.082170664
108.8125,6,09:34:37.082269172
108.8125,1,09:34:37.083277851
108.8125,1,09:34:37.084362008
108.8125,1,09:34:37.084625693
108.8125,53,09:34:37.084729717
108.8125,6,09:34:37.085012514
108.8125,1,09:34:37.085239917
108.8125,1,09:34:37.085349781
108.8125,1,09:34:37.086521277
108.8125,10,09:34:37.087846763
108.8125,10,09:34:37.089366985
108.8125,1,09:34:37.090222407
108.8125,1,09:34:39.065930282
108.8125,152,09:34:40.679147117
108.8125,30,09:34:41.455497484
108.8125,1,09:34:45.021335884
108.8125,1,09:34:45.022921266
108.8125,15,09:34:45.023490894
108.8125,2,09:34:45.023668005
108.8125,1,09:34:45.024923470
108.8125,1,09:34:45.025080629
108.8125,4,09:34:45.025526227
108.8125,1,09:34:45.036167562
108.8125,48,09:34:45.209192371
108.8125,1,09:34:45.209248177
108.8125,12,09:34:45.209300607
108.8125,1,09:34:45.209338876
108.8125,1,09:34:45.209385433
108.8125,1,09:34:45.209417072
108.8125,1,09:34:45.209453316
108.8125,1,09:34:45.209483764
108.8125,1,09:34:45.209551799
108.8125,1,09:34:45.209585348
108.8125,55,09:34:45.211750903
108.8125,3,09:34:45.211796324
108.8125,1,09:34:45.212213776
108.8125,1,09:34:45.212727815
108.8125,1,09:34:45.213783388
108.8125,57,09:34:45.213853508
108.8125,8,09:34:45.214250937
108.8125,1,09:34:45.214778895
108.8125,1,09:34:45.215022524
108.8125,1,09:34:45.215397770
108.7969,3,09:34:49.742294740
108.7969,6,09:34:49.751927264
108.7969,2,09:34:59.719922936
108.8125,2,09:35:06.398462275
108.8125,1,09:35:09.028140150
108.8125,1,09:35:09.028387614
108.8125,22,09:35:09.035468768
108.8125,1,09:35:09.037083150
108.8125,5,09:35:09.037183775
108.8125,3,09:35:09.037300213
108.8125,1,09:35:09.038193946
108.8125,1,09:35:09.038444118
108.8125,1,09:35:09.038538871
108.8125,1,09:35:09.038559524
108.8125,1,09:35:09.038675188
108.8125,1,09:35:09.038922214
108.8125,9,09:35:09.048456659
108.8125,1,09:35:09.048731173
108.8125,30,09:35:09.306287702
108.8125,1,09:35:09.306418988
108.8125,20,09:35:09.306613703
108.8125,8,09:35:09.306762658
108.8125,4,09:35:09.308973228
108.8125,3,09:35:09.309902482
108.8125,33,09:35:09.318674438
108.8125,448,09:35:10.682021881
108.8125,1,09:35:11.807611373
108.8125,2,09:35:12.749497405
108.8125,1,09:35:18.208558630
108.8125,33,09:35:27.351551480
108.8125,1,09:35:27.352937499
108.8125,1,09:35:34.850298950
108.8281,50,09:35:42.096742330
108.8125,9,09:35:44.490908032
108.8125,3,09:35:54.259187051
108.8125,48,09:35:54.260203541
108.8125,4,09:35:54.260460616
108.8125,1,09:35:54.260976425
108.8125,2,09:35:54.261182241
108.8125,2,09:35:54.261668957
108.8125,1,09:35:54.261687102
108.8125,95,09:35:54.261846875
108.8125,1,09:35:54.262862571
108.8125,1,09:35:54.262889404
108.8125,1,09:35:54.262966154
108.8125,1,09:35:54.262978749
108.8125,1,09:35:54.262990247
108.8125,1,09:35:54.263004877
108.8125,1,09:35:54.263063742
108.8125,1,09:35:54.263074863
108.8125,1,09:35:54.263086550
108.8125,1,09:35:54.263097664
108.8125,1,09:35:54.263116371
108.8125,1,09:35:54.263174415
108.8125,1,09:35:54.263189446
108.8125,1,09:35:54.263200188
108.8125,1,09:35:54.263212697
108.8125,1,09:35:54.263277514
108.8125,1,09:35:54.263303518
108.8125,1,09:35:54.263380810
108.8125,1,09:35:54.263391107
108.8125,1,09:35:54.263406663
108.8125,1,09:35:54.263492424
108.8125,3,09:35:54.263492424
108.8125,1,09:35:54.263503356
108.8125,1,09:35:54.263589063
108.8125,55,09:35:54.263739514
108.8125,5,09:35:54.263861763
108.8125,1,09:35:54.264606710
108.8125,1,09:35:54.265337233
108.8125,5,09:35:54.265353925
108.8125,1,09:35:54.265379208
108.8125,1,09:35:54.265401385
108.8125,1,09:35:54.265417894
108.8125,1,09:35:54.265439626
108.8125,1,09:35:54.265476842
108.8125,1,09:35:54.265502209
108.8125,1,09:35:54.265573766
108.8125,1,09:35:54.265591996
108.8125,1,09:35:54.265604969
108.8125,1,09:35:54.265680926
108.8125,1,09:35:54.265696312
108.8125,1,09:35:54.265708914
108.8125,1,09:35:54.265785869
108.8125,1,09:35:54.265801121
108.8125,1,09:35:54.265809736
108.8125,1,09:35:54.265836379
108.8125,1,09:35:54.265886636
108.8125,1,09:35:54.265907897
108.8125,1,09:35:54.265991120
108.8125,1,09:35:54.266004330
108.8125,2,09:35:54.266092272
108.8125,1,09:35:54.266204549
108.8125,1,09:35:54.266213705
108.8125,2,09:35:54.266302746
108.8125,139,09:35:54.266841941
108.8125,6,09:35:54.267415716
108.8125,9,09:35:54.267457278
108.8125,5,09:35:54.268856058
108.8125,1,09:35:54.268879112
108.8125,1,09:35:54.268902258
108.8125,1,09:35:54.268921704
108.8125,5,09:35:54.268947209
108.8125,1,09:35:54.269018975
108.8125,1,09:35:54.269230489
108.8125,1,09:35:54.269451963
108.8125,3,09:35:54.269477842
108.8125,2,09:35:54.269581808
108.8125,2,09:35:54.269758558
108.8125,7,09:35:54.270674556
108.8125,1,09:35:54.271556757
108.8125,1,09:35:54.272826350
108.8125,1,09:35:54.272905642
108.8125,7,09:35:54.273088299
108.8125,14,09:35:54.273202415
108.8125,1,09:35:54.273481999
108.8125,1,09:35:54.273607768
108.8125,1,09:35:54.273780482
108.8125,1,09:35:54.273819251
108.8125,1,09:35:54.273877985
108.8125,1,09:35:54.274168256
108.8125,1,09:35:54.274227582
108.8125,50,09:35:54.275456534
108.8125,1,09:35:54.275653742
108.8125,1,09:35:54.275675544
108.8125,1,09:35:54.275838632
108.8125,5,09:35:54.276103252
108.8125,1,09:35:54.277079527
108.8125,1,09:35:54.277095919
108.8125,1,09:35:54.277115855
108.8125,40,09:35:54.277224234
108.8125,1,09:35:54.277348173
108.8125,1,09:35:54.277883179
108.8125,1,09:35:54.277914245
108.8125,1,09:35:54.277940963
108.8125,16,09:35:54.278366744
108.8125,1,09:35:54.279173684
108.8125,1,09:35:54.279275319
108.8125,1,09:35:54.283176582
108.8125,51,09:35:54.283253652
108.8125,1,09:35:54.283767215
108.8125,5,09:35:54.283794962
108.8125,20,09:35:54.283893876
108.8125,31,09:35:54.283926901
108.8125,1,09:35:58.759601178
108.8125,1,09:36:04.335657964
108.8281,2,09:36:08.850948867
108.8125,1,09:36:20.812425031
108.8125,40,09:36:29.900376430
108.8125,1,09:36:33.033925363
108.8125,300,09:36:34.090948539
108.8125,1,09:36:34.094827536
108.8125,4,09:36:34.096287207
108.8125,1,09:36:34.097604136
108.8125,130,09:36:34.097689590
108.8125,1,09:36:34.097988457
108.8125,1,09:36:34.098101388
108.8125,1,09:36:34.098139878
108.8125,1,09:36:34.098169536
108.8125,1,09:36:34.098195165
108.8125,1,09:36:34.098213480
108.8125,1,09:36:34.098257221
108.8125,18,09:36:34.098282083
108.8125,1,09:36:34.099032331
108.8125,1,09:36:34.099056450
108.8125,1,09:36:34.099126826
108.8125,28,09:36:34.099161934
108.8125,48,09:36:34.100177384
108.8125,6,09:36:34.100375354
108.8125,48,09:36:34.100394500
108.8125,1,09:36:34.101862084
108.8125,1,09:36:34.102092051
108.8125,1,09:36:34.102134820
108.8125,5,09:36:34.102185041
108.8125,2,09:36:34.102274675
108.8125,1,09:36:34.102301524
108.8125,1,09:36:34.102422112
108.8125,1,09:36:34.102611460
108.8125,1,09:36:34.103752315
108.8125,1,09:36:34.103905089
108.8125,6,09:36:34.103949886
108.8125,1,09:36:34.104673463
108.8125,1,09:36:34.105122259
108.8125,1,09:36:34.105145549
108.8125,8,09:36:34.105775036
108.8125,1,09:36:34.105860190
108.8125,1,09:36:34.106130657
108.8125,2,09:36:34.106344837
108.8125,1,09:36:34.106537251
108.8125,1,09:36:34.107253463
108.8125,1,09:36:34.107715758
108.8125,9,09:36:34.107844544
108.8125,1,09:36:34.108772761
108.8125,1,09:36:34.108800055
108.8125,2,09:36:34.108824206
108.8125,3,09:36:34.109123738
108.8125,1,09:36:34.109148289
108.8125,1,09:36:34.109236643
108.8125,1,09:36:34.109389756
108.8125,1,09:36:34.109473057
108.8125,15,09:36:34.110607291
108.8125,1,09:36:34.111604166
108.8125,35,09:36:34.114704177
108.8125,20,09:36:34.125587517
108.8125,2,09:36:34.145863507
108.8125,20,09:36:34.148686380
108.8125,1,09:36:34.148892678
108.8125,1,09:36:34.148947582
108.8125,100,09:36:40.673366986
108.8125,1,09:36:40.673990045
108.8125,1,09:36:40.675058510
108.8125,1,09:36:40.675337323
108.8125,96,09:36:43.503897607
108.8125,3,09:36:43.504123157
108.8125,13,09:36:43.575528240
108.8125,100,09:36:43.815060333
108.8125,1,09:36:43.815502489
108.8125,1,09:36:43.815883409
108.8125,16,09:36:43.817149104
108.8125,5,09:36:43.817712690
108.8125,2,09:36:43.817741933
108.8125,1,09:36:43.818172248
108.8125,2,09:36:43.818375814
108.8125,1,09:36:43.818688726
108.8125,10,09:36:43.835413528
108.8125,1,09:36:43.835609515
108.8125,37,09:36:43.835980409
108.8125,20,09:36:43.850378530
108.8125,1,09:36:43.850516120
108.8125,1,09:36:43.850571545
108.8125,1,09:36:43.850652436
108.8125,1,09:36:43.850686277
108.8125,1,09:36:43.850746391
108.8125,1,09:36:43.850776218
108.8125,1,09:36:43.850803579
108.8125,1,09:36:43.850866064
108.8125,1,09:36:43.850909524
108.8125,1,09:36:43.850937995
108.8125,1,09:36:43.850965191
108.8125,1,09:36:43.851031164
108.8125,1,09:36:43.851104807
108.8125,1,09:36:43.851165334
108.8125,1,09:36:43.851201644
108.8125,1,09:36:43.851232749
108.8125,4,09:36:43.851347366
108.8125,10,09:36:43.873140046
108.8125,1,09:36:43.873362978
108.8125,1,09:36:43.873494719
108.8125,38,09:36:43.873555529
108.8125,1,09:36:43.873609425
108.8125,1,09:36:43.873739904
108.8125,8,09:36:43.873854114
108.8125,1,09:36:44.006665823
108.8125,6,09:36:44.006938439
108.8125,1,09:36:44.015108409
108.8125,1,09:36:44.015179188
108.8125,8,09:36:44.015345172
108.8125,1,09:36:44.015439984
108.8125,44,09:36:44.021135296
108.8125,28,09:36:44.113908306
108.8281,1,09:36:44.700929016
108.8125,1,09:36:45.408761613
108.8281,1,09:36:47.073539507
108.8125,10,09:36:52.551436368
108.8125,1,09:36:52.551722412
108.8125,1,09:36:52.551786170
108.8125,1,09:36:52.899306710
108.8125,96,09:36:52.900165319
108.8125,31,09:36:52.900486785
108.8125,154,09:36:52.918147148
108.8125,1,09:36:56.641496869
108.8125,1,09:37:00.211761417
108.8125,1,09:37:07.523752111
108.8125,3,09:37:14.745640596
108.8125,4,09:37:14.745803194
108.8125,1,09:37:14.746065395
108.8125,1,09:37:14.746104471
108.8125,74,09:37:14.746409001
108.8125,14,09:37:14.746611002
108.8125,1,09:37:14.746903549
108.8125,1,09:37:14.747000261
108.8125,1,09:37:14.747091614
108.8125,1,09:37:14.747215033
108.8125,1,09:37:14.747231249
108.8125,1,09:37:14.747253524
108.8125,1,09:37:14.747278875
108.8125,1,09:37:14.747298447
108.8125,1,09:37:14.747335119
108.8125,1,09:37:14.747357718
108.8125,1,09:37:14.747380692
108.8125,1,09:37:14.747409703
108.8125,1,09:37:14.747451768
108.8125,1,09:37:14.747493388
108.8125,1,09:37:14.747524456
108.8125,1,09:37:14.747554278
108.8125,1,09:37:14.747586540
108.8125,1,09:37:14.747622023
108.8125,1,09:37:14.747645781
108.8125,1,09:37:14.747676986
108.8125,1,09:37:14.747715530
108.8125,1,09:37:14.747742187
108.8125,1,09:37:14.747777454
108.8125,30,09:37:14.747870910
108.8125,2,09:37:14.747939150
108.8125,1,09:37:14.747939150
108.8125,1,09:37:14.747995405
108.8125,48,09:37:14.748058843
108.8125,1,09:37:14.748223000
108.8125,1,09:37:14.748256232
108.8125,1,09:37:14.748282905
108.8125,1,09:37:14.748560126
108.8125,1,09:37:14.749414018
108.8125,22,09:37:14.953130379
108.8125,3,09:37:14.953952489
108.8125,3,09:37:14.955480711
108.8125,28,09:37:14.955546268
108.8125,27,09:37:14.955616250
108.8125,1,09:37:14.956077415
108.8125,5,09:37:14.956257200
108.8125,1,09:37:14.956338338
108.8125,1,09:37:14.957185338
108.8125,1,09:37:14.957718336
108.8125,2,09:37:14.957974205
108.8125,1,09:37:15.679432105
108.8125,50,09:37:15.679673588
108.8125,55,09:37:15.877165046
108.8125,15,09:37:15.877333436
108.8281,38,09:37:18.410926199
108.8125,37,09:37:24.760111046
108.8125,1,09:37:31.096406318
108.8125,1,09:37:31.096668640
108.8125,1,09:37:34.092860239
108.8125,1,09:37:38.560617826
108.8125,1,09:37:38.563168940
108.8125,1,09:37:39.507612697
108.8125,1,09:37:39.754344064
108.8125,1,09:37:39.754579724
108.8125,170,09:37:39.755711891
108.8125,3,09:37:39.756116967
108.8125,14,09:37:39.808494260
108.8125,10,09:37:39.808904172
108.8125,94,09:37:39.809342031
108.8125,43,09:37:40.255990841
108.8125,44,09:37:40.259208835
108.8125,1,09:37:40.259963801
108.8125,1,09:37:40.260447055
108.8125,1,09:37:40.260680843
108.8125,1,09:37:40.260724902
108.8125,1,09:37:40.261128292
108.8125,5,09:37:40.261338503
108.8125,2,09:37:40.261614836
108.8125,1,09:37:40.261661787
108.8125,4,09:37:40.262924360
108.8125,22,09:37:40.263024247
108.8125,1,09:37:40.263052414
108.8125,1,09:37:40.263072373
108.8125,1,09:37:40.263206244
108.8125,1,09:37:40.263475360
108.8125,52,09:37:40.271027499
108.8125,5,09:37:40.506054907
108.8125,1,09:37:40.506265615
108.8125,1,09:37:40.506309801
108.8125,5,09:37:41.165615322
108.8125,55,09:37:55.915090098
108.8125,1,09:37:55.915434073
108.8125,1,09:37:55.915462256
108.8125,1,09:37:55.915727400
108.8125,1,09:37:55.915784777
108.8125,1,09:37:55.915809146
108.8125,1,09:37:55.915830814
108.8125,1,09:37:55.915852478
108.8125,1,09:37:55.915874456
108.8125,30,09:37:55.916041512
108.8125,50,09:37:55.917360758
108.8125,47,09:37:55.919471731
108.8125,1,09:37:55.919575872
108.8125,1,09:37:55.919714406
108.8125,1,09:37:55.920084650
108.8125,1,09:37:55.920109956
108.8125,1,09:37:55.920165554
108.8125,1,09:37:55.920191580
108.8125,2,09:37:55.920210313
108.8125,1,09:37:55.920233261
108.8125,2,09:37:55.920255937
108.8125,1,09:37:55.920281207
108.8125,1,09:37:55.920629157
108.8125,1,09:37:55.920653564
108.8125,2,09:37:55.920714317
108.8125,19,09:37:55.920957925
108.8125,1,09:37:55.922007646
108.8125,1,09:37:55.922626320
108.8125,4,09:37:55.923278759
108.8125,4,09:37:55.924556474
108.8125,5,09:37:55.924744690
108.8125,1,09:37:55.925888303
108.8125,1,09:37:55.925950938
108.8125,7,09:37:55.946950162
108.8125,1,09:37:55.947117743
108.8125,1,09:37:55.947206317
108.8125,1,09:37:55.947252801
108.8125,1,09:37:55.947315535
108.8125,6,09:37:55.947555019
108.8125,1,09:37:55.947661581
108.8125,1,09:37:55.947768834
108.8125,1,09:37:55.947835165
108.8125,3,09:37:55.976987933
108.8125,9,09:37:55.982283084
108.8125,4,09:37:56.009631118
108.8125,1,09:37:56.009868985
108.8125,1,09:37:56.009923857
108.7969,2,09:37:59.224261461
108.8125,19,09:37:59.370198205
108.8125,1,09:37:59.370382222
108.8125,1,09:37:59.370662157
108.8125,1,09:37:59.370922799
108.8125,120,09:37:59.781617330
108.8125,3,09:38:00.082190433
108.8125,1,09:38:00.082399359
108.8125,1,09:38:00.082528975
108.8125,10,09:38:00.083206921
108.8125,1,09:38:00.083414698
108.8125,1,09:38:00.083547705
108.8125,7,09:38:00.083688518
108.8125,28,09:38:00.088746402
108.8125,1,09:38:00.184236736
108.8125,2,09:38:01.680546582
108.8125,3,09:38:02.329216545
108.8125,38,09:38:14.694457660
108.8125,1,09:38:20.975165314
108.8281,300,09:38:36.058784620
108.8281,1,09:38:43.128059716
108.8281,300,09:38:46.817846925
108.8281,93,09:39:07.408907032
108.8125,48,09:39:35.277749331
108.8125,1,09:39:40.583632864
108.8281,150,09:39:45.975874042
108.8125,3,09:39:52.392347254
108.8125,1,09:39:53.404499345
108.8125,11,09:39:58.744515573
108.8125,1,09:40:11.714710402
108.8125,1,09:40:11.812012969
108.8125,42,09:40:11.838631633
108.8125,42,09:40:11.838698960
108.8125,42,09:40:11.838849465
108.8125,42,09:40:11.839209923
108.8125,3,09:40:13.683780978
108.8125,2,09:40:13.683950634
108.8125,2,09:40:13.684056996
108.8125,2,09:40:13.684084907
108.8125,34,09:40:13.684293021
108.8125,25,09:40:13.684316387
108.8125,8,09:40:13.684455123
108.8125,6,09:40:13.684898921
108.8125,5,09:40:13.685062470
108.8125,1,09:40:13.685292988
108.8125,1,09:40:13.685327905
108.8125,91,09:40:13.685851587
108.8125,1,09:40:13.685998201
108.8125,4,09:40:13.686009864
108.8125,1,09:40:13.686054602
108.8125,91,09:40:13.686503362
108.8125,1,09:40:13.687112438
108.8125,45,09:40:13.687126323
108.8125,1,09:40:13.687896089
108.8125,1,09:40:13.687933510
108.8125,1,09:40:13.688008434
108.8125,1,09:40:13.688130522
108.8125,8,09:40:13.688274628
108.8125,3,09:40:13.688316903
108.8125,1,09:40:13.688341515
108.8125,2,09:40:13.688378991
108.8125,2,09:40:13.688406877
108.8125,1,09:40:13.688436417
108.8125,5,09:40:13.688465975
108.8125,1,09:40:13.688515041
108.8125,15,09:40:13.688544297
108.8125,1,09:40:13.688712787
108.8125,1,09:40:13.688774336
108.8125,1,09:40:13.688849977
108.8125,7,09:40:13.688917996
108.8125,1,09:40:13.689082436
108.8125,1,09:40:13.689306735
108.8125,1,09:40:13.689356409
108.8125,1,09:40:13.689431032
108.8125,3,09:40:15.217026105
108.8125,1,09:40:15.293813502
108.8125,11,09:40:16.905510297
108.8125,5,09:40:19.383126028
108.8125,1,09:40:20.079484860
108.8281,1,09:40:21.409943270
108.8125,1,09:40:22.992102697
108.8125,11,09:40:35.067319152
108.8125,48,09:40:35.419360096
108.8125,43,09:40:40.124671432
108.8125,11,09:40:53.227044373
108.8125,1,09:40:57.981121637
108.8125,1,09:41:02.438767155
108.8125,1,09:41:05.207584235
108.8281,74,09:41:05.411452502
108.8281,6,09:41:07.479416874
108.8281,1,09:41:07.485870492
108.8281,3,09:41:07.486396980
108.8281,1,09:41:07.486636553
108.8281,1,09:41:07.488076476
108.8281,1,09:41:07.488614794
108.8281,2,09:41:07.548864308
108.8281,2,09:41:07.549167210
108.8281,1,09:41:07.549377714
108.8281,1,09:41:07.549955642
108.8281,1,09:41:07.551670426
108.8281,2,09:41:07.551708337
108.8281,1,09:41:07.551811238
108.8281,2,09:41:07.551900171
108.8281,16,09:41:07.551984905
108.8281,40,09:41:07.552175242
108.8281,597,09:41:07.552833486
108.8281,3,09:41:07.559250508
108.8281,3,09:41:07.560429755
108.8281,3,09:41:07.560542877
108.8281,3,09:41:07.560571114
108.8281,96,09:41:07.561699534
108.8281,29,09:41:07.561916744
108.8281,1,09:41:07.561992170
108.8281,1,09:41:07.562020449
108.8281,25,09:41:07.562058536
108.8281,66,09:41:07.562120783
108.8281,1,09:41:07.562128192
108.8281,13,09:41:07.562150272
108.8281,48,09:41:07.562235675
108.8281,33,09:41:07.562257983
108.8281,1,09:41:07.563043007
108.8281,8,09:41:07.563303755
108.8281,20,09:41:07.563378230
108.8281,1,09:41:07.563410864
108.8281,1,09:41:07.563587777
108.8281,1,09:41:07.563805890
108.8281,1,09:41:07.566660350
108.8281,1,09:41:07.567572023
108.8281,1,09:41:07.568180263
108.8281,1,09:41:07.568204859
108.8281,99,09:41:07.568250015
108.8281,1,09:41:07.568283772
108.8281,44,09:41:07.568319827
108.8281,1,09:41:07.568343047
108.8281,140,09:41:07.568377732
108.8281,1,09:41:07.569988824
108.8281,48,09:41:07.570069111
108.8281,1,09:41:07.570169849
108.8281,1,09:41:07.570334380
108.8281,5,09:41:07.570370899
108.8281,1,09:41:07.570426305
108.8281,1,09:41:07.570556004
108.8281,2,09:41:07.570576561
108.8281,10,09:41:07.570710198
108.8281,1,09:41:07.570737524
108.8281,1,09:41:07.571393259
108.8281,1,09:41:07.571449254
108.8281,2,09:41:07.571488314
108.8281,1,09:41:07.571537467
108.8281,139,09:41:07.571648820
108.8281,1,09:41:07.571936816
108.8281,1,09:41:07.572048674
108.8281,1,09:41:07.572358322
108.8281,1,09:41:07.572382232
108.8281,3,09:41:07.572653781
108.8281,2,09:41:07.572712783
108.8281,1,09:41:07.572847903
108.8281,2,09:41:07.572884656
108.8281,2,09:41:07.572922554
108.8281,1,09:41:07.573014239
108.8281,1,09:41:07.573275044
108.8281,1,09:41:07.573779662
108.8281,2,09:41:07.573874189
108.8281,1,09:41:07.574040656
108.8281,1,09:41:07.574722747
108.8281,2,09:41:07.577750701
108.8281,41,09:41:20.741418711
108.8281,300,09:41:26.092243325
108.8281,1,09:41:26.092683536
108.8281,1,09:41:26.092731700
108.8281,1,09:41:26.092779797
108.8281,1,09:41:26.093207226
108.8281,1,09:41:26.093837757
108.8281,55,09:41:26.101820197
108.8281,55,09:41:26.101949604
108.8281,153,09:41:26.102314728
108.8281,96,09:41:26.102793887
108.8281,31,09:41:26.102832668
108.8281,1,09:41:26.102923586
108.8281,2,09:41:26.103027405
108.8281,1,09:41:26.103027405
108.8281,1,09:41:26.103060196
108.8281,24,09:41:26.103116316
108.8281,3,09:41:26.103727727
108.8281,174,09:41:26.104640234
108.8281,1,09:41:26.104713078
108.8281,2,09:41:26.104984859
108.8281,7,09:41:26.105016168
108.8281,48,09:41:26.105588689
108.8281,48,09:41:26.105665641
108.8281,2,09:41:26.105691683
108.8281,6,09:41:26.105731450
108.8281,55,09:41:26.105913902
108.8281,3,09:41:26.106205065
108.8281,1,09:41:26.107741513
108.8281,1,09:41:26.107861544
108.8281,1,09:41:26.107910473
108.8281,4,09:41:26.108012635
108.8281,1,09:41:26.108303190
108.8281,4,09:41:26.108329034
108.8281,5,09:41:26.108425533
108.8281,1,09:41:26.109213024
108.8281,55,09:41:26.109844592
108.8281,48,09:41:26.109872461
108.8281,2,09:41:26.109926683
108.8281,1,09:41:26.110015418
108.8281,48,09:41:26.110121590
108.8281,1,09:41:26.110147405
108.8281,55,09:41:26.110173795
108.8281,31,09:41:26.110204071
108.8281,1,09:41:26.111969889
108.8281,2,09:41:26.112031478
108.8281,53,09:41:26.112067561
108.8281,1,09:41:26.112376406
108.8281,1,09:41:26.113132623
108.8281,2,09:41:26.113172771
108.8281,1,09:41:26.113334893
108.8281,1,09:41:26.113445612
108.8281,2,09:41:26.113508832
108.8281,1,09:41:26.113555099
108.8281,1,09:41:26.113585666
108.8281,6,09:41:26.113631939
108.8281,1,09:41:26.113663735
108.8281,2,09:41:26.113726578
108.8281,8,09:41:26.113747669
108.8281,1,09:41:26.113877883
108.8281,6,09:41:26.113920111
108.8281,2,09:41:26.114069553
108.8281,1,09:41:26.114149927
108.8281,1,09:41:26.114191768
108.8281,2,09:41:26.114210095
108.8281,1,09:41:26.114233269
108.8281,58,09:41:26.114665870
108.8281,1,09:41:26.115828258
108.8281,2,09:41:26.116160969
108.8281,1,09:41:26.116258757
108.8281,14,09:41:26.116540068
108.8281,1,09:41:26.116638867
108.8281,1,09:41:26.116661065
108.8281,1,09:41:26.116856759
108.8281,1,09:41:26.128666770
108.8281,47,09:41:26.278985329
108.8281,41,09:41:26.281575221
108.8281,1,09:41:26.281850910
108.8281,1,09:41:28.098006027
108.8281,176,09:41:28.335342508
108.8281,1,09:41:28.335440404
108.8281,3,09:41:28.335547890
108.8281,2,09:41:39.560282124
108.8438,1,09:41:48.314935257
108.8438,1,09:41:52.102129785
108.8438,2,09:41:52.728580247
108.8438,2,09:41:52.728632110
108.8438,3,09:41:52.728728552
108.8438,2,09:41:52.728840106
108.8438,46,09:41:52.729328922
108.8438,1,09:41:52.729394761
108.8438,1,09:41:52.729526913
108.8438,2,09:41:52.729621455
108.8438,1,09:41:52.729621455
108.8438,3,09:41:52.729891190
108.8438,1,09:41:52.730008712
108.8438,3,09:41:52.730035262
108.8438,3,09:41:52.730536453
108.8438,3,09:41:52.730961590
108.8438,48,09:41:52.737543558
108.8438,89,09:41:52.738124095
108.8438,40,09:41:52.738744930
108.8438,1,09:41:52.738773810
108.8438,2,09:41:52.738811398
108.8438,6,09:41:52.738832935
108.8438,1,09:41:52.738897105
108.8438,55,09:41:52.738987999
108.8438,99,09:41:52.739010387
108.8438,1,09:41:52.739130468
108.8438,1,09:41:52.739275961
108.8438,37,09:41:52.739318135
108.8438,1,09:41:52.739344903
108.8438,2,09:41:52.739371137
108.8438,12,09:41:52.739400306
108.8438,3,09:41:52.739420947
108.8438,1,09:41:52.739442387
108.8438,1,09:41:52.739471760
108.8438,1,09:41:52.739499742
108.8438,1,09:41:52.739530149
108.8438,1,09:41:52.739555250
108.8438,20,09:41:52.739623091
108.8438,27,09:41:52.739719987
108.8438,3,09:41:52.739759635
108.8438,2,09:41:52.739785303
108.8438,2,09:41:52.739825447
108.8438,3,09:41:52.739861634
108.8438,1,09:41:52.739876847
108.8438,30,09:41:52.739975259
108.8438,1,09:41:52.740007976
108.8438,73,09:41:52.740057884
108.8438,3,09:41:52.740057884
108.8438,1,09:41:52.740344204
108.8438,1,09:41:52.740436196
108.8438,14,09:41:52.740535420
108.8438,13,09:41:52.740785365
108.8438,3,09:41:52.741046685
108.8438,1,09:41:52.741971862
108.8438,48,09:41:52.743280042
108.8438,50,09:41:52.743356306
108.8438,48,09:41:52.743399993
108.8438,2,09:41:52.743524078
108.8438,2,09:41:52.743565849
108.8438,2,09:41:52.743885495
108.8438,150,09:41:52.744892817
108.8438,2,09:41:52.745815722
108.8438,1,09:41:52.746033986
108.8438,1,09:41:52.746355602
108.8438,1,09:41:52.746625787
108.8438,5,09:41:52.748836990
108.8438,1,09:41:52.750101207
108.8438,6,09:41:52.750162155
108.8438,1,09:41:52.750193267
108.8438,1,09:41:52.750333209
108.8438,1,09:41:52.750504904
108.8438,37,09:41:52.750528261
108.8438,1,09:41:52.750809164
108.8438,1,09:41:52.750876464
108.8438,48,09:41:52.751337517
108.8438,55,09:41:52.751380299
108.8438,12,09:41:52.751987057
108.8438,16,09:41:52.752021329
108.8438,3,09:41:52.752170337
108.8438,8,09:41:52.752363839
108.8438,1,09:41:52.752452333
108.8438,1,09:41:52.752524088
108.8438,1,09:41:52.752622823
108.8438,1,09:41:52.752647828
108.8438,50,09:41:52.752723445
108.8438,40,09:41:52.752790698
108.8438,14,09:41:52.752972481
108.8438,1,09:41:52.753521433
108.8438,1,09:41:52.754052455
108.8438,3,09:41:52.754136575
108.8438,1,09:41:52.754403445
108.8438,1,09:41:52.754437759
108.8438,6,09:41:52.757036598
108.8438,1,09:41:52.757195449
108.8438,3,09:41:52.757416528
108.8438,1,09:41:52.757600306
108.8438,1,09:41:52.757873758
108.8438,1,09:41:52.758240444
108.8438,1,09:41:52.758735574
108.8438,1,09:41:52.759135086
108.8438,6,09:41:52.762548441
108.8438,23,09:41:52.762794792
108.8438,17,09:41:52.763462117
108.8438,1,09:41:52.766754408
108.8438,10,09:41:52.767717962
108.8438,10,09:41:59.745415047
108.8438,93,09:42:05.544346785
108.8281,9,09:42:24.032649938
108.8281,1,09:42:24.647104316
108.8281,3,09:42:24.649747723
108.8438,1,09:42:28.270803360
108.8281,11,09:42:42.193805650
108.8281,5,09:42:44.559708524
108.8281,77,09:42:44.559949515
108.8281,2,09:42:44.560091003
108.8281,3,09:42:44.560148632
108.8281,2,09:42:44.560269057
108.8281,3,09:42:44.560598932
108.8281,2,09:42:44.560634079
108.8281,55,09:42:44.560973241
108.8281,3,09:42:44.561507889
108.8281,1,09:42:44.561571992
108.8281,1,09:42:44.561608326
108.8281,1,09:42:44.561833108
108.8281,1,09:42:44.561881192
108.8281,1,09:42:44.561903996
108.8281,1,09:42:44.561922793
108.8281,1,09:42:44.561948922
108.8281,1,09:42:44.561967226
108.8281,1,09:42:44.561995326
108.8281,1,09:42:44.562022001
108.8281,1,09:42:44.562049673
108.8281,1,09:42:44.562075541
108.8281,1,09:42:44.562108348
108.8281,1,09:42:44.562151441
108.8281,1,09:42:44.562176337
108.8281,1,09:42:44.562198904
108.8281,1,09:42:44.562229116
108.8281,1,09:42:44.562246313
108.8281,1,09:42:44.562307530
108.8281,1,09:42:44.562329450
108.8281,1,09:42:44.562383033
108.8281,1,09:42:44.562402051
108.8281,31,09:42:44.562607696
108.8281,55,09:42:44.562826485
108.8281,2,09:42:44.563240487
108.8281,3,09:42:44.563308347
108.8281,2,09:42:44.563422879
108.8281,14,09:42:44.563574042
108.8281,3,09:42:44.563647820
108.8281,11,09:42:44.564054868
108.8281,8,09:42:44.564226981
108.8281,4,09:42:44.564336586
108.8281,2,09:42:44.564740527
108.8281,2,09:42:44.564779081
108.8281,2,09:42:44.565972305
108.8281,16,09:42:44.566003080
108.8281,32,09:42:44.566039247
108.8281,14,09:42:44.566057251
108.8281,9,09:42:44.566086781
108.8281,1,09:42:44.566122695
108.8281,5,09:42:44.566138414
108.8281,14,09:42:44.566160514
108.8281,5,09:42:44.566416622
108.8281,55,09:42:44.566593297
108.8281,55,09:42:44.566628511
108.8281,31,09:42:44.566654719
108.8281,1,09:42:44.566704738
108.8281,4,09:42:44.566960018
108.8281,1,09:42:44.567014170
108.8281,76,09:42:44.567179852
108.8281,2,09:42:47.202411637
108.8125,9,09:42:59.970828514
108.8125,11,09:43:00.355052415
108.8125,5,09:43:07.809855748
108.8125,5,09:43:11.012612020
108.8125,11,09:43:18.515341162
108.8125,1,09:43:19.067353156
108.8125,11,09:43:36.676640361
108.8125,6,09:43:48.044317969
108.8125,31,09:43:52.729738838
108.8125,55,09:43:52.729882801
108.8125,55,09:43:52.729991603
108.8125,1,09:43:52.732122040
108.8125,64,09:43:52.732323829
108.8125,5,09:43:52.732647138
108.8125,1,09:43:52.732647138
108.8125,124,09:43:52.732823058
108.8125,2,09:43:52.732952520
108.8125,197,09:43:52.733207081
108.8125,7,09:43:52.734025892
108.8125,49,09:43:52.734149153
108.8125,1,09:43:52.734181645
108.8125,1,09:43:52.734248455
108.8125,1,09:43:52.734355326
108.8125,14,09:43:52.734460150
108.8125,16,09:43:52.734460150
108.8125,42,09:43:52.734477028
108.8125,2,09:43:52.734505918
108.8125,16,09:43:52.734542949
108.8125,5,09:43:52.734573800
108.8125,1,09:43:52.734617785
108.8125,3,09:43:52.734707218
108.8125,10,09:43:52.734745545
108.8125,2,09:43:52.734790800
108.8125,1,09:43:52.734831130
108.8125,1,09:43:52.734855301
108.8125,61,09:43:52.734958967
108.8125,2,09:43:52.734977601
