price,volume,timestamp
5252.5,29,09:15:00.112111749
5252.5,2,09:15:00.112803923
5252.5,1,09:15:00.113246838
5252.5,1,09:15:00.113607020
5252.5,1,09:15:00.209720600
5252.5,1,09:15:00.349217019
5252.5,3,09:15:00.371169464
5252.5,2,09:15:00.371350268
5252.5,1,09:15:00.371399844
5252.5,1,09:15:00.371450010
5252.5,2,09:15:00.371734913
5252.5,10,09:15:00.371927172
5252.5,4,09:15:00.372172876
5252.5,1,09:15:00.372248459
5252.5,1,09:15:00.372451833
5252.5,5,09:15:00.373344379
5252.5,1,09:15:00.423586067
5252.5,6,09:15:00.472788342
5252.75,13,09:15:00.739972590
5252.5,1,09:15:00.781816410
5252.5,1,09:15:00.797369488
5252.5,1,09:15:03.675526162
5252.5,2,09:15:05.012321594
5252.5,1,09:15:06.403062914
5252.5,1,09:15:06.403241491
5252.5,5,09:15:06.403370876
5252.5,1,09:15:06.403515906
5252.5,1,09:15:06.403590272
5252.5,3,09:15:06.403590272
5252.5,7,09:15:06.446739350
5252.5,1,09:15:06.447114164
5252.25,1,09:15:07.282738600
5252.25,1,09:15:07.716173683
5252.25,3,09:15:07.816958894
5252.25,2,09:15:07.959291810
5252.25,2,09:15:08.353960268
5252.25,4,09:15:08.354206848
5252.25,5,09:15:08.354299465
5252.25,1,09:15:08.354469923
5252.25,1,09:15:08.354538785
5252.25,1,09:15:11.125993485
5252.25,2,09:15:11.701833508
5252.25,1,09:15:12.548537571
5252.25,1,09:15:13.435179443
5252.5,2,09:15:14.282314194
5252.5,5,09:15:14.282414609
5252.5,1,09:15:14.282542269
5252.5,2,09:15:14.282542269
5252.5,4,09:15:14.282771112
5252.5,5,09:15:14.282863926
5252.5,5,09:15:14.283054184
5252.5,6,09:15:14.283120236
5252.25,38,09:15:14.555949560
5252.25,1,09:15:16.885269170
5252.25,3,09:15:16.907440650
5252.5,2,09:15:16.918690922
5252.5,1,09:15:16.918839597
5252.5,15,09:15:16.919069317
5252.5,1,09:15:16.958344151
5252.5,1,09:15:16.974447455
5252.5,7,09:15:17.009388287
5252.5,3,09:15:17.009599786
5252.5,1,09:15:17.009905702
5252.25,5,09:15:20.572881735
5252.25,1,09:15:22.139302577
5252.25,1,09:15:22.945378746
5252.5,2,09:15:25.102260881
5252.5,25,09:15:26.911938608
5252.5,2,09:15:26.912451857
5252.5,2,09:15:26.912648918
5252.5,10,09:15:26.912747959
5252.5,1,09:15:26.912783025
5252.5,1,09:15:26.914536895
5252.5,2,09:15:26.939602178
5252.25,1,09:15:27.150129418
5252.25,3,09:15:27.170996110
5252.25,6,09:15:27.222902900
5252.25,1,09:15:30.798070758
5252.5,1,09:15:30.851917426
5252.5,1,09:15:31.688582779
5252.25,3,09:15:32.483879733
5252.25,1,09:15:33.554003088
5252.5,2,09:15:33.791772088
5252.25,1,09:15:34.153892079
5252.5,10,09:15:35.607701236
5252.25,1,09:15:36.582229065
5252.25,4,09:15:37.189477012
5252.25,1,09:15:37.217508206
5252.25,6,09:15:37.270394618
5252.25,1,09:15:38.859501235
5252.25,1,09:15:40.151543944
5252.25,20,09:15:41.912254372
5252.25,19,09:15:41.912719383
5252.25,8,09:15:41.912831990
5252.25,1,09:15:41.913149779
5252.0,1,09:15:42.854334751
5252.0,1,09:15:42.854349020
5252.0,2,09:15:42.854349020
5252.0,5,09:15:42.854349020
5252.0,2,09:15:42.904199489
5252.25,5,09:15:43.545342378
5252.0,2,09:15:43.867062901
5252.0,1,09:15:43.936986095
5252.25,1,09:15:43.938400943
5252.25,2,09:15:43.938598474
5252.25,8,09:15:43.938759446
5252.25,1,09:15:43.939147045
5252.25,6,09:15:43.939381206
5252.25,9,09:15:43.939573789
5252.25,1,09:15:43.939659679
5252.25,1,09:15:43.942567258
5252.25,1,09:15:44.140561572
5252.5,15,09:15:46.174730814
5252.5,1,09:15:46.176815109
5252.5,2,09:15:46.176976097
5252.5,1,09:15:46.177015157
5252.5,1,09:15:46.177049714
5252.5,1,09:15:46.177172406
5252.5,2,09:15:46.177172406
5252.5,1,09:15:46.178241067
5252.5,1,09:15:46.178411823
5252.5,1,09:15:46.587342529
5252.5,3,09:15:46.622709913
5252.5,8,09:15:46.622939105
5252.5,1,09:15:46.623042129
5252.25,2,09:15:47.118298599
5252.25,7,09:15:47.140632905
5252.25,1,09:15:50.090034504
5252.5,1,09:15:50.131008738
5252.25,1,09:15:50.131116182
5252.5,8,09:15:50.131223027
5252.5,6,09:15:50.131504674
5252.5,1,09:15:50.131552208
5252.5,4,09:15:50.131600385
5252.5,1,09:15:50.461731628
5252.5,3,09:15:50.603082654
5252.5,1,09:15:50.603244002
5252.5,4,09:15:50.603559368
5252.5,1,09:15:50.603645225
5252.5,2,09:15:50.603740104
5252.5,1,09:15:50.603740104
5252.5,2,09:15:50.631104621
5252.5,1,09:15:56.682498994
5252.5,2,09:15:56.682541097
5252.5,6,09:15:56.682657643
5252.5,1,09:15:56.682721910
5252.5,3,09:15:56.682752221
5252.5,10,09:15:56.682970235
5252.5,2,09:15:56.683011084
5252.5,1,09:15:56.683350246
5252.5,1,09:15:56.683430363
5252.5,13,09:15:56.683867092
5252.5,1,09:15:56.684309843
5252.5,3,09:15:56.685100422
5252.5,1,09:15:56.685569024
5252.5,1,09:16:00.034425494
5252.5,13,09:16:00.089378757
5252.5,1,09:16:00.089506372
5252.25,1,09:16:00.099607383
5252.25,1,09:16:00.099835426
5252.5,1,09:16:00.297805741
5252.5,5,09:16:01.564309606
5252.5,1,09:16:01.564341224
5252.5,1,09:16:01.564510837
5252.5,2,09:16:01.564553067
5252.5,3,09:16:02.020600325
5252.5,1,09:16:02.021055416
5252.5,5,09:16:02.021694655
5252.5,12,09:16:02.021949329
5252.75,10,09:16:02.319213569
5252.75,2,09:16:03.502928617
5252.75,2,09:16:03.525750534
5252.5,5,09:16:06.637174136
5252.5,1,09:16:06.638056455
5252.5,1,09:16:06.661745032
5252.5,1,09:16:06.661783838
5252.5,1,09:16:06.661819528
5252.5,4,09:16:06.661963154
5252.5,1,09:16:06.662030251
5252.5,11,09:16:06.662122915
5252.5,1,09:16:06.662448125
5252.5,2,09:16:06.662500660
5252.5,1,09:16:06.662640989
5252.5,5,09:16:06.662700389
5252.5,1,09:16:06.663485345
5252.5,1,09:16:06.663613406
5252.5,1,09:16:06.663649137
5252.5,1,09:16:06.663881466
5252.5,4,09:16:06.664070090
5252.5,1,09:16:06.664118232
5252.5,2,09:16:06.664167631
5252.5,1,09:16:06.908252308
5252.5,1,09:16:06.909007108
5252.5,6,09:16:10.943876302
5252.5,10,09:16:10.944199557
5252.5,2,09:16:10.944411261
5252.25,2,09:16:14.979953907
5252.25,20,09:16:14.980236738
5252.25,5,09:16:14.980409878
5252.25,6,09:16:14.980507627
5252.25,1,09:16:14.980618855
5252.25,8,09:16:14.980743619
5252.5,1,09:16:16.339837621
5252.5,22,09:16:18.372189249
5252.5,1,09:16:18.376783808
5252.5,2,09:16:18.431070245
5252.5,1,09:16:20.228301838
5252.5,4,09:16:20.281627954
5252.5,23,09:16:22.436165904
5252.5,2,09:16:22.436227279
5252.5,1,09:16:22.436267283
5252.5,1,09:16:22.436293744
5252.5,2,09:16:22.436384780
5252.5,1,09:16:22.436434195
5252.5,5,09:16:22.436760991
5252.5,1,09:16:22.436958822
5252.5,10,09:16:22.437106426
5252.5,1,09:16:22.439869637
5252.5,13,09:16:22.476191573
5252.5,5,09:16:22.476649077
5252.5,10,09:16:22.476883974
5252.5,4,09:16:22.477079684
5252.5,2,09:16:24.617551352
5252.75,10,09:16:25.094017048
5252.75,5,09:16:28.927606161
5252.75,1,09:16:28.927789397
5252.75,1,09:16:28.927925691
5252.75,2,09:16:28.927925691
5252.75,5,09:16:28.928025834
5252.75,3,09:16:28.928050928
5252.75,1,09:16:28.928081134
5252.75,1,09:16:28.928158749
5252.75,1,09:16:28.928200887
5252.75,10,09:16:28.933646593
5252.75,3,09:16:28.933835061
5252.75,6,09:16:28.940514944
5252.75,1,09:16:28.966103176
5252.75,1,09:16:30.254519785
5253.0,3,09:16:30.444902502
5253.0,1,09:16:30.444911631
5253.0,2,09:16:30.444911631
5253.0,1,09:16:30.469727249
5253.0,1,09:16:30.611633737
5253.0,10,09:16:30.620377792
5253.0,1,09:16:31.248238282
5253.0,2,09:16:31.289296374
5253.0,1,09:16:31.540291829
5253.0,1,09:16:31.593114904
5252.75,5,09:16:32.465039902
5252.75,7,09:16:32.465354357
5252.75,2,09:16:32.465434762
5252.75,1,09:16:32.465507598
5252.75,1,09:16:32.465545180
5252.75,1,09:16:32.465690056
5252.75,1,09:16:32.465860315
5252.75,1,09:16:32.466281624
5252.75,1,09:16:32.466317337
5253.0,5,09:16:32.563182345
5252.75,1,09:16:33.340237390
5252.75,2,09:16:34.573711474
5252.75,1,09:16:34.573732217
5252.75,1,09:16:34.574817650
5252.75,2,09:16:34.574853356
5252.75,1,09:16:34.575200262
5252.75,3,09:16:34.575200262
5252.75,2,09:16:34.575200262
5252.75,10,09:16:34.575200262
5252.75,1,09:16:34.575221264
5252.75,2,09:16:34.575599781
5252.75,1,09:16:34.575646230
5252.75,2,09:16:34.576362384
5252.75,1,09:16:35.126802377
5252.75,2,09:16:35.307031313
5252.75,1,09:16:35.354352335
5252.75,1,09:16:35.355120434
5252.75,1,09:16:35.355503436
5252.75,7,09:16:35.356028599
5252.75,4,09:16:35.356451999
5253.0,1,09:16:35.673468618
5253.0,1,09:16:35.826119525
5253.0,1,09:16:36.628138220
5253.0,25,09:16:36.752740635
5253.0,2,09:16:39.043281149
5253.0,25,09:16:41.182555181
5253.0,1,09:16:42.509285747
5253.0,37,09:16:42.857284214
5253.0,1,09:16:47.924154977
5253.25,1,09:16:48.110344612
5253.25,3,09:16:53.025208845
5253.25,1,09:16:54.652754817
5253.0,1,09:16:56.323868673
5253.0,1,09:16:56.323998634
5253.25,1,09:16:57.094385526
5253.0,10,09:17:00.570705876
5253.25,2,09:17:03.161345724
5253.25,2,09:17:03.161383004
5253.25,1,09:17:03.161410477
5253.25,6,09:17:03.161481349
5253.25,2,09:17:03.161540332
5253.25,2,09:17:03.161581283
5253.25,1,09:17:04.068997258
5253.25,2,09:17:04.387799079
5253.25,1,09:17:05.739778787
5253.25,2,09:17:06.113503226
5253.25,1,09:17:06.587185298
5253.0,1,09:17:08.596820086
5253.25,1,09:17:12.557345183
5253.25,1,09:17:13.779436235
5253.25,1,09:17:13.779663001
5253.25,1,09:17:13.779804937
5253.25,4,09:17:16.497614411
5253.0,2,09:17:18.209177220
5253.0,1,09:17:19.695370702
5253.0,3,09:17:19.697104374
5253.0,5,09:17:19.697215379
5253.0,10,09:17:19.697215379
5253.0,3,09:17:19.697316977
5253.0,4,09:17:19.697380882
5253.0,1,09:17:19.697501621
5253.0,5,09:17:19.697501621
5253.0,1,09:17:19.697568845
5253.0,47,09:17:19.697690085
5253.0,1,09:17:19.697849107
5253.0,1,09:17:19.697926401
5253.0,2,09:17:19.697926401
5253.0,5,09:17:19.698024306
5253.0,2,09:17:19.698138044
5253.0,1,09:17:19.698618082
5253.0,10,09:17:20.185550542
5253.0,1,09:17:20.185668277
5253.0,1,09:17:20.185703994
5253.0,2,09:17:20.186185153
5253.0,3,09:17:22.151728564
5253.0,18,09:17:22.151992584
5253.0,6,09:17:22.152275579
5253.0,1,09:17:22.152313183
5253.0,5,09:17:22.152561957
5253.0,4,09:17:22.152824947
5253.0,3,09:17:22.152881630
5253.0,1,09:17:22.152989050
5253.0,6,09:17:22.155329481
5253.0,1,09:17:22.155512128
5253.0,1,09:17:22.155560302
5253.0,1,09:17:22.155806467
5253.0,11,09:17:23.105832964
5253.0,1,09:17:23.121811734
5252.75,3,09:17:23.984615089
5252.75,1,09:17:24.460582820
5252.75,12,09:17:28.787473208
5252.75,2,09:17:28.787675628
5252.75,2,09:17:28.787775947
5252.75,2,09:17:28.787877312
5252.75,1,09:17:28.787877312
5252.75,1,09:17:28.787956875
5252.75,7,09:17:28.788051751
5252.75,8,09:17:28.788125304
5252.75,5,09:17:28.788192643
5252.75,1,09:17:28.788483962
5252.75,1,09:17:28.788521892
5252.75,2,09:17:28.788854756
5252.75,1,09:17:28.789144343
5252.75,9,09:17:28.796097607
5252.75,1,09:17:29.780154914
5252.75,2,09:17:29.780185484
5252.75,1,09:17:29.780257539
5252.75,3,09:17:29.780257539
5252.75,1,09:17:29.780326257
5252.75,3,09:17:29.780401229
5252.75,1,09:17:29.780434410
5252.75,6,09:17:29.780696873
5252.75,1,09:17:29.780861805
5252.75,1,09:17:29.780984422
5252.75,7,09:17:30.708469678
5252.75,4,09:17:30.708924558
5253.0,3,09:17:31.931828853
5252.75,3,09:17:33.343338354
5252.75,1,09:17:34.293992136
5253.0,1,09:17:36.917258188
5253.0,1,09:17:38.435688773
5253.0,1,09:17:40.556590062
5253.0,2,09:17:42.465830658
5253.0,10,09:17:42.465965841
5253.0,2,09:17:42.466073113
5253.0,3,09:17:42.466126781
5253.0,6,09:17:42.466236483
5253.0,1,09:17:42.466375206
5253.0,6,09:17:42.466375206
5253.0,1,09:17:42.466583348
5253.0,1,09:17:42.466658606
5253.0,7,09:17:42.467460143
5253.0,1,09:17:44.362440112
5253.0,1,09:17:46.676116485
5253.0,1,09:17:46.676574751
5252.75,1,09:17:47.255909553
5253.0,2,09:17:48.557962890
5253.0,1,09:17:48.558156446
5253.0,1,09:17:48.558192216
5253.0,1,09:17:48.559089524
5253.0,5,09:17:48.559348342
5253.0,3,09:17:48.559422862
5252.75,3,09:17:48.657468278
5252.75,2,09:17:53.155837047
5252.75,1,09:17:53.196836205
5252.75,1,09:17:53.256163602
5253.0,1,09:17:54.627362661
5253.0,10,09:17:56.608361031
5253.0,2,09:17:56.608463678
5253.0,2,09:17:56.610146521
5253.0,1,09:17:56.610204820
5253.0,1,09:17:56.610289688
5253.0,1,09:17:56.610378212
5253.0,3,09:17:56.610378212
5253.0,12,09:17:56.610506416
5253.0,1,09:17:56.610803325
5253.0,9,09:17:56.611091954
5253.0,2,09:17:56.611346920
5253.0,2,09:17:56.611415353
5253.0,6,09:17:56.611589167
5253.0,1,09:17:56.611620679
5253.0,2,09:17:56.611684053
5253.25,1,09:17:59.780047894
5253.25,1,09:18:02.898241231
5253.0,1,09:18:03.795807877
5253.25,1,09:18:04.894567975
5253.25,1,09:18:05.304785304
5253.0,1,09:18:08.538758009
5253.0,1,09:18:08.661880658
5253.25,1,09:18:08.904900996
5253.0,1,09:18:09.312730305
5253.0,25,09:18:10.152253062
5253.0,1,09:18:10.152401517
5253.0,1,09:18:10.152519586
5253.0,5,09:18:10.153024374
5253.0,7,09:18:10.153093521
5253.0,1,09:18:10.153249844
5253.0,1,09:18:10.153466905
5253.0,1,09:18:10.153604517
5253.0,2,09:18:10.153604517
5253.0,1,09:18:10.153873667
5253.0,2,09:18:10.157545141
5253.0,3,09:18:10.273354587
5253.0,2,09:18:10.273582202
5253.0,1,09:18:10.274414331
5253.0,1,09:18:10.305581850
5253.0,2,09:18:11.802761567
5252.75,1,09:18:11.990949660
5252.75,7,09:18:12.276216061
5253.0,1,09:18:13.175900204
5253.0,1,09:18:13.334177389
5253.0,50,09:18:17.238722141
5253.0,1,09:18:17.239023946
5253.0,5,09:18:17.239065121
5253.0,6,09:18:17.239120005
5253.0,2,09:18:17.376716316
5253.0,1,09:18:17.404518442
5253.25,5,09:18:18.175879307
5253.25,1,09:18:18.175972631
5253.25,1,09:18:18.176095545
5253.25,1,09:18:18.176158619
5253.25,7,09:18:18.176262009
5253.25,1,09:18:18.798624635
5253.5,10,09:18:21.105557701
5253.5,2,09:18:21.105569234
5253.5,5,09:18:21.107542224
5253.5,1,09:18:21.107681365
5253.5,1,09:18:21.107763931
5253.5,5,09:18:21.107887668
5253.5,5,09:18:21.107944788
5253.75,4,09:18:22.422957056
5253.75,1,09:18:22.422971081
5253.75,3,09:18:23.040745995
5253.75,1,09:18:24.633110951
5253.75,1,09:18:24.633273012
5253.75,13,09:18:24.633461978
5253.75,2,09:18:24.635036852
5253.75,3,09:18:24.635074395
5253.75,2,09:18:24.656861657
5253.75,1,09:18:28.011806183
5253.5,3,09:18:28.969659054
5253.75,10,09:18:29.207100328
5253.75,3,09:18:30.154071833
5253.75,1,09:18:30.154237728
5253.75,1,09:18:30.154279616
5253.75,18,09:18:30.154315028
5253.75,7,09:18:30.154489120
5253.75,1,09:18:30.154764298
5253.75,1,09:18:30.154963544
5253.75,1,09:18:30.154998361
5253.75,1,09:18:30.155067495
5253.75,1,09:18:30.447455383
5253.75,2,09:18:30.473602737
5253.75,2,09:18:30.522165977
5253.75,1,09:18:30.579730627
5254.0,4,09:18:31.042892843
5254.0,1,09:18:31.042905080
5254.0,1,09:18:32.366487726
5254.0,1,09:18:32.550076221
5254.0,5,09:18:33.038857327
5254.0,4,09:18:33.865988644
5254.0,2,09:18:33.956295122
5254.0,2,09:18:35.632657775
5254.0,1,09:18:37.533203522
5254.0,2,09:18:39.077818815
5254.0,1,09:18:39.448136460
5253.75,1,09:18:40.013636863
5254.0,4,09:18:41.795881220
5253.75,1,09:18:42.470467671
5253.75,2,09:18:42.596777160
5253.75,1,09:18:42.644131511
5254.0,5,09:18:44.227023135
5254.0,3,09:18:44.227079143
5254.0,1,09:18:44.227128797
5253.75,5,09:18:44.442702924
5253.75,5,09:18:44.443072945
5253.75,1,09:18:44.443143826
5253.75,17,09:18:44.443257429
5253.75,1,09:18:44.443293304
5253.75,2,09:18:44.443393694
5253.75,5,09:18:44.443556952
5253.75,1,09:18:44.443589733
5253.75,1,09:18:44.443852820
5253.75,6,09:18:44.443943190
5253.75,1,09:18:44.443991213
5253.75,1,09:18:44.444155082
5253.75,1,09:18:44.494115869
5254.0,1,09:18:44.548798214
5254.0,1,09:18:46.638572825
5253.75,1,09:18:47.970504193
5253.75,1,09:18:47.970531138
5254.0,1,09:18:48.632776762
5254.0,8,09:18:49.473315618
5253.75,5,09:18:49.503531915
5254.0,1,09:18:49.628268414
5254.0,1,09:18:49.795820173
5254.0,1,09:18:49.967488001
5254.0,1,09:18:50.289210322
5254.0,1,09:18:50.615453028
5254.0,3,09:18:50.834770629
5254.0,4,09:18:51.765628061
5254.0,1,09:18:51.799144022
5253.75,1,09:18:52.658677834
5253.75,1,09:18:52.707348908
5253.75,4,09:18:54.984214523
5254.0,3,09:18:55.554263533
5254.0,2,09:18:55.554275649
5254.0,10,09:18:56.266313866
5254.0,2,09:18:58.263303907
5254.0,2,09:19:02.270333087
5254.0,1,09:19:02.318935193
5253.75,2,09:19:02.880793315
5253.75,1,09:19:02.935697374
5254.0,2,09:19:03.221306453
5253.75,1,09:19:04.113351861
5254.0,1,09:19:05.423611308
5253.75,1,09:19:06.238623503
5253.75,1,09:19:06.723554374
5253.75,1,09:19:07.202536625
5254.0,4,09:19:07.733557280
5253.75,1,09:19:09.029890257
5254.0,1,09:19:11.388701520
5253.75,1,09:19:12.128321949
5253.75,2,09:19:13.082534860
5253.75,1,09:19:13.129835724
5254.0,2,09:19:13.861699951
5253.75,3,09:19:14.709773897
5253.75,1,09:19:14.709858423
5253.75,5,09:19:14.709858423
5253.75,40,09:19:14.710290691
5253.75,1,09:19:14.710863579
5253.75,1,09:19:14.714795326
5253.75,3,09:19:14.757115777
5253.75,1,09:19:14.783472709
5253.75,2,09:19:15.152546814
5253.75,2,09:19:16.989206300
5253.75,1,09:19:22.999783947
5253.5,1,09:19:23.104759812
5253.5,1,09:19:23.104769761
5253.5,1,09:19:23.151928831
5253.5,1,09:19:24.974926071
5253.75,1,09:19:26.493852046
5253.75,1,09:19:26.497742857
5253.5,1,09:19:27.033717136
5253.75,2,09:19:27.868260123
5253.75,35,09:19:27.868671129
5253.75,5,09:19:27.868827341
5253.75,1,09:19:27.868877537
5253.75,4,09:19:27.868933838
5253.75,2,09:19:27.869226654
5253.75,4,09:19:27.869320003
5253.75,1,09:19:27.869368737
5253.75,1,09:19:27.869860040
5253.75,1,09:19:27.870068499
5253.75,2,09:19:27.870117658
5253.75,1,09:19:27.870175745
5253.75,2,09:19:27.870314843
5253.75,1,09:19:27.870558579
5253.75,1,09:19:27.870722682
5253.75,9,09:19:27.870830658
5253.75,1,09:19:27.878285759
5254.0,1,09:19:27.942918350
5253.75,2,09:19:28.087101379
5253.75,1,09:19:28.116319613
5253.75,8,09:19:28.939627581
5253.75,9,09:19:28.939694542
5253.75,1,09:19:28.940017026
5253.75,1,09:19:28.947759912
5253.75,1,09:19:29.029575299
5253.75,1,09:19:29.676480580
5253.75,5,09:19:29.677581415
5253.75,10,09:19:29.677961918
5253.75,3,09:19:29.678128584
5253.75,5,09:19:29.678220668
5253.75,1,09:19:29.678220668
5253.75,1,09:19:29.678375639
5253.75,4,09:19:29.678582945
5253.75,2,09:19:29.678651862
5253.75,2,09:19:29.678717607
5254.0,1,09:19:29.770814074
5253.75,1,09:19:29.806794379
5254.0,1,09:19:30.339945059
5253.75,5,09:19:31.390420956
5253.75,14,09:19:31.390701378
5253.75,1,09:19:31.390782243
5253.75,1,09:19:31.390837591
5253.75,2,09:19:31.390837591
5253.75,3,09:19:31.390935289
5253.75,1,09:19:31.390935289
5253.75,1,09:19:31.391047855
5253.75,2,09:19:31.391157927
5253.75,1,09:19:31.391248303
5253.75,1,09:19:31.391386044
5253.75,2,09:19:32.169771757
5254.0,2,09:19:32.213475986
5253.75,1,09:19:32.653150802
5254.0,20,09:19:35.989394944
5254.0,3,09:19:35.989670661
5254.0,8,09:19:35.989807762
5254.0,4,09:19:35.989841141
5253.75,1,09:19:36.489693910
5254.0,1,09:19:36.503405534
5254.0,1,09:19:39.333366420
5254.0,1,09:19:42.692228882
5253.75,1,09:19:43.559005157
5253.75,2,09:19:43.599713920
5253.75,1,09:19:43.647768547
5253.75,1,09:19:43.702934796
5253.75,48,09:19:47.168337099
5253.75,1,09:19:47.169358319
5253.75,5,09:19:48.335203008
5253.75,1,09:19:48.335257544
5253.75,2,09:19:48.335257544
5253.75,1,09:19:48.335320614
5253.75,1,09:19:48.335369085
5253.75,18,09:19:48.335623158
5253.75,1,09:19:48.335966007
5253.75,2,09:19:48.336182708
5253.75,1,09:19:48.336219365
5253.75,10,09:19:48.336351041
5253.75,13,09:19:48.337768714
5253.75,2,09:19:48.337944184
5253.75,7,09:19:48.338014477
5253.75,7,09:19:48.347859670
5253.75,1,09:19:48.348068628
5253.75,7,09:19:48.348131548
5253.75,1,09:19:48.348168531
5253.75,1,09:19:48.348314275
5253.75,1,09:19:48.349286909
5253.75,1,09:19:48.361936662
5253.75,1,09:19:48.429244551
5253.75,2,09:19:48.755427135
5253.75,1,09:19:48.755457394
5253.75,2,09:19:48.755715300
5253.75,1,09:19:48.755915541
5253.75,3,09:19:48.755979913
5253.5,1,09:19:49.199108598
5253.5,1,09:19:49.199117372
5253.75,8,09:19:49.199554021
5253.75,2,09:19:49.199602572
5253.75,1,09:19:49.199735340
5253.75,2,09:19:49.199769472
5253.75,8,09:19:49.199916445
5253.75,2,09:19:49.200186559
5253.75,1,09:19:49.200368940
5253.75,4,09:19:49.200427674
5253.75,1,09:19:49.444560681
5253.75,1,09:19:49.444720070
5253.75,1,09:19:49.445258372
5253.75,1,09:19:49.445444455
5253.75,1,09:19:50.235614078
5253.75,1,09:19:50.235785892
5253.75,1,09:19:50.235813425
5254.0,1,09:19:50.319113382
5253.75,1,09:19:50.588990774
5253.75,2,09:19:52.738620592
5253.75,1,09:19:52.738647696
5253.75,5,09:19:52.738906911
5253.75,2,09:19:52.739476695
5253.75,2,09:19:52.739652548
5253.75,3,09:19:52.739697570
5253.75,9,09:19:52.739816100
5253.75,1,09:19:52.739855218
5253.75,1,09:19:52.766340889
5253.75,4,09:19:52.768268032
5253.75,1,09:19:52.768303331
5253.75,1,09:19:52.768441869
5253.75,1,09:19:52.768484685
5253.75,9,09:19:52.768988661
5253.75,1,09:19:52.769363308
5253.75,9,09:19:52.769564026
5253.75,4,09:19:52.769788760
5253.75,1,09:19:52.769823336
5253.75,2,09:19:52.804804081
5253.75,2,09:19:53.317887946
5254.0,3,09:19:53.594368952
5254.0,1,09:19:53.688818936
5253.75,1,09:19:53.724426656
5253.75,1,09:19:53.752465235
5254.0,1,09:19:55.894217896
5253.75,1,09:19:59.867533855
5254.0,2,09:20:00.161460815
5254.0,1,09:20:00.833741127
5254.0,1,09:20:01.529147441
5254.0,1,09:20:02.191724405
5253.75,12,09:20:03.894086469
5253.75,1,09:20:04.014459698
5253.75,2,09:20:04.038213346
5253.75,1,09:20:04.086889003
5253.75,1,09:20:05.387315021
5254.0,1,09:20:05.783714874
5254.0,1,09:20:06.006238537
5254.0,64,09:20:08.031095268
5254.25,1,09:20:08.041243214
5254.25,2,09:20:08.041285423
5254.25,4,09:20:08.041291096
5254.25,1,09:20:08.041296840
5254.25,2,09:20:08.041304357
5254.25,3,09:20:08.041304357
5254.25,1,09:20:08.041313743
5254.25,1,09:20:08.041322003
5254.25,1,09:20:08.041328463
5254.25,1,09:20:08.041341164
5254.25,1,09:20:08.041350851
5254.25,5,09:20:08.041350851
5254.25,1,09:20:08.041356586
5254.25,1,09:20:08.084361497
5254.25,12,09:20:08.084644434
5254.25,22,09:20:08.084929985
5254.25,2,09:20:08.084987904
5254.25,1,09:20:08.085055869
5254.25,2,09:20:08.085202535
5254.25,1,09:20:08.085202535
5254.25,2,09:20:08.085325231
5254.25,1,09:20:08.085387175
5254.25,3,09:20:08.085622726
5254.25,2,09:20:08.085666351
5254.25,1,09:20:08.085770095
5254.25,2,09:20:08.086007335
5254.25,3,09:20:08.086408088
5254.25,1,09:20:08.089549560
5254.0,1,09:20:08.196031649
5254.0,2,09:20:08.337463134
5254.0,1,09:20:08.370762102
5254.0,27,09:20:09.534945479
5254.0,3,09:20:09.535152130
5254.0,5,09:20:09.535214585
5254.0,1,09:20:09.535303310
5254.0,2,09:20:09.535303310
5254.0,1,09:20:09.535360425
5254.0,17,09:20:09.535546995
5254.0,1,09:20:09.535853891
5254.0,12,09:20:09.550386091
5254.0,2,09:20:09.571855848
5254.0,2,09:20:09.572020477
5254.0,1,09:20:10.203444531
5254.0,2,09:20:11.395875994
5254.0,3,09:20:12.391336338
5254.25,2,09:20:15.050882164
5254.25,1,09:20:17.002521721
5254.25,1,09:20:19.435275555
5254.0,2,09:20:20.619473272
5254.25,3,09:20:23.729094377
5254.25,5,09:20:23.939526620
5254.25,7,09:20:23.939724093
5254.25,3,09:20:23.939786497
5254.25,3,09:20:23.939811081
5254.25,8,09:20:23.939849152
5254.25,1,09:20:23.939904144
5254.25,1,09:20:23.940043488
5254.25,6,09:20:23.940195792
5254.25,6,09:20:23.940911477
5254.25,2,09:20:23.968346357
5254.25,1,09:20:24.266189692
5254.25,3,09:20:24.275709333
5254.25,4,09:20:24.275765354
5254.25,1,09:20:24.275765354
5254.25,1,09:20:24.275871801
5254.25,1,09:20:24.275906381
5254.25,4,09:20:24.275953296
5254.25,1,09:20:24.275983624
5254.25,11,09:20:24.298367743
5254.25,2,09:20:24.298781719
5254.25,2,09:20:24.298980001
5254.25,2,09:20:24.299041535
5254.25,2,09:20:24.299447540
5254.25,1,09:20:24.299541180
5254.25,1,09:20:24.299614145
5254.25,2,09:20:24.299848041
5254.25,3,09:20:24.299931700
5254.25,1,09:20:24.300119246
5254.25,1,09:20:24.300151734
5254.25,1,09:20:24.300374311
5254.5,1,09:20:24.322637499
5254.5,1,09:20:24.322655576
5254.5,2,09:20:24.322655576
5254.25,6,09:20:24.345498350
5254.25,4,09:20:24.347039028
5254.25,1,09:20:24.369056804
5254.25,1,09:20:24.375657196
5254.25,3,09:20:24.390324778
5254.0,1,09:20:24.432758592
5254.25,1,09:20:24.523965240
5254.25,1,09:20:24.993609620
5254.25,5,09:20:25.278947721
5254.25,2,09:20:25.278977226
5254.25,2,09:20:25.279035515
5254.25,1,09:20:25.279278761
5254.25,8,09:20:25.282719714
5254.0,5,09:20:25.558800182
5254.25,2,09:20:25.829980138
5254.0,1,09:20:26.127946974
5254.25,2,09:20:26.882446917
5254.25,1,09:20:27.403102457
5254.25,5,09:20:28.691087996
5254.0,2,09:20:31.206496134
5254.0,1,09:20:31.234748729
5254.0,1,09:20:31.370894795
5254.0,1,09:20:31.494623357
5254.0,34,09:20:32.221186981
5254.0,26,09:20:32.221362690
5254.0,1,09:20:32.221430970
5254.0,1,09:20:32.221832245
5254.0,1,09:20:32.221920637
5254.0,23,09:20:32.232308120
5254.25,1,09:20:32.634155840
5254.0,5,09:20:32.861985086
5254.0,1,09:20:33.841027530
5254.0,2,09:20:34.692088405
5254.0,1,09:20:34.728867602
5254.0,1,09:20:35.754205642
5254.0,7,09:20:35.754661491
5254.25,1,09:20:35.809876103
5254.25,1,09:20:36.142534160
5254.0,1,09:20:37.961785621
5254.25,1,09:20:37.980890861
5254.25,1,09:20:38.451830481
5254.0,3,09:20:38.881422979
5254.0,16,09:20:39.348142258
5254.0,9,09:20:39.348325033
5254.0,1,09:20:39.348355766
5254.0,1,09:20:39.348438408
5254.0,1,09:20:39.348818736
5254.0,5,09:20:39.370012606
5254.0,7,09:20:39.370271341
5254.0,10,09:20:39.370535979
5254.0,1,09:20:39.370693509
5254.0,3,09:20:39.375875367
5254.0,1,09:20:39.458575874
5254.0,1,09:20:39.458847975
5254.0,1,09:20:39.459053164
5254.0,1,09:20:39.459083244
5254.0,3,09:20:39.459343918
5254.0,1,09:20:39.459546175
5254.0,2,09:20:39.529120686
5254.0,1,09:20:40.167553485
5254.0,2,09:20:40.168351946
5254.25,1,09:20:41.112017639
5254.25,1,09:20:41.153423095
5254.25,2,09:20:42.120587092
5254.25,1,09:20:42.393487693
5254.0,2,09:20:44.686151505
5254.0,1,09:20:44.686161895
5254.25,1,09:20:44.693735671
5254.0,1,09:20:44.710335848
5254.25,2,09:20:45.567311321
5254.25,1,09:20:46.374782401
5254.25,1,09:20:46.432352212
5254.25,1,09:20:46.519981053
5254.0,1,09:20:53.430068807
5254.0,1,09:20:54.526683302
5254.0,1,09:20:55.046209413
5254.0,1,09:20:55.093721292
5254.0,2,09:20:55.851640395
5254.25,1,09:20:55.969073604
5254.0,10,09:20:56.722928006
5254.25,1,09:20:56.772715481
5254.0,1,09:20:57.807952503
5254.25,1,09:20:57.839223108
5254.25,1,09:20:57.936449203
5254.25,1,09:21:00.113406693
5254.25,2,09:21:02.390926521
5254.25,3,09:21:03.525554080
5254.25,34,09:21:03.525775266
5254.25,3,09:21:03.525915122
5254.25,2,09:21:03.526002979
5254.25,14,09:21:03.526404033
5254.25,1,09:21:03.526463156
5254.25,1,09:21:03.526732463
5254.25,5,09:21:03.526871941
5254.25,3,09:21:03.526871941
5254.25,4,09:21:03.526871941
5254.25,2,09:21:03.526913580
5254.25,4,09:21:03.527121568
5254.25,4,09:21:03.527180129
5254.5,6,09:21:03.601447193
5254.5,1,09:21:03.607494054
5254.25,1,09:21:03.906797369
5254.25,2,09:21:03.933446617
5254.25,2,09:21:03.974003455
5254.25,1,09:21:04.029514050
5254.25,1,09:21:05.004093961
5254.5,1,09:21:05.096715705
5254.25,1,09:21:06.045775293
5254.5,1,09:21:06.533994860
5254.5,1,09:21:07.677524243
5254.5,1,09:21:08.162933252
5254.5,1,09:21:08.427636336
5254.5,1,09:21:09.110585933
5254.25,1,09:21:10.998641900
5254.25,16,09:21:11.246293636
5254.25,5,09:21:11.246608010
5254.25,1,09:21:11.246839346
5254.25,3,09:21:11.246929741
5254.25,3,09:21:11.247004578
5254.25,2,09:21:11.247293557
5254.25,4,09:21:11.247531008
5254.25,1,09:21:11.247574813
5254.25,1,09:21:11.247841925
5254.25,1,09:21:11.415119096
5254.25,1,09:21:11.415440921
5254.0,2,09:21:15.223571532
5254.0,1,09:21:15.223581500
5254.25,5,09:21:15.716734891
5254.0,2,09:21:16.033429470
5254.0,2,09:21:16.033463316
5254.0,2,09:21:16.034542885
5254.0,2,09:21:16.034705505
5254.0,7,09:21:16.034705505
5254.0,6,09:21:16.034813786
5254.0,2,09:21:16.035267040
5254.0,7,09:21:16.035364789
5254.0,1,09:21:16.035364789
5254.0,1,09:21:16.035413104
5254.0,11,09:21:16.035867254
5254.0,2,09:21:16.364135785
5253.75,1,09:21:17.423457119
5253.75,3,09:21:17.423467237
5253.75,1,09:21:17.845694777
5253.75,1,09:21:18.223330042
5253.75,1,09:21:19.564125463
5254.0,1,09:21:23.737331126
5254.0,1,09:21:25.176521790
5253.75,1,09:21:25.380989121
5253.75,1,09:21:25.408080752
5254.0,2,09:21:25.499976648
5254.0,5,09:21:29.222447093
5254.0,30,09:21:29.271497535
5254.0,1,09:21:29.271620459
5254.0,1,09:21:29.271653644
5254.0,1,09:21:29.271689174
5254.0,5,09:21:29.271830533
5254.0,4,09:21:29.272053754
5254.0,1,09:21:29.272257631
5254.0,2,09:21:29.272351437
5254.0,1,09:21:29.272553908
5254.0,1,09:21:29.719925348
5253.75,1,09:21:30.023213633
5253.75,1,09:21:32.877745624
5253.75,2,09:21:32.878483803
5253.75,2,09:21:32.879032191
5253.75,2,09:21:33.382540576
5253.75,2,09:21:35.699679891
5253.75,1,09:21:35.725099743
5253.75,1,09:21:37.105483385
5253.75,41,09:21:37.494299283
5254.0,1,09:21:37.589805640
5253.75,1,09:21:43.273180086
5253.75,1,09:21:43.273191481
5253.75,1,09:21:43.592259880
5254.0,2,09:21:44.751506706
5253.75,1,09:21:44.954215128
5253.75,30,09:21:45.412533714
5253.75,1,09:21:45.697324599
5253.75,1,09:21:45.720930109
5253.75,1,09:21:45.771214447
5253.75,1,09:21:45.991879432
5253.75,1,09:21:51.203927579
5253.75,1,09:21:51.786646683
5254.0,5,09:21:51.972513824
5253.75,25,09:21:52.200281412
5253.75,1,09:21:52.876377299
5254.0,3,09:21:53.831384778
5254.0,7,09:21:54.311872356
5254.25,1,09:21:54.378279667
5254.0,4,09:21:54.587578222
5254.0,2,09:21:54.615657652
5254.0,1,09:21:54.671135322
5254.0,5,09:21:56.079507313
5254.0,7,09:21:56.079731618
5254.0,4,09:21:56.079802321
5254.0,1,09:21:56.079992738
5254.0,4,09:21:56.080225900
5254.0,1,09:21:56.080265629
5254.0,4,09:21:56.080547923
5254.0,10,09:21:56.080835541
5254.0,1,09:21:56.080882819
5254.0,1,09:21:56.080945106
5254.0,1,09:21:56.081031354
5254.0,3,09:21:56.081284574
5254.0,47,09:21:57.700344626
5254.25,3,09:21:57.700344626
5254.25,1,09:21:57.783072577
5254.25,20,09:22:01.315284250
5254.25,1,09:22:01.315668806
5254.0,2,09:22:02.978360921
5254.0,1,09:22:02.979410752
5254.0,2,09:22:02.979887141
5254.0,1,09:22:03.066455232
5254.0,4,09:22:03.247211512
5254.0,4,09:22:03.247536454
5254.0,1,09:22:03.247607022
5254.0,2,09:22:03.247607022
5254.0,1,09:22:03.247712841
5254.0,1,09:22:03.247737002
5254.0,2,09:22:03.247777867
5254.0,1,09:22:03.248099579
5254.0,2,09:22:03.248294095
5253.75,1,09:22:04.800895328
5253.75,1,09:22:04.855792273
5253.75,2,09:22:04.855879001
5253.75,1,09:22:04.855879001
5253.75,1,09:22:04.856447522
5253.75,1,09:22:04.856506938
5253.75,2,09:22:04.856557972
5253.75,2,09:22:04.856778418
5254.0,20,09:22:05.241474736
5254.0,50,09:22:09.799710277
5254.0,1,09:22:09.800038565
5254.0,5,09:22:09.800125133
5254.0,1,09:22:09.800197506
5254.0,3,09:22:09.800197506
5254.0,1,09:22:09.800289156
5254.0,1,09:22:09.800314785
5254.0,1,09:22:09.800473342
5254.0,1,09:22:09.876350668
5254.0,1,09:22:12.664776044
5253.75,2,09:22:12.760773105
5253.75,16,09:22:12.764822412
5253.75,1,09:22:12.764909982
5253.75,1,09:22:12.765315520
5253.75,1,09:22:12.765420655
5253.75,4,09:22:12.765886414
5253.75,2,09:22:12.766097593
5253.75,11,09:22:12.766482167
5253.75,1,09:22:12.766550527
5253.75,1,09:22:12.774351728
5253.5,1,09:22:13.138971506
5253.75,1,09:22:13.279195329
5253.75,7,09:22:13.279526587
5253.75,2,09:22:14.536479364
5253.75,1,09:22:14.536645809
5254.0,1,09:22:15.932675789
5253.75,7,09:22:16.927147938
5253.75,1,09:22:16.928201194
5253.5,2,09:22:20.217242278
5253.5,1,09:22:21.638904835
5253.75,1,09:22:23.245461640
5253.75,1,09:22:23.245615486
5253.75,6,09:22:23.245739440
5253.75,2,09:22:23.245940600
5253.75,1,09:22:23.245969900
5253.75,2,09:22:23.246295398
5253.75,2,09:22:23.246526068
5253.75,2,09:22:23.246880430
5253.75,3,09:22:23.246952300
5253.75,3,09:22:23.247163424
5253.75,2,09:22:23.247336027
5253.75,1,09:22:23.247569692
5253.75,6,09:22:23.254019819
5253.75,2,09:22:24.064339787
5254.0,5,09:22:24.250900291
5254.0,6,09:22:24.250967897
5254.0,6,09:22:24.251043642
5254.0,3,09:22:24.251043642
5254.0,5,09:22:24.251157472
5254.0,5,09:22:24.251559768
5254.0,5,09:22:24.251948341
5254.0,2,09:22:24.252073260
5254.0,5,09:22:24.252395804
5254.0,5,09:22:24.252707688
5254.0,4,09:22:24.252941505
5254.0,2,09:22:24.253024016
5254.0,6,09:22:24.253024016
5254.0,3,09:22:24.253087785
5254.0,1,09:22:24.253087785
5254.0,5,09:22:24.651430867
5254.0,1,09:22:24.651575181
5254.0,3,09:22:24.651686767
5254.0,1,09:22:24.651975640
5254.0,1,09:22:24.659952969
5253.75,1,09:22:25.725523791
5254.0,5,09:22:26.879870335
5254.0,1,09:22:26.880191436
5254.0,5,09:22:26.880295473
5254.0,1,09:22:28.667396974
5254.0,2,09:22:28.959622425
5254.0,2,09:22:28.962810543
5254.0,1,09:22:28.962990550
5254.0,1,09:22:28.963030781
5254.0,1,09:22:28.963551246
5254.0,2,09:22:28.963724584
5254.0,3,09:22:28.963770050
5254.0,1,09:22:28.963952896
5254.0,1,09:22:32.470149897
5254.0,3,09:22:32.470399703
5254.0,1,09:22:32.470432353
5254.0,3,09:22:35.911237368
5254.0,2,09:22:37.573214787
5254.0,6,09:22:37.573422960
5254.0,1,09:22:37.573457949
5254.0,1,09:22:37.573776971
5254.0,1,09:22:38.537253664
5254.25,50,09:22:40.627902613
5254.25,8,09:22:40.628380731
5254.25,1,09:22:40.628684379
5254.25,7,09:22:40.628947447
5254.25,1,09:22:40.628994673
5254.0,3,09:22:41.145947501
5254.25,1,09:22:47.989415076
5254.25,1,09:22:53.581258048
5254.0,1,09:22:56.460911314
5254.25,1,09:22:56.910285205
5254.0,1,09:22:58.897667070
5254.0,20,09:22:58.898018140
5254.0,1,09:22:58.898121058
5254.0,6,09:22:58.898121058
5254.0,1,09:22:58.898194207
5254.0,2,09:22:58.898194207
5254.0,1,09:22:58.898507392
5254.0,3,09:22:58.898587784
5254.0,6,09:22:58.898587784
5254.0,9,09:22:58.898670227
5254.0,1,09:22:58.898799388
5254.0,2,09:22:58.898799388
5254.0,1,09:22:58.898940069
5254.0,3,09:22:58.898979254
5254.0,3,09:22:58.899162813
5254.0,1,09:22:58.899365837
5254.0,3,09:22:58.899516122
5254.0,1,09:22:58.899516122
5254.0,1,09:22:58.900029707
5254.0,1,09:22:58.900504021
5254.0,1,09:22:58.900546802
5254.0,1,09:22:59.427927993
5254.0,40,09:22:59.544367678
5254.25,1,09:22:59.547641808
5254.25,1,09:23:03.066781255
5254.25,1,09:23:03.155427412
5254.25,1,09:23:03.612213547
5254.0,5,09:23:07.770203729
5254.25,2,09:23:08.842604745
5254.25,1,09:23:09.123418794
5254.0,1,09:23:09.154478163
5254.25,5,09:23:09.481503145
5254.0,1,09:23:11.417140814
5254.25,1,09:23:12.017898076
5254.0,1,09:23:12.450327803
5254.0,3,09:23:13.107088609
5254.0,1,09:23:13.107416360
5254.0,1,09:23:13.107608191
5254.0,19,09:23:13.108012801
5254.0,1,09:23:13.108183208
5254.0,1,09:23:13.108318868
5254.0,1,09:23:13.108453351
5254.0,1,09:23:13.111246309
5254.0,2,09:23:13.111480318
5254.0,1,09:23:13.128695423
5254.0,10,09:23:13.149215498
5254.0,1,09:23:13.149802185
5254.0,38,09:23:13.935438484
5254.0,4,09:23:13.935601398
5254.0,6,09:23:13.935641004
5254.0,1,09:23:13.935769813
5254.0,4,09:23:13.935769813
5254.0,4,09:23:13.936017296
5254.0,2,09:23:13.936229435
5254.0,7,09:23:13.936337837
5254.25,1,09:23:13.938455086
5254.0,1,09:23:14.155645140
5254.25,1,09:23:16.760753661
5254.25,50,09:23:18.011690784
5254.25,5,09:23:18.013204677
5254.25,1,09:23:18.013265369
5254.25,1,09:23:18.013317018
5254.25,2,09:23:18.013398649
5254.25,1,09:23:18.013491239
5254.25,1,09:23:18.013579017
5254.25,1,09:23:18.014525590
5254.25,1,09:23:18.015119669
5254.25,2,09:23:18.015445263
5254.25,1,09:23:18.100691049
5254.25,1,09:23:19.386442729
5254.25,1,09:23:19.386820244
5254.5,4,09:23:19.405691120
5254.25,1,09:23:20.616763428
5254.25,1,09:23:20.616788152
5254.25,13,09:23:20.708275192
5254.25,3,09:23:22.912856636
5254.25,10,09:23:25.406871934
5254.25,1,09:23:25.864041277
5254.25,2,09:23:26.763746424
5254.25,1,09:23:35.184775605
5254.0,1,09:23:36.535192631
5254.0,1,09:23:36.535388532
5254.0,1,09:23:36.535432949
5254.0,7,09:23:36.535494221
5254.0,3,09:23:36.535541348
5254.0,2,09:23:36.535628444
5254.0,2,09:23:36.535708420
5254.0,3,09:23:36.535708420
5254.0,1,09:23:36.535743223
5254.0,4,09:23:36.536078022
5254.0,1,09:23:36.536320253
5254.25,1,09:23:36.539011722
5254.25,1,09:23:36.586314534
5254.0,1,09:23:36.725520253
5254.25,4,09:23:40.682845285
5254.25,1,09:23:44.058594144
5254.0,1,09:23:44.888989112
5254.25,3,09:23:44.903434139
5254.0,1,09:23:50.909059165
5254.0,1,09:23:52.396550631
5254.25,2,09:23:52.410292841
5254.25,22,09:23:52.577028340
5254.5,1,09:23:52.579880328
5254.5,1,09:23:52.579888964
5254.25,10,09:23:53.752125541
5254.25,1,09:23:53.752501168
5254.25,1,09:23:56.526310531
5254.25,1,09:23:56.526858846
5254.25,1,09:23:57.561764194
5254.5,50,09:23:59.319593605
5254.5,2,09:24:00.098502645
5254.5,1,09:24:00.788846436
5254.25,1,09:24:03.160565438
5254.25,1,09:24:10.042257526
5254.25,1,09:24:11.375864278
5254.25,2,09:24:12.831918730
5254.25,1,09:24:13.151166606
5254.25,5,09:24:13.175397670
5254.5,1,09:24:13.177962787
5254.25,1,09:24:13.231575548
5254.25,1,09:24:16.164248028
5254.25,1,09:24:16.712133902
5254.5,2,09:24:17.714723977
5254.5,1,09:24:18.944442514
5254.25,1,09:24:20.128888924
5254.25,1,09:24:20.731385264
5254.5,1,09:24:22.962271759
5254.25,3,09:24:23.002724412
5254.25,4,09:24:23.367503422
5254.25,1,09:24:23.406797588
5254.5,1,09:24:26.205195481
5254.25,1,09:24:26.746318731
5254.25,1,09:24:26.999770823
5254.25,2,09:24:29.001832865
5254.25,5,09:24:29.597457201
5254.25,3,09:24:33.127516257
5254.5,10,09:24:33.376693854
5254.25,1,09:24:33.479301173
5254.25,5,09:24:33.506864094
5254.5,2,09:24:35.320290377
5254.25,1,09:24:36.841078664
5254.5,7,09:24:37.439559513
5254.25,2,09:24:43.189268345
5254.25,5,09:24:43.493896039
5254.25,1,09:24:43.529328713
5254.5,1,09:24:44.696702806
5254.5,1,09:24:46.222563163
5254.5,10,09:24:48.177422109
5254.5,2,09:24:49.492701666
5254.25,3,09:24:51.103079449
5254.25,3,09:24:53.376670611
5254.25,1,09:24:53.681623428
5254.25,3,09:24:53.706081444
5254.25,1,09:24:54.822171490
5254.25,1,09:25:00.981250241
5254.25,3,09:25:00.981413069
5254.25,1,09:25:00.981480676
5254.5,1,09:25:01.099148567
5254.5,1,09:25:01.137621590
5254.25,3,09:25:01.298374157
5254.5,1,09:25:01.300722723
5254.5,2,09:25:02.511378000
5254.5,5,09:25:03.002851829
5254.5,3,09:25:03.002887910
5254.5,1,09:25:03.002988379
5254.5,2,09:25:03.002988379
5254.5,1,09:25:03.003112509
5254.5,3,09:25:03.003112509
5254.5,3,09:25:03.003227760
5254.5,1,09:25:03.003227760
5254.5,2,09:25:03.003227760
5254.5,20,09:25:03.003427516
5254.5,16,09:25:03.003623953
5254.5,1,09:25:03.003969874
5254.5,2,09:25:03.655643422
5254.5,5,09:25:03.684555443
5254.5,1,09:25:03.739630916
5254.5,10,09:25:03.739880332
5254.5,8,09:25:03.739918506
5254.5,7,09:25:03.740187371
5254.5,7,09:25:03.740572866
5254.5,1,09:25:03.740616126
5254.5,1,09:25:03.740690582
5254.5,1,09:25:03.743254614
5254.5,2,09:25:04.208589285
5254.5,21,09:25:04.960366432
5254.5,12,09:25:04.960702416
5254.5,2,09:25:04.960907673
5254.5,2,09:25:04.960947884
5254.5,1,09:25:04.961002675
5254.5,2,09:25:04.961086287
5254.5,10,09:25:04.961192577
5254.5,6,09:25:04.961297827
5254.5,3,09:25:04.961297827
5254.5,1,09:25:04.961297827
5254.5,6,09:25:04.961602963
5254.5,8,09:25:04.961891135
5254.5,2,09:25:05.072512329
5254.5,1,09:25:05.072572341
5254.25,1,09:25:05.986643565
5254.5,9,09:25:07.078669115
5254.5,3,09:25:07.079072554
5254.5,4,09:25:07.079117489
5254.5,3,09:25:07.079378256
5254.5,7,09:25:07.079643154
5254.5,1,09:25:07.079710801
5254.5,1,09:25:07.079797577
5254.5,4,09:25:07.079924107
5254.5,1,09:25:07.080213854
5254.5,1,09:25:07.080750220
5254.5,2,09:25:07.080823799
5254.5,1,09:25:07.082130680
5254.5,2,09:25:07.213206534
5254.5,2,09:25:07.213440286
5254.5,2,09:25:07.316353875
5254.5,1,09:25:07.357906720
5254.5,23,09:25:07.358280360
5254.5,2,09:25:07.360504542
5254.5,1,09:25:07.599796765
5254.75,1,09:25:07.717054187
5254.75,2,09:25:07.717066728
5254.75,1,09:25:07.845692687
5254.5,1,09:25:07.990891543
5254.75,1,09:25:09.472327328
5254.75,1,09:25:10.038042704
5254.75,50,09:25:10.314867503
5254.75,5,09:25:10.315018360
5254.75,1,09:25:10.323359985
5254.75,1,09:25:11.363195140
5254.5,3,09:25:11.479614625
5254.75,1,09:25:12.426926757
5254.75,1,09:25:12.673248304
5254.75,6,09:25:13.019991355
5254.75,2,09:25:13.020205586
5254.75,44,09:25:13.020459325
5254.75,5,09:25:13.020674616
5254.75,2,09:25:13.020723644
5254.75,1,09:25:13.022041210
5254.75,3,09:25:13.022106008
5254.75,1,09:25:13.022164192
5254.75,1,09:25:13.022189799
5254.75,1,09:25:13.022370180
5254.75,1,09:25:13.022465491
5254.75,1,09:25:13.022586994
5254.75,3,09:25:13.022688058
5254.75,2,09:25:13.022688058
5254.75,5,09:25:13.022793046
5254.75,1,09:25:13.022958809
5254.75,1,09:25:13.023137245
5254.75,5,09:25:13.023374322
5254.75,1,09:25:13.023374322
5254.75,3,09:25:13.023541586
5254.75,1,09:25:13.023541586
5254.75,4,09:25:13.023541586
5254.75,1,09:25:13.023621445
5254.75,2,09:25:13.023722889
5254.75,1,09:25:13.025910097
5254.75,1,09:25:13.029070399
5254.75,1,09:25:13.133789454
5254.75,5,09:25:13.134023322
5255.0,2,09:25:13.721952989
5255.0,1,09:25:13.721964020
5255.0,4,09:25:13.721964020
5255.0,3,09:25:13.721964020
5254.75,49,09:25:13.728205745
5254.5,51,09:25:13.728205745
5254.75,2,09:25:13.744740412
5254.75,1,09:25:13.784438551
5254.75,2,09:25:14.189635499
5254.75,2,09:25:14.548213285
5254.5,1,09:25:15.767357765
5254.75,1,09:25:16.731119853
5254.75,1,09:25:17.354455155
5254.75,2,09:25:17.534292248
5254.5,3,09:25:19.619970740
5254.5,43,09:25:20.100807088
5254.5,1,09:25:20.101325390
5254.5,1,09:25:21.016235974
5254.5,1,09:25:21.405325719
5254.5,3,09:25:22.155127999
5254.5,14,09:25:22.270443541
5254.5,1,09:25:23.888067488
5254.5,3,09:25:24.062138212
5254.5,1,09:25:24.221684984
5254.5,1,09:25:24.367376340
5254.5,5,09:25:24.390632803
5254.5,5,09:25:24.391034690
5254.5,11,09:25:24.391678578
5254.5,2,09:25:24.392050892
5254.5,1,09:25:24.392268394
5254.25,1,09:25:24.426537380
5254.5,1,09:25:24.876802799
5254.5,4,09:25:26.201930613
5254.5,7,09:25:26.202146019
5254.5,2,09:25:26.573410817
5254.5,1,09:25:26.602913588
5254.5,4,09:25:26.651550122
5254.5,1,09:25:26.706884534
5254.5,1,09:25:26.707248817
5254.5,14,09:25:27.076452497
5254.5,1,09:25:27.076787743
5254.25,1,09:25:28.952850416
5254.5,1,09:25:29.965268276
5254.5,1,09:25:30.025882162
5254.25,12,09:25:30.163537156
5254.5,50,09:25:30.274928957
5254.25,1,09:25:30.916569830
5254.5,1,09:25:31.040067343
5254.5,24,09:25:32.019966387
5254.5,1,09:25:32.020052837
5254.5,2,09:25:32.020188040
5254.5,1,09:25:32.020335412
5254.5,1,09:25:32.020453648
5254.5,2,09:25:32.020453648
5254.5,5,09:25:32.020536507
5254.5,1,09:25:32.020662909
5254.5,2,09:25:32.020706289
5254.5,1,09:25:32.020776464
5254.5,1,09:25:32.020849884
5254.5,4,09:25:32.021433479
5254.5,4,09:25:32.067943488
5254.5,1,09:25:32.068106336
5254.5,2,09:25:33.404666750
5254.5,1,09:25:33.404703619
5254.5,3,09:25:33.404750515
5254.5,5,09:25:33.404837435
5254.5,3,09:25:33.404903328
5254.5,5,09:25:33.405176747
5254.5,6,09:25:33.405427473
5254.5,2,09:25:33.405478753
5254.5,6,09:25:33.421234812
5254.5,1,09:25:33.421493951
5254.5,1,09:25:33.421544595
5254.5,2,09:25:33.421608667
5254.5,1,09:25:33.421644725
5254.5,6,09:25:33.422533994
5254.5,3,09:25:33.422732782
5254.5,2,09:25:33.422909666
5254.5,2,09:25:34.154094676
5254.5,7,09:25:34.701393192
5254.5,1,09:25:34.701772364
5254.5,1,09:25:34.795794207
5254.5,5,09:25:34.795842095
5254.5,2,09:25:34.796044935
5254.5,7,09:25:34.796108523
5254.5,1,09:25:34.796108523
5254.5,1,09:25:34.796168918
5254.5,3,09:25:34.796257102
5254.5,1,09:25:34.796257102
5254.5,1,09:25:34.796286389
5254.5,8,09:25:34.796345568
5254.5,2,09:25:34.796377704
5254.5,6,09:25:34.814943806
5254.5,1,09:25:34.815114581
5254.5,1,09:25:34.815144082
5254.5,1,09:25:35.017365734
5254.5,1,09:25:35.017403268
5254.5,20,09:25:37.268668106
5254.5,4,09:25:37.268870657
5254.5,3,09:25:37.268951989
5254.5,5,09:25:37.286640490
5254.5,1,09:25:38.941680643
5254.5,1,09:25:40.685783310
5254.5,5,09:25:40.953343904
5254.5,1,09:25:42.570105428
5254.5,3,09:25:44.093210714
5254.75,3,09:25:44.283424170
5254.5,4,09:25:44.395420078
5254.5,1,09:25:44.427795139
5254.75,1,09:25:45.312575204
5254.5,4,09:25:47.060068509
5254.75,2,09:25:47.065895913
5254.75,1,09:25:47.065968048
5254.75,1,09:25:47.066081452
5254.75,1,09:25:47.066158688
5254.75,20,09:25:47.066385029
5254.75,1,09:25:47.066656419
5254.75,4,09:25:47.066831281
5254.75,2,09:25:47.066831281
5254.75,4,09:25:47.067028469
5254.75,1,09:25:47.067207427
5254.75,2,09:25:47.067207427
5254.75,3,09:25:47.067207427
5254.75,1,09:25:47.067325736
5254.75,1,09:25:47.067688582
5254.75,6,09:25:47.085097061
5254.75,1,09:25:47.085306707
5254.75,2,09:25:47.090486507
5254.75,1,09:25:47.090707369
5254.75,1,09:25:47.106789165
5254.75,2,09:25:47.367810432
5254.75,1,09:25:47.397708050
5254.75,5,09:25:47.447175907
5255.0,2,09:25:47.768281025
5254.75,1,09:25:47.891730816
5255.0,1,09:25:48.089764920
5255.0,1,09:25:48.131775095
5254.75,1,09:25:48.274842331
5255.0,1,09:25:49.588034158
5255.0,4,09:25:49.731601027
5255.0,1,09:25:50.177059831
5255.0,3,09:25:52.974359575
5255.0,50,09:25:53.006875268
5255.0,68,09:25:53.009038386
5255.0,11,09:25:53.010043236
5255.0,5,09:25:53.027784077
5255.0,4,09:25:53.028139418
5255.0,4,09:25:53.028364207
5255.0,3,09:25:53.028434793
5255.0,1,09:25:53.028653195
5255.0,1,09:25:53.028839513
5255.0,2,09:25:53.030087237
5255.25,6,09:25:53.054078188
5255.25,1,09:25:53.054093696
5255.25,2,09:25:53.054093696
5255.25,7,09:25:53.055235248
5255.25,13,09:25:53.121447539
5255.25,1,09:25:54.725094970
5255.0,4,09:25:54.812025314
5255.0,1,09:25:54.812220550
5255.0,1,09:25:54.812380284
5255.0,1,09:25:54.813337430
5255.0,2,09:25:54.813510304
5255.0,8,09:25:54.813543844
5255.0,1,09:25:54.813575918
5255.0,1,09:25:54.813611746
5255.0,3,09:25:54.813679274
5255.0,23,09:25:54.813932434
5255.0,1,09:25:54.814626778
5255.0,6,09:25:54.827415372
5255.0,4,09:25:54.827998042
5255.25,13,09:25:54.827998042
5255.0,1,09:25:54.828379481
5255.0,5,09:25:54.828497099
5255.0,1,09:25:54.828608589
5255.0,2,09:25:54.828608589
5255.0,1,09:25:54.828743107
5255.0,1,09:25:54.828809253
5255.0,1,09:25:54.828982539
5255.0,19,09:25:54.828982539
5255.0,1,09:25:54.829011029
5255.0,2,09:25:54.829054669
5255.0,1,09:25:54.829125691
5255.0,1,09:25:54.829236717
5255.0,9,09:25:54.830242990
5255.0,6,09:25:54.853193786
5255.0,7,09:25:54.853381899
5255.0,2,09:25:55.204726512
5255.0,3,09:25:56.066115977
5255.25,1,09:25:57.519245570
5255.0,1,09:25:57.962039712
5255.0,1,09:25:58.221631083
5255.25,1,09:25:58.786032636
5255.25,1,09:25:59.037501042
5255.25,1,09:25:59.480055010
5255.25,54,09:26:00.167429880
5255.25,1,09:26:00.167567403
5255.25,1,09:26:00.167606297
5255.25,2,09:26:00.167646908
5255.25,1,09:26:00.168127341
5255.25,4,09:26:00.168285564
5255.25,1,09:26:00.168624292
5255.25,7,09:26:00.168745472
5255.25,1,09:26:00.168903196
5255.25,1,09:26:00.169415600
5255.25,3,09:26:00.183346847
5255.25,2,09:26:00.188552488
5255.25,1,09:26:00.192404077
5255.25,1,09:26:00.293596433
5255.25,1,09:26:00.317656886
5255.25,1,09:26:01.004292833
5255.25,1,09:26:01.029624269
5255.0,1,09:26:01.885834027
5255.25,1,09:26:02.665566375
5255.25,6,09:26:02.796028195
5255.25,1,09:26:02.923518962
5255.0,3,09:26:04.543252334
5255.25,1,09:26:04.766159643
5255.0,5,09:26:04.845985902
5255.0,1,09:26:04.880316723
5255.25,1,09:26:05.316870472
5255.25,1,09:26:05.386517916
5255.0,1,09:26:06.550069334
5255.0,1,09:26:08.276386309
5255.0,1,09:26:08.552307180
5255.0,1,09:26:08.552366282
5255.0,2,09:26:08.552366282
5255.0,4,09:26:08.552535924
5255.0,3,09:26:08.552565044
5255.0,9,09:26:08.552728509
5255.0,1,09:26:08.552772824
5255.0,52,09:26:08.552921275
5255.0,1,09:26:08.553088728
5255.0,3,09:26:08.553152483
5255.0,1,09:26:08.553217975
5255.0,1,09:26:08.553263653
5255.0,2,09:26:08.553606451
5255.0,1,09:26:08.553799098
5255.0,25,09:26:08.553916435
5255.0,8,09:26:08.554203064
5255.0,7,09:26:08.556109592
5255.0,7,09:26:08.569288597
5255.25,2,09:26:09.541153657
5255.25,1,09:26:11.071030391
5255.25,2,09:26:11.342989149
5255.25,2,09:26:11.343189806
5255.25,2,09:26:11.343309998
5255.25,2,09:26:11.343359787
5255.25,6,09:26:11.343438169
5255.25,1,09:26:11.343438169
5255.25,8,09:26:11.343485060
5255.25,25,09:26:12.123167146
5255.25,7,09:26:12.316988029
5255.25,6,09:26:12.317054450
5255.25,2,09:26:12.468244656
5255.25,1,09:26:12.502842726
5255.25,4,09:26:12.551060838
5255.5,1,09:26:13.019759548
5255.5,1,09:26:13.019773075
5255.5,3,09:26:13.019773075
5255.5,2,09:26:13.540172384
5255.5,1,09:26:13.556782815
5255.25,1,09:26:13.653968537
5255.25,9,09:26:13.655091916
5255.25,4,09:26:13.655231705
5255.25,1,09:26:13.655340020
5255.25,1,09:26:13.655468320
5255.25,3,09:26:13.655468320
5255.25,2,09:26:13.655593296
5255.25,1,09:26:13.655593296
5255.25,1,09:26:13.655625748
5255.25,2,09:26:13.655734688
5255.25,2,09:26:13.655774125
5255.25,2,09:26:13.655836121
5255.25,1,09:26:13.656017020
5255.25,2,09:26:13.656396996
5255.25,7,09:26:13.864366119
5255.25,2,09:26:13.864744149
5255.25,1,09:26:13.884476804
5255.0,6,09:26:14.000672359
5255.25,1,09:26:14.131352914
5255.25,1,09:26:15.608467904
5255.25,9,09:26:16.838678475
5255.25,2,09:26:16.838874911
5255.25,5,09:26:16.838980986
5255.25,5,09:26:16.839077087
5255.25,2,09:26:16.839111895
5255.25,1,09:26:16.839192549
5255.25,1,09:26:16.839263792
5255.25,1,09:26:16.839324833
5255.25,1,09:26:16.839373743
5255.25,2,09:26:16.839446323
5255.25,3,09:26:16.839615156
5255.25,2,09:26:16.839615156
5255.25,1,09:26:16.839615156
5255.25,2,09:26:16.839940455
5255.25,3,09:26:16.991504957
5255.25,1,09:26:17.024233601
5255.25,4,09:26:17.024480171
5255.25,1,09:26:17.024832026
5255.0,5,09:26:18.756773364
5255.25,2,09:26:19.280005351
5255.0,1,09:26:20.057380052
5255.0,6,09:26:20.338989318
5255.0,2,09:26:20.340193644
5255.0,1,09:26:20.340371859
5255.0,2,09:26:20.340560080
5255.0,8,09:26:20.340728074
5255.0,5,09:26:20.340790561
5255.0,6,09:26:20.340884355
5255.0,1,09:26:20.340920571
5255.0,1,09:26:21.101217893
5255.0,2,09:26:21.101399148
5255.0,3,09:26:21.101473014
5255.0,1,09:26:21.101511389
5255.0,13,09:26:21.101616838
5255.0,2,09:26:21.101702273
5255.0,1,09:26:21.101702273
5255.0,5,09:26:21.101850142
5255.0,1,09:26:21.101850142
5255.0,8,09:26:21.101909030
5255.0,1,09:26:21.101909030
5255.0,1,09:26:21.101957133
5255.0,1,09:26:21.102214549
5255.0,1,09:26:21.102337960
5255.0,3,09:26:21.820235820
5255.0,6,09:26:21.820796923
5255.0,1,09:26:21.821115041
5255.0,2,09:26:21.821312002
5255.0,1,09:26:21.821367856
5255.0,2,09:26:21.821521171
5255.0,1,09:26:21.821574660
5255.0,5,09:26:23.276332861
5255.0,1,09:26:23.555687740
5255.0,25,09:26:23.679704805
5255.0,6,09:26:23.934245928
5255.0,2,09:26:23.936303319
5255.0,20,09:26:24.263973924
5255.0,3,09:26:24.264171284
5255.0,3,09:26:24.264254227
5255.0,4,09:26:24.264254227
5255.0,1,09:26:24.264333832
5255.0,4,09:26:24.264333832
5255.0,2,09:26:24.264601079
5255.0,2,09:26:24.264825732
5255.0,2,09:26:24.264903543
5255.0,4,09:26:24.264977887
5255.0,1,09:26:24.277325729
5254.75,2,09:26:24.566818712
5255.0,3,09:26:24.566818712
5255.0,2,09:26:24.567221993
5255.0,7,09:26:24.567533205
5255.0,1,09:26:24.596466007
5255.0,1,09:26:26.811796718
5255.0,1,09:26:28.544663789
5255.0,1,09:26:28.686674038
5255.0,1,09:26:29.440008370
5255.0,3,09:26:29.440034009
5255.0,6,09:26:29.440148555
5255.0,1,09:26:29.440426151
5255.0,16,09:26:29.440681933
5255.0,1,09:26:29.440808914
5255.0,6,09:26:29.454699437
5255.25,1,09:26:29.814394757
5255.0,2,09:26:29.912281000
5255.25,2,09:26:30.250178731
5255.0,1,09:26:30.250425542
5255.0,2,09:26:32.166463049
5255.25,4,09:26:32.495607994
5255.0,1,09:26:33.475272313
5255.25,2,09:26:34.594781811
5255.0,3,09:26:34.634448246
5255.25,2,09:26:34.898345439
5255.0,1,09:26:35.185072603
5255.0,5,09:26:35.210244631
5255.0,2,09:26:35.268193299
5255.0,1,09:26:35.509634910
5255.0,1,09:26:35.861610200
5255.25,2,09:26:36.126722631
5255.0,5,09:26:39.231530375
5255.0,11,09:26:39.231850723
5255.0,2,09:26:39.231940594
5255.0,1,09:26:39.231940594
5255.0,8,09:26:39.231999303
5255.0,1,09:26:39.232284413
5255.0,1,09:26:39.391806669
5255.0,28,09:26:40.736136603
5255.0,5,09:26:40.736208515
5255.0,6,09:26:40.736380067
5255.0,2,09:26:40.736581393
5255.0,2,09:26:40.736619224
5255.0,17,09:26:40.736700707
5255.0,2,09:26:40.736796460
5255.0,1,09:26:40.736796460
5255.0,2,09:26:40.736884305
5255.0,3,09:26:40.736884305
5255.0,2,09:26:40.959825909
5255.0,1,09:26:40.959998458
5255.0,1,09:26:40.960188540
5255.0,1,09:26:40.960236736
5254.75,1,09:26:41.371713678
5254.75,2,09:26:41.371725985
5255.0,1,09:26:42.592331117
5255.0,1,09:26:42.758400072
5255.0,1,09:26:42.764121650
5255.0,1,09:26:42.769038162
5254.75,2,09:26:43.028943418
5254.75,1,09:26:43.310065563
5255.0,10,09:26:44.767161981
5255.0,1,09:26:44.767189630
5255.0,1,09:26:44.767293139
5255.0,10,09:26:44.767423790
5255.0,6,09:26:44.767443547
5255.0,2,09:26:44.767512735
5255.0,1,09:26:44.767512735
5255.0,1,09:26:44.767560155
5255.0,1,09:26:44.767590181
5255.0,1,09:26:44.767624127
5254.75,2,09:26:44.895657462
5254.75,4,09:26:45.194146014
5255.0,1,09:26:45.748744232
5254.75,6,09:26:46.268882264
5254.75,1,09:26:46.614004297
5254.75,1,09:26:48.178706166
5254.75,2,09:26:48.974692789
5254.5,107,09:26:49.354980233
5254.75,93,09:26:49.354980233
5254.5,2,09:26:49.356472238
5254.75,1,09:26:49.356876739
5254.75,1,09:26:49.357358176
5254.5,1,09:26:49.358030864
5254.75,3,09:26:49.373294813
5254.5,2,09:26:49.379620579
5254.75,50,09:26:49.629850416
5254.75,1,09:26:49.629931508
5254.75,3,09:26:49.630067508
5254.75,3,09:26:49.630196653
5254.75,1,09:26:49.630196653
5254.75,4,09:26:49.630359018
5254.75,2,09:26:49.630359018
5254.75,1,09:26:49.630359018
5254.75,1,09:26:49.630400862
5254.75,1,09:26:49.630661126
5254.75,1,09:26:49.630802275
5254.75,8,09:26:49.630802275
5254.75,7,09:26:49.630999991
5254.75,1,09:26:49.631099801
5254.75,2,09:26:49.631099801
5254.75,1,09:26:49.632402275
5254.75,1,09:26:49.632818709
5254.75,5,09:26:49.666351449
5254.5,1,09:26:50.480017962
5254.5,1,09:26:50.656028775
5254.5,1,09:26:53.740929849
5254.5,3,09:26:55.024095774
5254.5,1,09:26:55.311877263
5254.5,5,09:26:55.335653171
5254.5,1,09:26:55.635780635
5254.5,2,09:26:57.859057759
5254.5,5,09:26:58.725770839
5254.5,5,09:27:00.060789349
5254.5,12,09:27:00.060965343
5254.5,10,09:27:00.062400402
5254.5,1,09:27:00.062862735
5254.5,2,09:27:00.398223736
5254.25,1,09:27:00.401752098
5254.25,1,09:27:00.401765906
5254.25,2,09:27:00.401765906
5254.25,1,09:27:02.866716724
5254.25,25,09:27:02.878541369
5254.5,1,09:27:03.372765961
5254.25,1,09:27:03.879512168
5254.25,1,09:27:04.258755055
5254.25,2,09:27:05.194848480
5254.25,5,09:27:05.294465568
5254.25,4,09:27:05.498673454
5254.5,1,09:27:05.609438656
5254.5,3,09:27:05.924113059
5254.5,3,09:27:06.189839991
5254.25,50,09:27:06.845469963
5254.25,11,09:27:06.846025037
5254.25,1,09:27:06.846077786
5254.25,1,09:27:06.850650177
5254.25,1,09:27:08.128610504
5254.25,2,09:27:08.236799078
5254.25,10,09:27:08.656832461
5254.25,4,09:27:08.657156775
5254.25,1,09:27:08.657217531
5254.25,1,09:27:08.657276789
5254.25,1,09:27:08.657373102
5254.25,1,09:27:08.658567245
5254.25,5,09:27:08.711344557
5254.25,4,09:27:08.711416648
5254.25,1,09:27:08.712037403
5254.25,1,09:27:09.285381834
5254.25,1,09:27:09.462079906
5254.25,2,09:27:15.334875609
5254.25,1,09:27:15.713624269
5254.25,5,09:27:15.737890944
5254.25,1,09:27:15.793538249
5254.25,1,09:27:20.027837603
5254.25,2,09:27:20.122466546
5254.25,1,09:27:20.122500268
5254.25,1,09:27:20.122673775
5254.25,4,09:27:20.122709558
5254.25,2,09:27:20.123492624
5254.0,2,09:27:20.124478346
5254.0,1,09:27:20.124496996
5254.25,3,09:27:20.124922781
5254.25,7,09:27:20.125186290
5254.25,33,09:27:21.691651153
5254.5,17,09:27:21.691651153
5254.5,2,09:27:23.276135532
5254.25,3,09:27:25.366788149
5254.25,5,09:27:25.653612718
5254.25,1,09:27:25.959579482
5254.25,10,09:27:26.794459376
5254.5,1,09:27:27.519212002
5254.5,2,09:27:27.878886419
5254.5,1,09:27:27.879072004
5254.5,4,09:27:27.879271425
5254.5,1,09:27:27.879372602
5254.5,1,09:27:27.879435323
5254.5,1,09:27:27.879497641
5254.5,1,09:27:27.879563924
5254.5,1,09:27:27.879773247
5254.5,2,09:27:27.879862388
5254.5,1,09:27:27.880083240
5254.5,1,09:27:27.880271093
5254.5,6,09:27:27.880620233
5254.5,4,09:27:27.880828462
5254.5,1,09:27:27.880973901
5254.5,2,09:27:27.880973901
5254.5,3,09:27:27.881040017
5254.5,2,09:27:27.881345550
5254.5,1,09:27:27.881553718
5254.5,4,09:27:27.881623585
5254.5,7,09:27:27.881796170
5254.5,1,09:27:29.798026944
5254.5,1,09:27:30.022035090
5254.5,10,09:27:30.042792603
5254.5,1,09:27:30.042816984
5254.5,3,09:27:30.042942611
5254.5,3,09:27:30.043130565
5254.5,2,09:27:30.043255080
5254.5,5,09:27:30.043319468
5254.5,1,09:27:30.057001751
5254.5,2,09:27:30.057076828
5254.5,4,09:27:30.057148307
5254.5,1,09:27:30.068241476
5254.5,1,09:27:30.068276708
5254.5,1,09:27:30.068434836
5254.5,1,09:27:30.068549369
5254.5,3,09:27:30.072176922
5254.5,5,09:27:30.072747048
5254.5,2,09:27:30.280123399
5254.25,1,09:27:34.168470294
5254.5,1,09:27:34.207752373
5254.5,42,09:27:34.208158656
5254.75,1,09:27:34.394805945
5254.75,1,09:27:34.394814486
5254.5,1,09:27:34.643733456
5254.5,1,09:27:34.844602845
5254.5,5,09:27:34.897174763
5254.5,5,09:27:34.897363372
5254.5,4,09:27:34.897457815
5254.5,3,09:27:34.897493512
5254.5,1,09:27:34.897669058
5254.5,5,09:27:34.897933930
5254.5,14,09:27:34.898921775
5254.5,2,09:27:34.899048129
5254.5,1,09:27:34.899121666
5254.5,4,09:27:34.899189678
5254.5,2,09:27:34.899253829
5254.5,1,09:27:34.899336746
5254.5,1,09:27:34.899438118
5254.5,3,09:27:34.899501044
5254.5,1,09:27:34.899696974
5254.5,1,09:27:34.899737269
5254.5,1,09:27:34.903107721
5254.5,1,09:27:35.254890159
5254.5,1,09:27:36.066045664
5254.25,25,09:27:36.185602649
5254.25,1,09:27:37.067363861
5254.25,21,09:27:38.436541729
5254.25,5,09:27:40.027907959
5254.25,1,09:27:40.027963896
5254.25,3,09:27:40.027963896
5254.25,2,09:27:40.030306657
5254.25,1,09:27:40.342286838
5254.5,3,09:27:41.912121058
5254.25,2,09:27:44.638395622
5254.25,3,09:27:45.552411804
5254.25,1,09:27:45.945334433
5254.25,4,09:27:45.975660027
5254.25,1,09:27:46.030319027
5254.25,5,09:27:50.070752579
5254.25,10,09:27:50.071079268
5254.25,2,09:27:50.071244324
5254.25,4,09:27:50.071246042
5254.25,6,09:27:50.071418269
5254.25,1,09:27:50.071418269
5254.25,3,09:27:50.071418269
5254.25,2,09:27:50.071438792
5254.25,3,09:27:50.071467519
5254.25,1,09:27:50.071756357
5254.25,2,09:27:50.071817701
5254.25,3,09:27:50.072817136
5254.25,1,09:27:50.072983310
5254.25,5,09:27:50.072992404
5254.25,1,09:27:50.073213877
5254.25,1,09:27:50.073256860
5254.25,1,09:27:51.914257641
5254.25,4,09:27:54.309694966
5254.25,21,09:27:55.434885177
5254.25,5,09:27:55.630229476
5254.25,1,09:27:55.985200689
5254.25,9,09:27:56.018042757
5254.25,1,09:27:56.072553391
5254.25,5,09:27:56.401111814
5254.25,2,09:27:56.913431150
5254.25,4,09:27:56.913687493
5254.25,1,09:27:56.914043072
5254.25,8,09:27:56.914388490
5254.25,5,09:27:56.925740651
5254.25,1,09:27:56.925801390
5254.25,3,09:27:56.925801390
5254.25,2,09:27:56.925853061
5254.25,1,09:27:56.926155070
5254.25,2,09:27:56.926358588
5254.25,15,09:27:56.926542508
5254.25,1,09:27:56.926749230
5254.25,1,09:27:56.926827076
5254.25,1,09:27:56.927032941
5254.25,3,09:27:56.927073550
5254.25,4,09:27:56.927155203
5254.25,13,09:27:57.660557985
5254.25,10,09:27:57.734572034
5254.25,1,09:27:57.734708268
5254.25,2,09:27:57.734794599
5254.25,1,09:27:57.734794599
5254.25,2,09:27:57.734901469
5254.25,1,09:27:57.734940423
5254.25,1,09:28:00.032182362
5254.25,6,09:28:00.046066072
5254.25,1,09:28:00.046267753
5254.25,1,09:28:00.046544219
5254.25,3,09:28:00.046851291
5254.25,5,09:28:00.046914242
5254.25,1,09:28:00.047000529
5254.25,3,09:28:00.047128788
5254.25,1,09:28:00.047250823
5254.25,2,09:28:00.047334959
5254.25,5,09:28:00.047405907
5254.25,1,09:28:00.047607454
5254.25,1,09:28:00.047653181
5254.25,1,09:28:00.047719744
5254.25,1,09:28:00.047797003
5254.25,2,09:28:00.047797003
5254.25,2,09:28:00.047888256
5254.25,1,09:28:00.048040550
5254.25,4,09:28:00.048040550
5254.25,1,09:28:00.048105556
5254.25,3,09:28:00.048289179
5254.5,1,09:28:00.081439496
5254.25,22,09:28:00.086473834
5254.25,1,09:28:00.086637543
5254.25,1,09:28:00.086723708
5254.25,2,09:28:00.086848433
5254.25,1,09:28:00.087068870
5254.25,1,09:28:00.087122570
5254.25,3,09:28:00.206645364
5254.25,6,09:28:00.532591908
5254.25,5,09:28:01.325833201
5254.25,1,09:28:07.390142560
5254.25,1,09:28:07.402930498
5254.5,1,09:28:08.244522149
5254.5,1,09:28:11.821390446
5254.25,1,09:28:12.091726283
5254.5,3,09:28:12.723191047
5254.25,19,09:28:14.194490557
5254.25,1,09:28:14.194528178
5254.25,7,09:28:14.194661125
5254.25,1,09:28:14.194773459
5254.25,4,09:28:14.194773459
5254.25,54,09:28:14.194875052
5254.25,1,09:28:14.195056646
5254.25,2,09:28:14.195090762
5254.25,1,09:28:14.195294616
5254.25,1,09:28:14.195358460
5254.25,1,09:28:14.195712823
5254.25,55,09:28:14.221611607
5254.25,1,09:28:14.221799854
5254.25,4,09:28:14.331504034
5254.25,5,09:28:14.331776154
5254.25,15,09:28:15.097193769
5254.25,1,09:28:15.097480009
5254.25,1,09:28:15.949320457
5254.25,2,09:28:16.051384785
5254.25,1,09:28:16.051407803
5254.25,5,09:28:16.051526367
5254.25,2,09:28:16.051576490
5254.25,2,09:28:16.052102732
5254.25,2,09:28:16.052182724
5254.25,2,09:28:16.052434668
5254.25,2,09:28:16.052648708
5254.25,1,09:28:16.584810587
5254.25,10,09:28:17.334770045
5254.25,14,09:28:17.337144382
5254.25,6,09:28:17.337400553
5254.25,1,09:28:17.337589530
5254.25,1,09:28:17.337666290
5254.25,2,09:28:17.337666290
5254.25,2,09:28:17.337710181
5254.25,9,09:28:17.337831125
5254.25,10,09:28:17.767241056
5254.25,7,09:28:17.767526169
5254.25,3,09:28:17.767587390
5254.25,5,09:28:17.767905572
5254.25,1,09:28:17.768104622
5254.25,1,09:28:17.768437689
5254.25,2,09:28:18.299429200
5254.25,5,09:28:18.551376644
5254.25,1,09:28:19.023984340
5254.25,2,09:28:19.396628335
5254.25,2,09:28:19.768362338
5254.25,3,09:28:19.768706261
5254.25,1,09:28:19.769856077
5254.25,1,09:28:19.769916253
5254.5,3,09:28:20.695794502
5254.5,1,09:28:20.696029082
5254.25,1,09:28:22.280214030
5254.25,5,09:28:22.773920429
5254.5,3,09:28:27.155602503
5254.25,1,09:28:27.208702455
5254.25,1,09:28:27.891847047
5254.5,1,09:28:28.180300537
5254.5,2,09:28:28.620201618
5254.5,1,09:28:28.734907429
5254.5,98,09:28:30.232361547
5254.5,19,09:28:30.233055391
5254.5,1,09:28:30.233146811
5254.5,2,09:28:30.233414272
5254.5,1,09:28:30.233514942
5254.5,6,09:28:30.233657816
5254.5,5,09:28:30.233657816
5254.5,3,09:28:30.233785137
5254.5,15,09:28:30.233785137
5254.5,1,09:28:30.234013110
5254.5,3,09:28:30.234257037
5254.5,2,09:28:30.546970732
5254.5,1,09:28:31.519839390
5254.75,1,09:28:36.975062532
5254.5,1,09:28:37.537192321
5254.75,2,09:28:38.210547976
5254.5,1,09:28:38.814041158
5254.75,1,09:28:39.219808326
5254.75,44,09:28:41.645357186
5254.75,7,09:28:41.683664973
5254.75,1,09:28:41.691115227
5255.0,1,09:28:41.961982589
5254.75,1,09:28:42.011997019
5254.75,1,09:28:42.076596412
5254.75,2,09:28:44.041270126
5254.75,1,09:28:45.026127677
5254.75,1,09:28:45.566287311
5254.75,2,09:28:45.566345792
5254.75,2,09:28:45.566458761
5254.75,1,09:28:45.566490659
5254.75,19,09:28:45.566622401
5254.75,1,09:28:45.566679190
5254.75,19,09:28:45.566784559
5254.75,1,09:28:45.566989079
5254.75,3,09:28:45.567124474
5254.75,2,09:28:45.567216402
5254.75,1,09:28:45.567216402
5254.75,19,09:28:45.567346295
5254.75,1,09:28:45.567474833
5254.75,1,09:28:45.567610038
5254.75,6,09:28:45.567610038
5254.75,1,09:28:45.567668052
5254.75,1,09:28:45.567767356
5254.75,2,09:28:45.567883459
5254.75,1,09:28:45.591771623
5254.75,1,09:28:45.592028608
5254.75,2,09:28:45.592087348
5254.75,2,09:28:45.592348666
5254.75,3,09:28:45.592384269
5254.75,1,09:28:45.592551044
5254.75,1,09:28:45.592610066
5254.75,1,09:28:45.592779983
5254.75,1,09:28:45.593068325
5254.75,1,09:28:45.627662578
5254.75,1,09:28:46.176460239
5254.75,5,09:28:46.176718350
5254.75,1,09:28:46.177204574
5254.75,1,09:28:46.177398779
5254.75,2,09:28:46.178316683
5254.5,20,09:28:46.309830635
5254.75,1,09:28:47.137689686
5254.5,2,09:28:47.789191226
5254.75,3,09:28:48.799845563
5254.75,1,09:28:51.035255692
5254.75,2,09:28:53.367265588
5254.75,8,09:28:55.687433093
5254.75,13,09:28:56.255843805
5254.75,3,09:28:56.255883994
5254.75,2,09:28:56.256271973
5254.75,1,09:28:56.256453007
5254.75,16,09:28:56.256613439
5254.75,1,09:28:56.256682794
5254.75,1,09:28:56.256895450
5254.75,2,09:28:56.256958096
5254.75,2,09:28:56.257122288
5254.75,4,09:28:56.257151949
5254.75,1,09:28:56.257233868
5254.75,1,09:28:56.257458851
5255.0,2,09:28:56.626467088
5254.75,5,09:28:57.000001783
5255.0,1,09:28:58.359642948
5254.75,1,09:28:58.505275366
5254.75,2,09:28:58.505300986
5254.75,1,09:28:58.680676807
5254.75,2,09:28:59.043104578
5252.25,3,09:30:24.966502915
5252.25,1,09:30:24.966732106
5252.25,1,09:30:24.966819222
5252.25,1,09:30:24.966944136
5252.25,1,09:30:24.967098042
5252.0,2,09:30:25.289014680
5252.0,1,09:30:25.289030853
5252.0,1,09:30:25.310485243
5252.25,1,09:30:25.369023036
5252.25,2,09:30:25.379265383
5252.25,1,09:30:25.550883643
5252.0,1,09:30:25.653649575
5252.0,1,09:30:25.727966885
5252.25,1,09:30:25.758196640
5252.0,2,09:30:25.850006114
5252.0,1,09:30:25.850016501
5252.0,1,09:30:25.864531625
5252.0,1,09:30:25.864678995
5252.0,4,09:30:25.886615565
5252.0,1,09:30:25.974995907
5252.25,2,09:30:26.024061599
5252.0,1,09:30:26.064249103
5252.0,1,09:30:26.093936507
5252.0,1,09:30:26.102353166
5252.25,2,09:30:26.116220319
5252.0,1,09:30:26.154194683
5252.25,13,09:30:26.154523774
5252.25,13,09:30:26.179282199
5252.25,89,09:30:26.179649924
5252.25,1,09:30:26.200809849
5252.5,1,09:30:26.202456786
5252.25,1,09:30:26.566792516
5252.25,1,09:30:26.693496976
5252.25,1,09:30:26.733374390
5252.25,1,09:30:26.966350997
5252.25,2,09:30:26.967292578
5252.25,1,09:30:26.982444434
5252.25,1,09:30:27.049675350
5252.25,1,09:30:27.065686815
5252.5,26,09:30:27.230335763
5252.5,1,09:30:27.230547863
5252.5,1,09:30:27.230589141
5252.5,1,09:30:27.230693580
5252.5,4,09:30:27.230722521
5252.5,3,09:30:27.422499147
5252.5,10,09:30:27.422651867
5252.5,10,09:30:27.422809170
5252.5,9,09:30:27.422809170
5252.5,1,09:30:27.422943838
5252.5,2,09:30:27.422943838
5252.5,5,09:30:27.422943838
5252.5,5,09:30:27.457042159
5252.5,1,09:30:27.457223393
5252.5,2,09:30:27.538307120
5252.5,7,09:30:27.538603422
5252.5,5,09:30:27.538926057
5252.5,2,09:30:27.539000679
5252.5,7,09:30:27.539126419
5252.5,2,09:30:27.539274281
5252.5,1,09:30:27.539274281
5252.5,2,09:30:27.539353025
5252.5,1,09:30:27.539353025
5252.5,3,09:30:27.539407676
5252.75,1,09:30:27.544956372
5252.5,1,09:30:27.563395577
5252.5,3,09:30:27.585575234
5252.5,1,09:30:27.608887383
5252.5,1,09:30:27.609041287
5252.5,2,09:30:27.620180736
5252.5,1,09:30:27.620206420
5252.5,1,09:30:27.620324218
5252.5,4,09:30:27.620361047
5252.5,2,09:30:27.624653182
5252.5,1,09:30:27.624683435
5252.5,4,09:30:27.624825224
5252.5,4,09:30:27.624932368
5252.5,3,09:30:27.624993781
5252.5,1,09:30:27.635821087
5252.5,9,09:30:27.636077338
5252.25,4,09:30:27.857973947
5252.5,1,09:30:28.055682676
5252.25,1,09:30:28.268652557
5252.25,46,09:30:28.305542715
5252.25,2,09:30:28.306034920
5252.25,1,09:30:28.319968509
5252.0,22,09:30:28.362784159
5252.0,87,09:30:28.363159370
5251.75,15,09:30:28.364897655
5251.75,5,09:30:28.364913841
5251.75,10,09:30:28.364913841
5251.75,4,09:30:28.364913841
5251.75,1,09:30:28.364913841
5251.75,1,09:30:28.367322088
5252.0,4,09:30:28.408790135
5252.0,2,09:30:28.409556494
5252.0,2,09:30:28.409636658
5252.0,1,09:30:28.423840330
5251.75,33,09:30:28.486457787
5251.75,6,09:30:28.486751054
5251.75,10,09:30:28.489389830
5251.75,1,09:30:28.489480507
5251.75,7,09:30:28.489728006
5251.75,7,09:30:28.489819166
5251.75,1,09:30:28.490299245
5251.75,2,09:30:28.533272954
5251.75,1,09:30:28.578347487
5251.5,1,09:30:28.583373998
5251.5,1,09:30:28.583387966
5251.5,1,09:30:28.606744203
5251.75,1,09:30:28.609193247
5251.75,1,09:30:28.792019492
5251.5,1,09:30:28.812303251
5251.5,1,09:30:28.842139160
5251.75,1,09:30:28.950036485
5251.75,1,09:30:29.003364823
5251.75,1,09:30:29.015191618
5251.75,1,09:30:29.095807276
5251.75,1,09:30:29.101199727
5251.75,1,09:30:29.148406652
5251.75,1,09:30:29.162321825
5251.5,1,09:30:29.261862351
5251.5,2,09:30:29.381518585
5251.5,1,09:30:29.395415879
5251.75,1,09:30:29.470186848
5251.75,37,09:30:29.470433637
5251.75,1,09:30:29.470539556
5251.75,2,09:30:29.470652450
5251.75,1,09:30:29.470748655
5251.75,7,09:30:29.470884078
5251.75,3,09:30:29.470884078
5251.75,1,09:30:29.470884078
5251.75,31,09:30:29.472415341
5251.75,5,09:30:29.472647029
5251.75,3,09:30:29.472774202
5251.75,1,09:30:29.477068961
5251.75,1,09:30:29.494438258
5251.75,1,09:30:29.672333161
5251.75,14,09:30:29.739992655
5251.75,2,09:30:29.740180583
5251.75,1,09:30:29.740206317
5251.75,8,09:30:29.740277881
5251.75,14,09:30:29.740388686
5251.75,2,09:30:29.740488256
5251.75,2,09:30:29.740819437
5251.75,3,09:30:29.741109495
5252.0,1,09:30:29.757494124
5251.75,25,09:30:29.761004465
5251.75,22,09:30:29.761445242
5251.75,2,09:30:29.761489018
5251.75,4,09:30:29.761720786
5251.75,1,09:30:29.761819694
5251.75,2,09:30:29.761819694
5251.75,1,09:30:29.820216640
5252.0,4,09:30:29.832003809
5251.75,6,09:30:29.864895512
5252.0,2,09:30:29.914709937
5251.75,1,09:30:29.925602022
5251.75,42,09:30:29.963405753
5251.75,2,09:30:30.014682099
5252.0,2,09:30:30.040185438
5251.75,1,09:30:30.100514919
5251.75,1,09:30:30.100713202
5251.75,1,09:30:30.100907519
5251.75,1,09:30:30.101095785
5251.75,1,09:30:30.101306679
5251.75,1,09:30:30.225245583
5252.0,1,09:30:30.227009965
5252.0,1,09:30:30.302921866
5252.0,2,09:30:30.383792718
5252.0,44,09:30:30.384200434
5252.0,3,09:30:30.384412855
5252.0,1,09:30:30.384515759
5252.0,1,09:30:30.384550269
5252.0,1,09:30:30.384909796
5252.0,1,09:30:30.385022995
5252.0,1,09:30:30.385050980
5252.25,1,09:30:30.493084575
5252.25,1,09:30:30.591722284
5252.25,1,09:30:30.591921421
5252.25,1,09:30:30.603221540
5252.0,1,09:30:30.604629031
5252.25,3,09:30:30.643647855
5252.25,1,09:30:30.643682778
5252.25,2,09:30:30.643737718
5252.25,9,09:30:30.643892119
5252.25,5,09:30:30.644080738
5252.25,8,09:30:30.644146083
5252.25,2,09:30:30.763986141
5252.25,1,09:30:30.764014448
5252.25,2,09:30:30.764132340
5252.25,10,09:30:30.764223996
5252.25,1,09:30:30.764261641
5252.25,2,09:30:30.764323108
5252.25,4,09:30:30.764381852
5252.25,1,09:30:30.764591690
5252.25,1,09:30:30.764816376
5252.25,9,09:30:30.764889088
5252.25,5,09:30:30.764937732
5252.25,1,09:30:30.777546683
5252.25,3,09:30:30.786104122
5252.25,8,09:30:30.786293196
5252.25,5,09:30:30.803242334
5252.0,1,09:30:30.890466763
5252.0,1,09:30:30.892108466
5252.0,1,09:30:30.916425321
5252.0,9,09:30:30.916659902
5252.0,3,09:30:30.916716532
5252.0,4,09:30:30.985457684
5252.0,2,09:30:30.985522584
5252.0,1,09:30:30.985522584
5252.0,2,09:30:30.985609543
5252.0,1,09:30:30.985657307
5252.0,2,09:30:30.985657307
5252.0,2,09:30:30.985722501
5252.0,6,09:30:30.985722501
5252.0,4,09:30:30.985769031
5252.0,3,09:30:30.985868748
5252.0,6,09:30:30.985868748
5252.0,14,09:30:30.985905632
5252.0,1,09:30:30.987453660
5252.0,4,09:30:30.987658137
5252.0,1,09:30:30.990994730
5252.0,4,09:30:30.991167735
5252.0,2,09:30:30.991193127
5252.0,1,09:30:30.991235602
5252.0,1,09:30:31.046787690
5251.75,1,09:30:31.063538133
5252.0,2,09:30:31.085714205
5252.0,3,09:30:31.086062673
5252.0,1,09:30:31.087611104
5252.0,1,09:30:31.104159116
5252.0,1,09:30:31.132100924
5252.0,1,09:30:31.132158741
5252.0,2,09:30:31.132158741
5252.0,5,09:30:31.132226041
5252.0,1,09:30:31.132353880
5252.0,1,09:30:31.138360453
5251.75,10,09:30:31.307471689
5251.75,14,09:30:31.332994794
5251.75,1,09:30:31.333111600
5251.75,1,09:30:31.333146631
5251.75,4,09:30:31.333169559
5251.75,8,09:30:31.333207976
5251.75,3,09:30:31.333259977
5251.75,7,09:30:31.333324907
5251.75,19,09:30:31.333455399
5251.75,2,09:30:31.341878260
5251.75,1,09:30:31.341917016
5251.75,2,09:30:31.342036545
5251.75,1,09:30:31.356033153
5252.0,1,09:30:31.359363421
5251.75,1,09:30:31.371788622
5251.75,1,09:30:31.387930237
5252.0,2,09:30:31.407234568
5251.75,1,09:30:31.491963605
5252.0,1,09:30:31.507336718
5251.75,4,09:30:31.516130293
5251.75,1,09:30:31.586915683
5251.75,1,09:30:31.610637092
5251.75,38,09:30:31.654207982
5252.0,2,09:30:31.783419576
5251.75,1,09:30:31.801985978
5251.75,1,09:30:31.861308487
5252.0,5,09:30:31.903203631
5251.75,1,09:30:31.957185563
5251.75,1,09:30:31.982334703
5252.0,1,09:30:32.002599514
5252.0,1,09:30:32.042573333
5252.0,7,09:30:32.182923742
5252.0,4,09:30:32.183129705
5252.0,6,09:30:32.183212394
5252.0,1,09:30:32.183267448
5252.0,1,09:30:32.183363950
5252.0,1,09:30:32.184341393
5251.75,1,09:30:32.331679729
5251.75,1,09:30:32.548366573
5252.0,8,09:30:32.690997885
5251.75,2,09:30:32.781510353
5252.0,1,09:30:32.799274141
5252.0,2,09:30:32.816471015
5252.0,1,09:30:32.816649265
5252.0,1,09:30:32.816691077
5252.0,6,09:30:32.816729571
5252.0,10,09:30:32.816864680
5252.0,3,09:30:32.816940509
5252.0,1,09:30:32.817098993
5252.0,3,09:30:33.104161100
5252.25,1,09:30:33.156459605
5252.0,1,09:30:33.446681383
5252.25,2,09:30:33.459673171
5252.25,1,09:30:33.806334549
5252.0,1,09:30:33.827733409
5252.25,1,09:30:34.038046291
5252.25,3,09:30:34.228780494
5252.25,1,09:30:34.435379285
5252.0,1,09:30:34.475732360
5252.0,3,09:30:34.475784594
5252.0,1,09:30:34.475887989
5252.0,1,09:30:34.475922443
5252.0,2,09:30:34.476026923
5252.0,10,09:30:34.476153209
5252.0,1,09:30:34.476192826
5252.0,1,09:30:34.482200740
5252.0,1,09:30:34.482234673
5252.0,4,09:30:34.482362910
5252.0,6,09:30:34.482390834
5252.0,38,09:30:34.482745221
5252.0,1,09:30:34.532084817
5251.75,5,09:30:34.588911680
5251.75,1,09:30:34.589108122
5251.75,3,09:30:34.589220924
5251.75,7,09:30:34.589318842
5251.75,1,09:30:34.589415734
5251.75,3,09:30:34.589415734
5251.75,1,09:30:34.589545823
5251.75,5,09:30:34.589545823
5251.75,1,09:30:34.589650626
5251.75,1,09:30:34.589699993
5251.75,1,09:30:34.589745658
5251.75,9,09:30:34.589825686
5251.75,5,09:30:34.589938062
5251.75,1,09:30:34.590109531
5251.75,5,09:30:34.590455547
5252.0,1,09:30:34.693373292
5251.75,1,09:30:34.717283812
5252.0,1,09:30:34.800426863
5252.0,1,09:30:34.895376497
5251.75,1,09:30:34.898939647
5252.0,1,09:30:35.347174769
5251.75,2,09:30:35.399239482
5251.75,1,09:30:35.399260903
5251.75,19,09:30:35.399490105
5251.75,2,09:30:35.663738391
5251.75,10,09:30:35.664040943
5251.75,1,09:30:35.664110212
5251.75,2,09:30:35.664314841
5251.5,1,09:30:35.667078227
5251.75,1,09:30:35.671674579
5251.5,1,09:30:35.674437178
5251.75,2,09:30:35.703385368
5251.75,1,09:30:35.703415689
5251.75,6,09:30:35.703596828
5251.75,1,09:30:35.703668475
5251.75,20,09:30:35.703668475
5251.75,1,09:30:35.703713473
5251.75,1,09:30:35.703788275
5251.75,1,09:30:35.711093290
5251.5,1,09:30:35.725089284
5251.75,2,09:30:36.232946073
5251.5,1,09:30:36.376318683
5251.5,2,09:30:36.516128690
5251.75,1,09:30:36.529497077
5251.75,1,09:30:36.529691212
5251.75,5,09:30:36.538772185
5251.75,38,09:30:36.539138912
5251.75,1,09:30:36.539268909
5251.75,3,09:30:36.539431001
5251.75,6,09:30:36.539431001
5251.75,1,09:30:36.539431001
5251.75,4,09:30:36.539431001
5251.75,1,09:30:36.539568928
5251.75,2,09:30:36.539568928
5251.75,3,09:30:36.539568928
5251.75,3,09:30:36.609950928
5252.0,1,09:30:36.631308344
5252.0,1,09:30:36.648215785
5252.0,1,09:30:36.648509665
5251.75,3,09:30:37.017481721
5252.0,1,09:30:37.412199576
5252.0,1,09:30:37.769880686
5252.0,1,09:30:37.770090370
5252.0,1,09:30:37.800512442
5252.0,1,09:30:37.800735320
5252.0,14,09:30:37.801040174
5252.0,1,09:30:37.801177354
5252.0,5,09:30:37.801778182
5252.0,20,09:30:37.801988109
5252.0,2,09:30:38.071025942
5252.0,8,09:30:38.445838646
5252.0,2,09:30:38.445906308
5252.0,1,09:30:38.446023395
5252.0,69,09:30:38.446309061
5252.0,7,09:30:38.446555845
5252.0,6,09:30:38.446620230
5252.0,1,09:30:38.447057314
5251.75,3,09:30:38.456535530
5252.0,1,09:30:38.491744438
5252.0,2,09:30:38.733188112
5252.0,5,09:30:38.733287000
5252.0,21,09:30:38.733444606
5252.0,2,09:30:38.733490364
5252.0,1,09:30:38.733577653
5252.0,1,09:30:38.742818059
5252.0,2,09:30:38.787945967
5252.0,1,09:30:38.875756443
5252.0,1,09:30:38.889189853
5252.0,1,09:30:38.949606181
5251.75,3,09:30:39.061664726
5252.0,1,09:30:39.257590767
5251.75,2,09:30:39.287181069
5252.0,3,09:30:39.340339062
5252.0,4,09:30:39.468979151
5252.0,1,09:30:39.469003133
5252.0,3,09:30:39.469141872
5252.0,1,09:30:39.469212180
5252.0,14,09:30:39.469363719
5252.0,8,09:30:39.469800563
5252.0,2,09:30:39.469898843
5252.0,1,09:30:39.469898843
5252.0,4,09:30:39.469977114
5252.0,1,09:30:39.469977114
5252.0,1,09:30:39.477293370
5252.0,10,09:30:39.490393227
5252.0,2,09:30:39.490559311
5252.0,1,09:30:39.494648651
5252.0,1,09:30:39.494894624
5252.0,5,09:30:39.495099901
5252.0,3,09:30:39.790862971
5251.75,6,09:30:39.999383657
5251.75,20,09:30:40.000240241
5251.75,2,09:30:40.000365876
5251.75,3,09:30:40.000514541
5251.75,1,09:30:40.000514541
5251.75,5,09:30:40.000575557
5251.75,2,09:30:40.000737413
5251.75,4,09:30:40.000811884
5251.75,1,09:30:40.000911755
5251.75,1,09:30:40.001031715
5251.75,6,09:30:40.001031715
5251.75,2,09:30:40.001031715
5251.75,1,09:30:40.001092184
5251.75,1,09:30:40.001167040
5251.75,1,09:30:40.001247071
5251.75,2,09:30:40.002483198
5251.75,2,09:30:40.002627774
5251.75,1,09:30:40.003299550
5251.5,1,09:30:40.004677418
5251.5,1,09:30:40.104737879
5251.5,1,09:30:40.104947280
5251.5,1,09:30:40.105150519
5251.5,1,09:30:40.105386050
5251.5,1,09:30:40.105600861
5251.5,1,09:30:40.150737313
5251.75,3,09:30:40.184440930
5251.75,1,09:30:40.272141562
5251.75,1,09:30:40.402354552
5251.75,1,09:30:40.444062628
5251.75,5,09:30:40.444252776
5251.75,20,09:30:40.444353296
5251.75,2,09:30:40.444353296
5251.75,2,09:30:40.444453013
5251.75,12,09:30:40.444579294
5251.75,2,09:30:40.444805357
5251.75,1,09:30:40.444852212
5251.75,1,09:30:40.444893502
5251.5,2,09:30:40.612873894
5251.5,1,09:30:40.926907171
5251.75,5,09:30:40.939127095
5251.75,3,09:30:41.066411098
5251.75,6,09:30:41.066558910
5251.75,1,09:30:41.066621682
5251.75,39,09:30:41.066790664
5251.75,2,09:30:41.066881421
5251.75,10,09:30:41.066881421
5251.75,3,09:30:41.066975001
5251.75,6,09:30:41.067017492
5251.75,3,09:30:41.067067073
5252.0,1,09:30:41.081209278
5252.0,14,09:30:41.173724437
5251.75,48,09:30:41.528453224
5251.5,2,09:30:41.540080272
5251.5,1,09:30:41.540724634
5251.5,1,09:30:41.563404918
5251.75,3,09:30:41.620604257
5251.75,1,09:30:41.684278556
5251.75,1,09:30:41.684482105
5251.75,2,09:30:41.692829128
5251.75,3,09:30:41.695023248
5251.75,2,09:30:41.717472095
5251.75,1,09:30:41.717509574
5251.75,4,09:30:41.717619016
5251.75,5,09:30:41.717697920
5251.75,1,09:30:41.717746110
5251.75,1,09:30:41.717794394
5251.75,4,09:30:41.717854601
5251.75,7,09:30:41.717895927
5251.75,1,09:30:41.784125614
5252.0,1,09:30:41.958832999
5252.0,15,09:30:41.959185136
5251.75,3,09:30:41.969198951
5251.75,3,09:30:41.969259333
5251.75,8,09:30:41.969358846
5251.75,1,09:30:41.969412837
5251.75,20,09:30:41.969596498
5251.75,3,09:30:41.969655047
5251.75,1,09:30:41.970085430
5251.75,3,09:30:41.970205176
5251.5,1,09:30:41.976401512
5251.75,4,09:30:42.349757231
5251.75,20,09:30:42.349886587
5251.75,1,09:30:42.349943018
5251.75,1,09:30:42.350014760
5251.75,9,09:30:42.350106883
5251.75,1,09:30:42.350106883
5251.75,8,09:30:42.350179179
5251.75,1,09:30:42.350179179
5251.75,1,09:30:42.350269453
5251.75,1,09:30:42.350389420
5251.75,1,09:30:42.350492805
5251.75,1,09:30:42.350616590
5251.75,1,09:30:42.350661265
5251.75,1,09:30:42.350731273
5251.75,1,09:30:42.350791594
5251.75,1,09:30:42.350918861
5251.75,1,09:30:42.351134101
5251.75,1,09:30:42.376352724
5251.75,1,09:30:42.906680644
5251.5,2,09:30:42.911347071
5251.5,2,09:30:42.911517011
5251.5,1,09:30:42.911572983
5251.5,1,09:30:42.911651951
5251.5,1,09:30:42.911695491
5251.5,1,09:30:42.911794504
5251.5,8,09:30:42.911882103
5251.5,1,09:30:42.911931390
5251.5,6,09:30:42.912011263
5251.5,1,09:30:42.912051779
5251.5,97,09:30:42.912448904
5251.5,1,09:30:42.913543144
5251.5,1,09:30:43.002570035
5251.5,5,09:30:43.017752401
5251.5,5,09:30:43.076083483
5251.5,1,09:30:43.086738200
5251.5,1,09:30:43.126825257
5251.5,15,09:30:43.160761464
5251.5,1,09:30:43.160994637
5251.5,1,09:30:43.168781053
5251.5,1,09:30:43.170900971
5251.5,3,09:30:43.194025110
5251.25,1,09:30:43.252596319
5251.25,1,09:30:43.252607969
5251.5,6,09:30:43.265695923
5251.5,1,09:30:43.265765732
5251.5,5,09:30:43.265830056
5251.5,7,09:30:43.265830056
5251.5,1,09:30:43.265856316
5251.5,3,09:30:43.265953086
5251.5,3,09:30:43.265996363
5251.5,1,09:30:43.266105470
5251.5,2,09:30:43.275914039
5251.5,3,09:30:43.275947275
5251.5,1,09:30:43.286073812
5251.5,1,09:30:43.318049707
5251.25,1,09:30:43.506075067
5251.5,1,09:30:43.578023539
5251.5,1,09:30:43.724065080
5251.25,4,09:30:43.756237724
5251.25,1,09:30:43.756256823
5251.25,3,09:30:43.756373510
5251.25,10,09:30:43.756551849
5251.25,8,09:30:43.756615955
5251.25,7,09:30:43.756745011
5251.25,1,09:30:43.756745011
5251.25,2,09:30:43.756887424
5251.25,3,09:30:43.756887424
5251.25,3,09:30:43.757250820
5251.25,18,09:30:43.757367337
5251.25,1,09:30:43.757452146
5251.25,3,09:30:43.757651743
5251.25,5,09:30:43.758227246
5251.25,1,09:30:43.758548488
5251.25,1,09:30:43.758862522
5251.25,4,09:30:43.758931355
5251.25,1,09:30:43.758987812
5251.25,10,09:30:43.759072946
5251.25,1,09:30:43.759102825
5251.25,2,09:30:43.759148106
5251.25,2,09:30:43.763473883
5251.25,1,09:30:43.763504831
5251.25,2,09:30:43.763644920
5251.25,13,09:30:43.763820840
5251.25,1,09:30:43.764176191
5251.25,1,09:30:43.764342675
5251.25,1,09:30:43.764380550
5251.25,1,09:30:43.788356784
5251.25,8,09:30:43.788567559
5251.25,1,09:30:43.788605908
5251.25,1,09:30:43.873649608
5251.25,5,09:30:43.881543376
5251.25,1,09:30:44.067490760
5251.5,1,09:30:44.184941934
5251.25,1,09:30:44.208273475
5251.25,66,09:30:44.236084838
5251.25,10,09:30:44.246167255
5251.25,1,09:30:44.303074772
5251.25,1,09:30:44.333478561
5251.25,4,09:30:44.337453706
5251.25,1,09:30:44.337642453
5251.25,2,09:30:44.339673784
5251.25,5,09:30:44.339715553
5251.25,1,09:30:44.339848968
5251.25,1,09:30:44.640928377
5251.0,1,09:30:45.049560132
5251.0,1,09:30:45.049569533
5251.25,5,09:30:45.094493824
5251.0,1,09:30:45.202374247
5251.0,1,09:30:45.476434724
5251.25,1,09:30:45.507696727
5251.25,1,09:30:45.616521424
5251.25,1,09:30:45.705179503
5251.0,1,09:30:45.779329520
5251.25,1,09:30:45.871063514
5251.25,1,09:30:45.914511743
5251.25,1,09:30:45.914689574
5251.25,1,09:30:45.914755994
5251.25,5,09:30:45.914841916
5251.25,1,09:30:45.914915790
5251.25,1,09:30:45.914963721
5251.25,27,09:30:45.915072779
5251.5,1,09:30:45.916219749
5251.5,25,09:30:45.929998913
5251.5,1,09:30:45.983986844
5251.5,8,09:30:45.984873495
5251.5,1,09:30:46.073480802
5251.75,13,09:30:46.269360925
5251.75,1,09:30:46.269377553
5251.75,1,09:30:46.276709995
5251.5,1,09:30:46.331760593
5251.5,2,09:30:46.396549788
5251.5,1,09:30:46.551752825
5251.75,5,09:30:46.613947336
5251.75,3,09:30:46.614162822
5251.75,2,09:30:46.616137109
5251.75,1,09:30:46.616289780
5251.75,47,09:30:46.616442177
5252.0,1,09:30:46.717500692
5252.0,2,09:30:46.717513303
5252.0,1,09:30:46.717513303
5252.0,6,09:30:46.717744201
5252.0,2,09:30:46.717773622
5252.0,1,09:30:46.718110883
5252.0,1,09:30:46.718320788
5252.0,5,09:30:46.718389820
5252.0,1,09:30:46.750442220
5252.25,1,09:30:46.819915106
5252.0,2,09:30:46.824043586
5252.25,1,09:30:46.902674089
5252.0,1,09:30:46.917857452
5252.25,1,09:30:46.938651001
5252.0,1,09:30:47.175244286
5252.25,1,09:30:47.212903769
5252.25,4,09:30:47.240645848
5252.0,1,09:30:47.347509164
5252.0,1,09:30:47.347520108
5252.25,2,09:30:47.573610844
5252.0,11,09:30:47.636047445
5252.0,1,09:30:47.636082076
5252.0,9,09:30:47.725259443
5252.0,15,09:30:47.725412242
5252.0,1,09:30:47.731961357
5252.0,4,09:30:47.800586213
5252.0,1,09:30:47.877433760
5251.75,5,09:30:48.014803877
5252.0,1,09:30:48.080937554
5252.0,1,09:30:48.096407628
5252.0,5,09:30:48.096628531
5252.0,1,09:30:48.181734405
5252.0,5,09:30:48.249739812
5252.0,4,09:30:48.442842084
5252.0,1,09:30:48.442882933
5252.0,25,09:30:48.443025115
5252.0,1,09:30:48.443059667
5252.0,1,09:30:48.443090531
5252.0,7,09:30:48.443137018
5252.0,1,09:30:48.443183413
5252.0,3,09:30:48.443240540
5252.0,6,09:30:48.443320219
5252.0,1,09:30:48.443434503
5252.0,6,09:30:48.443502334
5252.0,4,09:30:48.443718601
5252.0,2,09:30:48.443767303
5252.0,6,09:30:48.443954142
5252.0,2,09:30:48.444000482
5252.0,1,09:30:48.444025244
5252.0,1,09:30:48.444129658
5252.0,1,09:30:48.444252231
5252.0,2,09:30:48.462031354
5252.0,1,09:30:48.462054692
5252.0,2,09:30:48.462160704
5252.0,2,09:30:48.462236209
5252.0,1,09:30:48.462266194
5252.0,2,09:30:48.462585251
5252.0,9,09:30:48.462880853
5252.0,1,09:30:48.790743413
5252.0,1,09:30:49.259410405
5252.0,1,09:30:49.268601039
5252.0,1,09:30:49.269295652
5252.0,1,09:30:49.269742291
5252.0,1,09:30:49.270102830
5252.0,1,09:30:49.270839366
5251.75,1,09:30:49.334398895
5252.0,1,09:30:49.435983424
5252.0,1,09:30:49.477213602
5252.0,10,09:30:49.477455063
5252.0,1,09:30:49.507853679
5252.0,1,09:30:49.540830439
5252.0,2,09:30:49.552769748
5252.0,2,09:30:49.552936680
5252.0,2,09:30:49.552996361
5252.0,1,09:30:49.552996361
5252.0,2,09:30:49.553063766
5252.0,1,09:30:49.553152764
5252.0,8,09:30:49.553152764
5252.0,3,09:30:49.553265316
5252.0,1,09:30:49.553265316
5252.0,8,09:30:49.553265316
5252.0,2,09:30:49.553328382
5252.0,1,09:30:49.553328382
5252.0,4,09:30:49.553385555
5252.0,1,09:30:49.553538794
5252.0,3,09:30:49.553689574
5252.0,3,09:30:49.570410760
5252.0,1,09:30:49.696618576
5252.0,4,09:30:49.701536544
5251.75,1,09:30:50.099371361
5251.75,1,09:30:50.099579061
5252.0,1,09:30:50.203173477
5252.0,1,09:30:50.203675107
5252.0,1,09:30:50.203735702
5252.0,6,09:30:50.203809304
5252.0,1,09:30:50.203866019
5252.0,3,09:30:50.203866019
5252.0,1,09:30:50.203924778
5252.0,1,09:30:50.203998179
5252.0,10,09:30:50.204099329
5252.0,4,09:30:50.204132559
5252.0,1,09:30:50.204197821
5252.0,1,09:30:50.204227195
5251.75,3,09:30:50.339088753
5252.0,1,09:30:50.399962353
5251.75,1,09:30:50.648801318
5251.75,1,09:30:50.666518574
5251.75,73,09:30:50.676223306
5251.75,8,09:30:50.676560360
5251.75,1,09:30:50.676659677
5251.75,3,09:30:50.676659677
5251.75,17,09:30:50.676759555
5251.75,1,09:30:50.677457422
5251.75,1,09:30:51.387980153
5251.5,1,09:30:51.712377407
5251.75,1,09:30:51.770011472
5251.75,2,09:30:51.835055644
5251.75,1,09:30:52.066088500
5251.75,1,09:30:52.075324801
5251.75,1,09:30:52.194811732
5251.5,1,09:30:52.283748596
5251.5,1,09:30:52.284016819
5251.5,1,09:30:52.433690921
5251.5,1,09:30:52.529287100
5251.75,17,09:30:52.760490799
5251.75,3,09:30:52.760547437
5251.75,6,09:30:52.760607786
5251.75,4,09:30:52.760660974
5251.75,1,09:30:52.760771543
5251.75,4,09:30:52.760771543
5251.75,1,09:30:52.760884106
5251.75,7,09:30:52.760884106
5251.75,30,09:30:52.761058695
5251.75,5,09:30:52.761832666
5251.75,1,09:30:52.894583441
5252.0,1,09:30:52.943882549
5252.0,1,09:30:52.943893147
5251.75,1,09:30:53.376098259
5251.75,49,09:30:53.413144196
5251.75,1,09:30:53.413382383
5251.75,1,09:30:53.413415727
5251.75,1,09:30:53.413666942
5251.75,1,09:30:53.413706677
5251.75,1,09:30:53.413924486
5251.75,3,09:30:53.413987044
5251.75,1,09:30:53.432532663
5251.75,3,09:30:53.433137007
5251.75,7,09:30:53.433360196
5251.75,2,09:30:53.433653646
5251.75,1,09:30:53.433812513
5251.75,12,09:30:53.433974342
5251.75,1,09:30:53.434370751
5251.75,2,09:30:53.434564611
5251.5,6,09:30:53.693738521
5251.5,8,09:30:53.693979713
5251.5,6,09:30:53.694042435
5251.5,9,09:30:53.694126698
5251.5,1,09:30:53.694126698
5251.5,5,09:30:53.694237193
5251.5,2,09:30:53.694313019
5251.5,1,09:30:53.694341055
5251.5,2,09:30:53.695621958
5251.5,1,09:30:53.695724452
5251.5,2,09:30:53.695806793
5251.5,4,09:30:53.695924623
5251.5,4,09:30:53.736890635
5251.5,1,09:30:53.737333678
5251.5,2,09:30:53.741704396
5251.5,9,09:30:53.741909744
5251.5,7,09:30:53.805581433
5251.5,3,09:30:53.805729513
5251.5,1,09:30:53.805897071
5251.5,4,09:30:53.816535336
5251.5,1,09:30:53.816719424
5251.5,6,09:30:53.836110390
5251.5,1,09:30:54.005789112
5251.5,1,09:30:54.139439944
5251.5,2,09:30:54.176116254
5251.5,10,09:30:54.176674904
5251.5,1,09:30:54.176880644
5251.5,1,09:30:54.177074347
5251.5,10,09:30:54.197629206
5251.5,1,09:30:54.197746677
5251.5,4,09:30:54.197807139
5251.5,1,09:30:54.197871701
5251.5,1,09:30:54.297615549
5251.75,2,09:30:54.909866598
5251.75,26,09:30:54.911214628
5251.75,7,09:30:54.911369889
5251.75,3,09:30:54.911478656
5251.75,1,09:30:54.911592754
5251.75,2,09:30:54.911705528
5251.75,2,09:30:54.911851237
5251.75,1,09:30:54.911944137
5251.75,1,09:30:54.911999040
5251.75,1,09:30:54.912044328
5251.75,1,09:30:54.912232934
5251.75,1,09:30:54.912287882
5251.75,6,09:30:54.912487534
5251.75,2,09:30:54.913148488
5251.75,17,09:30:54.915601228
5251.75,1,09:30:54.919365141
5251.75,2,09:30:54.920285685
5251.75,1,09:30:54.924852836
5251.75,3,09:30:54.926568400
5251.5,2,09:30:54.960372688
5251.75,1,09:30:54.992593660
5251.75,1,09:30:54.997166480
5251.75,3,09:30:54.997362962
5251.75,4,09:30:54.997434973
5251.75,1,09:30:54.999713752
5251.75,1,09:30:54.999884843
5251.75,1,09:30:55.000537084
5251.75,2,09:30:55.009882360
5251.75,1,09:30:55.010163294
5251.75,2,09:30:55.045271395
5251.75,1,09:30:55.114816941
5251.75,3,09:30:55.115013781
5251.75,2,09:30:55.115556950
5251.75,2,09:30:55.115911962
5251.75,3,09:30:55.116093623
5251.75,1,09:30:55.116132920
5251.75,9,09:30:55.116248781
5251.75,18,09:30:55.191004917
5251.75,24,09:30:55.196172935
5251.75,1,09:30:55.199145754
5251.5,1,09:30:55.396809361
5251.5,1,09:30:55.452331072
5251.5,6,09:30:55.452580984
5251.5,2,09:30:55.452802909
5251.5,10,09:30:55.452873429
5251.5,5,09:30:55.453122396
5251.5,8,09:30:55.453394277
5251.5,1,09:30:55.453453242
5251.5,1,09:30:55.597511877
5251.5,7,09:30:55.597742992
5251.5,3,09:30:55.614639498
5251.5,1,09:30:55.614973755
5251.5,2,09:30:55.615152039
5251.5,1,09:30:55.615228560
5251.5,2,09:30:55.615228560
5251.5,1,09:30:55.615257952
5251.5,1,09:30:55.615618911
5251.5,57,09:30:55.763359019
5251.5,1,09:30:55.763950157
5251.75,3,09:30:55.785811861
5251.75,1,09:30:55.989660381
5251.75,1,09:30:56.102836007
5251.75,1,09:30:56.146583259
5251.75,1,09:30:56.203061254
5251.75,1,09:30:56.289309269
5251.75,1,09:30:56.432974808
5251.5,1,09:30:56.569578032
5251.5,2,09:30:56.981466739
5251.5,1,09:30:56.981495215
5251.5,10,09:30:56.981714999
5251.5,7,09:30:56.982020155
5251.5,1,09:30:56.982117161
5251.75,1,09:30:57.000312603
5251.75,1,09:30:57.133485294
5251.5,1,09:30:57.142424882
5251.5,5,09:30:57.460410472
5251.5,1,09:30:57.460500849
5251.5,2,09:30:57.460558779
5251.5,5,09:30:57.460597689
5251.5,3,09:30:57.460655092
5251.5,5,09:30:57.460924412
5251.5,1,09:30:57.460983492
5251.5,1,09:30:57.461078201
5251.5,4,09:30:57.461181591
5251.5,1,09:30:57.461279424
5251.5,3,09:30:57.463213716
5251.5,2,09:30:57.663123784
5251.5,1,09:30:57.750257238
5251.25,83,09:30:58.453944384
5251.25,1,09:30:58.507562969
5251.0,5,09:30:58.544446695
5251.25,1,09:30:58.595800025
5251.0,87,09:30:58.640963114
5251.0,1,09:30:58.641210547
5251.0,79,09:30:58.641368911
5251.0,2,09:30:58.881620332
5250.75,1,09:30:59.204753537
5250.75,1,09:30:59.204768318
5250.75,20,09:30:59.205141041
5251.0,5,09:30:59.289771282
5251.0,1,09:30:59.311476901
5251.0,5,09:30:59.435846828
5251.0,6,09:30:59.436083140
5251.0,5,09:30:59.436135812
5251.0,1,09:30:59.436280069
5251.0,10,09:30:59.445961038
5251.0,10,09:30:59.446105514
5251.0,1,09:30:59.448609424
5251.0,2,09:30:59.479856014
5251.0,1,09:30:59.479883969
5251.0,5,09:30:59.480060444
5251.0,1,09:30:59.480126942
5251.0,8,09:30:59.480126942
5251.0,2,09:30:59.480188440
5251.0,1,09:30:59.480188440
5251.0,1,09:30:59.480270570
5251.0,1,09:30:59.480359519
5251.0,5,09:30:59.480441863
5251.0,1,09:30:59.480647080
5251.0,4,09:30:59.484781087
5251.0,1,09:30:59.484919723
5251.0,1,09:30:59.623249064
5251.0,10,09:30:59.737411346
5251.0,7,09:30:59.737622374
5251.0,5,09:30:59.743581735
5251.0,1,09:30:59.755561590
5251.0,1,09:30:59.806760982
5251.0,20,09:30:59.904098125
5251.0,5,09:30:59.906496993
5251.0,1,09:30:59.906682651
5256.0,1,09:32:19.651361815
5256.0,4,09:32:19.651368912
5256.0,1,09:32:19.651376564
5256.0,15,09:32:19.651384509
5256.0,4,09:32:19.651384509
5256.0,2,09:32:19.651606319
5256.0,1,09:32:19.651614236
5256.0,5,09:32:19.651621756
5256.0,1,09:32:19.651627023
5256.0,2,09:32:19.651634483
5256.0,1,09:32:19.651634483
5256.0,1,09:32:19.651640835
5256.0,1,09:32:19.651648278
5255.75,10,09:32:19.664342157
5255.75,4,09:32:19.664497157
5255.75,5,09:32:19.664775512
5255.75,3,09:32:19.665415505
5255.75,6,09:32:19.665634742
5255.75,4,09:32:19.665864996
5255.75,2,09:32:19.666075196
5255.75,8,09:32:19.666328625
5255.75,1,09:32:19.666510962
5255.75,1,09:32:19.677533007
5255.75,1,09:32:19.688115771
5255.75,1,09:32:19.700751292
5255.75,4,09:32:19.764738965
5255.75,2,09:32:19.776245133
5255.75,1,09:32:19.776425914
5255.75,2,09:32:19.776769604
5255.5,3,09:32:19.778794736
5255.75,11,09:32:19.822595889
5255.75,14,09:32:19.823085371
5255.75,2,09:32:19.823294217
5255.75,1,09:32:19.823328604
5255.75,1,09:32:19.823372980
5255.75,10,09:32:19.823525984
5255.75,1,09:32:19.823664682
5255.75,4,09:32:19.851546766
5255.75,30,09:32:20.023258950
5256.0,1,09:32:20.034604801
5256.0,2,09:32:20.034861318
5256.0,2,09:32:20.035408323
5256.0,3,09:32:20.035952546
5256.0,1,09:32:20.037084723
5256.0,10,09:32:20.037291306
5256.0,1,09:32:20.037344945
5256.0,1,09:32:20.037650366
5256.0,3,09:32:20.037683483
5256.0,2,09:32:20.037707135
5256.0,1,09:32:20.037852581
5256.0,5,09:32:20.038434881
5255.75,1,09:32:20.046120991
5256.0,1,09:32:20.047456960
5256.0,3,09:32:20.049180557
5256.0,1,09:32:20.049631078
5256.0,2,09:32:20.077586764
5256.0,1,09:32:20.078255936
5256.0,1,09:32:20.100890337
5256.0,4,09:32:20.101100917
5256.0,6,09:32:20.101350957
5256.0,15,09:32:20.103390444
5256.0,1,09:32:20.104911432
5256.0,1,09:32:20.105014942
5256.0,1,09:32:20.105065445
5256.0,1,09:32:20.105152947
5256.0,1,09:32:20.105819725
5255.75,2,09:32:20.416457071
5256.0,1,09:32:20.434337450
5256.0,1,09:32:20.440346067
5256.0,2,09:32:20.594124875
5255.75,1,09:32:20.693204354
5256.0,1,09:32:20.726704968
5256.0,5,09:32:20.752323000
5256.0,1,09:32:20.752500981
5256.0,4,09:32:20.752553795
5256.0,1,09:32:20.752622184
5256.0,2,09:32:20.752655974
5256.0,1,09:32:20.752701933
5256.0,1,09:32:20.761063094
5255.75,4,09:32:20.823129838
5255.75,8,09:32:20.843387923
5256.0,1,09:32:20.921037941
5256.0,1,09:32:20.921214242
5256.0,1,09:32:20.921266771
5256.0,1,09:32:20.921394636
5256.0,1,09:32:20.921458222
5256.0,5,09:32:20.921538639
5256.0,1,09:32:20.921702150
5256.0,1,09:32:20.922103441
5256.0,9,09:32:20.922482396
5256.0,1,09:32:20.922659170
5256.0,2,09:32:20.922705200
5256.0,1,09:32:20.922728493
5256.0,1,09:32:20.922830908
5256.0,1,09:32:20.922950053
5256.0,3,09:32:20.938592602
5256.0,2,09:32:20.992270137
5256.25,2,09:32:21.010899825
5256.25,1,09:32:21.010918318
5256.25,2,09:32:21.010918318
5256.25,3,09:32:21.010918318
5256.0,1,09:32:21.014215431
5256.25,1,09:32:21.034044176
5256.25,4,09:32:21.035957968
5256.25,2,09:32:21.056174513
5256.25,1,09:32:21.076822480
5256.0,10,09:32:21.125770686
5256.0,1,09:32:21.125802254
5256.0,2,09:32:21.125926097
5256.0,1,09:32:21.125960263
5256.0,1,09:32:21.126006066
5256.0,1,09:32:21.126099268
5256.0,3,09:32:21.126197698
5256.0,1,09:32:21.126197698
5256.0,1,09:32:21.126274071
5256.0,3,09:32:21.126354182
5256.0,3,09:32:21.126445518
5256.0,4,09:32:21.126488069
5256.0,4,09:32:21.126693324
5255.75,1,09:32:21.131781680
5256.0,1,09:32:21.241863139
5256.0,1,09:32:21.278898266
5256.0,1,09:32:21.315050287
5256.0,2,09:32:21.361274805
5256.0,1,09:32:21.361304188
5256.0,1,09:32:21.361465388
5256.0,1,09:32:21.361765717
5256.0,3,09:32:21.398082248
5256.0,2,09:32:21.484014368
5256.0,2,09:32:21.485706655
5256.0,15,09:32:21.486262423
5256.25,2,09:32:21.508723519
5256.0,33,09:32:21.509218248
5256.0,3,09:32:21.561011267
5256.0,4,09:32:21.630759240
5256.0,1,09:32:21.684146198
5256.0,3,09:32:21.717364876
5256.0,2,09:32:21.899830098
5256.0,3,09:32:21.921915474
5256.0,2,09:32:21.981688771
5255.75,2,09:32:22.017047547
5256.0,3,09:32:22.244573524
5256.0,3,09:32:22.263698870
5256.0,3,09:32:22.308190380
5256.0,1,09:32:22.372156542
5256.0,1,09:32:22.372452279
5256.0,1,09:32:22.451500214
5256.0,1,09:32:22.518002581
5256.0,3,09:32:22.542077040
5256.0,1,09:32:22.625541178
5256.0,1,09:32:22.855328011
5256.0,15,09:32:22.855439568
5256.0,1,09:32:22.855582598
5256.0,5,09:32:22.855582598
5256.0,1,09:32:22.855745011
5256.0,6,09:32:22.855745011
5256.0,4,09:32:22.855781946
5256.0,1,09:32:22.855811662
5256.0,4,09:32:22.855859486
5256.0,1,09:32:22.855935835
5256.0,1,09:32:22.855974293
5256.0,4,09:32:22.859615581
5256.0,2,09:32:22.859641301
5256.0,1,09:32:22.859811669
5256.0,1,09:32:22.860190601
5256.0,5,09:32:22.860367549
5256.0,16,09:32:22.873268820
5256.0,1,09:32:22.886478200
5255.75,1,09:32:22.898736715
5255.75,3,09:32:22.899401560
5256.0,3,09:32:22.922137952
5256.0,1,09:32:22.923965806
5256.0,4,09:32:22.924346312
5256.0,3,09:32:22.924835909
5256.0,1,09:32:22.925003141
5256.0,1,09:32:22.928029484
5256.0,2,09:32:22.933922272
5256.0,3,09:32:22.937459255
5256.0,1,09:32:22.937757239
5256.0,1,09:32:22.937786862
5256.0,1,09:32:22.937938298
5256.0,4,09:32:22.937982427
5256.0,4,09:32:22.938046451
5256.0,1,09:32:22.938078349
5256.0,8,09:32:22.938232179
5256.0,3,09:32:22.951418560
5256.0,1,09:32:22.962734158
5256.0,25,09:32:23.020736766
5256.25,1,09:32:23.024806173
5256.0,8,09:32:23.041788249
5256.0,2,09:32:23.041962377
5256.0,1,09:32:23.041991888
5256.0,3,09:32:23.042086828
5256.0,7,09:32:23.103748384
5256.0,1,09:32:23.122832381
5255.75,1,09:32:23.151388152
5256.0,1,09:32:23.184786054
5256.0,1,09:32:23.199643140
5256.0,2,09:32:23.260659320
5255.75,1,09:32:23.264854383
5256.0,1,09:32:23.271144379
5256.0,2,09:32:23.338798590
5256.0,1,09:32:23.376205740
5256.0,1,09:32:23.456992541
5255.75,1,09:32:23.470681882
