price,volume,timestamp
118.85,3,09:30:00.505450023
118.85,1,09:30:00.506599907
118.85,8,09:30:00.506613759
118.85,1,09:30:00.506627353
118.85,3,09:30:00.506711215
118.85,1,09:30:00.506741100
118.84,8,09:30:00.863623022
118.84,1,09:30:00.863647339
118.84,1,09:30:00.863664881
118.84,2,09:30:00.864596637
118.84,1,09:30:00.864596637
118.84,1,09:30:00.864597581
118.84,1,09:30:00.867340261
118.84,1,09:30:00.869345155
118.84,2,09:30:00.869613046
118.85,4,09:30:03.014080516
118.84,3,09:30:11.843616206
118.84,1,09:30:11.843786801
118.84,1,09:30:11.843807774
118.84,2,09:30:11.843807774
118.84,3,09:30:11.843807774
118.84,8,09:30:11.843807774
118.84,1,09:30:11.843829902
118.84,2,09:30:11.843829902
118.84,8,09:30:11.843829902
118.84,1,09:30:11.890392011
118.84,1,09:30:12.014050140
118.84,1,09:30:12.947112486
118.84,20,09:30:19.049823782
118.84,1,09:30:19.050220649
118.84,8,09:30:19.050220649
118.84,9,09:30:19.050596393
118.84,2,09:30:19.050637555
118.84,1,09:30:19.050939513
118.84,2,09:30:22.014350430
118.83,1,09:30:25.682554436
118.83,1,09:30:25.682609141
118.83,1,09:30:25.682997410
118.83,11,09:30:25.682997410
118.83,4,09:30:25.683096632
118.83,1,09:30:25.683239339
118.83,2,09:30:25.683239339
118.83,1,09:30:25.683649448
118.83,3,09:30:25.683683080
118.83,1,09:30:25.683683080
118.83,8,09:30:25.683683080
118.83,3,09:30:25.683700593
118.83,2,09:30:25.683831669
118.83,1,09:30:25.683851793
118.83,1,09:30:25.683871866
118.83,4,09:30:25.683891931
118.83,1,09:30:25.683909457
118.83,1,09:30:25.684053153
118.83,1,09:30:25.684068260
118.83,1,09:30:25.684082244
118.83,18,09:30:25.684163521
118.83,1,09:30:25.684177783
118.83,1,09:30:25.684191409
118.83,1,09:30:25.684304935
118.83,12,09:30:25.684471399
118.83,10,09:30:25.684471399
118.83,3,09:30:25.684619079
118.83,5,09:30:25.684632464
118.83,4,09:30:25.684647674
118.83,2,09:30:25.684647674
118.83,1,09:30:25.684661808
118.83,4,09:30:25.684675914
118.83,1,09:30:25.684692640
118.83,4,09:30:25.685144043
118.83,1,09:30:25.685407869
118.83,2,09:30:25.685560928
118.83,1,09:30:25.735787837
118.82,1,09:30:27.363108455
118.82,1,09:30:27.363256705
118.82,3,09:30:27.363256705
118.82,2,09:30:27.363820359
118.82,1,09:30:27.364580607
118.82,1,09:30:27.365483030
118.82,2,09:30:27.365501407
118.82,1,09:30:27.377326095
118.82,1,09:30:27.377477022
118.82,1,09:30:27.377503509
118.82,1,09:30:27.380248213
118.82,1,09:30:27.406959516
118.82,8,09:30:27.419005878
118.83,1,09:30:32.013101991
118.83,1,09:30:34.098245921
118.83,1,09:30:34.098868195
118.83,8,09:30:34.098868195
118.83,1,09:30:34.099025574
118.83,3,09:30:34.099066694
118.83,1,09:30:34.099066694
118.83,2,09:30:34.099066694
118.83,1,09:30:34.102974272
118.84,1,09:30:41.362825671
118.84,2,09:30:41.362825671
118.84,2,09:30:42.014226214
118.84,3,09:30:51.075338909
118.84,1,09:30:52.013184605
118.83,3,09:30:53.817702019
118.83,2,09:30:53.817702019
118.83,2,09:30:53.817767050
118.83,1,09:30:53.817767050
118.83,8,09:30:53.817902755
118.83,1,09:30:53.817902755
118.83,8,09:30:53.818038101
118.83,6,09:30:53.818052972
118.83,1,09:30:53.818052972
118.83,1,09:30:53.818079066
118.83,2,09:30:53.818079066
118.82,1,09:30:53.850636143
118.82,1,09:30:53.850706312
118.83,1,09:30:53.859323646
118.82,2,09:30:53.864117062
118.82,1,09:30:53.864117062
118.82,1,09:30:53.864222720
118.82,3,09:30:53.877662239
118.82,1,09:30:53.877662239
118.82,1,09:30:53.878323147
118.82,3,09:30:53.878422468
118.82,3,09:30:53.879307722
118.82,4,09:30:53.879307722
118.82,2,09:30:53.879995187
118.82,1,09:30:53.883145856
118.82,1,09:30:53.883164180
118.82,6,09:30:53.883437990
118.82,1,09:30:53.883437990
118.82,1,09:30:53.883749842
118.82,3,09:30:53.884427477
118.82,1,09:30:53.884427477
118.82,1,09:30:53.887877754
118.82,1,09:30:53.888285174
118.82,1,09:30:53.888796422
118.82,1,09:30:53.888911416
118.82,1,09:30:53.904646360
118.82,2,09:30:53.904744891
118.82,3,09:30:53.904768952
118.82,1,09:30:53.904768952
118.82,5,09:30:53.904768952
118.82,3,09:30:53.904897902
118.82,1,09:30:53.904897902
118.82,3,09:30:53.904965288
118.82,1,09:30:53.905183825
118.82,1,09:30:53.927069094
118.82,1,09:30:53.933296305
118.82,2,09:30:53.935811176
118.82,1,09:30:53.937178256
118.82,2,09:30:53.937178256
118.82,2,09:30:53.958897713
118.82,3,09:30:53.958897713
118.82,1,09:30:54.064284025
118.82,3,09:30:54.064713027
118.82,3,09:30:54.202591456
118.82,1,09:30:54.202708985
118.81,1,09:30:54.202856874
118.81,13,09:30:54.202856874
118.81,2,09:30:54.202856874
118.82,16,09:30:54.305784116
118.82,8,09:30:54.305784116
118.82,1,09:30:54.305784116
118.82,2,09:30:54.305784116
118.82,3,09:30:54.305894631
118.82,1,09:30:54.572820872
118.82,8,09:30:54.574584560
118.82,2,09:30:54.583114911
118.82,1,09:30:54.583228447
118.82,2,09:30:54.583571714
118.82,1,09:30:54.583585861
118.82,1,09:30:54.583695823
118.82,1,09:30:54.583815214
118.81,2,09:30:56.964714402
118.81,10,09:30:56.964863080
118.81,4,09:30:56.964881704
118.81,1,09:30:56.964881704
118.81,18,09:30:56.964881704
118.81,1,09:30:56.964922075
118.81,3,09:30:56.964922075
118.81,8,09:30:56.964922075
118.81,2,09:30:56.964922075
118.81,6,09:30:56.964922075
118.81,10,09:30:56.964922075
118.81,4,09:30:56.966022545
118.81,4,09:30:56.966040874
118.81,1,09:30:56.966210602
118.81,1,09:30:56.966627677
118.81,1,09:30:57.431198497
118.81,2,09:30:57.431413341
118.8,2,09:30:59.748599333
118.8,1,09:30:59.751226176
118.8,1,09:31:00.066207009
118.8,2,09:31:00.146376105
118.8,1,09:31:00.914809365
118.8,2,09:31:00.915616478
118.8,3,09:31:00.916510464
118.8,1,09:31:00.937006845
118.8,1,09:31:03.012317837
118.79,1,09:31:04.566955029
118.79,2,09:31:04.566970114
118.79,1,09:31:04.566970114
118.79,1,09:31:04.566985848
118.79,18,09:31:04.566985848
118.79,3,09:31:04.567000757
118.79,11,09:31:04.567000757
118.79,1,09:31:04.567000757
118.79,2,09:31:04.567019454
118.79,4,09:31:04.567019454
118.79,17,09:31:04.567019454
118.79,8,09:31:04.567039106
118.79,1,09:31:04.567039106
118.79,2,09:31:04.567039106
118.79,1,09:31:04.567054338
118.79,3,09:31:04.567054338
118.79,8,09:31:04.567068111
118.79,3,09:31:04.567068111
118.79,1,09:31:04.567081695
118.79,5,09:31:04.567095915
118.79,2,09:31:04.567110357
118.79,2,09:31:04.567129429
118.8,1,09:31:04.920868598
118.8,3,09:31:04.921661908
118.8,4,09:31:04.921661908
118.8,2,09:31:04.921661908
118.8,1,09:31:04.921661908
118.8,1,09:31:04.922108884
118.8,3,09:31:04.942772826
118.8,8,09:31:04.942772826
118.8,1,09:31:04.975028701
118.8,1,09:31:05.194215674
118.8,2,09:31:05.194318761
118.8,1,09:31:05.194478823
118.8,2,09:31:05.195071520
118.8,1,09:31:05.195461715
118.8,1,09:31:05.195757337
118.8,1,09:31:05.196160127
118.8,1,09:31:05.196178073
118.8,1,09:31:05.197818791
118.8,1,09:31:06.654227048
118.8,2,09:31:06.654555611
118.8,1,09:31:06.654644001
118.8,1,09:31:06.654665435
118.8,2,09:31:06.655318490
118.8,14,09:31:06.655318490
118.8,2,09:31:06.656047671
118.79,1,09:31:10.103643751
118.79,1,09:31:10.103828391
118.79,3,09:31:10.104138439
118.79,1,09:31:10.104286186
118.79,1,09:31:10.104317920
118.79,1,09:31:10.104715760
118.79,2,09:31:10.104841049
118.79,1,09:31:10.104871964
118.79,3,09:31:10.104871964
118.79,3,09:31:10.105593919
118.79,1,09:31:10.106136114
118.79,8,09:31:10.150746556
118.79,6,09:31:10.150746556
118.79,1,09:31:10.150844531
118.79,1,09:31:10.150859628
118.79,4,09:31:10.552993973
118.79,4,09:31:10.554821127
118.8,2,09:31:10.950539635
118.8,1,09:31:10.950554347
118.8,4,09:31:10.953263136
118.8,1,09:31:10.953263136
118.8,5,09:31:10.955378926
118.79,3,09:31:12.406453498
118.79,1,09:31:12.406552458
118.79,1,09:31:12.406569739
118.78,1,09:31:12.575857637
118.78,1,09:31:17.499172240
118.78,3,09:31:17.499172240
118.78,1,09:31:17.499320384
118.78,1,09:31:17.499335136
118.78,8,09:31:17.499335136
118.78,1,09:31:17.499355161
118.78,2,09:31:17.499374231
118.77,1,09:31:19.166015263
118.77,1,09:31:21.390604291
118.77,3,09:31:21.390604291
118.77,4,09:31:21.390704341
118.77,1,09:31:21.390730595
118.77,1,09:31:21.393976070
118.77,8,09:31:21.393976070
118.77,11,09:31:21.393976070
118.77,1,09:31:21.394717750
118.77,1,09:31:21.397006622
118.77,1,09:31:21.445047684
118.77,4,09:31:21.445047684
118.77,1,09:31:21.453973354
118.77,1,09:31:21.454352946
118.77,3,09:31:21.454732096
118.77,1,09:31:21.455514389
118.77,1,09:31:21.461683456
118.77,2,09:31:21.462776213
118.77,1,09:31:21.462866888
118.77,1,09:31:21.465617315
118.77,1,09:31:21.465984902
118.77,1,09:31:25.138124561
118.77,5,09:31:25.138151502
118.77,1,09:31:25.138151502
118.77,8,09:31:25.138151502
118.77,4,09:31:25.138151502
118.77,1,09:31:25.138176705
118.77,3,09:31:25.138176705
118.77,43,09:31:25.138785789
118.78,1,09:31:26.823457226
118.78,2,09:31:26.823674134
118.78,1,09:31:26.823688527
118.78,2,09:31:26.823703853
118.78,1,09:31:26.823716988
118.78,2,09:31:26.823733539
118.78,1,09:31:26.823747926
118.78,1,09:31:26.823761888
118.78,1,09:31:26.823780278
118.78,1,09:31:26.823799151
118.78,8,09:31:26.823816473
118.78,1,09:31:26.823835545
118.78,4,09:31:26.823857615
118.78,2,09:31:26.823881964
118.78,5,09:31:26.823900550
118.78,2,09:31:26.823919381
118.78,7,09:31:26.823938434
118.78,1,09:31:26.823954069
118.78,2,09:31:26.823995455
118.78,1,09:31:26.825814759
118.78,2,09:31:30.261224410
118.78,1,09:31:30.261224410
118.78,3,09:31:30.261224410
118.78,1,09:31:30.261964992
118.78,2,09:31:30.284923955
118.78,2,09:31:30.286420300
118.78,1,09:31:30.364489108
118.79,1,09:31:32.977973039
118.79,1,09:31:32.978119438
118.79,2,09:31:32.978241089
118.79,1,09:31:32.978241089
118.79,1,09:31:33.002830016
118.79,1,09:31:33.002844630
118.79,1,09:31:33.004406260
118.79,1,09:31:33.561074717
118.79,1,09:31:33.561166385
118.79,1,09:31:33.561183444
118.79,8,09:31:36.829905777
118.79,8,09:31:36.829943086
118.79,2,09:31:36.829943086
118.79,9,09:31:36.829943086
118.79,7,09:31:36.829943086
118.79,1,09:31:36.829943086
118.79,5,09:31:36.829963728
118.79,2,09:31:36.829963728
118.79,1,09:31:36.829963728
118.79,2,09:31:36.830444531
118.79,3,09:31:36.830444531
118.79,8,09:31:38.578893313
118.79,1,09:31:38.579337553
118.79,4,09:31:38.579551236
118.79,2,09:31:38.579551236
118.79,3,09:31:38.579551236
118.79,4,09:31:38.593244895
118.8,3,09:31:41.360675920
118.8,1,09:31:41.476463228
118.79,2,09:31:42.041744879
118.79,5,09:31:42.042795257
118.79,1,09:31:42.043489544
118.79,3,09:31:42.043489544
118.79,1,09:31:42.868701745
118.78,6,09:31:42.892440249
118.79,1,09:31:48.352569607
118.79,4,09:31:48.352596625
118.79,1,09:31:48.352596625
118.79,2,09:31:49.347779614
118.79,1,09:31:49.348297894
118.79,7,09:31:49.348297894
118.78,1,09:31:49.414344550
118.79,1,09:31:49.566453691
118.79,6,09:31:57.595939071
118.79,3,09:31:57.595939071
118.79,2,09:31:57.595939071
118.79,1,09:31:57.595939071
118.79,8,09:31:57.595939071
118.79,2,09:31:57.620411956
118.79,2,09:31:57.642881780
118.79,1,09:31:57.664214437
118.78,6,09:31:58.726935370
118.79,1,09:31:58.802141873
118.79,1,09:31:58.802232254
118.79,3,09:31:58.802232254
118.79,1,09:31:58.803024775
118.79,1,09:31:58.812904079
118.79,2,09:31:58.812904079
118.79,1,09:31:58.823653724
118.79,1,09:31:58.823777492
118.79,1,09:31:58.823792420
118.79,1,09:31:58.823807506
118.79,3,09:31:58.834643023
118.79,2,09:31:59.487109517
118.79,1,09:31:59.487109517
118.79,2,09:31:59.498103416
118.79,3,09:31:59.498103416
118.79,5,09:31:59.508701029
118.79,3,09:31:59.519569151
118.79,1,09:31:59.519569151
118.79,1,09:31:59.530185337
118.79,2,09:31:59.530185337
118.79,1,09:31:59.530200384
118.79,1,09:31:59.540948784
118.79,3,09:31:59.541434403
118.79,1,09:31:59.552297559
118.79,4,09:31:59.552449394
118.78,1,09:31:59.553828626
118.78,2,09:31:59.553828626
118.79,5,09:31:59.563127716
118.79,1,09:31:59.573609982
118.79,4,09:31:59.573976020
118.78,1,09:31:59.577555352
118.78,3,09:31:59.577613719
118.79,1,09:31:59.584809787
118.79,3,09:31:59.584809787
118.79,3,09:31:59.595319567
118.79,2,09:31:59.595319567
118.79,1,09:31:59.605968662
118.79,4,09:31:59.606462591
118.79,5,09:31:59.617577350
118.79,2,09:31:59.628275001
118.79,3,09:31:59.628377354
118.79,5,09:31:59.639076049
118.79,2,09:31:59.649631304
118.79,1,09:31:59.649631304
118.79,2,09:31:59.650448058
118.78,4,09:31:59.650465475
118.79,5,09:31:59.661330571
118.78,1,09:31:59.673855292
118.78,2,09:31:59.673855292
118.78,3,09:31:59.673855292
118.79,4,09:32:03.013689477
118.79,4,09:32:04.915753238
118.79,1,09:32:04.915766812
118.79,1,09:32:04.926871109
118.79,1,09:32:04.926889248
118.79,3,09:32:04.926889248
118.79,5,09:32:04.937423703
118.79,5,09:32:04.948024971
118.79,5,09:32:04.958765767
118.79,1,09:32:04.969470184
118.79,3,09:32:04.969470184
118.79,3,09:32:04.980645263
118.79,1,09:32:04.980735696
118.79,1,09:32:04.981066325
118.79,2,09:32:04.992671247
118.79,3,09:32:04.992671247
118.79,1,09:32:05.003341801
118.79,4,09:32:05.003341801
118.79,2,09:32:05.014261756
118.79,3,09:32:05.014498719
118.79,1,09:32:05.026406793
118.79,4,09:32:05.026730412
118.79,1,09:32:05.037268688
118.79,3,09:32:05.037666640
118.79,1,09:32:05.048949733
118.79,4,09:32:05.049157657
118.78,1,09:32:05.059974058
118.79,1,09:32:05.060082397
118.79,1,09:32:05.060288438
118.79,2,09:32:05.060391666
118.79,1,09:32:05.071552207
118.79,4,09:32:05.071772685
118.79,1,09:32:05.082501668
118.79,2,09:32:05.082501668
118.79,4,09:32:05.093806787
118.79,1,09:32:05.093806787
118.79,5,09:32:05.104820606
118.79,5,09:32:05.115698910
118.79,5,09:32:05.130865595
118.79,1,09:32:06.538206275
118.79,5,09:32:06.538282254
118.79,1,09:32:10.517328935
118.79,2,09:32:12.014270203
118.79,1,09:32:15.014397794
118.79,1,09:32:17.068788690
118.79,1,09:32:17.069740478
118.8,1,09:32:17.512938441
118.79,1,09:32:17.793617242
118.79,3,09:32:17.793633405
118.79,1,09:32:22.014072433
118.79,1,09:32:22.014620832
118.78,3,09:32:23.697219039
118.78,1,09:32:23.697219039
118.78,1,09:32:23.697414229
118.78,1,09:32:23.697429260
118.78,2,09:32:23.697429260
118.78,4,09:32:23.697444744
118.78,1,09:32:23.697444744
118.78,1,09:32:23.697458932
118.78,8,09:32:23.697458932
118.78,4,09:32:23.697473329
118.78,1,09:32:23.697473329
118.78,1,09:32:23.697488012
118.78,6,09:32:23.697488012
118.78,8,09:32:23.697501970
118.78,4,09:32:23.697517650
118.78,2,09:32:29.399618216
118.78,20,09:32:29.399705320
118.78,1,09:32:29.399726083
118.78,4,09:32:29.399726083
118.78,2,09:32:29.400039996
118.78,1,09:32:29.400205980
118.78,2,09:32:29.400205980
118.78,1,09:32:29.400221320
118.78,8,09:32:29.400242949
118.78,3,09:32:29.400242949
118.77,1,09:32:30.336312188
118.78,1,09:32:30.871521914
118.78,1,09:32:30.871640701
118.78,4,09:32:30.871673591
118.78,1,09:32:30.871673591
118.78,8,09:32:30.871673591
118.78,1,09:32:32.014182400
118.77,7,09:32:32.952213695
118.77,1,09:32:32.952322958
118.77,2,09:32:32.952355164
118.77,1,09:32:32.952355164
118.77,3,09:32:32.952355164
118.77,1,09:32:33.099736765
118.77,8,09:32:33.922647332
118.77,1,09:32:34.018660498
118.78,8,09:32:34.182677947
118.78,2,09:32:34.182693093
118.78,1,09:32:34.182693093
118.78,1,09:32:34.182709285
118.78,8,09:32:34.182709285
118.78,1,09:32:34.182723003
118.78,1,09:32:34.182737473
118.78,8,09:32:34.182751313
118.78,1,09:32:34.182771179
118.78,1,09:32:34.388050277
118.78,1,09:32:34.397104666
118.78,2,09:32:34.398357168
118.78,1,09:32:34.398375542
118.78,1,09:32:35.925432875
118.78,8,09:32:35.925523850
118.78,1,09:32:35.925540154
118.78,1,09:32:35.926018861
118.77,8,09:32:36.249061309
118.77,1,09:32:36.249242893
118.77,3,09:32:36.249257603
118.77,1,09:32:36.249272340
118.77,6,09:32:36.249272340
118.77,1,09:32:36.249286973
118.77,1,09:32:36.249300922
118.77,1,09:32:36.249315181
118.77,8,09:32:36.249328919
118.77,4,09:32:36.249328919
118.77,1,09:32:36.249343654
118.77,1,09:32:36.249578406
118.77,2,09:32:36.249592886
118.77,16,09:32:36.249592886
118.77,2,09:32:36.249607283
118.77,1,09:32:36.249607283
118.77,3,09:32:36.249622102
118.77,1,09:32:36.249638365
118.77,7,09:32:36.249638365
118.77,8,09:32:36.249638365
118.77,3,09:32:36.249638365
118.77,1,09:32:36.249652979
118.77,18,09:32:36.249652979
118.77,1,09:32:36.249677315
118.77,8,09:32:37.126806003
118.77,8,09:32:37.126972013
118.77,1,09:32:37.127113340
118.77,4,09:32:37.130599526
118.77,1,09:32:37.130599526
118.77,1,09:32:37.168382480
118.77,1,09:32:37.168403427
118.77,1,09:32:37.206189888
118.77,1,09:32:39.904417834
118.77,1,09:32:39.904590653
118.77,1,09:32:39.904604426
118.77,1,09:32:39.904620052
118.77,8,09:32:39.904620052
118.77,2,09:32:39.904634211
118.77,1,09:32:39.904649846
118.77,1,09:32:39.904668483
118.77,1,09:32:39.904682112
118.76,4,09:32:39.904702016
118.77,1,09:32:39.904702016
118.76,1,09:32:39.904715795
118.76,1,09:32:39.904829693
118.76,1,09:32:39.904848630
118.76,1,09:32:39.904863257
118.76,1,09:32:39.904877590
118.76,4,09:32:39.904891129
118.76,18,09:32:39.904907744
118.76,2,09:32:39.904926755
118.76,9,09:32:39.904940790
118.76,5,09:32:39.904954700
118.76,2,09:32:39.904969488
118.76,8,09:32:39.904982703
118.76,1,09:32:39.904996325
118.76,3,09:32:39.905107408
118.76,3,09:32:39.905121100
118.76,8,09:32:39.905135231
118.76,2,09:32:39.905149315
118.76,1,09:32:39.905163625
118.76,2,09:32:39.905177449
118.76,4,09:32:39.905190889
118.76,1,09:32:39.905216988
118.77,1,09:32:40.201125489
118.77,3,09:32:40.201125489
118.77,1,09:32:40.201193851
118.78,3,09:32:41.358264421
118.78,1,09:32:42.013792504
118.77,1,09:32:46.807242903
118.77,8,09:32:46.807841049
118.77,2,09:32:46.807841049
118.77,1,09:32:46.807841049
118.77,1,09:32:46.810918753
118.77,1,09:32:46.812468191
118.77,1,09:32:46.857735574
118.77,1,09:32:46.858008403
118.77,1,09:32:47.007348770
118.76,1,09:32:51.470133831
118.76,3,09:32:51.470133831
118.76,1,09:32:51.470227882
118.76,1,09:32:51.470255739
118.76,3,09:32:51.470255739
118.77,1,09:32:52.014420955
118.76,1,09:32:52.997918720
118.76,1,09:32:59.642119442
118.76,1,09:32:59.642253592
118.76,2,09:32:59.642280879
118.76,1,09:32:59.642280879
118.76,8,09:32:59.642280879
118.76,7,09:32:59.642280879
118.76,2,09:33:00.080319796
118.76,1,09:33:00.080319796
118.76,1,09:33:00.084092254
118.76,1,09:33:00.086729817
118.76,1,09:33:00.087591400
118.76,3,09:33:00.087591400
118.75,1,09:33:00.095279985
118.75,1,09:33:00.095358203
118.75,1,09:33:00.095379585
118.76,8,09:33:00.429091343
118.76,1,09:33:00.429560386
118.76,3,09:33:00.429560386
118.76,4,09:33:00.429560386
118.76,3,09:33:00.643790192
118.76,8,09:33:00.644928280
118.76,1,09:33:00.645354713
118.76,1,09:33:00.645472584
118.76,2,09:33:00.645491771
118.76,5,09:33:00.645491771
118.75,1,09:33:01.684521759
118.75,2,09:33:01.684604841
118.75,1,09:33:01.684604841
118.76,1,09:33:06.340603250
118.76,1,09:33:06.340616920
118.76,8,09:33:06.464391083
118.76,4,09:33:06.464512497
118.76,1,09:33:06.464532753
118.76,1,09:33:06.464548145
118.76,1,09:33:07.026000856
118.76,8,09:33:15.912513949
118.76,3,09:33:15.912513949
118.76,1,09:33:15.912513949
118.77,1,09:33:30.909308874
118.77,1,09:33:36.651199026
118.77,1,09:33:36.651383926
118.77,2,09:33:36.651398227
118.77,1,09:33:36.651398227
118.77,1,09:33:36.651413472
118.77,5,09:33:36.651413472
118.77,1,09:33:36.651427455
118.77,1,09:33:36.651442355
118.77,2,09:33:36.651457465
118.77,1,09:33:36.683837359
118.77,1,09:33:37.106287910
118.77,1,09:33:37.106668751
118.77,2,09:33:37.106775893
118.77,2,09:33:37.106793241
118.76,1,09:33:40.843960188
118.76,2,09:33:40.844120366
118.76,8,09:33:40.844148667
118.76,1,09:33:40.844148667
118.76,3,09:33:40.844183288
118.76,1,09:33:40.844183288
118.76,8,09:33:40.844183288
118.76,2,09:33:40.844183288
118.76,1,09:33:40.902749880
118.76,1,09:33:43.560762769
118.76,5,09:33:43.560882158
118.76,1,09:33:43.560882158
118.76,16,09:33:43.560882158
118.76,1,09:33:43.561322782
118.76,3,09:33:43.574568063
118.76,1,09:33:43.574568063
118.76,1,09:33:43.588243581
118.76,4,09:33:43.588243581
118.76,1,09:33:43.588900861
118.75,6,09:33:43.854932096
118.76,1,09:33:43.867793359
118.76,4,09:33:44.421952288
118.76,1,09:33:44.516700825
118.76,1,09:33:46.215987284
118.76,1,09:33:46.216001483
118.76,1,09:33:46.216233671
118.76,8,09:33:46.216247300
118.76,1,09:33:46.216260717
118.76,2,09:33:46.216274730
118.77,20,09:33:46.216289892
118.77,1,09:33:46.216289892
118.77,9,09:33:46.216304644
118.77,1,09:33:46.216304644
118.77,1,09:33:46.216321341
118.77,2,09:33:46.216321341
118.77,1,09:33:46.216334692
118.77,1,09:33:46.216348727
118.77,1,09:33:46.216363194
118.77,2,09:33:46.216378599
118.77,1,09:33:46.216392394
118.77,8,09:33:46.216407101
118.77,2,09:33:46.216421069
118.77,1,09:33:46.216435175
118.77,1,09:33:46.216450036
118.77,1,09:33:46.216617663
118.77,8,09:33:46.216631529
118.77,16,09:33:46.216644944
118.77,8,09:33:46.216668468
118.77,1,09:33:46.217174627
118.77,3,09:33:46.217190401
118.76,4,09:33:46.227506030
118.76,1,09:33:46.243976141
118.76,4,09:33:46.243976141
118.76,2,09:33:46.257214524
118.76,1,09:33:46.733020581
118.76,4,09:33:49.318129427
118.76,1,09:33:50.064283684
118.76,1,09:33:50.526107547
118.76,1,09:33:50.776319349
118.76,1,09:33:50.776742494
118.75,2,09:33:50.787354277
118.75,1,09:33:50.787354277
118.75,2,09:33:50.787431573
118.76,1,09:33:50.953688546
118.76,1,09:33:55.927705891
118.76,1,09:33:55.927816171
118.76,2,09:33:55.928285433
118.76,4,09:33:55.928285433
118.76,1,09:33:55.928888965
118.76,1,09:33:55.929554324
118.76,2,09:33:55.929554324
118.76,4,09:33:59.058680799
118.76,1,09:33:59.059419336
118.76,1,09:33:59.070985397
118.75,3,09:33:59.072708650
118.75,3,09:33:59.088905552
118.75,2,09:33:59.405687258
118.75,1,09:33:59.405687258
118.75,1,09:33:59.405910100
118.76,1,09:34:00.895852036
118.76,1,09:34:00.896016868
118.76,1,09:34:00.896115438
118.76,1,09:34:00.896295594
118.76,3,09:34:00.896295594
118.76,1,09:34:00.896385907
118.76,3,09:34:00.897029024
118.76,1,09:34:00.897599661
118.76,1,09:34:00.897775360
118.76,2,09:34:01.018988778
118.76,1,09:34:01.018988778
118.76,1,09:34:01.019413470
118.76,1,09:34:01.233792906
118.75,1,09:34:02.218416073
118.76,5,09:34:03.014548412
118.76,2,09:34:03.021876770
118.75,1,09:34:03.133370774
118.75,3,09:34:03.133447917
118.75,1,09:34:03.133447917
118.76,1,09:34:03.924751880
118.76,1,09:34:03.925145351
118.76,1,09:34:03.925261936
118.77,1,09:34:04.496625376
118.77,2,09:34:04.496751803
118.77,1,09:34:04.496779576
118.77,2,09:34:04.496779576
118.77,2,09:34:04.527378467
118.77,1,09:34:04.527529741
118.77,4,09:34:04.527763993
118.77,1,09:34:04.527900057
118.77,1,09:34:04.528373596
118.77,2,09:34:04.528373596
118.77,2,09:34:04.528852821
118.77,1,09:34:04.528852821
118.77,1,09:34:04.528983586
118.77,3,09:34:04.528983586
118.77,1,09:34:04.529130167
118.77,1,09:34:04.529278241
118.77,1,09:34:04.529658421
118.77,2,09:34:04.529807518
118.77,1,09:34:04.530185053
118.77,4,09:34:04.530613728
118.77,1,09:34:04.582035869
118.77,2,09:34:06.164858426
118.77,1,09:34:06.164858426
118.77,1,09:34:06.164925709
118.77,1,09:34:06.164943581
118.77,8,09:34:06.164943581
118.77,1,09:34:06.165222477
118.77,1,09:34:06.165711088
118.77,1,09:34:06.218332815
118.77,1,09:34:09.708209114
118.77,1,09:34:09.967724580
118.77,1,09:34:10.992840224
118.77,1,09:34:10.992922323
118.77,1,09:34:12.012313503
118.77,1,09:34:19.056526813
118.77,1,09:34:19.056834544
118.77,8,09:34:19.121054828
118.77,3,09:34:19.122487540
118.77,1,09:34:19.122487540
118.77,2,09:34:19.122487540
118.78,4,09:34:21.727515029
118.78,1,09:34:21.727725089
118.78,8,09:34:21.727739822
118.78,2,09:34:21.727739822
118.78,1,09:34:21.727739822
118.78,1,09:34:21.727753831
118.78,2,09:34:21.727753831
118.78,1,09:34:21.727768846
118.78,11,09:34:21.727768846
118.78,7,09:34:21.727768846
118.78,11,09:34:21.727782961
118.78,6,09:34:21.727782961
118.78,6,09:34:21.727796718
118.78,1,09:34:21.727811534
118.78,1,09:34:21.727826030
118.78,1,09:34:22.014491930
118.78,2,09:34:22.014557581
118.77,8,09:34:25.489937145
118.77,1,09:34:25.489937145
118.77,8,09:34:25.490072816
118.77,1,09:34:25.490099536
118.77,15,09:34:25.490099536
118.77,2,09:34:25.490099536
118.77,8,09:34:25.490099536
118.77,1,09:34:25.490113568
118.77,2,09:34:25.490608748
118.77,1,09:34:25.490608748
118.77,6,09:34:25.490632720
118.77,7,09:34:25.490632720
118.77,1,09:34:25.490632720
118.77,15,09:34:26.400201162
118.77,1,09:34:26.400424602
118.77,9,09:34:26.400424602
118.77,1,09:34:29.879636209
118.77,1,09:34:29.879651453
118.77,8,09:34:29.879651453
118.77,1,09:34:29.879665370
118.77,1,09:34:29.879680593
118.77,1,09:34:29.879694423
118.77,1,09:34:29.879710090
118.77,8,09:34:29.879724982
118.77,13,09:34:29.879724982
118.77,10,09:34:29.879724982
118.77,1,09:34:29.879739002
118.78,5,09:34:29.879752998
118.78,1,09:34:29.879767120
118.78,1,09:34:29.879782573
118.78,1,09:34:29.879972621
118.78,3,09:34:29.879986470
118.78,1,09:34:29.880000266
118.78,8,09:34:29.880013757
118.78,18,09:34:29.880027638
118.78,5,09:34:29.880041837
118.78,1,09:34:29.880055648
118.78,1,09:34:29.880069734
118.78,2,09:34:29.880084117
118.78,6,09:34:29.880101983
118.78,1,09:34:32.014332954
118.77,1,09:34:32.998703973
118.77,1,09:34:35.757865904
118.77,1,09:34:35.758034557
118.77,1,09:34:35.758056970
118.77,9,09:34:35.758056970
118.77,8,09:34:35.758056970
118.77,1,09:34:35.758085363
118.77,2,09:34:35.758085363
118.77,7,09:34:35.758085363
118.77,1,09:34:35.758867747
118.77,1,09:34:35.759112160
118.77,3,09:34:42.014376658
118.77,1,09:34:42.014668501
118.77,1,09:34:42.257373472
118.77,32,09:34:42.257373472
118.77,1,09:34:42.257470717
118.77,1,09:34:45.034844043
118.77,2,09:34:45.034844043
118.77,1,09:34:45.035587092
118.77,2,09:34:52.014083366
118.77,1,09:34:52.014555433
118.77,1,09:34:52.016271428
118.77,1,09:34:52.097861552
118.77,3,09:34:55.829541105
118.77,4,09:35:01.230421517
118.77,1,09:35:01.230548406
118.77,8,09:35:01.230548406
118.77,3,09:35:01.230640153
118.77,8,09:35:01.230655850
118.77,1,09:35:01.230794240
118.77,2,09:35:01.230885213
118.77,8,09:35:01.231029146
118.77,7,09:35:01.231029146
118.77,2,09:35:01.902236170
118.77,1,09:35:03.023168167
118.77,1,09:35:14.345845846
118.76,1,09:35:22.970449348
118.76,8,09:35:22.970618877
118.76,1,09:35:22.970632099
118.76,1,09:35:22.970648915
118.76,2,09:35:22.970648915
118.76,1,09:35:22.970663648
118.76,1,09:35:22.970677174
118.76,1,09:35:22.970691182
118.76,1,09:35:22.970705043
118.76,1,09:35:22.970826387
118.76,1,09:35:22.970843734
118.76,1,09:35:22.970858918
118.76,1,09:35:22.970876381
118.76,8,09:35:22.970889929
118.76,1,09:35:22.970903667
118.76,8,09:35:22.970916947
118.76,1,09:35:22.970930909
118.76,6,09:35:22.970944505
118.76,4,09:35:22.970958694
118.76,2,09:35:22.970973219
118.76,1,09:35:22.970987065
118.76,16,09:35:22.971047667
118.76,7,09:35:22.971065366
118.76,6,09:35:22.971080070
118.76,12,09:35:22.971080070
118.76,1,09:35:22.971093856
118.76,1,09:35:22.971109232
118.76,2,09:35:22.971109232
118.76,1,09:35:22.971123379
118.76,1,09:35:22.971140336
118.76,1,09:35:22.971887842
118.76,23,09:35:22.971927657
118.76,22,09:35:22.971927657
118.76,1,09:35:22.972086345
118.76,1,09:35:22.972159641
118.76,1,09:35:22.972274735
118.76,2,09:35:22.972369247
118.76,1,09:35:22.972709534
118.76,3,09:35:22.973314341
118.76,1,09:35:22.973314341
118.76,1,09:35:22.973333147
118.76,1,09:35:22.973353108
118.76,1,09:35:22.973367091
118.76,1,09:35:22.973635861
118.76,1,09:35:22.973651630
118.76,2,09:35:22.973688817
118.76,1,09:35:22.974127428
118.76,5,09:35:22.975487334
118.76,4,09:35:22.975487334
118.76,1,09:35:23.024077362
118.76,1,09:35:23.054250925
118.76,1,09:35:23.144444776
118.76,1,09:35:38.550174171
118.77,1,09:35:49.327382615
118.77,1,09:35:49.327486013
118.77,1,09:35:49.327504337
118.77,1,09:35:49.327937962
118.77,3,09:35:49.328363193
118.77,1,09:35:49.328538412
118.77,1,09:35:49.328647212
118.77,1,09:35:49.400930450
118.77,3,09:35:49.400930450
118.77,1,09:35:49.541593062
118.77,1,09:35:49.625021773
118.77,1,09:35:50.039762359
118.77,3,09:35:50.040216666
118.77,1,09:35:52.110600178
118.77,1,09:35:52.110691026
118.77,1,09:35:52.110706328
118.78,3,09:35:54.330227227
118.78,31,09:35:56.348084268
118.78,4,09:35:56.348084268
118.78,1,09:35:56.348084268
118.78,1,09:35:56.348367605
118.78,10,09:35:56.348367605
118.78,16,09:35:56.348367605
118.78,2,09:35:56.348367605
118.78,1,09:35:56.348382370
118.78,5,09:35:56.360171519
118.78,1,09:35:56.360171519
118.78,2,09:35:56.360338965
118.78,1,09:35:56.360353042
118.78,1,09:35:56.360370066
118.78,1,09:35:56.360385999
118.78,8,09:35:56.360403151
118.78,16,09:35:56.360403151
118.78,5,09:35:56.360403151
118.78,1,09:35:56.360403151
118.78,4,09:35:56.361086290
118.78,4,09:35:56.361273256
118.78,2,09:35:56.361289803
118.78,3,09:35:56.361289803
118.78,1,09:35:56.369573669
118.78,2,09:35:56.369573669
118.78,48,09:35:56.374821930
118.78,5,09:35:56.375107898
118.78,1,09:35:56.385891841
118.78,3,09:35:56.385905504
118.78,1,09:35:56.385976746
118.78,7,09:35:56.385996448
118.78,1,09:35:56.385996448
118.78,4,09:35:56.385996448
118.78,16,09:35:56.386329812
118.78,10,09:35:56.408907284
118.78,4,09:35:56.413730454
118.78,9,09:35:56.413730454
118.78,6,09:35:56.413798614
118.78,3,09:35:56.433731574
118.78,1,09:35:56.433745565
118.78,1,09:35:56.433879168
118.78,1,09:35:56.433893635
118.78,4,09:35:56.433893635
118.78,8,09:35:56.433907971
118.78,6,09:35:56.433907971
118.78,1,09:35:56.433924896
118.78,3,09:35:56.433924896
118.78,1,09:35:56.469704466
118.78,3,09:35:56.469704466
118.78,5,09:35:56.469798319
118.78,6,09:35:56.491634346
118.78,1,09:35:56.491634346
118.78,7,09:35:56.491728785
118.78,1,09:35:56.491745320
118.78,2,09:35:56.491745320
118.77,1,09:36:00.212832491
118.78,2,09:36:00.386329244
118.78,3,09:36:00.386725237
118.78,8,09:36:00.386725237
118.78,1,09:36:00.386952752
118.78,1,09:36:00.387019316
118.78,1,09:36:00.392889245
118.78,2,09:36:00.393762179
118.78,1,09:36:00.393762179
118.78,1,09:36:00.393813254
118.78,1,09:36:00.394018438
118.78,2,09:36:00.394043192
118.78,1,09:36:00.394043192
118.78,1,09:36:00.394892501
118.78,8,09:36:00.447444774
118.78,1,09:36:00.473035291
118.78,1,09:36:00.541335267
118.78,9,09:36:00.541335267
118.78,40,09:36:00.561757838
118.78,1,09:36:00.561757838
118.78,1,09:36:00.640919960
118.77,2,09:36:02.021297580
118.77,5,09:36:02.021297580
118.77,1,09:36:02.021511955
118.77,4,09:36:02.021526114
118.77,3,09:36:02.021541625
118.77,8,09:36:02.021541625
118.77,1,09:36:02.021541625
118.77,9,09:36:02.021555513
118.77,1,09:36:02.021569353
118.77,8,09:36:02.021583212
118.77,1,09:36:02.021597382
118.77,2,09:36:02.021597382
118.77,10,09:36:02.021625932
118.77,3,09:36:02.021625932
118.77,1,09:36:02.021639833
118.77,1,09:36:02.021654521
118.77,8,09:36:02.021668242
118.77,2,09:36:02.021682054
118.77,15,09:36:02.021697657
118.77,8,09:36:02.021697657
118.77,7,09:36:02.021718780
118.78,1,09:36:03.013751989
118.77,39,09:36:07.697568315
118.77,3,09:36:07.697911278
118.77,49,09:36:07.698181841
118.77,14,09:36:07.698209203
118.77,18,09:36:07.698209203
118.77,1,09:36:07.698315275
118.77,11,09:36:07.698461501
118.77,27,09:36:07.698571671
118.77,7,09:36:07.698587015
118.77,16,09:36:07.698751687
118.77,1,09:36:07.698766150
118.77,1,09:36:07.698781536
118.77,2,09:36:07.698795366
118.77,1,09:36:07.717969844
118.77,1,09:36:07.718158884
118.77,1,09:36:07.718173670
118.77,4,09:36:07.718173670
118.77,1,09:36:07.718403415
118.77,6,09:36:07.718718419
118.77,3,09:36:07.718913529
118.77,1,09:36:07.723110902
118.77,3,09:36:07.862676243
118.77,1,09:36:07.862676243
118.77,3,09:36:07.862764416
118.77,7,09:36:07.862764416
118.77,1,09:36:11.742653763
118.77,1,09:36:11.742670029
118.77,2,09:36:11.742760739
118.77,4,09:36:11.742804483
118.77,1,09:36:11.742804483
118.77,2,09:36:11.742827561
118.77,1,09:36:11.743723698
118.77,1,09:36:11.743842292
118.77,3,09:36:11.744317192
118.77,1,09:36:11.744365234
118.77,1,09:36:11.760987716
118.76,1,09:36:12.424684734
118.76,1,09:36:12.424769892
118.76,1,09:36:12.424786971
118.76,8,09:36:12.424786971
118.76,3,09:36:12.424786971
118.76,3,09:36:14.832200794
118.76,2,09:36:14.832487590
118.76,1,09:36:14.832487590
118.76,1,09:36:14.832605533
118.76,1,09:36:14.850765787
118.76,2,09:36:14.850765787
118.76,1,09:36:14.851489563
118.76,10,09:36:14.851489563
118.76,1,09:36:14.851924138
118.76,1,09:36:14.852133914
118.76,1,09:36:14.870822593
118.76,1,09:36:15.101394790
118.76,2,09:36:15.101473414
118.76,4,09:36:15.101473414
118.76,3,09:36:15.173356108
118.76,1,09:36:15.173467429
118.76,1,09:36:15.173481657
118.76,1,09:36:15.173496111
118.76,2,09:36:15.173496111
118.76,4,09:36:15.173543992
118.76,1,09:36:15.173543992
118.76,5,09:36:15.358330678
118.76,2,09:36:15.358443301
118.76,1,09:36:15.358842120
118.76,4,09:36:15.358842120
118.76,1,09:36:15.358954034
118.76,1,09:36:15.359214891
118.76,2,09:36:15.618644182
118.76,7,09:36:15.680560714
118.76,2,09:36:15.858855114
118.76,3,09:36:15.858855114
118.76,1,09:36:15.858855114
118.76,2,09:36:16.031485285
118.76,2,09:36:16.031568082
118.76,1,09:36:16.031961406
118.76,10,09:36:21.437408316
118.75,1,09:36:22.283263273
118.75,2,09:36:22.283263273
118.75,1,09:36:22.283281103
118.75,1,09:36:22.283443116
118.75,1,09:36:22.283502383
118.75,1,09:36:22.283516537
118.75,3,09:36:22.283516537
118.75,1,09:36:22.284113823
118.75,4,09:36:22.284128491
118.75,1,09:36:22.284142082
118.75,2,09:36:22.284518238
118.75,2,09:36:22.284532839
118.75,10,09:36:22.285323054
118.75,2,09:36:22.285416680
118.75,4,09:36:22.285430682
118.75,8,09:36:22.285430682
118.75,1,09:36:22.354637729
118.75,1,09:36:22.969457479
118.76,3,09:36:30.831830672
118.76,1,09:36:30.831897555
118.76,9,09:36:31.026054530
118.76,4,09:36:31.026132741
118.76,3,09:36:31.334427232
118.76,1,09:36:34.830042948
118.76,2,09:36:34.830057277
118.76,1,09:36:34.830137504
118.76,3,09:36:34.830151853
118.76,1,09:36:34.830151853
118.75,1,09:36:36.968662230
118.75,3,09:36:36.969067396
118.75,1,09:36:36.969067396
118.75,3,09:36:36.972995129
118.75,2,09:36:36.973097303
118.75,3,09:36:36.973222864
118.75,2,09:36:36.973467069
118.75,5,09:36:36.973615828
118.75,2,09:36:36.973615828
118.75,1,09:36:36.973615828
118.75,8,09:36:36.973726316
118.75,1,09:36:36.973752509
118.75,1,09:36:36.974373324
118.75,1,09:36:36.982216139
118.75,2,09:36:36.982216139
118.75,1,09:36:36.982552740
118.75,2,09:36:36.982997026
118.75,1,09:36:36.983182837
118.75,1,09:36:36.987257640
118.75,8,09:36:37.000944243
118.75,2,09:36:37.001033606
118.75,1,09:36:37.001051954
118.75,1,09:36:37.021215448
118.74,1,09:36:37.376982889
118.74,2,09:36:37.411928725
118.74,15,09:36:37.411959602
118.74,1,09:36:37.421202890
118.74,8,09:36:37.424917108
118.74,1,09:36:37.601885469
118.75,1,09:36:41.333997959
118.75,1,09:36:41.334074503
118.75,1,09:36:42.013628218
118.75,1,09:36:43.312332472
118.75,6,09:36:43.312332472
118.75,1,09:36:43.312415506
118.75,1,09:36:43.312436097
118.75,4,09:36:43.312436097
118.75,1,09:36:43.312838616
118.75,1,09:36:43.313024043
118.75,2,09:36:43.313461585
118.75,3,09:36:43.313601550
118.75,2,09:36:43.313601550
118.75,2,09:36:43.314096705
118.75,5,09:36:43.314096705
118.75,3,09:36:43.314096705
118.75,1,09:36:43.314650332
118.75,4,09:36:43.314666650
118.75,2,09:36:43.941941859
118.75,1,09:36:43.941941859
118.75,1,09:36:43.942295528
118.75,1,09:36:49.107265010
118.75,1,09:36:49.107287409
118.75,1,09:36:49.107515435
118.75,5,09:36:49.108131320
118.75,4,09:36:49.108154955
118.75,1,09:36:49.108154955
118.75,1,09:36:49.108832541
118.75,1,09:36:49.109586909
118.75,1,09:36:49.110234620
118.75,1,09:36:49.110665708
118.76,5,09:36:49.228244193
118.76,1,09:36:49.415774369
118.76,2,09:36:49.415774369
118.76,1,09:36:49.415861102
118.76,1,09:36:49.415879282
118.76,1,09:36:49.443826394
118.76,3,09:36:49.443917847
118.76,2,09:36:49.444107530
118.76,1,09:36:49.444350947
118.76,1,09:36:49.444496340
118.76,2,09:36:49.444496340
118.76,2,09:36:49.444715731
118.76,1,09:36:49.444715731
118.76,1,09:36:49.444810720
118.76,11,09:36:49.445410195
118.76,1,09:36:49.445410195
118.77,1,09:36:53.497749734
118.77,1,09:36:53.497785504
118.77,3,09:36:53.497785504
118.77,1,09:36:53.498160175
118.77,1,09:36:53.498312382
118.77,3,09:36:53.498312382
118.77,8,09:36:57.368500550
118.77,1,09:36:57.368520976
118.77,3,09:36:57.368520976
118.77,12,09:36:57.368520976
118.77,1,09:36:58.021435791
118.77,1,09:36:58.021453301
118.77,1,09:36:58.047675862
118.77,8,09:36:58.048062956
118.77,1,09:36:58.048062956
118.78,2,09:36:59.023652019
118.77,2,09:37:02.487107349
118.78,1,09:37:02.524458813
118.78,9,09:37:02.524648886
118.78,3,09:37:02.524648886
118.78,1,09:37:02.524672255
118.78,8,09:37:02.524672255
118.78,2,09:37:02.524672255
118.78,3,09:37:02.524672255
118.78,1,09:37:02.524689624
118.78,8,09:37:02.524689624
118.78,21,09:37:02.524689624
118.78,1,09:37:02.524831910
118.78,1,09:37:02.524845843
118.78,3,09:37:02.524860050
118.78,1,09:37:02.524874223
118.78,1,09:37:02.524887871
118.78,5,09:37:02.524902073
118.79,7,09:37:02.524921670
118.78,1,09:37:02.525800223
118.78,1,09:37:02.526787879
118.78,2,09:37:02.526787879
118.78,3,09:37:02.526787879
118.78,4,09:37:02.526787879
118.78,1,09:37:02.527167630
118.78,3,09:37:02.541247973
118.78,2,09:37:02.546556390
118.78,1,09:37:02.546556390
118.78,1,09:37:02.546574454
118.77,1,09:37:05.043537116
118.77,1,09:37:05.044019864
118.77,8,09:37:05.044537629
118.77,1,09:37:05.044537629
118.77,1,09:37:05.048653307
118.77,3,09:37:05.061573782
118.77,1,09:37:05.061590681
118.77,1,09:37:14.328957305
118.77,3,09:37:14.328957305
118.77,1,09:37:16.075142340
118.77,8,09:37:16.075142340
118.77,1,09:37:16.075282059
118.77,8,09:37:16.075282059
118.76,1,09:37:21.686680180
118.76,1,09:37:21.686694084
118.76,8,09:37:21.686942903
118.76,1,09:37:21.686942903
118.76,1,09:37:21.686967310
118.76,3,09:37:21.686967310
118.76,1,09:37:21.687347060
118.76,2,09:37:21.687363033
118.76,1,09:37:21.687363033
118.76,8,09:37:21.687363033
118.76,1,09:37:21.707930069
118.76,3,09:37:21.796330597
118.76,1,09:37:22.118079618
118.76,1,09:37:22.178476446
118.77,1,09:37:31.731518991
118.77,8,09:37:31.731518991
118.77,3,09:37:31.731518991
118.77,7,09:37:31.732848322
118.77,24,09:37:31.733377956
118.76,1,09:37:37.209377420
118.77,8,09:37:41.525804301
118.77,1,09:37:41.525804301
118.77,1,09:37:41.525971878
118.77,2,09:37:41.525971878
118.77,1,09:37:41.525992784
118.77,3,09:37:41.525992784
118.77,8,09:37:41.525992784
118.77,1,09:37:41.526015616
118.77,19,09:37:41.530097053
118.77,1,09:37:41.716693277
118.77,1,09:37:42.540972885
118.77,3,09:37:42.540972885
118.77,2,09:37:43.401293486
118.77,1,09:37:43.401293486
118.77,2,09:37:43.401388411
118.77,1,09:37:43.401388411
118.77,1,09:37:43.413964028
118.77,1,09:37:43.414217642
118.77,2,09:38:05.938705528
118.77,1,09:38:05.939153432
118.77,1,09:38:05.939335477
118.77,1,09:38:06.078921822
118.77,1,09:38:06.195783109
118.77,1,09:38:06.195806312
118.77,2,09:38:06.196525143
118.77,1,09:38:06.196525143
118.77,1,09:38:06.196716076
118.77,1,09:38:06.444533366
118.78,2,09:38:07.801766272
118.78,10,09:38:07.801876618
118.78,3,09:38:07.801899923
118.78,1,09:38:07.801899923
118.78,1,09:38:07.802174220
118.78,11,09:38:07.823797790
118.78,1,09:38:07.823965645
118.78,2,09:38:07.823996087
118.78,8,09:38:07.823996087
118.78,6,09:38:07.823996087
118.78,1,09:38:07.823996087
118.78,2,09:38:07.858684032
118.78,5,09:38:07.858684032
118.78,2,09:38:07.881111104
118.78,8,09:38:07.881245980
118.78,1,09:38:07.881275999
118.78,2,09:38:07.881275999
118.79,1,09:38:08.231906906
118.79,16,09:38:08.232077422
118.79,4,09:38:08.232077422
118.79,2,09:38:08.232104478
118.79,1,09:38:08.232104478
118.79,8,09:38:08.232104478
118.79,7,09:38:08.232104478
118.79,3,09:38:08.232116535
118.79,1,09:38:09.314998005
118.79,1,09:38:09.322694332
118.79,1,09:38:09.322937122
118.79,2,09:38:09.322937122
118.79,1,09:38:09.323191074
118.79,2,09:38:09.323442658
118.79,2,09:38:11.488438625
118.79,2,09:38:11.488815517
118.79,3,09:38:11.488851865
118.79,6,09:38:11.488851865
118.79,1,09:38:11.488851865
118.78,1,09:38:12.397952607
118.78,1,09:38:12.398204702
118.78,7,09:38:12.398204702
118.78,2,09:38:12.398293721
118.78,1,09:38:12.992127692
118.78,1,09:38:12.992557733
118.79,1,09:38:18.406922875
118.79,15,09:38:18.407113332
118.79,1,09:38:18.407128414
118.79,8,09:38:18.407161995
118.79,1,09:38:18.407161995
118.79,3,09:38:18.407161995
118.79,1,09:38:21.377742293
118.79,2,09:38:33.120347186
118.79,1,09:38:33.120347186
118.79,1,09:38:33.120441999
118.79,36,09:38:33.120457695
118.79,14,09:38:33.120736953
118.79,1,09:38:33.120736953
118.79,1,09:38:33.290247748
118.8,8,09:38:36.434963750
118.8,2,09:38:36.435205234
118.8,1,09:38:36.435219541
118.8,1,09:38:36.435235168
118.8,8,09:38:36.435249312
118.8,1,09:38:36.435249312
118.8,2,09:38:36.435264483
118.8,8,09:38:36.435264483
118.8,15,09:38:36.435264483
118.8,1,09:38:36.435264483
118.8,1,09:38:36.435278774
118.8,3,09:38:36.435292866
118.8,1,09:38:36.435307971
118.8,1,09:38:36.435321100
118.8,2,09:38:36.435335561
118.8,18,09:38:36.435348950
118.8,1,09:38:36.435369113
118.8,22,09:38:36.436277755
118.8,1,09:38:36.474892814
118.8,3,09:38:36.475164538
118.8,2,09:38:41.082582937
118.8,4,09:38:41.154420232
118.8,1,09:38:41.154947898
118.8,2,09:38:41.154947898
118.8,1,09:38:42.065599547
118.8,15,09:38:42.066255387
118.8,2,09:38:42.066838068
118.8,11,09:38:47.653929624
118.8,5,09:38:47.653992322
118.8,3,09:38:47.653992322
118.8,1,09:38:47.654316091
118.8,1,09:38:47.654531217
118.8,1,09:38:52.743549435
118.8,3,09:38:52.743549435
118.8,1,09:38:53.654188058
118.8,1,09:38:54.653419447
118.8,1,09:38:54.653513750
118.8,3,09:38:54.653913092
118.8,1,09:39:01.138848567
118.8,1,09:39:01.139298506
118.8,3,09:39:01.140337731
118.8,3,09:39:01.140822527
118.8,1,09:39:01.140822527
118.8,3,09:39:01.304354826
118.8,10,09:39:01.304831158
118.8,3,09:39:01.305151651
118.8,1,09:39:01.745893402
118.8,2,09:39:06.153413525
118.8,1,09:39:06.153443547
118.8,1,09:39:06.153551551
118.8,4,09:39:07.706439865
118.8,18,09:39:07.706547157
118.8,1,09:39:07.706572440
118.8,8,09:39:07.706572440
118.8,7,09:39:07.706572440
118.8,3,09:39:07.706572440
118.8,1,09:39:11.521266604
118.8,2,09:39:11.521266604
118.8,4,09:39:15.628042174
118.8,1,09:39:15.628042174
118.8,2,09:39:15.628178964
118.8,1,09:39:15.628299377
118.8,1,09:39:15.628318865
118.8,3,09:39:17.735512120
118.8,1,09:39:17.735617758
118.8,1,09:39:17.735633022
118.8,3,09:39:29.675202226
118.8,1,09:39:29.675329253
118.8,1,09:39:29.675361455
118.8,3,09:39:29.675361455
118.8,1,09:39:29.741895748
118.8,1,09:39:29.743315123
118.8,1,09:39:29.745418852
118.8,3,09:39:29.745418852
118.8,1,09:39:29.745510288
118.8,1,09:39:29.745526762
118.8,20,09:39:29.846265929
118.8,1,09:39:29.846575865
118.8,7,09:39:29.862947835
118.8,1,09:39:29.894938115
118.8,1,09:39:32.958404706
118.8,2,09:39:32.958683410
118.8,1,09:39:32.958698821
118.8,1,09:39:33.634467521
118.81,5,09:39:37.465949734
118.81,3,09:39:39.519694436
118.81,1,09:39:39.519694436
118.81,1,09:39:39.519758052
118.81,1,09:39:52.289663523
118.81,1,09:39:57.164686661
118.81,1,09:39:57.218215481
118.81,1,09:39:57.218326256
118.81,1,09:39:57.218359690
118.81,3,09:39:57.218359690
118.81,2,09:39:57.218359690
118.81,1,09:40:15.204428376
118.8,1,09:40:16.438765254
118.8,1,09:40:16.439652684
118.8,13,09:40:16.439666214
118.8,85,09:40:16.440239842
118.8,2,09:40:16.440262811
118.8,1,09:40:16.440262811
118.8,8,09:40:16.440282280
118.8,1,09:40:16.440282280
118.79,1,09:40:16.491874863
118.79,1,09:40:16.492225324
118.79,1,09:40:16.492394197
118.79,1,09:40:16.492409007
118.79,2,09:40:16.492409007
118.79,1,09:40:16.492424722
118.79,1,09:40:16.503632156
118.79,2,09:40:16.522202592
118.79,2,09:40:16.522471847
118.79,1,09:40:16.522471847
118.78,1,09:40:16.581084913
118.78,1,09:40:16.581622936
118.78,1,09:40:16.581639842
118.78,2,09:40:16.581653790
118.78,1,09:40:16.581653790
118.78,8,09:40:16.581670773
118.78,2,09:40:16.581670773
118.78,1,09:40:16.581788434
118.78,1,09:40:16.581803983
118.78,4,09:40:16.581950289
118.78,3,09:40:16.581985761
118.78,5,09:40:16.582931320
118.78,15,09:40:16.582931320
118.78,3,09:40:16.583060327
118.78,1,09:40:16.583079655
118.78,1,09:40:16.585603208
118.78,1,09:40:16.585759762
118.78,1,09:40:16.585966619
118.78,1,09:40:16.588982988
118.78,3,09:40:16.589084524
118.78,1,09:40:16.589084524
118.78,2,09:40:16.589108898
118.78,1,09:40:16.589108898
118.78,4,09:40:16.590097451
118.78,2,09:40:16.590184527
118.78,1,09:40:16.593212683
118.78,1,09:40:16.593348581
118.78,2,09:40:16.593833035
118.78,1,09:40:16.593833035
118.78,1,09:40:16.608063334
118.78,1,09:40:16.609879369
118.78,1,09:40:16.654849742
118.78,6,09:40:16.654849742
118.78,1,09:40:16.654950494
118.78,1,09:40:16.654974434
118.78,1,09:40:16.655218618
118.78,6,09:40:16.655233173
118.78,1,09:40:16.655233173
118.78,2,09:40:16.655249230
118.78,3,09:40:16.665091414
118.78,3,09:40:16.665106966
118.78,1,09:40:16.665359235
118.78,2,09:40:16.780873211
118.78,1,09:40:17.074146325
118.78,1,09:40:19.225061196
118.78,1,09:40:19.225536895
118.78,1,09:40:19.262729310
118.78,1,09:40:19.262806184
118.78,2,09:40:20.639614838
118.78,3,09:40:20.639614838
118.78,1,09:40:20.639614838
118.78,2,09:40:21.677700836
118.79,1,09:40:22.967960449
118.79,1,09:40:36.045900337
118.79,1,09:40:36.046025150
118.79,1,09:40:36.046050709
118.79,3,09:40:36.046050709
118.79,2,09:40:36.046050709
118.79,8,09:40:36.046050709
118.79,1,09:40:36.046205956
118.79,2,09:40:36.046205956
118.79,8,09:40:36.046369624
118.79,9,09:40:36.046369624
118.79,8,09:40:36.046591377
118.79,3,09:40:36.046628820
118.79,1,09:40:36.046628820
118.79,4,09:40:36.052153251
118.79,1,09:40:36.052261587
118.79,3,09:40:36.052280566
118.79,1,09:40:36.052280566
118.79,1,09:40:36.069803087
118.79,1,09:40:36.095818875
118.79,1,09:40:36.123211173
118.79,1,09:40:36.608370277
118.79,1,09:40:36.630483566
118.79,1,09:40:39.639283070
118.79,2,09:40:39.639693707
118.79,1,09:40:39.639693707
118.78,6,09:40:41.453055206
118.78,8,09:40:41.453055206
118.78,1,09:40:41.453182128
118.78,3,09:40:41.453200182
118.78,1,09:40:41.453200182
118.78,1,09:40:41.453223334
118.78,7,09:40:41.453223334
118.78,8,09:40:41.453223334
118.78,2,09:40:41.453223334
118.78,9,09:40:41.453223334
118.79,8,09:40:44.690942813
118.79,1,09:40:44.690942813
118.79,4,09:40:44.691043252
118.79,3,09:40:44.691043252
118.79,8,09:40:44.691060404
118.79,3,09:40:44.691060404
118.79,2,09:40:44.691727303
118.79,1,09:40:44.763480236
118.79,1,09:40:52.962904052
118.78,1,09:40:56.651172220
118.78,2,09:40:56.651172220
118.78,1,09:40:56.651268213
118.78,2,09:40:56.651294809
118.78,10,09:40:56.651294809
118.78,1,09:40:56.652082242
118.78,1,09:40:56.960512072
118.77,1,09:41:04.260897754
118.77,1,09:41:04.261420106
118.77,1,09:41:04.261771677
118.77,1,09:41:04.294960982
118.77,8,09:41:04.301913670
118.77,2,09:41:04.301913670
118.78,1,09:41:09.493431727
118.78,2,09:41:09.493519017
118.78,2,09:41:09.493535862
118.79,10,09:41:15.270000981
118.79,15,09:41:15.270559589
118.79,1,09:41:15.270559589
118.79,19,09:41:15.270575374
118.79,1,09:41:15.270575374
118.79,1,09:41:15.270678392
118.79,4,09:41:15.271008433
118.79,1,09:41:15.271124843
118.79,6,09:41:15.271287252
118.79,5,09:41:15.271287252
118.79,6,09:41:15.271424004
118.78,1,09:41:43.301755518
118.78,3,09:41:43.301755518
118.78,6,09:41:43.301841919
118.78,9,09:41:43.301861349
118.78,1,09:41:43.302195646
118.78,12,09:41:43.302496990
118.78,1,09:41:43.302526690
118.78,2,09:41:43.302526690
118.78,3,09:41:45.618587905
118.78,9,09:41:45.618692759
118.78,8,09:41:45.619264574
118.78,1,09:41:45.619264574
118.78,3,09:41:45.619264574
118.78,2,09:41:45.620088442
118.78,2,09:41:45.620264317
118.78,1,09:41:45.645978220
118.78,1,09:41:48.249126828
118.78,1,09:41:48.249219894
118.79,7,09:41:53.141705884
118.79,1,09:41:54.325525303
118.79,2,09:42:03.836656595
118.79,1,09:42:07.554021732
118.79,8,09:42:07.554115639
118.79,1,09:42:07.554144741
118.79,3,09:42:07.554144741
118.79,8,09:42:07.554144741
118.79,2,09:42:07.554144741
118.79,1,09:42:07.554726561
118.79,1,09:42:07.555490093
118.79,6,09:42:13.827978165
118.79,1,09:42:13.828849873
118.79,3,09:42:13.833300794
118.79,2,09:42:13.833386311
118.79,1,09:42:18.786066691
118.79,1,09:42:18.786082019
118.79,1,09:42:18.810190969
118.79,1,09:42:18.849551315
118.79,1,09:42:18.903724360
118.79,1,09:42:21.961657259
118.79,1,09:42:21.961755428
118.79,5,09:42:21.961777169
118.79,1,09:42:21.961777169
118.79,1,09:42:22.142290682
118.8,5,09:42:24.306760874
118.8,1,09:42:33.564013973
118.8,1,09:42:33.564076451
118.8,2,09:42:41.982484060
118.8,5,09:42:44.348505861
118.8,1,09:42:49.030154459
118.8,2,09:42:52.960037271
118.8,5,09:42:53.929820917
118.8,2,09:42:53.929836296
118.8,2,09:42:54.263494136
118.8,1,09:42:58.659014873
118.8,1,09:42:58.660849559
118.8,1,09:42:58.661061153
118.8,1,09:42:58.661153178
118.8,9,09:42:58.661595753
118.8,1,09:42:58.681570618
118.8,1,09:42:58.746612199
118.8,1,09:42:58.763053104
118.8,1,09:42:58.844546198
118.8,2,09:42:58.844546198
118.79,17,09:43:00.433970989
118.79,1,09:43:00.434644006
118.79,5,09:43:00.434644006
118.79,1,09:43:00.434766620
118.79,2,09:43:00.434794956
118.79,1,09:43:00.434794956
118.79,4,09:43:00.625349111
118.79,1,09:43:05.726362855
118.79,1,09:43:10.491445336
118.79,7,09:43:10.492709803
118.79,1,09:43:10.492740315
118.79,2,09:43:10.492740315
118.79,1,09:43:10.493322733
118.79,2,09:43:10.494060723
118.79,1,09:43:10.494060723
118.79,1,09:43:10.494229497
118.8,1,09:43:16.031392321
118.8,5,09:43:22.900730521
118.8,1,09:43:22.900860217
118.8,25,09:43:22.900896262
118.8,1,09:43:22.900896262
118.8,3,09:43:22.900896262
118.8,2,09:43:27.859195168
118.8,1,09:43:27.859195168
118.8,1,09:43:27.859266905
118.8,1,09:43:27.871381375
118.8,2,09:43:34.108021064
118.8,1,09:43:34.108128428
118.81,1,09:43:43.040616392
118.8,2,09:43:50.670152769
118.8,8,09:43:50.670600922
118.8,4,09:43:50.670765011
118.8,8,09:43:50.670765011
118.8,1,09:43:50.670793774
118.8,7,09:43:50.670793774
118.8,17,09:43:50.670793774
118.8,2,09:43:50.670793774
118.8,1,09:43:50.670810218
118.8,1,09:43:50.670950477
118.8,3,09:43:50.671035990
118.8,8,09:43:50.671058973
118.8,2,09:43:54.184744347
118.8,1,09:43:54.566669341
118.8,1,09:43:54.566997364
118.8,1,09:43:54.628161401
118.8,4,09:43:54.628998729
118.8,1,09:43:57.431871628
118.8,1,09:44:00.068259148
118.8,1,09:44:02.497175687
118.8,1,09:44:02.497204045
118.8,3,09:44:02.497204045
118.8,3,09:44:02.514383292
118.8,2,09:44:02.514383292
118.8,1,09:44:03.042394926
118.8,1,09:44:03.042483556
118.8,3,09:44:03.042499172
118.8,1,09:44:03.277328924
118.8,12,09:44:06.387583968
118.8,3,09:44:06.387583968
118.8,2,09:44:06.391236804
118.8,2,09:44:06.392404045
118.8,2,09:44:06.393251055
118.8,1,09:44:06.521364076
118.8,1,09:44:08.560999188
118.8,3,09:44:08.560999188
118.81,1,09:44:10.039904699
118.81,1,09:44:21.000741815
118.81,1,09:44:31.617415086
118.81,1,09:44:31.617429742
118.81,3,09:44:34.545014396
118.81,5,09:44:34.545014396
118.81,2,09:44:34.545032482
118.81,1,09:44:34.545032482
118.81,2,09:44:34.798682278
118.81,4,09:44:34.798883600
118.81,1,09:44:34.799001203
118.81,1,09:44:34.799018208
118.8,1,09:44:34.979710766
118.8,2,09:44:34.979710766
118.8,2,09:44:34.979807944
118.8,2,09:44:34.979821947
118.8,2,09:44:34.979948255
118.8,3,09:44:34.980064369
118.8,11,09:44:34.980201960
118.8,5,09:44:34.980420568
118.8,9,09:44:34.980583797
118.8,8,09:44:34.980707281
118.8,2,09:44:34.980707281
118.8,3,09:44:34.980800744
118.8,1,09:44:34.980908273
118.79,2,09:44:35.095956149
118.79,2,09:44:35.095973105
118.79,1,09:44:35.095973105
118.79,10,09:44:35.099503324
118.8,1,09:44:37.032601279
118.8,12,09:44:39.467531137
118.8,3,09:44:39.467639904
118.8,1,09:44:39.467660778
118.8,2,09:44:39.467660778
118.8,1,09:44:39.468017962
118.8,7,09:44:39.468303043
118.8,8,09:44:39.468303043
118.8,1,09:44:39.468439395
118.8,4,09:44:39.468469757
118.8,1,09:44:39.471279680
118.8,6,09:44:39.471279680
118.8,5,09:44:39.480657049
118.8,1,09:44:39.480865180
118.8,1,09:44:39.490606756
118.8,1,09:44:39.492062608
118.8,12,09:44:39.906475246
118.8,10,09:44:39.918615138
118.8,3,09:44:39.919469935
118.79,1,09:44:39.947243752
118.8,1,09:44:45.145984027
118.8,2,09:44:45.146231300
118.8,1,09:44:45.156484987
118.8,5,09:44:45.156501122
118.79,4,09:44:45.156501122
118.79,3,09:44:54.019754521
118.79,1,09:44:54.020402608
118.8,9,09:44:54.516600119
118.8,1,09:44:54.516737833
118.8,2,09:44:54.516860588
118.8,13,09:44:54.516877187
118.8,8,09:44:54.516877187
118.8,1,09:44:54.516877187
118.8,1,09:44:54.540903298
118.8,1,09:44:54.594215539
118.8,4,09:44:54.597584889
118.79,2,09:44:54.627674218
118.79,6,09:44:54.627776237
118.79,1,09:44:54.627776237
118.8,2,09:44:59.441635626
118.8,8,09:44:59.441651532
118.79,2,09:45:00.010133905
118.79,4,09:45:00.010155834
118.79,1,09:45:00.011273781
118.79,1,09:45:00.012277967
118.79,3,09:45:00.012292504
118.79,4,09:45:00.012306610
118.78,1,09:45:00.012323608
118.78,5,09:45:00.012340840
118.78,2,09:45:00.012461679
118.78,6,09:45:00.012461679
118.78,1,09:45:00.012461679
118.78,35,09:45:00.012480120
118.77,1,09:45:00.012494764
118.77,3,09:45:00.012507858
118.77,2,09:45:00.012521935
118.77,4,09:45:00.012536303
118.77,1,09:45:00.012549829
118.77,1,09:45:00.012565359
118.77,3,09:45:00.012597093
118.76,1,09:45:00.012838027
118.76,2,09:45:00.012838027
118.77,2,09:45:00.012838027
118.76,4,09:45:00.015143494
118.76,1,09:45:00.015158048
118.75,7,09:45:00.015158048
118.75,1,09:45:00.015171856
118.75,1,09:45:00.015186694
118.75,4,09:45:00.015186694
118.74,1,09:45:00.015199910
118.74,1,09:45:00.015214272
118.74,1,09:45:00.015304890
118.74,6,09:45:00.015304890
118.74,14,09:45:00.015304890
118.74,3,09:45:00.015304890
118.73,1,09:45:00.015324173
118.73,7,09:45:00.015324173
118.73,7,09:45:00.015337872
118.73,3,09:45:00.015351932
118.73,1,09:45:00.015365596
118.72,1,09:45:00.015380806
118.72,4,09:45:00.015394576
118.71,1,09:45:00.015414623
118.65,1,09:45:00.015670441
118.66,1,09:45:00.015670441
118.68,1,09:45:00.015670441
118.69,135,09:45:00.015670441
118.67,1,09:45:00.015670441
118.7,1,09:45:00.015670441
118.71,135,09:45:00.015670441
118.71,1,09:45:00.015670441
118.69,1,09:45:00.015670441
118.75,1,09:45:00.023701026
118.67,1,09:45:00.035587673
118.67,13,09:45:00.036633643
118.67,3,09:45:00.040214363
118.67,6,09:45:00.041210167
118.67,1,09:45:00.041262756
118.67,1,09:45:00.041668196
118.67,1,09:45:00.042169904
118.67,1,09:45:00.043424777
118.68,6,09:45:00.045069895
118.67,7,09:45:00.045069895
118.67,3,09:45:00.045644266
118.69,3,09:45:00.046394755
118.67,3,09:45:00.047003062
118.61,1,09:45:00.049316115
118.61,11,09:45:00.051053230
118.61,3,09:45:00.051053230
118.67,1,09:45:00.056726699
118.67,1,09:45:00.057698960
118.65,10,09:45:00.218398985
118.6,8,09:45:00.311436631
118.6,1,09:45:00.311436631
118.6,2,09:45:00.393385376
118.6,8,09:45:00.409129203
118.57,3,09:45:00.434701982
118.57,1,09:45:00.434701982
118.61,1,09:45:00.641608007
118.61,3,09:45:00.685212196
118.61,8,09:45:00.687401784
118.61,6,09:45:00.687506552
118.61,3,09:45:00.687534452
118.61,32,09:45:00.687534452
118.61,1,09:45:00.687534452
118.61,4,09:45:00.713787180
118.61,7,09:45:00.713805384
118.61,3,09:45:00.713805384
118.61,1,09:45:00.713805384
118.61,2,09:45:00.717188877
118.6,5,09:45:00.722627131
118.6,2,09:45:00.722828702
118.62,1,09:45:00.728994620
118.6,2,09:45:00.747715434
118.59,8,09:45:00.760603231
118.59,1,09:45:00.761318373
118.59,2,09:45:00.761318373
118.59,5,09:45:00.761318373
118.59,1,09:45:00.761383803
118.59,1,09:45:00.762830769
118.59,1,09:45:00.762951805
118.59,1,09:45:00.763107335
118.6,1,09:45:00.769658555
118.6,12,09:45:00.787299177
118.6,1,09:45:00.787399299
118.6,7,09:45:00.787399299
118.6,2,09:45:00.787414524
118.59,1,09:45:00.832227313
118.6,3,09:45:00.852009322
118.6,1,09:45:00.852918851
118.58,1,09:45:01.192610420
118.58,1,09:45:01.235425399
118.59,2,09:45:01.299303842
118.59,1,09:45:01.299303842
118.59,7,09:45:01.299303842
118.59,10,09:45:01.326203951
118.59,7,09:45:01.326972549
118.59,1,09:45:01.329162704
118.58,8,09:45:01.792076436
118.58,4,09:45:01.792186580
118.58,1,09:45:01.792186580
118.58,2,09:45:01.792258727
118.58,1,09:45:01.892243392
118.57,8,09:45:01.892264583
118.57,2,09:45:01.892264583
118.57,1,09:45:01.892264583
118.58,2,09:45:01.892633245
118.58,7,09:45:01.892633245
118.58,1,09:45:01.892633245
118.58,1,09:45:01.911212679
118.58,1,09:45:01.999633345
118.59,7,09:45:02.017799784
118.57,1,09:45:02.071403105
118.57,1,09:45:02.072908685
118.56,4,09:45:02.152645867
118.56,1,09:45:02.152668615
118.56,6,09:45:02.152668615
118.57,7,09:45:02.352062424
118.57,3,09:45:02.354429945
118.57,14,09:45:02.354429945
118.57,1,09:45:02.354429945
118.57,3,09:45:02.354634672
118.57,1,09:45:02.354648623
118.57,14,09:45:02.354767183
118.57,1,09:45:02.354847224
118.57,1,09:45:02.354902175
118.57,1,09:45:02.376666119
118.57,2,09:45:02.377140928
118.57,1,09:45:02.479410087
118.56,2,09:45:02.560220709
118.56,2,09:45:02.560241426
118.56,1,09:45:02.560241426
118.57,2,09:45:02.721618398
118.57,1,09:45:02.721618398
118.57,6,09:45:02.721618398
118.57,1,09:45:02.731534281
118.57,1,09:45:02.744509059
118.56,2,09:45:03.011015710
118.56,1,09:45:03.011015710
118.56,3,09:45:03.011015710
118.55,36,09:45:03.021961360
118.55,14,09:45:03.022698975
118.55,1,09:45:03.022723275
118.55,12,09:45:03.022723275
118.55,10,09:45:03.022833564
118.55,3,09:45:03.023346664
118.55,6,09:45:03.024271172
118.55,4,09:45:03.024861959
118.55,6,09:45:03.024861959
118.55,1,09:45:03.024861959
118.54,1,09:45:03.090625242
118.54,4,09:45:03.090625242
118.53,1,09:45:03.203035061
118.54,1,09:45:03.231657164
118.54,12,09:45:03.232212881
118.53,4,09:45:03.528683456
118.53,11,09:45:03.528683456
118.53,1,09:45:03.528683456
118.52,1,09:45:03.534868232
118.52,1,09:45:03.534966389
118.52,1,09:45:03.534984325
118.52,5,09:45:03.534984325
118.51,1,09:45:03.808186811
118.51,1,09:45:03.840167184
118.51,3,09:45:03.842995014
118.51,1,09:45:03.842995014
118.51,1,09:45:03.843013474
118.52,1,09:45:04.041847382
118.51,1,09:45:04.045387337
118.53,1,09:45:04.191017763
118.54,5,09:45:04.762201462
118.54,1,09:45:04.762201462
118.54,2,09:45:04.762201462
118.55,5,09:45:04.964960551
118.55,1,09:45:05.051749927
118.55,2,09:45:05.052997107
118.55,1,09:45:05.168566232
118.55,1,09:45:05.168589813
118.54,12,09:45:05.257871820
118.54,1,09:45:05.257871820
118.54,3,09:45:05.262108146
118.54,5,09:45:05.262108146
118.54,1,09:45:05.340969584
118.54,5,09:45:05.340969584
118.53,1,09:45:05.574224130
118.53,5,09:45:05.575829972
118.53,2,09:45:05.606717028
118.54,2,09:45:05.616040101
118.54,1,09:45:05.616040101
118.54,3,09:45:05.626611469
118.54,21,09:45:06.060442440
118.53,3,09:45:06.142461474
118.52,23,09:45:06.256469494
118.52,3,09:45:06.256746685
118.52,24,09:45:06.256853613
118.52,2,09:45:06.256872208
118.52,1,09:45:06.256872208
118.52,5,09:45:06.527533187
118.52,1,09:45:06.527533187
118.52,3,09:45:06.527622106
118.52,2,09:45:06.527622106
118.52,1,09:45:06.528260069
118.52,1,09:45:06.549844858
118.52,1,09:45:06.557377739
118.52,3,09:45:06.557395176
118.52,1,09:45:06.557811337
118.52,1,09:45:06.794120085
118.52,1,09:45:06.794562196
118.52,2,09:45:07.263121385
118.52,1,09:45:07.263223157
118.52,3,09:45:07.263241058
118.52,2,09:45:07.263423525
118.52,2,09:45:07.383909218
118.53,2,09:45:07.667112583
118.53,1,09:45:08.065213501
118.54,2,09:45:08.977005396
118.54,1,09:45:08.977153584
118.54,1,09:45:08.977674665
118.54,2,09:45:08.977674665
118.54,1,09:45:08.977699671
118.54,1,09:45:08.979597515
118.54,2,09:45:08.980050181
118.55,2,09:45:09.025489912
118.55,3,09:45:09.025573940
118.55,4,09:45:09.026113016
118.55,23,09:45:09.026113016
118.55,3,09:45:09.026268766
118.55,5,09:45:09.031311754
118.56,1,09:45:09.062036896
118.56,3,09:45:09.268173404
118.55,1,09:45:09.432035036
118.55,6,09:45:09.432423982
118.55,1,09:45:09.509206043
118.54,4,09:45:09.510112254
118.54,1,09:45:09.510228939
118.54,1,09:45:09.510471831
118.54,1,09:45:09.510792350
118.54,2,09:45:09.510905249
118.54,1,09:45:09.520194422
118.54,1,09:45:09.520380566
118.54,1,09:45:09.520490406
118.54,1,09:45:09.520722383
118.54,3,09:45:09.520754265
118.54,1,09:45:09.521218492
118.54,1,09:45:09.529307458
118.54,1,09:45:09.529325752
118.54,4,09:45:10.347428298
118.54,3,09:45:10.347428298
118.55,1,09:45:10.347530389
118.55,3,09:45:10.347530389
118.55,2,09:45:10.347530389
118.55,3,09:45:11.000015718
118.55,1,09:45:11.000015718
118.55,2,09:45:11.000512236
118.56,1,09:45:11.082230638
118.56,1,09:45:11.082360679
118.56,1,09:45:11.082461157
118.56,1,09:45:11.082476695
118.56,1,09:45:12.042928282
118.57,2,09:45:12.969148675
118.57,1,09:45:12.969148675
118.57,2,09:45:12.993368857
118.58,1,09:45:14.016429374
118.58,2,09:45:14.016533332
118.58,1,09:45:14.016549070
118.59,1,09:45:14.023423887
118.59,7,09:45:14.023591630
118.59,1,09:45:14.023591630
118.59,7,09:45:14.023624840
118.59,1,09:45:14.023624840
118.59,4,09:45:14.024766679
118.59,4,09:45:14.025535517
118.59,1,09:45:14.039452379
118.59,3,09:45:14.039915075
118.59,1,09:45:14.039915075
118.59,1,09:45:14.180688496
118.59,1,09:45:14.181223912
118.58,1,09:45:14.306824088
118.58,3,09:45:14.306909777
118.57,1,09:45:14.306909777
118.58,1,09:45:15.016313602
118.58,2,09:45:15.147365949
118.59,1,09:45:15.173847411
118.58,1,09:45:15.808766262
118.59,1,09:45:15.831793340
118.59,4,09:45:15.831826150
118.59,1,09:45:15.831826150
118.59,3,09:45:15.831826150
118.59,1,09:45:15.832596700
118.58,1,09:45:15.977945332
118.58,1,09:45:15.978057808
118.57,1,09:45:16.126338951
118.57,2,09:45:16.126442151
118.57,2,09:45:16.126459591
118.57,4,09:45:16.126459591
118.58,1,09:45:16.436237877
118.58,1,09:45:17.228362721
118.58,1,09:45:17.228464634
118.58,1,09:45:17.499709348
118.57,1,09:45:17.673721282
118.57,4,09:45:17.673742482
118.57,3,09:45:17.673742482
118.57,1,09:45:17.673742482
118.57,1,09:45:17.687563870
118.56,1,09:45:17.691288183
118.56,2,09:45:17.691288183
118.56,1,09:45:17.691304568
118.56,1,09:45:17.705463538
118.56,1,09:45:17.706261743
118.56,2,09:45:17.706278642
118.56,8,09:45:17.706278642
118.55,1,09:45:17.753385605
118.55,1,09:45:17.753839479
118.55,2,09:45:17.753839479
118.55,1,09:45:17.753980814
118.55,20,09:45:17.776139009
118.55,10,09:45:17.776260395
118.55,1,09:45:17.776285368
118.53,1,09:45:18.052263686
118.53,1,09:45:18.052369514
118.53,2,09:45:18.052369514
118.53,3,09:45:18.055863780
118.52,1,09:45:18.313465057
118.52,1,09:45:18.313557459
118.52,1,09:45:18.313573367
118.52,5,09:45:18.313573367
118.52,9,09:45:18.423668054
118.52,2,09:45:18.423902441
118.52,19,09:45:18.424007014
118.52,13,09:45:18.424335100
118.55,2,09:45:19.278926019
118.55,1,09:45:19.279317040
118.55,1,09:45:19.279434243
118.54,1,09:45:19.279882529
118.55,5,09:45:19.280821317
118.55,2,09:45:19.281797511
118.56,4,09:45:19.487976160
118.56,1,09:45:19.487996416
118.56,3,09:45:19.487996416
118.56,2,09:45:19.487996416
118.56,2,09:45:20.053455247
118.57,1,09:45:20.072926602
118.57,2,09:45:20.072926602
118.57,7,09:45:20.072926602
118.57,1,09:45:20.073340773
118.57,1,09:45:20.094659101
118.57,1,09:45:20.105636019
118.57,1,09:45:20.499865756
118.57,4,09:45:20.639819744
118.56,1,09:45:20.936576758
118.56,3,09:45:21.203586986
118.56,10,09:45:21.203586986
118.57,2,09:45:21.297190256
118.56,10,09:45:21.465789189
118.55,1,09:45:22.264445532
118.54,1,09:45:22.279646287
118.54,3,09:45:23.220361688
118.55,3,09:45:23.905665142
118.55,1,09:45:23.905681680
118.56,1,09:45:24.044097903
118.56,1,09:45:24.261026739
118.56,1,09:45:24.261520780
118.55,2,09:45:25.683576703
118.55,3,09:45:25.683876342
118.55,1,09:45:25.686914634
118.55,2,09:45:26.558105151
118.55,1,09:45:26.558201976
118.55,1,09:45:26.559405484
118.55,1,09:45:27.411079002
118.54,1,09:45:28.863949894
118.54,1,09:45:28.864256338
118.54,1,09:45:28.864375518
118.54,1,09:45:28.864599493
118.54,1,09:45:28.865042805
118.54,18,09:45:29.098574237
118.54,4,09:45:29.098987306
118.54,1,09:45:29.099002755
118.55,1,09:45:29.106578262
118.55,1,09:45:29.131961560
118.55,2,09:45:29.131975886
118.55,1,09:45:29.132037960
118.55,1,09:45:29.765452272
118.55,1,09:45:29.765912627
118.55,2,09:45:30.066313250
118.55,2,09:45:30.245402872
118.55,1,09:45:31.165254945
118.54,4,09:45:32.012602791
118.54,1,09:45:32.012602791
118.55,1,09:45:32.028024673
118.54,1,09:45:32.174450016
118.54,2,09:45:32.174518752
118.54,1,09:45:32.174891869
118.53,1,09:45:32.690486378
118.53,4,09:45:32.690486378
118.53,2,09:45:32.690747468
118.53,8,09:45:32.690774744
118.53,3,09:45:32.690913265
118.53,3,09:45:32.690930688
118.53,1,09:45:32.690944894
118.53,1,09:45:32.692218589
118.53,1,09:45:32.695454989
118.53,2,09:45:32.695454989
118.53,1,09:45:32.697825829
118.53,1,09:45:32.697841368
118.53,1,09:45:32.698861338
118.53,1,09:45:32.758148662
118.53,1,09:45:32.758342031
118.53,1,09:45:32.758356767
118.54,10,09:45:32.758371401
118.54,7,09:45:32.758371401
118.54,1,09:45:32.758385714
118.54,3,09:45:32.758385714
118.54,7,09:45:32.758385714
118.55,3,09:45:32.758402338
118.54,3,09:45:32.758402338
118.55,1,09:45:32.758402338
118.55,1,09:45:32.758420722
118.55,7,09:45:32.758420722
118.54,2,09:45:32.759876583
118.54,1,09:45:32.759876583
118.53,6,09:45:32.926869279
118.54,1,09:45:33.137198781
118.54,2,09:45:33.137311773
118.54,1,09:45:33.137311773
118.54,1,09:45:33.137334175
118.54,1,09:45:33.168358076
118.54,1,09:45:33.168672089
118.54,3,09:45:33.168761419
118.54,3,09:45:33.170933594
118.53,1,09:45:33.570981251
118.53,1,09:45:33.728293444
118.53,1,09:45:33.730852006
118.53,2,09:45:33.949331424
118.54,2,09:45:34.242354941
118.54,1,09:45:34.242437971
118.54,1,09:45:34.242841807
118.54,1,09:45:35.721619095
118.54,1,09:45:36.000846716
118.54,2,09:45:36.542036087
118.54,1,09:45:38.205030093
118.54,1,09:45:38.205330349
118.54,2,09:45:38.206579455
118.54,1,09:45:39.507938670
118.54,1,09:45:39.508178298
118.54,1,09:45:39.508287584
118.54,1,09:45:39.528832185
118.54,1,09:45:39.577837812
118.54,1,09:45:39.578127121
118.54,1,09:45:39.578324001
118.54,1,09:45:39.579396832
118.54,1,09:45:39.817535561
118.53,1,09:45:40.855500564
118.53,5,09:45:40.855719464
118.53,1,09:45:40.855745351
118.53,3,09:45:40.855745351
118.52,1,09:45:41.018992763
118.52,1,09:45:41.019277957
118.52,2,09:45:41.019396664
118.52,1,09:45:41.021293159
118.52,1,09:45:41.037257577
118.51,1,09:45:41.121651588
118.51,2,09:45:41.121721002
118.51,3,09:45:41.166745302
118.51,1,09:45:41.167188235
118.51,1,09:45:41.167656482
118.52,1,09:45:41.587048954
118.52,1,09:45:41.587346813
118.52,2,09:45:41.587900483
118.52,2,09:45:41.587922601
118.52,2,09:45:41.588231906
118.52,2,09:45:42.829656993
118.52,1,09:45:42.829777719
118.52,1,09:45:42.829795127
118.52,2,09:45:42.829795127
118.52,8,09:45:42.829795127
118.52,1,09:45:42.853327866
118.52,1,09:45:43.130695212
118.52,1,09:45:44.000246261
118.52,1,09:45:44.573202576
118.53,1,09:45:45.031591191
118.53,2,09:45:45.031591191
118.53,1,09:45:45.092923035
118.53,1,09:45:45.094567519
118.53,1,09:45:45.117031805
118.53,2,09:45:45.708144463
118.53,1,09:45:45.708224937
118.53,1,09:45:45.730476253
118.53,1,09:45:45.981862616
118.53,1,09:45:45.997160327
118.53,2,09:45:45.997264520
118.53,1,09:45:45.997283320
118.53,7,09:45:46.205589159
118.53,1,09:45:46.205589159
118.53,1,09:45:46.578074714
118.53,1,09:45:46.578205258
118.53,1,09:45:46.759674969
118.54,2,09:45:47.231547100
118.54,2,09:45:47.416646495
118.54,2,09:45:48.132612196
118.54,1,09:45:48.441002988
118.54,1,09:45:48.441019852
118.54,1,09:45:48.441130569
118.54,2,09:45:48.441762126
118.54,1,09:45:48.442003915
118.53,1,09:45:49.058692767
118.53,1,09:45:49.058713439
118.53,4,09:45:49.058713439
118.53,2,09:45:49.221072258
118.54,1,09:45:49.592990917
118.54,3,09:45:49.592990917
118.54,1,09:45:49.593315239
118.54,1,09:45:49.593941456
118.54,1,09:45:49.741073196
118.54,2,09:45:50.065995875
118.54,1,09:45:50.066111711
118.55,7,09:45:50.066134028
118.54,1,09:45:50.066134028
118.55,1,09:45:50.066134028
118.55,3,09:45:50.066134028
118.54,1,09:45:50.126592561
118.54,1,09:45:50.739377782
118.54,3,09:45:50.742239335
118.54,1,09:45:50.742559229
118.54,2,09:45:50.787190263
118.54,3,09:45:50.787514516
118.54,1,09:45:50.901318171
118.53,1,09:45:51.653986931
118.53,2,09:45:51.653986931
118.53,1,09:45:51.654060553
118.52,3,09:45:51.694681740
118.52,1,09:45:51.940496320
118.52,1,09:45:51.940576000
118.52,1,09:45:51.940595002
118.52,1,09:45:52.076896923
118.52,1,09:45:52.142283631
118.52,2,09:45:52.626736569
118.52,1,09:45:53.205524279
118.52,2,09:45:53.205524279
118.52,1,09:45:53.367496131
118.53,3,09:45:55.390834767
118.53,1,09:45:55.390834767
118.53,3,09:45:55.390926344
118.53,1,09:45:55.390965928
118.53,1,09:45:55.391941399
118.53,3,09:45:55.391941399
118.53,1,09:45:55.391966766
118.53,1,09:45:55.392501818
118.53,1,09:45:55.392518928
118.53,1,09:45:55.392534509
118.53,1,09:45:55.392963398
118.53,1,09:45:55.393423537
118.53,4,09:45:55.413283004
118.53,1,09:45:55.413689416
118.52,1,09:45:56.378885301
118.52,1,09:45:56.379002347
118.52,1,09:45:56.865040907
118.52,2,09:45:56.865132197
118.52,2,09:45:56.865800804
118.52,2,09:45:56.867071687
118.52,2,09:45:57.092673311
118.52,1,09:45:57.092673311
118.52,2,09:45:57.193222626
118.51,1,09:45:57.376290943
118.51,2,09:45:57.376290943
118.51,1,09:45:57.376305634
118.51,23,09:45:57.376399334
118.51,1,09:45:57.376399334
118.51,3,09:45:57.377087899
118.51,6,09:45:57.377112599
118.51,1,09:45:57.377226062
118.51,7,09:45:57.377243118
118.51,17,09:45:57.377243118
118.51,1,09:45:57.527568406
118.51,1,09:45:57.715307027
118.51,1,09:45:59.033293767
118.51,1,09:46:00.004732467
118.51,2,09:46:00.005496172
118.51,1,09:46:00.005576867
118.51,1,09:46:00.005592256
118.51,10,09:46:00.005605785
118.51,1,09:46:00.005625168
118.51,1,09:46:00.029505680
118.51,1,09:46:00.029996239
118.51,1,09:46:00.030820453
118.51,1,09:46:00.030848715
118.51,1,09:46:00.038120339
118.51,1,09:46:00.095553880
118.51,1,09:46:00.358617481
118.51,3,09:46:00.358617481
118.51,2,09:46:00.358719369
118.51,1,09:46:00.358749350
118.51,8,09:46:00.358749350
118.51,1,09:46:00.416087419
118.51,1,09:46:00.436961128
118.51,1,09:46:00.458413971
118.51,1,09:46:00.670516380
118.51,1,09:46:00.833624994
118.5,1,09:46:00.982951692
118.5,2,09:46:00.982951692
118.51,1,09:46:01.266862550
118.51,1,09:46:01.267409817
118.51,1,09:46:01.267424776
118.51,7,09:46:01.267424776
118.51,1,09:46:01.268056686
118.51,2,09:46:01.268056686
118.51,8,09:46:01.268089941
118.51,1,09:46:01.268089941
118.5,6,09:46:01.413241596
118.51,1,09:46:01.429685032
118.51,2,09:46:01.429783077
118.51,5,09:46:01.429783077
118.51,2,09:46:01.430237230
118.51,1,09:46:01.430237230
118.51,2,09:46:01.430253761
118.51,1,09:46:01.556763297
118.51,2,09:46:01.556763297
118.52,1,09:46:01.688892717
118.52,1,09:46:01.688994900
118.5,1,09:46:01.732764860
118.5,1,09:46:01.736146128
118.49,2,09:46:02.007916401
118.49,1,09:46:02.007916401
118.49,1,09:46:02.008045480
118.49,1,09:46:02.008675239
118.49,1,09:46:02.009317970
118.49,2,09:46:02.281975556
118.48,1,09:46:02.356645911
118.48,1,09:46:02.357789888
118.49,1,09:46:02.673411932
118.49,1,09:46:02.673428470
118.49,3,09:46:02.674755413
118.49,1,09:46:02.698169815
118.49,1,09:46:02.698268248
118.49,5,09:46:02.698718769
118.49,5,09:46:03.668752265
118.49,1,09:46:03.676728097
118.49,1,09:46:03.676819848
118.49,2,09:46:04.140801375
118.49,1,09:46:04.272969464
118.49,1,09:46:04.273402977
118.49,3,09:46:04.273432760
118.49,2,09:46:04.273454839
118.49,5,09:46:04.273575828
118.49,2,09:46:04.273608406
118.49,3,09:46:04.273966641
118.49,2,09:46:04.934673436
118.49,1,09:46:04.934673436
118.49,8,09:46:04.934784617
118.49,1,09:46:04.934784617
118.49,3,09:46:05.705888476
118.49,1,09:46:05.706002111
118.49,2,09:46:05.706002111
118.49,1,09:46:05.706019039
118.49,7,09:46:06.213232452
118.49,1,09:46:06.213232452
118.49,5,09:46:06.213331265
118.49,1,09:46:06.401034229
118.49,1,09:46:06.401136597
118.49,1,09:46:06.401407084
118.49,1,09:46:07.441502270
118.49,1,09:46:07.441626427
118.49,7,09:46:07.441626427
118.49,1,09:46:07.445745569
118.49,1,09:46:07.470803542
118.48,1,09:46:08.292077212
118.48,1,09:46:08.292097270
118.48,1,09:46:08.309839287
118.48,1,09:46:08.309854119
118.48,1,09:46:08.322921914
118.48,1,09:46:08.439316216
118.48,1,09:46:08.439391867
118.48,2,09:46:08.710933964
118.48,11,09:46:08.711032332
118.48,1,09:46:08.711056848
118.48,1,09:46:08.772644992
118.48,1,09:46:08.772659164
118.47,1,09:46:08.996529404
118.47,1,09:46:08.996630104
118.47,1,09:46:09.025523133
118.47,1,09:46:09.042225704
118.47,1,09:46:09.046584399
118.47,1,09:46:09.055850337
118.47,1,09:46:09.068813811
118.47,1,09:46:09.157635262
118.47,1,09:46:09.157734938
118.47,1,09:46:09.157752765
118.47,1,09:46:09.158180845
118.47,1,09:46:09.225354569
118.48,1,09:46:09.541042051
118.48,1,09:46:09.541160322
118.48,2,09:46:09.541160322
118.48,1,09:46:09.541177766
118.48,1,09:46:09.756190282
118.48,1,09:46:09.763882167
118.48,1,09:46:10.203344054
118.48,1,09:46:10.203363356
118.48,2,09:46:10.203747208
118.48,1,09:46:10.367724469
118.48,1,09:46:10.829888569
118.48,1,09:46:10.969564597
118.47,3,09:46:11.216886363
118.47,1,09:46:11.217422069
118.46,1,09:46:11.943412735
118.46,3,09:46:11.943495266
118.46,1,09:46:11.943756398
118.46,1,09:46:11.943856680
118.46,7,09:46:11.944681764
118.46,1,09:46:11.945308771
118.46,1,09:46:11.945333443
118.46,1,09:46:12.027288364
118.46,1,09:46:13.755730150
118.46,2,09:46:13.755821785
118.46,2,09:46:13.756150339
118.46,4,09:46:13.756163564
118.46,3,09:46:13.756242511
118.46,1,09:46:13.756507922
118.46,2,09:46:13.756507922
118.47,1,09:46:13.878425476
118.47,1,09:46:13.878531883
118.47,4,09:46:13.879161389
118.47,1,09:46:13.879161389
118.47,1,09:46:13.879281114
118.47,1,09:46:13.879314919
118.47,2,09:46:13.910296263
118.46,1,09:46:13.920710705
118.47,1,09:46:14.553895237
118.47,2,09:46:14.865662532
118.47,1,09:46:14.865735879
118.47,1,09:46:15.013065078
118.47,2,09:46:15.013080032
118.47,1,09:46:15.013080032
118.47,1,09:46:15.013496415
118.47,2,09:46:15.145078773
118.47,1,09:46:15.309028281
118.47,1,09:46:15.463942107
118.47,1,09:46:16.260424922
118.46,6,09:46:16.426824932
118.46,1,09:46:16.618556925
118.46,1,09:46:16.618697057
118.46,1,09:46:16.620479891
118.46,3,09:46:16.621160995
118.46,1,09:46:16.667654691
118.46,1,09:46:16.799433886
118.46,1,09:46:17.726887591
118.46,1,09:46:17.726975492
118.46,2,09:46:17.726992686
118.46,2,09:46:17.774854874
118.46,1,09:46:17.995505345
118.46,1,09:46:17.995585236
118.46,8,09:46:17.995608295
118.46,2,09:46:20.067116043
118.46,1,09:46:20.067116043
118.46,1,09:46:20.067361749
118.46,1,09:46:20.067381618
118.46,2,09:46:20.067381618
118.46,8,09:46:20.067381618
118.46,4,09:46:20.067381618
118.46,1,09:46:20.067589762
118.47,2,09:46:20.314717320
118.47,1,09:46:20.314717320
118.47,8,09:46:20.314834118
118.47,1,09:46:20.314834118
118.47,1,09:46:20.314855452
118.47,5,09:46:20.314855452
118.46,1,09:46:20.315401419
118.46,2,09:46:20.315401419
118.46,1,09:46:20.594271442
118.46,1,09:46:20.630653474
118.45,1,09:46:20.911899239
118.45,1,09:46:20.912006007
118.45,7,09:46:20.912035818
118.45,1,09:46:20.912035818
118.45,1,09:46:21.110019015
118.45,1,09:46:21.110124029
118.45,1,09:46:21.171718165
118.46,2,09:46:21.629858330
118.46,1,09:46:22.589975241
118.46,1,09:46:22.590075388
118.46,4,09:46:22.590075388
118.46,1,09:46:22.590090720
118.46,1,09:46:22.754300912
118.46,1,09:46:22.754317068
118.46,1,09:46:23.284738165
118.46,2,09:46:23.298106250
118.46,1,09:46:23.353488537
118.46,1,09:46:24.110774671
118.47,1,09:46:24.407628777
118.47,1,09:46:24.407767298
118.47,1,09:46:24.407797203
118.47,8,09:46:24.407797203
118.47,10,09:46:24.407797203
118.47,1,09:46:24.408176654
118.47,2,09:46:24.492829795
118.47,3,09:46:24.492829795
118.47,1,09:46:24.578678272
118.46,1,09:46:24.913192914
118.46,8,09:46:24.948157483
118.46,2,09:46:25.075732002
118.46,2,09:46:25.606941059
118.46,1,09:46:25.606941059
118.46,3,09:46:25.606941059
118.46,8,09:46:25.606941059
118.46,1,09:46:25.607050283
118.46,1,09:46:25.607083461
118.45,2,09:46:25.640789620
118.45,1,09:46:25.641178032
118.45,7,09:46:25.641291882
118.45,5,09:46:25.641291882
118.45,1,09:46:25.643366853
118.45,3,09:46:25.648290744
118.45,1,09:46:25.648306356
118.45,2,09:46:25.909831512
118.45,4,09:46:26.091221105
118.45,2,09:46:26.457550463
118.45,1,09:46:26.465789384
118.45,1,09:46:26.466264924
118.45,2,09:46:26.467601921
118.45,1,09:46:27.042386987
118.44,7,09:46:27.548142548
118.44,2,09:46:27.548142548
118.44,5,09:46:27.548701821
118.44,2,09:46:27.549317234
118.44,1,09:46:28.536471254
118.44,4,09:46:28.536624201
118.44,3,09:46:28.536647078
118.44,4,09:46:28.536647078
118.44,1,09:46:28.536647078
118.44,8,09:46:28.536647078
118.44,2,09:46:28.536647078
118.44,6,09:46:28.536667423
118.44,2,09:46:28.536667423
118.44,5,09:46:28.536667423
118.44,1,09:46:28.536667423
118.44,2,09:46:28.704584761
118.45,1,09:46:29.861345887
118.45,1,09:46:29.861360812
118.45,1,09:46:29.861703346
118.45,1,09:46:29.861807400
118.45,2,09:46:30.482237704
118.45,2,09:46:30.807656786
118.45,1,09:46:30.807772559
118.46,1,09:46:30.831511554
118.46,1,09:46:30.832286043
118.46,1,09:46:30.832478612
118.46,3,09:46:30.832512871
118.46,1,09:46:30.850459110
118.45,1,09:46:30.851684085
118.45,9,09:46:30.975891975
118.45,1,09:46:30.976393550
118.45,5,09:46:31.648594914
118.45,2,09:46:34.211360630
118.45,2,09:46:34.211473833
118.45,1,09:46:34.211473833
118.45,6,09:46:34.376011633
118.45,1,09:46:34.637789933
118.45,1,09:46:34.691380816
118.44,1,09:46:35.895503844
118.44,2,09:46:35.895503844
118.44,1,09:46:35.895596680
118.44,2,09:46:35.895624855
118.44,1,09:46:35.895624855
118.44,1,09:46:35.907941236
118.44,1,09:46:36.057837430
118.44,1,09:46:36.057855529
118.44,2,09:46:36.081146265
118.45,1,09:46:36.411297015
118.45,1,09:46:36.411393028
118.45,1,09:46:36.411817782
118.44,1,09:46:36.689018127
118.44,2,09:46:36.967838720
118.45,8,09:46:37.753300769
118.45,1,09:46:37.753300769
118.45,2,09:46:37.753300769
118.45,4,09:46:37.753300769
118.44,2,09:46:37.760336878
118.45,1,09:46:37.833742729
118.45,1,09:46:37.833963967
118.45,1,09:46:37.833979439
118.45,1,09:46:38.649087910
118.45,1,09:46:40.506036076
118.44,2,09:46:41.968738504
118.44,2,09:46:41.969129300
118.44,1,09:46:41.969129300
118.44,3,09:46:42.414509035
118.44,5,09:46:42.414509035
118.44,1,09:46:42.420528327
118.44,1,09:46:42.542496368
118.44,1,09:46:42.542766234
118.44,1,09:46:42.751207290
118.44,3,09:46:43.055238118
118.44,1,09:46:43.055266236
118.44,4,09:46:43.055859753
118.44,8,09:46:43.056440939
118.44,1,09:46:43.056455195
118.44,2,09:46:43.056474787
118.44,3,09:46:43.457590077
118.44,9,09:46:43.457590077
118.44,3,09:46:43.457935875
118.44,1,09:46:43.969300904
118.44,2,09:46:45.152053266
118.44,1,09:46:45.758439802
118.45,1,09:46:46.258995717
118.45,1,09:46:46.262057958
118.45,1,09:46:46.421407175
118.45,1,09:46:46.652765429
118.45,1,09:46:46.652781589
118.45,2,09:46:46.848719086
118.45,1,09:46:46.958604197
118.45,1,09:46:47.230467363
118.45,1,09:46:48.617649762
118.46,1,09:46:50.328732923
118.46,3,09:46:50.328815662
118.46,3,09:46:50.329784503
118.46,1,09:46:50.329784503
118.46,1,09:46:50.331834690
118.46,1,09:46:50.332383717
118.46,1,09:46:50.332732950
118.46,4,09:46:50.635263671
118.46,8,09:46:50.635263671
118.46,2,09:46:52.477239173
118.46,3,09:46:52.477325863
118.46,1,09:46:52.477325863
118.46,1,09:46:52.477789115
118.46,1,09:46:52.646609648
118.46,1,09:46:53.527723391
118.46,1,09:46:53.527743078
118.46,1,09:46:54.085392907
118.46,1,09:46:54.085797511
118.46,1,09:46:54.085996517
118.46,1,09:46:54.086915735
118.46,2,09:46:54.087117565
118.46,1,09:46:54.087117565
118.46,2,09:46:54.618516578
118.46,1,09:46:55.041513636
118.45,1,09:46:55.136962877
118.46,1,09:46:55.962162188
118.46,2,09:46:55.962162188
118.46,1,09:46:55.962256658
118.46,1,09:46:55.962271618
118.46,2,09:46:55.962361283
118.46,1,09:46:55.962378927
118.46,1,09:46:55.962874450
118.46,2,09:46:55.980467056
118.46,1,09:46:55.985140525
118.46,1,09:46:55.986918293
118.46,1,09:46:55.987199643
118.46,1,09:46:56.024588173
118.46,1,09:46:56.025516892
118.46,1,09:46:56.121735519
118.46,1,09:46:56.122076031
118.46,1,09:46:57.019544288
118.46,1,09:46:57.019635088
118.46,2,09:46:57.019635088
118.46,1,09:46:57.053226424
118.46,6,09:46:57.445564602
118.47,8,09:46:57.894745662
118.47,1,09:46:58.189613672
118.47,6,09:46:58.852097164
118.48,6,09:46:59.693047392
118.48,1,09:46:59.693154841
118.48,2,09:46:59.693154841
118.48,2,09:46:59.693182886
118.48,8,09:46:59.693182886
118.48,1,09:46:59.693182886
118.48,2,09:46:59.725316377
118.48,1,09:46:59.725699046
118.48,2,09:46:59.726000086
118.48,18,09:46:59.726111327
118.48,3,09:46:59.726111327
118.48,1,09:46:59.726111327
118.48,22,09:46:59.726491836
118.48,6,09:46:59.726627925
118.48,4,09:46:59.726642430
118.48,1,09:46:59.726728174
118.48,3,09:46:59.726728174
118.48,1,09:46:59.726891352
118.48,8,09:46:59.726911499
118.48,4,09:46:59.727017672
118.48,4,09:46:59.727928708
118.48,1,09:46:59.727943729
118.47,1,09:47:01.631315027
118.47,2,09:47:01.631315027
118.47,4,09:47:01.672093142
118.47,1,09:47:01.672203056
118.47,3,09:47:01.672203056
118.47,2,09:47:01.672222953
118.47,1,09:47:01.672222953
118.47,3,09:47:01.672222953
118.47,4,09:47:01.727729022
118.47,1,09:47:01.848774934
118.47,1,09:47:01.999320798
118.47,2,09:47:02.802800781
118.47,1,09:47:02.802909276
118.47,3,09:47:02.802909276
118.47,1,09:47:02.802925286
118.47,1,09:47:02.966953528
118.47,2,09:47:03.961982405
118.47,1,09:47:03.962104942
118.47,11,09:47:03.962104942
118.47,3,09:47:03.962104942
118.47,1,09:47:03.962124346
118.46,1,09:47:05.658515926
118.46,1,09:47:05.658860115
118.46,11,09:47:05.658875039
118.46,3,09:47:05.658875039
118.46,3,09:47:05.659333340
118.46,4,09:47:05.659333340
118.46,6,09:47:05.659333340
118.46,7,09:47:05.659359774
118.46,2,09:47:05.660360449
118.46,1,09:47:05.660360449
118.46,1,09:47:05.670251680
118.46,1,09:47:05.670274192
118.46,2,09:47:05.670274192
118.46,8,09:47:05.670474988
118.46,4,09:47:05.670879535
118.46,1,09:47:05.682016895
118.46,1,09:47:05.682114764
118.46,1,09:47:05.844664265
118.46,1,09:47:06.086459303
118.46,6,09:47:06.086459303
118.46,1,09:47:06.086567694
118.46,3,09:47:06.086588750
118.46,1,09:47:06.679648254
118.46,1,09:47:06.679945402
118.46,1,09:47:06.680056260
118.46,1,09:47:06.680209933
118.46,2,09:47:06.680444044
118.46,1,09:47:06.680444044
118.46,1,09:47:06.680799427
118.46,1,09:47:06.680817001
118.46,3,09:47:06.983115062
118.46,1,09:47:06.983150727
118.46,3,09:47:06.983150727
118.46,1,09:47:06.983423494
118.46,2,09:47:08.136541008
118.46,1,09:47:08.354316173
118.46,1,09:47:08.564736055
118.46,3,09:47:08.564736055
118.47,1,09:47:10.663910165
118.47,2,09:47:10.663938728
118.47,1,09:47:10.663938728
118.47,7,09:47:10.663938728
118.47,2,09:47:10.687237587
118.48,3,09:47:11.323441200
118.48,5,09:47:11.323459705
118.48,1,09:47:11.323459705
118.48,3,09:47:11.323459705
118.48,2,09:47:11.323459705
118.48,1,09:47:11.324591618
118.48,1,09:47:11.324615333
118.48,2,09:47:11.324958414
118.48,2,09:47:11.325770954
118.48,1,09:47:11.342725348
118.48,2,09:47:11.343043127
118.48,2,09:47:11.380591004
118.48,1,09:47:11.594702475
118.48,4,09:47:11.594781121
118.48,3,09:47:11.679983165
118.48,4,09:47:11.698851179
118.48,8,09:47:11.698851179
118.48,1,09:47:11.698974968
118.48,2,09:47:11.698974968
118.48,3,09:47:11.698990260
118.48,1,09:47:11.919690671
118.48,1,09:47:11.922797456
118.48,3,09:47:11.922811932
118.48,1,09:47:11.922894540
118.48,2,09:47:11.922894540
118.49,2,09:47:12.215201506
118.49,8,09:47:12.215201506
118.49,1,09:47:12.215201506
118.49,2,09:47:12.215232464
118.49,1,09:47:12.215232464
118.49,9,09:47:12.215232464
118.49,8,09:47:12.215232464
118.49,4,09:47:12.215232464
118.49,1,09:47:12.215687267
118.48,2,09:47:13.101334099
118.48,8,09:47:13.101369279
118.48,1,09:47:13.101369279
118.48,3,09:47:13.101369279
118.48,7,09:47:13.101369279
118.48,2,09:47:13.101369279
118.48,5,09:47:13.101369279
118.49,1,09:47:13.109354310
118.49,1,09:47:13.109413183
118.48,2,09:47:13.256406801
118.48,1,09:47:13.256995632
118.48,2,09:47:13.257011347
118.48,1,09:47:13.257011347
118.48,1,09:47:13.257127287
118.48,2,09:47:13.851135447
118.48,1,09:47:13.851135447
118.48,2,09:47:14.181548592
118.48,2,09:47:14.181635091
118.48,1,09:47:14.195695701
118.48,2,09:47:14.353353543
118.48,1,09:47:14.647547656
118.48,6,09:47:17.686132679
118.48,3,09:47:17.686132679
118.48,10,09:47:17.686231655
118.48,1,09:47:17.686231655
118.48,1,09:47:17.686249216
118.48,1,09:47:18.745866524
118.48,1,09:47:18.746091234
118.48,1,09:47:18.746227266
118.48,1,09:47:18.746493550
118.48,1,09:47:18.746508897
118.47,9,09:47:19.172812133
118.47,41,09:47:19.173350939
118.47,17,09:47:19.173350939
118.47,3,09:47:19.173350939
118.47,41,09:47:19.173491127
118.47,1,09:47:19.173515191
118.47,8,09:47:19.173515191
118.46,2,09:47:19.177542164
118.46,1,09:47:19.177556106
118.46,3,09:47:19.177672666
118.46,1,09:47:19.177672666
118.46,1,09:47:19.177728602
118.46,1,09:47:19.178319773
118.46,1,09:47:19.183039328
118.46,2,09:47:19.198041988
118.46,1,09:47:19.198605052
118.46,3,09:47:20.519525743
118.46,9,09:47:20.520103445
118.46,1,09:47:20.520121883
118.46,3,09:47:20.520121883
118.45,1,09:47:20.863646986
118.45,1,09:47:20.863676504
118.45,14,09:47:20.863676504
118.45,8,09:47:20.863676504
118.45,3,09:47:20.863676504
118.45,25,09:47:20.864082555
118.45,2,09:47:20.896121907
118.45,2,09:47:20.897281456
118.44,1,09:47:21.182123008
118.44,1,09:47:21.182968124
118.44,1,09:47:21.183772177
118.44,2,09:47:21.183772177
118.44,2,09:47:21.203219000
118.44,1,09:47:21.203219000
118.44,1,09:47:21.203693832
118.44,1,09:47:21.203712890
118.44,2,09:47:21.204030179
118.44,1,09:47:21.204372115
118.44,1,09:47:21.204463169
118.44,1,09:47:21.204838438
118.44,2,09:47:21.205212556
118.44,1,09:47:21.205212556
118.44,1,09:47:21.205376934
118.44,1,09:47:21.205847027
118.44,1,09:47:21.228921270
118.44,1,09:47:21.239572763
118.45,1,09:47:22.025454574
118.45,3,09:47:22.025801463
118.45,1,09:47:22.025946289
118.45,3,09:47:22.025946289
118.46,1,09:47:22.471085688
118.45,3,09:47:23.071759348
118.45,1,09:47:23.071759348
118.45,1,09:47:23.071856475
118.45,3,09:47:23.071856475
118.45,1,09:47:23.534852318
118.44,2,09:47:25.561842408
118.44,2,09:47:25.561943429
118.44,3,09:47:25.561943429
118.44,1,09:47:25.913437538
118.45,3,09:47:25.913437538
118.45,8,09:47:25.913530053
118.45,1,09:47:25.913530053
118.45,1,09:47:25.913545423
118.45,3,09:47:25.913545423
118.44,1,09:47:27.459424166
118.44,1,09:47:27.459516869
118.44,3,09:47:27.459885682
118.44,1,09:47:29.137837038
118.44,1,09:47:29.137855528
118.44,1,09:47:29.273321256
118.44,1,09:47:29.273518353
118.44,1,09:47:29.275536329
118.43,1,09:47:31.590747049
118.43,1,09:47:31.590760345
118.43,1,09:47:31.590827583
118.44,1,09:47:31.875804799
118.43,1,09:47:31.876794722
118.43,1,09:47:32.000130564
118.43,2,09:47:32.016221438
118.43,2,09:47:32.278396112
118.43,1,09:47:32.278942393
118.43,1,09:47:32.281456654
118.43,1,09:47:34.081716995
118.43,2,09:47:34.083837054
118.43,22,09:47:34.084067828
118.43,2,09:47:34.084145838
118.43,2,09:47:34.084562557
118.43,1,09:47:34.084562557
118.43,1,09:47:34.084884548
118.43,1,09:47:34.289457857
118.43,2,09:47:34.289613963
118.43,1,09:47:34.289888459
118.43,1,09:47:34.290111870
118.43,1,09:47:34.290222350
118.42,1,09:47:35.044332943
118.42,1,09:47:35.044435816
118.42,1,09:47:35.044450152
118.42,1,09:47:35.044536217
118.42,3,09:47:35.044536217
118.42,1,09:47:35.044551474
118.42,1,09:47:35.044872418
118.42,2,09:47:35.044872418
118.42,1,09:47:35.049448346
118.42,2,09:47:35.049468900
118.42,1,09:47:35.049468900
118.43,2,09:47:40.135456989
118.43,1,09:47:40.135736636
118.43,1,09:47:40.135806800
118.43,9,09:47:40.136372908
118.43,1,09:47:40.136400940
118.43,1,09:47:40.136418748
118.44,1,09:47:42.014611864
118.44,2,09:47:42.033724811
118.44,1,09:47:42.034118826
118.44,2,09:47:42.034118826
118.44,1,09:47:43.704703615
118.44,1,09:47:43.704762812
118.44,1,09:47:43.704990962
118.44,3,09:47:43.705273023
118.44,1,09:47:43.705298492
118.45,1,09:47:46.048840033
118.45,5,09:47:46.048855236
118.46,10,09:47:46.904749888
118.46,1,09:47:46.904749888
118.46,1,09:47:47.360932563
118.46,1,09:47:48.371185915
118.46,2,09:47:48.931522711
118.46,6,09:47:48.931817485
118.46,1,09:47:49.629189128
118.46,1,09:47:51.303928925
118.45,4,09:47:52.220560639
118.45,2,09:47:52.220973852
118.45,4,09:47:52.220988384
118.45,1,09:47:52.221438345
118.45,3,09:47:52.221438345
118.45,4,09:47:52.221550994
118.45,2,09:47:52.221574783
118.45,2,09:47:52.222062497
118.45,7,09:47:52.222062497
118.45,11,09:47:52.222062497
118.45,1,09:47:52.222196212
118.45,3,09:47:52.222196212
118.45,10,09:47:52.222196212
118.45,2,09:47:52.222815918
118.45,1,09:47:52.222815918
118.45,1,09:47:52.223046586
118.45,1,09:47:52.349783940
118.45,10,09:47:53.031488275
118.46,4,09:47:53.918535258
118.46,1,09:47:53.918721821
118.46,1,09:47:53.918736157
118.46,13,09:47:53.918750563
118.46,1,09:47:53.918750563
118.46,8,09:47:53.918750563
118.47,1,09:47:53.918764624
118.47,1,09:47:53.918779837
118.47,1,09:47:53.918794323
118.47,2,09:47:53.918794323
118.47,8,09:47:53.918807693
118.47,1,09:47:53.918822922
118.47,3,09:47:53.918842429
118.46,1,09:47:53.950119805
118.46,3,09:47:54.624477603
118.46,8,09:47:54.624581081
118.46,24,09:47:54.624601613
118.46,1,09:47:54.624601613
118.46,8,09:47:54.624601613
118.46,1,09:47:54.625201602
118.46,6,09:47:55.993910728
118.46,1,09:47:55.993910728
118.46,4,09:48:01.107948981
118.46,4,09:48:01.108449688
118.46,1,09:48:01.129584423
118.46,1,09:48:01.129603555
118.45,4,09:48:01.723041220
118.46,2,09:48:05.094717713
118.46,1,09:48:05.094788583
118.46,5,09:48:05.094872240
118.46,1,09:48:05.909620525
118.46,6,09:48:05.909620525
118.46,1,09:48:07.230090443
118.46,2,09:48:07.230452461
118.46,1,09:48:07.230868544
118.46,1,09:48:10.579606922
118.46,1,09:48:10.651521940
118.46,1,09:48:10.651660333
118.46,1,09:48:10.651702545
118.46,1,09:48:10.651722445
118.46,2,09:48:10.651722445
118.45,4,09:48:10.825530635
118.45,3,09:48:10.825530635
118.45,1,09:48:10.825530635
118.45,7,09:48:10.825849439
118.45,1,09:48:10.825849439
118.45,2,09:48:10.826261917
118.45,1,09:48:10.827475383
118.46,8,09:48:11.842125736
118.46,2,09:48:11.842125736
118.46,1,09:48:11.842125736
118.46,1,09:48:11.842155829
118.46,2,09:48:11.842155829
118.46,17,09:48:11.842155829
118.47,1,09:48:11.862500963
118.47,2,09:48:11.862524301
118.46,1,09:48:12.783095271
118.46,1,09:48:12.804054454
118.46,8,09:48:14.052681855
118.46,9,09:48:14.052681855
118.46,1,09:48:14.052808959
118.46,9,09:48:14.052808959
118.47,1,09:48:16.559532815
118.47,1,09:48:16.559550735
118.47,1,09:48:16.559685141
118.47,1,09:48:16.559893851
118.47,1,09:48:18.040424733
118.47,1,09:48:18.296183722
118.47,1,09:48:18.296203265
118.47,1,09:48:18.296662355
118.47,2,09:48:18.987974371
118.47,2,09:48:19.549204089
118.47,1,09:48:19.549307494
118.47,1,09:48:19.560084007
118.47,2,09:48:19.583290576
118.47,2,09:48:19.583726429
118.48,3,09:48:21.369816074
118.48,1,09:48:21.369816074
118.48,6,09:48:21.369870829
118.48,1,09:48:21.755955566
118.48,7,09:48:21.755955566
118.48,2,09:48:21.755955566
118.48,1,09:48:22.073845417
118.48,4,09:48:22.073845417
118.48,1,09:48:22.073930067
118.48,2,09:48:22.073947158
118.48,1,09:48:22.073947158
118.48,2,09:48:22.981198373
118.48,1,09:48:22.981370536
118.48,3,09:48:22.981386030
118.48,1,09:48:22.981690976
118.49,1,09:48:22.997609220
118.49,2,09:48:22.997609220
118.49,1,09:48:23.008406814
118.49,1,09:48:23.012635384
118.48,3,09:48:23.049053107
118.49,1,09:48:23.313449042
118.48,1,09:48:23.414093464
118.48,1,09:48:23.837672708
118.48,1,09:48:23.837742861
118.48,1,09:48:23.838180211
118.48,3,09:48:23.839474674
118.48,1,09:48:24.522400645
118.48,1,09:48:24.523061931
118.48,1,09:48:24.523435077
118.48,1,09:48:26.218190871
118.48,3,09:48:26.218205133
118.48,2,09:48:26.218299671
118.48,1,09:48:26.218299671
118.48,3,09:48:26.305630655
118.48,4,09:48:26.306021410
118.48,4,09:48:26.688488912
118.48,2,09:48:26.698773988
118.49,4,09:48:28.525171496
118.49,1,09:48:28.525171496
118.49,1,09:48:28.548503077
118.49,1,09:48:30.076128167
118.49,1,09:48:30.076229476
118.49,1,09:48:30.252468396
118.49,1,09:48:30.252541854
118.49,1,09:48:30.252860638
118.49,1,09:48:30.253254497
118.49,1,09:48:30.253271979
118.49,1,09:48:31.386308872
118.49,1,09:48:32.266775970
118.49,1,09:48:32.267209276
118.5,1,09:48:33.324693278
118.5,1,09:48:33.324786974
118.5,1,09:48:33.324802520
118.5,1,09:48:33.325216264
118.5,1,09:48:33.325634394
118.5,10,09:48:33.325634394
118.5,1,09:48:33.381980600
118.5,1,09:48:33.382524830
118.49,3,09:48:36.093175509
118.49,1,09:48:36.093189701
118.49,2,09:48:36.093262632
118.49,1,09:48:36.474994989
118.49,1,09:48:36.475298918
118.49,1,09:48:36.475694137
118.49,1,09:48:36.475983126
118.49,1,09:48:36.476766638
118.49,1,09:48:36.477075528
118.5,1,09:48:36.926039655
118.5,1,09:48:36.926054045
118.49,1,09:48:37.063916395
118.49,2,09:48:37.063916395
118.48,1,09:48:37.079718455
118.48,8,09:48:37.079718455
118.48,2,09:48:37.080330526
118.48,1,09:48:37.080863331
118.49,1,09:48:38.282380965
118.49,2,09:48:38.620381143
118.49,1,09:48:45.032980566
118.49,1,09:48:49.140133612
118.49,2,09:48:49.140133612
118.49,2,09:48:52.062285634
118.49,4,09:48:52.062301468
118.49,1,09:48:52.062301468
118.49,2,09:48:52.062708591
118.49,1,09:48:52.062888728
118.49,4,09:48:52.062912817
118.49,3,09:48:52.062912817
118.49,1,09:48:52.062912817
118.49,8,09:48:52.062912817
118.49,2,09:48:52.062912817
118.49,1,09:48:52.062947678
118.49,2,09:48:52.106847328
118.49,1,09:48:52.107123203
118.49,1,09:48:52.107208028
118.49,6,09:48:52.107393611
118.49,1,09:48:52.107537145
118.49,2,09:48:52.107537145
118.49,8,09:48:52.107555599
118.49,1,09:48:52.402418016
118.5,1,09:48:53.799893919
118.5,1,09:48:53.799981791
118.5,8,09:48:53.799981791
118.5,6,09:48:53.799998018
118.5,2,09:48:53.799998018
118.5,1,09:48:54.201074963
118.5,11,09:48:54.201186019
118.5,1,09:48:54.201203770
118.5,5,09:48:54.201203770
118.51,1,09:48:55.470723669
118.51,1,09:48:55.470830273
118.51,9,09:48:55.470847463
118.51,2,09:48:55.470847463
118.51,1,09:48:55.509976471
118.51,1,09:48:56.206840026
118.51,1,09:48:56.207164857
118.51,1,09:48:57.510136042
118.51,1,09:48:57.510227748
118.51,1,09:48:57.510564445
118.51,1,09:48:57.510581520
118.51,2,09:48:57.922983139
118.51,2,09:48:57.923181260
118.51,1,09:48:58.576683241
118.51,1,09:48:58.576791749
118.51,8,09:48:58.576810702
118.51,1,09:48:58.576810702
118.51,1,09:48:58.812886389
118.52,1,09:48:59.022401881
118.52,1,09:48:59.022504962
118.52,5,09:48:59.022519595
118.52,3,09:48:59.022519595
118.52,8,09:49:00.972827509
118.52,1,09:49:00.972827509
118.52,1,09:49:00.972841234
118.52,2,09:49:00.972859689
118.52,3,09:49:00.973560991
118.52,1,09:49:00.973576789
118.52,1,09:49:00.973590920
118.52,1,09:49:00.973605054
118.52,3,09:49:00.973828728
118.52,1,09:49:00.973828728
118.52,2,09:49:00.973828728
118.52,1,09:49:01.003539051
118.52,1,09:49:01.070119108
118.51,1,09:49:01.199357214
118.51,5,09:49:01.199409108
118.51,3,09:49:01.199525985
118.51,1,09:49:01.199567572
118.51,2,09:49:01.199600177
118.51,5,09:49:01.200855776
118.51,1,09:49:01.200874822
118.51,2,09:49:01.200894630
118.51,6,09:49:01.200930716
118.51,1,09:49:01.200969635
118.51,1,09:49:01.200997625
118.51,2,09:49:01.201120047
118.51,1,09:49:01.201133580
118.51,1,09:49:01.201157632
118.51,7,09:49:01.201352898
118.51,1,09:49:01.201368428
118.51,4,09:49:01.201484848
118.51,4,09:49:01.201563552
118.51,17,09:49:01.201908710
118.51,2,09:49:01.201923624
118.51,1,09:49:01.202009503
118.51,1,09:49:01.202028482
118.51,1,09:49:01.202066090
118.51,1,09:49:01.202090210
118.51,1,09:49:01.202458561
118.51,12,09:49:01.202472798
118.51,13,09:49:01.203172410
118.51,4,09:49:01.203187989
118.51,1,09:49:01.203269735
118.51,14,09:49:01.203299082
118.51,1,09:49:01.237313264
118.51,1,09:49:01.238289180
118.51,2,09:49:01.239431720
118.51,3,09:49:01.258639979
118.51,4,09:49:03.615889564
118.51,1,09:49:03.615982440
118.51,2,09:49:03.616005739
118.51,1,09:49:03.616005739
118.51,6,09:49:03.616005739
118.5,1,09:49:05.283786917
118.5,12,09:49:05.284270801
118.5,1,09:49:05.284432071
118.5,3,09:49:05.284432071
118.5,1,09:49:05.294724647
118.5,1,09:49:05.294744800
118.5,1,09:49:05.715162889
118.5,4,09:49:05.715162889
118.5,1,09:49:05.715794860
118.5,1,09:49:05.715955948
118.5,1,09:49:05.716872551
118.5,1,09:49:05.717544333
118.5,1,09:49:05.814222581
118.51,3,09:49:05.882568510
118.51,1,09:49:05.882582138
118.51,1,09:49:05.882687182
118.51,1,09:49:05.883970633
118.51,2,09:49:05.983464309
118.51,1,09:49:06.414155293
118.51,3,09:49:06.414568524
118.51,1,09:49:06.414587382
118.51,1,09:49:06.414920883
118.51,1,09:49:06.414937080
118.51,1,09:49:08.510065159
118.51,1,09:49:10.003620991
118.5,1,09:49:11.196206668
118.5,3,09:49:11.197394264
118.5,8,09:49:11.197394264
118.5,1,09:49:11.197394264
118.49,4,09:49:12.336760508
118.49,2,09:49:12.337200309
118.49,8,09:49:12.337328799
118.49,5,09:49:12.337328799
118.49,3,09:49:12.337328799
118.49,2,09:49:12.337533323
118.49,2,09:49:12.338586945
118.49,2,09:49:12.338893870
118.49,8,09:49:12.340812866
118.49,1,09:49:12.389869602
118.49,1,09:49:12.390018491
118.49,1,09:49:12.390415928
118.49,5,09:49:12.390540062
118.49,1,09:49:12.550977345
118.49,1,09:49:13.033673567
118.49,1,09:49:13.622776172
118.49,2,09:49:13.622776172
118.49,1,09:49:13.786416882
118.49,1,09:49:13.787185284
118.48,1,09:49:14.178098109
118.48,8,09:49:14.178098109
118.48,1,09:49:14.178353814
118.48,1,09:49:14.178383075
118.48,6,09:49:14.178383075
118.49,1,09:49:15.202239700
118.49,2,09:49:15.202372670
118.49,1,09:49:15.524964550
118.49,1,09:49:18.132654545
118.49,1,09:49:21.942807628
118.49,1,09:49:21.942821555
118.49,2,09:49:21.943256041
118.49,5,09:49:21.943609234
118.49,1,09:49:21.943609234
118.49,2,09:49:21.943624399
118.49,1,09:49:21.943624399
118.49,1,09:49:21.943847266
118.49,1,09:49:21.943861074
118.49,1,09:49:21.943883435
118.49,1,09:49:21.943902021
118.5,3,09:49:23.004755007
118.5,3,09:49:23.004770070
118.5,2,09:49:23.004856498
118.5,1,09:49:23.004878729
118.5,2,09:49:25.257150406
118.5,1,09:49:27.056611121
118.5,1,09:49:27.056634574
118.5,1,09:49:29.057565722
118.5,1,09:49:29.057908560
118.5,8,09:49:29.058057846
118.5,1,09:49:29.058057846
118.5,3,09:49:29.058387017
118.5,2,09:49:29.058387017
118.5,5,09:49:29.058387017
118.5,2,09:49:29.058774242
118.49,1,09:49:30.266852926
118.49,1,09:49:30.266925864
118.49,1,09:49:30.305678982
118.49,6,09:49:30.305678982
118.49,2,09:49:31.631055960
118.49,1,09:49:31.669724792
118.5,2,09:49:32.375351142
118.5,1,09:49:32.375499890
118.5,1,09:49:32.375527205
118.5,2,09:49:32.375527205
118.5,6,09:49:32.375527205
118.49,8,09:49:32.565389060
118.49,1,09:49:32.565544931
118.49,1,09:49:32.565561418
118.49,8,09:49:32.565561418
118.49,2,09:49:32.565584285
118.49,1,09:49:32.565584285
118.5,7,09:49:32.583461796
118.5,1,09:49:32.583461796
118.5,1,09:49:32.583558259
118.5,5,09:49:32.583558259
118.5,1,09:49:33.162891490
118.5,10,09:49:33.162891490
118.5,2,09:49:33.162975963
118.5,1,09:49:33.162975963
118.5,1,09:49:33.162991502
118.5,3,09:49:33.162991502
118.5,2,09:49:33.162991502
118.5,5,09:49:33.341261978
118.5,2,09:49:33.341324666
118.5,4,09:49:33.926701202
118.5,1,09:49:33.926701202
118.5,1,09:49:33.926721547
118.5,2,09:49:33.926721547
118.5,3,09:49:33.926721547
118.5,1,09:49:34.206958801
118.51,1,09:49:40.034740941
118.51,1,09:49:40.043281704
118.51,1,09:49:40.043382536
118.51,5,09:49:40.043400422
118.51,3,09:49:40.043701266
118.51,1,09:49:40.043701266
118.51,2,09:49:40.043701266
118.51,1,09:49:40.044198930
118.51,1,09:49:40.044213233
118.51,2,09:49:40.044227272
118.51,1,09:49:40.044241841
118.51,1,09:49:40.044255976
118.51,1,09:49:40.044271739
118.51,1,09:49:40.044286536
118.51,1,09:49:40.053973308
118.51,1,09:49:41.536054097
118.51,1,09:49:41.536482855
118.51,1,09:49:41.536500219
118.51,1,09:49:41.536525582
118.51,2,09:49:41.537400234
118.51,1,09:49:41.537400234
118.51,1,09:49:41.743291398
118.52,1,09:49:43.873427720
118.52,1,09:49:43.873647054
118.52,1,09:49:43.873661371
118.52,2,09:49:43.873675707
118.52,8,09:49:43.873689947
118.52,1,09:49:43.873704366
118.52,2,09:49:43.873718613
118.52,1,09:49:43.873732910
118.52,10,09:49:43.873746600
118.52,1,09:49:43.873761003
118.52,12,09:49:43.873761003
118.52,1,09:49:43.873775598
118.52,1,09:49:43.873792574
118.52,1,09:49:43.873807064
118.53,1,09:49:43.873820824
118.53,1,09:49:43.873839813
118.53,2,09:49:43.873859515
118.53,2,09:49:43.874013230
118.53,2,09:49:43.874031611
118.53,10,09:49:43.874046126
118.53,3,09:49:43.874062055
118.53,1,09:49:43.874078839
118.53,8,09:49:43.874092958
118.53,1,09:49:43.874108411
118.53,8,09:49:43.874122401
118.53,3,09:49:43.874138506
118.53,2,09:49:43.874157158
118.52,1,09:49:44.803456391
118.52,1,09:49:44.803770474
118.52,3,09:49:44.804232643
118.52,1,09:49:44.804375484
118.52,1,09:49:44.804406931
118.52,4,09:49:44.804406931
118.52,9,09:49:44.804406931
118.52,19,09:49:44.804406931
118.52,2,09:49:44.804843628
118.52,3,09:49:44.805018873
118.52,1,09:49:44.805032716
118.52,1,09:49:44.805047573
118.52,3,09:49:44.805062188
118.52,1,09:49:44.805080665
