bidVolume,bidPrice,askVolume,askPrice,timestamp
7,2314.3,8,2314.6,13:20:00.007194849
7,2314.3,8,2314.7,13:20:00.007194849
7,2314.3,14,2314.8,13:20:00.007194849
7,2314.3,10,2314.9,13:20:00.007194849
7,2314.3,10,2314.9,13:20:00.007194849
7,2314.3,10,2314.9,13:20:00.007194849
7,2314.3,10,2314.9,13:20:00.007194849
7,2314.3,10,2314.9,13:20:00.007194849
15,2314.2,10,2314.9,13:20:00.007802112
11,2314.2,10,2314.9,13:20:00.007802112
11,2314.2,10,2314.9,13:20:00.007802112
1,2314.4,10,2314.9,13:20:00.008023662
2,2314.4,10,2314.9,13:20:00.008058383
3,2314.4,10,2314.9,13:20:00.008075673
4,2314.4,10,2314.9,13:20:00.008429540
5,2314.4,10,2314.9,13:20:00.008447994
1,2314.5,10,2314.9,13:20:00.008504952
1,2314.5,10,2314.9,13:20:00.008543640
1,2314.5,10,2314.9,13:20:00.008543640
1,2314.6,10,2314.9,13:20:00.008942430
1,2314.6,10,2314.9,13:20:00.009031236
1,2314.6,10,2314.9,13:20:00.009079072
1,2314.6,10,2314.9,13:20:00.009105241
1,2314.6,10,2314.9,13:20:00.009122801
1,2314.6,10,2314.9,13:20:00.009150587
2,2314.6,10,2314.9,13:20:00.009150587
2,2314.6,10,2314.9,13:20:00.009243901
2,2314.6,10,2314.9,13:20:00.009385690
2,2314.6,10,2314.9,13:20:00.009467007
1,2314.6,10,2314.9,13:20:00.009826515
1,2314.6,9,2314.9,13:20:00.009848813
1,2314.6,8,2314.9,13:20:00.009848813
1,2314.6,8,2314.9,13:20:00.009848813
1,2314.6,8,2314.9,13:20:00.009865885
1,2314.6,7,2314.9,13:20:00.009865885
1,2314.6,8,2314.9,13:20:00.009865885
1,2314.6,8,2314.9,13:20:00.009865885
1,2314.6,8,2314.9,13:20:00.009888993
1,2314.6,8,2314.9,13:20:00.009888993
1,2314.6,9,2314.9,13:20:00.009888993
1,2314.6,9,2314.9,13:20:00.009895546
1,2314.6,9,2314.9,13:20:00.009954703
1,2314.6,9,2314.9,13:20:00.010079384
1,2314.6,2,2314.8,13:20:00.010154223
1,2314.6,2,2314.8,13:20:00.010208752
1,2314.6,2,2314.8,13:20:00.010223491
1,2314.6,2,2314.8,13:20:00.010246122
2,2314.6,2,2314.8,13:20:00.010277124
2,2314.6,2,2314.8,13:20:00.010291160
2,2314.6,2,2314.8,13:20:00.010304818
2,2314.6,3,2314.8,13:20:00.010383243
2,2314.6,3,2314.8,13:20:00.010483923
2,2314.6,4,2314.8,13:20:00.010564552
2,2314.6,4,2314.8,13:20:00.010624118
2,2314.6,5,2314.8,13:20:00.010664343
2,2314.6,6,2314.8,13:20:00.010809661
2,2314.6,7,2314.8,13:20:00.011429244
2,2314.6,8,2314.8,13:20:00.011444527
2,2314.6,9,2314.8,13:20:00.011495098
2,2314.6,9,2314.8,13:20:00.011511527
2,2314.6,9,2314.8,13:20:00.011528236
2,2314.6,9,2314.8,13:20:00.011589920
2,2314.6,10,2314.8,13:20:00.011639498
2,2314.6,1,2314.7,13:20:00.011723400
2,2314.6,1,2314.7,13:20:00.011749855
2,2314.6,1,2314.7,13:20:00.011916819
2,2314.6,1,2314.7,13:20:00.012110781
2,2314.6,1,2314.7,13:20:00.012148773
2,2314.6,1,2314.7,13:20:00.012161138
2,2314.6,1,2314.7,13:20:00.012174248
2,2314.6,1,2314.7,13:20:00.012189234
2,2314.6,1,2314.7,13:20:00.012526310
2,2314.6,1,2314.7,13:20:00.012617363
2,2314.6,1,2314.7,13:20:00.013285819
2,2314.6,1,2314.7,13:20:00.013313986
2,2314.6,1,2314.7,13:20:00.013341776
2,2314.6,1,2314.7,13:20:00.013421093
2,2314.6,1,2314.7,13:20:00.013605372
2,2314.6,1,2314.7,13:20:00.013620873
2,2314.6,1,2314.7,13:20:00.013926380
2,2314.6,1,2314.7,13:20:00.013943826
2,2314.6,1,2314.7,13:20:00.013972847
2,2314.6,1,2314.7,13:20:00.014022964
1,2314.6,1,2314.7,13:20:00.014063659
1,2314.6,1,2314.7,13:20:00.014122883
2,2314.6,1,2314.7,13:20:00.014245145
4,2314.6,1,2314.7,13:20:00.014261160
5,2314.6,1,2314.7,13:20:00.014277557
5,2314.6,1,2314.7,13:20:00.014293216
5,2314.6,1,2314.7,13:20:00.014338660
5,2314.6,1,2314.7,13:20:00.014385086
5,2314.6,1,2314.7,13:20:00.014414917
6,2314.6,1,2314.7,13:20:00.014465824
7,2314.6,1,2314.7,13:20:00.014517969
8,2314.6,1,2314.7,13:20:00.014658414
9,2314.6,1,2314.7,13:20:00.014738278
10,2314.6,1,2314.7,13:20:00.014773776
10,2314.6,1,2314.7,13:20:00.014943130
10,2314.6,1,2314.7,13:20:00.014974105
9,2314.6,1,2314.7,13:20:00.014991361
10,2314.6,1,2314.7,13:20:00.015012529
10,2314.6,1,2314.7,13:20:00.015040734
10,2314.6,1,2314.7,13:20:00.015134244
10,2314.6,1,2314.7,13:20:00.015201442
9,2314.6,1,2314.7,13:20:00.015251258
9,2314.6,1,2314.7,13:20:00.015452225
9,2314.6,1,2314.7,13:20:00.015468126
9,2314.6,2,2314.7,13:20:00.015498760
9,2314.6,2,2314.7,13:20:00.015508357
9,2314.6,2,2314.7,13:20:00.015523775
9,2314.6,2,2314.7,13:20:00.015560723
9,2314.6,2,2314.7,13:20:00.015629524
9,2314.6,2,2314.7,13:20:00.015660159
9,2314.6,3,2314.7,13:20:00.015834869
9,2314.6,4,2314.7,13:20:00.015977909
9,2314.6,5,2314.7,13:20:00.016071229
9,2314.6,6,2314.7,13:20:00.016208662
9,2314.6,7,2314.7,13:20:00.016411620
9,2314.6,7,2314.7,13:20:00.016609704
7,2314.6,7,2314.7,13:20:00.016742164
5,2314.6,7,2314.7,13:20:00.016926014
9,2314.5,7,2314.7,13:20:00.017183856
9,2314.5,7,2314.7,13:20:00.017183856
9,2314.5,8,2314.7,13:20:00.017207710
9,2314.5,8,2314.7,13:20:00.017439585
9,2314.5,1,2314.6,13:20:00.017527668
9,2314.5,1,2314.6,13:20:00.017549425
8,2314.5,1,2314.6,13:20:00.017609673
8,2314.5,1,2314.6,13:20:00.017623558
8,2314.5,9,2314.7,13:20:00.017677348
8,2314.5,9,2314.7,13:20:00.017677348
8,2314.5,10,2314.7,13:20:00.017804602
8,2314.5,11,2314.7,13:20:00.017836055
8,2314.5,11,2314.7,13:20:00.018043327
7,2314.5,11,2314.7,13:20:00.018076992
6,2314.5,11,2314.7,13:20:00.018167246
5,2314.5,11,2314.7,13:20:00.018346913
4,2314.5,11,2314.7,13:20:00.018420220
4,2314.5,10,2314.7,13:20:00.018933479
1,2314.6,10,2314.7,13:20:00.018963524
1,2314.6,9,2314.7,13:20:00.019000603
1,2314.6,9,2314.7,13:20:00.019106010
3,2314.5,9,2314.7,13:20:00.019180249
3,2314.5,9,2314.7,13:20:00.019180249
1,2314.6,9,2314.7,13:20:00.019358271
1,2314.6,9,2314.7,13:20:00.019411495
1,2314.6,9,2314.7,13:20:00.019428699
1,2314.6,8,2314.7,13:20:00.019447633
1,2314.6,7,2314.7,13:20:00.019499084
1,2314.6,6,2314.7,13:20:00.019514930
1,2314.6,6,2314.7,13:20:00.019583406
1,2314.6,5,2314.7,13:20:00.019599205
1,2314.6,5,2314.7,13:20:00.019676837
1,2314.6,11,2314.8,13:20:00.019737190
1,2314.6,11,2314.8,13:20:00.019737190
1,2314.7,11,2314.8,13:20:00.019768649
1,2314.7,10,2314.8,13:20:00.019787789
1,2314.7,10,2314.8,13:20:00.019818910
1,2314.7,10,2314.8,13:20:00.019838777
1,2314.7,10,2314.8,13:20:00.019899595
1,2314.7,10,2314.8,13:20:00.020014954
3,2314.6,10,2314.8,13:20:00.020314825
3,2314.6,10,2314.8,13:20:00.020314825
2,2314.5,10,2314.8,13:20:00.020397204
2,2314.5,10,2314.8,13:20:00.020397204
2,2314.5,1,2314.6,13:20:00.020430821
2,2314.5,1,2314.6,13:20:00.020491625
2,2314.5,1,2314.6,13:20:00.020506503
2,2314.5,9,2314.8,13:20:00.020713239
2,2314.5,9,2314.8,13:20:00.020713239
3,2314.5,9,2314.8,13:20:00.021095778
3,2314.5,10,2314.8,13:20:00.021109497
3,2314.5,10,2314.8,13:20:00.021124118
1,2314.5,10,2314.8,13:20:00.021310205
1,2314.5,10,2314.8,13:20:00.021377915
1,2314.5,10,2314.8,13:20:00.021412130
2,2314.5,10,2314.8,13:20:00.021467780
3,2314.5,10,2314.8,13:20:00.021486234
1,2314.6,10,2314.8,13:20:00.021596764
2,2314.6,10,2314.8,13:20:00.021657163
3,2314.6,10,2314.8,13:20:00.021700536
2,2314.6,10,2314.8,13:20:00.021892300
2,2314.6,9,2314.8,13:20:00.021983185
2,2314.6,9,2314.8,13:20:00.022000488
2,2314.6,9,2314.8,13:20:00.022051609
2,2314.6,1,2314.7,13:20:00.022078662
2,2314.6,2,2314.7,13:20:00.022177335
1,2314.6,2,2314.7,13:20:00.022239808
1,2314.6,2,2314.7,13:20:00.022302869
2,2314.5,2,2314.7,13:20:00.022343487
2,2314.5,2,2314.7,13:20:00.022343487
2,2314.5,1,2314.6,13:20:00.022416669
2,2314.5,2,2314.6,13:20:00.022480792
1,2314.5,2,2314.6,13:20:00.022544930
13,2314.4,2,2314.6,13:20:00.022596721
13,2314.4,2,2314.6,13:20:00.022596721
13,2314.4,3,2314.6,13:20:00.022784254
2,2314.5,3,2314.6,13:20:00.022809221
2,2314.5,1,2314.6,13:20:00.022907069
2,2314.5,2,2314.7,13:20:00.022938529
2,2314.5,2,2314.7,13:20:00.022938529
2,2314.5,1,2314.6,13:20:00.023133861
2,2314.5,2,2314.6,13:20:00.023170489
3,2314.5,2,2314.6,13:20:00.023218659
4,2314.5,2,2314.6,13:20:00.023296151
4,2314.5,1,2314.6,13:20:00.023334929
4,2314.5,1,2314.6,13:20:00.023485151
4,2314.5,2,2314.7,13:20:00.023531594
4,2314.5,2,2314.7,13:20:00.023531594
4,2314.5,3,2314.7,13:20:00.023645107
4,2314.5,3,2314.7,13:20:00.023661606
4,2314.5,3,2314.7,13:20:00.023673165
2,2314.6,3,2314.7,13:20:00.023728228
2,2314.6,4,2314.7,13:20:00.023765787
2,2314.6,4,2314.7,13:20:00.023793586
2,2314.6,3,2314.7,13:20:00.023851268
2,2314.6,2,2314.7,13:20:00.023932421
2,2314.6,3,2314.7,13:20:00.024068760
3,2314.6,3,2314.7,13:20:00.024152582
3,2314.6,3,2314.7,13:20:00.024170404
3,2314.6,3,2314.7,13:20:00.024204740
3,2314.6,3,2314.7,13:20:00.024261688
3,2314.6,3,2314.7,13:20:00.024292790
3,2314.6,4,2314.7,13:20:00.024312051
3,2314.6,4,2314.7,13:20:00.024326233
3,2314.6,4,2314.7,13:20:00.024430351
3,2314.6,4,2314.7,13:20:00.024472418
1,2314.6,4,2314.7,13:20:00.024506012
8,2314.5,4,2314.7,13:20:00.024745887
8,2314.5,4,2314.7,13:20:00.024745887
8,2314.5,4,2314.7,13:20:00.024771149
1,2314.6,4,2314.7,13:20:00.024796934
1,2314.6,6,2314.7,13:20:00.024820865
1,2314.6,7,2314.7,13:20:00.024840533
2,2314.6,7,2314.7,13:20:00.024872578
2,2314.6,7,2314.7,13:20:00.024883371
2,2314.6,7,2314.7,13:20:00.024899897
2,2314.6,8,2314.7,13:20:00.024934665
2,2314.6,9,2314.7,13:20:00.025053631
2,2314.6,11,2314.7,13:20:00.025129306
1,2314.6,11,2314.7,13:20:00.025154465
1,2314.6,11,2314.7,13:20:00.025173979
1,2314.6,12,2314.7,13:20:00.025192309
8,2314.5,12,2314.7,13:20:00.025215068
8,2314.5,12,2314.7,13:20:00.025215068
9,2314.5,12,2314.7,13:20:00.025327541
2,2314.6,12,2314.7,13:20:00.025461744
2,2314.6,11,2314.7,13:20:00.025501521
2,2314.6,10,2314.7,13:20:00.025556489
2,2314.6,11,2314.7,13:20:00.025649275
2,2314.6,10,2314.7,13:20:00.025714497
2,2314.6,9,2314.7,13:20:00.025805813
2,2314.6,9,2314.7,13:20:00.025857621
2,2314.6,10,2314.7,13:20:00.025925274
2,2314.6,9,2314.7,13:20:00.025960776
2,2314.6,10,2314.7,13:20:00.025994972
2,2314.6,11,2314.7,13:20:00.026109700
2,2314.6,11,2314.7,13:20:00.026143390
2,2314.6,9,2314.7,13:20:00.026175580
9,2314.5,9,2314.7,13:20:00.026205100
9,2314.5,9,2314.7,13:20:00.026205100
8,2314.5,9,2314.7,13:20:00.026242020
8,2314.5,10,2314.7,13:20:00.026259288
8,2314.5,10,2314.7,13:20:00.026320341
7,2314.5,10,2314.7,13:20:00.026338630
6,2314.5,10,2314.7,13:20:00.026387991
5,2314.5,10,2314.7,13:20:00.026438122
5,2314.5,1,2314.6,13:20:00.026479045
5,2314.5,2,2314.6,13:20:00.026509785
5,2314.5,3,2314.6,13:20:00.026526819
5,2314.5,3,2314.6,13:20:00.026540973
3,2314.5,3,2314.6,13:20:00.026673315
3,2314.5,3,2314.6,13:20:00.026687856
4,2314.5,3,2314.6,13:20:00.026741117
3,2314.5,3,2314.6,13:20:00.026762356
3,2314.5,3,2314.6,13:20:00.026776268
3,2314.5,3,2314.6,13:20:00.026776268
3,2314.5,4,2314.6,13:20:00.026796495
4,2314.5,4,2314.6,13:20:00.026920762
4,2314.5,4,2314.6,13:20:00.026960700
4,2314.5,3,2314.6,13:20:00.026980233
5,2314.5,3,2314.6,13:20:00.026996927
5,2314.5,2,2314.6,13:20:00.027048122
5,2314.5,2,2314.6,13:20:00.027062529
5,2314.5,1,2314.6,13:20:00.027143257
6,2314.5,1,2314.6,13:20:00.027168147
6,2314.5,1,2314.6,13:20:00.027189540
6,2314.5,14,2314.7,13:20:00.027235509
6,2314.5,14,2314.7,13:20:00.027235509
6,2314.5,15,2314.7,13:20:00.027258840
7,2314.5,15,2314.7,13:20:00.027301221
8,2314.5,15,2314.7,13:20:00.027420194
1,2314.6,15,2314.7,13:20:00.027634998
1,2314.6,15,2314.7,13:20:00.027671616
1,2314.6,15,2314.7,13:20:00.027699419
1,2314.6,14,2314.7,13:20:00.027754684
1,2314.6,13,2314.7,13:20:00.027818150
9,2314.5,13,2314.7,13:20:00.027845921
9,2314.5,13,2314.7,13:20:00.027845921
9,2314.5,11,2314.7,13:20:00.027931295
9,2314.5,8,2314.7,13:20:00.027964458
1,2314.6,8,2314.7,13:20:00.028109294
2,2314.6,8,2314.7,13:20:00.028264611
2,2314.6,8,2314.7,13:20:00.028276207
1,2314.6,8,2314.7,13:20:00.028299853
2,2314.6,8,2314.7,13:20:00.028339006
2,2314.6,8,2314.7,13:20:00.028381132
2,2314.6,8,2314.7,13:20:00.028411372
2,2314.6,8,2314.7,13:20:00.028443686
2,2314.6,7,2314.7,13:20:00.028463011
2,2314.6,6,2314.7,13:20:00.028578406
2,2314.6,6,2314.7,13:20:00.028610762
1,2314.6,6,2314.7,13:20:00.028634861
7,2314.5,6,2314.7,13:20:00.028745334
7,2314.5,6,2314.7,13:20:00.028745334
6,2314.5,6,2314.7,13:20:00.028804436
5,2314.5,6,2314.7,13:20:00.029141294
3,2314.6,6,2314.7,13:20:00.029184379
4,2314.6,6,2314.7,13:20:00.029261225
4,2314.6,6,2314.7,13:20:00.029310244
5,2314.6,6,2314.7,13:20:00.029328528
5,2314.6,5,2314.7,13:20:00.029347759
5,2314.6,4,2314.7,13:20:00.029367309
4,2314.6,4,2314.7,13:20:00.029403942
5,2314.6,4,2314.7,13:20:00.029436432
6,2314.6,4,2314.7,13:20:00.029452798
6,2314.6,4,2314.7,13:20:00.029500821
7,2314.6,4,2314.7,13:20:00.029535218
7,2314.6,4,2314.7,13:20:00.029550566
7,2314.6,4,2314.7,13:20:00.029563645
6,2314.6,4,2314.7,13:20:00.029680633
5,2314.6,4,2314.7,13:20:00.029714121
5,2314.6,4,2314.7,13:20:00.029747274
5,2314.6,3,2314.7,13:20:00.029810031
5,2314.6,3,2314.7,13:20:00.029843232
5,2314.6,3,2314.7,13:20:00.029930916
5,2314.6,5,2314.7,13:20:00.080897857
4,2314.6,5,2314.7,13:20:00.081146687
4,2314.6,3,2314.7,13:20:00.081197338
4,2314.6,3,2314.7,13:20:00.081213741
4,2314.6,4,2314.7,13:20:00.081413832
3,2314.6,4,2314.7,13:20:00.105296294
2,2314.6,4,2314.7,13:20:00.105447909
7,2314.5,4,2314.7,13:20:00.105544715
7,2314.5,4,2314.7,13:20:00.105544715
7,2314.5,4,2314.7,13:20:00.105565771
7,2314.5,5,2314.7,13:20:00.105781113
6,2314.5,5,2314.7,13:20:00.105877858
6,2314.5,1,2314.6,13:20:00.125467353
5,2314.5,1,2314.6,13:20:00.125581592
5,2314.5,1,2314.6,13:20:00.125607058
5,2314.5,1,2314.6,13:20:00.125620799
5,2314.5,2,2314.6,13:20:00.125674160
4,2314.5,2,2314.6,13:20:00.125798741
4,2314.5,3,2314.6,13:20:00.195786033
3,2314.5,3,2314.6,13:20:00.195929940
2,2314.5,3,2314.6,13:20:00.196112011
2,2314.5,4,2314.6,13:20:00.247742440
2,2314.5,5,2314.6,13:20:00.247762127
1,2314.5,5,2314.6,13:20:00.247806739
11,2314.4,5,2314.6,13:20:00.248021178
11,2314.4,5,2314.6,13:20:00.248021178
11,2314.4,1,2314.5,13:20:00.248190717
11,2314.4,1,2314.5,13:20:00.248257219
11,2314.4,1,2314.5,13:20:00.248429385
11,2314.4,1,2314.5,13:20:00.248444950
10,2314.4,1,2314.5,13:20:00.248476759
10,2314.4,5,2314.6,13:20:00.248526334
10,2314.4,5,2314.6,13:20:00.248526334
10,2314.4,5,2314.6,13:20:00.248586070
10,2314.4,6,2314.6,13:20:00.248610557
10,2314.4,7,2314.6,13:20:00.248626225
10,2314.4,7,2314.6,13:20:00.248642522
9,2314.4,7,2314.6,13:20:00.248699807
9,2314.4,7,2314.6,13:20:00.248824564
9,2314.4,6,2314.6,13:20:00.248841989
9,2314.4,9,2314.6,13:20:00.248857845
8,2314.4,9,2314.6,13:20:00.248961066
8,2314.4,9,2314.6,13:20:00.414193091
8,2314.4,9,2314.6,13:20:00.444569889
8,2314.4,9,2314.6,13:20:00.553137114
8,2314.4,1,2314.5,13:20:00.553296290
7,2314.4,1,2314.5,13:20:00.553321511
7,2314.4,2,2314.5,13:20:00.553351358
6,2314.4,2,2314.5,13:20:00.553363579
6,2314.4,3,2314.5,13:20:00.553417487
5,2314.4,3,2314.5,13:20:00.553452147
5,2314.4,3,2314.5,13:20:00.553465955
5,2314.4,3,2314.5,13:20:00.553482669
3,2314.4,3,2314.5,13:20:00.553503598
3,2314.4,3,2314.5,13:20:00.553529662
2,2314.4,3,2314.5,13:20:00.553569660
2,2314.4,3,2314.5,13:20:00.553580978
1,2314.4,3,2314.5,13:20:00.553679393
1,2314.4,4,2314.5,13:20:00.553700766
1,2314.4,4,2314.5,13:20:00.553774928
1,2314.4,4,2314.5,13:20:00.553829739
6,2314.3,4,2314.5,13:20:00.553997246
6,2314.3,4,2314.5,13:20:00.553997246
6,2314.3,1,2314.4,13:20:00.554148590
5,2314.3,1,2314.4,13:20:00.554272284
5,2314.3,1,2314.4,13:20:00.554341386
5,2314.3,1,2314.4,13:20:00.554358203
5,2314.3,1,2314.4,13:20:00.554429175
3,2314.3,1,2314.4,13:20:00.554449178
3,2314.3,1,2314.4,13:20:00.554493435
3,2314.3,2,2314.4,13:20:00.554519855
3,2314.3,2,2314.4,13:20:00.554532438
3,2314.3,2,2314.4,13:20:00.554562330
3,2314.3,2,2314.4,13:20:00.554562330
3,2314.3,2,2314.4,13:20:00.554604135
2,2314.3,2,2314.4,13:20:00.554639867
2,2314.3,2,2314.4,13:20:00.554651640
2,2314.3,2,2314.4,13:20:00.554684825
2,2314.3,2,2314.4,13:20:00.554684825
1,2314.3,2,2314.4,13:20:00.554715027
2,2314.3,2,2314.4,13:20:00.554813768
2,2314.3,2,2314.4,13:20:00.554840562
2,2314.3,2,2314.4,13:20:00.554863657
1,2314.3,2,2314.4,13:20:00.554901437
1,2314.3,3,2314.4,13:20:00.554908666
1,2314.3,3,2314.4,13:20:00.554937131
1,2314.3,3,2314.4,13:20:00.554954292
1,2314.3,3,2314.4,13:20:00.555146562
1,2314.3,3,2314.4,13:20:00.555438363
1,2314.3,2,2314.4,13:20:00.561992712
2,2314.3,2,2314.4,13:20:00.562129023
2,2314.3,1,2314.4,13:20:00.562229136
3,2314.3,1,2314.4,13:20:00.562238334
4,2314.3,1,2314.4,13:20:00.562338371
4,2314.3,1,2314.4,13:20:00.562356950
4,2314.3,6,2314.5,13:20:00.569055132
4,2314.3,6,2314.5,13:20:00.569055132
4,2314.3,5,2314.5,13:20:00.584682539
4,2314.3,5,2314.5,13:20:00.775010498
4,2314.3,5,2314.5,13:20:00.813739960
5,2314.3,5,2314.5,13:20:01.694471749
5,2314.3,5,2314.5,13:20:01.694630655
5,2314.3,5,2314.5,13:20:01.694649945
1,2314.4,5,2314.5,13:20:01.694682701
1,2314.4,4,2314.5,13:20:01.694832397
1,2314.4,4,2314.5,13:20:01.694851783
1,2314.4,4,2314.5,13:20:01.694865716
1,2314.4,3,2314.5,13:20:01.694917964
6,2314.3,3,2314.5,13:20:01.695238060
6,2314.3,3,2314.5,13:20:01.695238060
6,2314.3,4,2314.5,13:20:01.695416866
6,2314.3,1,2314.4,13:20:01.695442659
6,2314.3,1,2314.4,13:20:01.695536226
5,2314.3,1,2314.4,13:20:01.695554866
5,2314.3,1,2314.4,13:20:01.695618768
4,2314.3,1,2314.4,13:20:01.695700699
4,2314.3,1,2314.4,13:20:01.695764691
3,2314.3,1,2314.4,13:20:01.695783971
3,2314.3,1,2314.4,13:20:01.695913385
2,2314.3,1,2314.4,13:20:02.015855233
2,2314.3,1,2314.4,13:20:02.016001643
2,2314.3,2,2314.4,13:20:02.027897430
2,2314.3,3,2314.4,13:20:02.028024733
1,2314.3,3,2314.4,13:20:02.028174435
1,2314.3,4,2314.4,13:20:02.028360097
1,2314.3,3,2314.4,13:20:02.039105037
1,2314.3,2,2314.4,13:20:02.039235688
2,2314.3,2,2314.4,13:20:02.039369078
3,2314.3,2,2314.4,13:20:02.449714319
3,2314.3,1,2314.4,13:20:02.449746832
3,2314.3,1,2314.4,13:20:02.794602413
3,2314.3,1,2314.4,13:20:02.794712405
3,2314.3,1,2314.4,13:20:02.794903702
3,2314.3,1,2314.4,13:20:02.794919072
4,2314.3,1,2314.4,13:20:02.837017674
4,2314.3,7,2314.5,13:20:02.837135639
4,2314.3,7,2314.5,13:20:02.837135639
4,2314.3,7,2314.5,13:20:02.837256488
4,2314.3,8,2314.5,13:20:02.837330141
4,2314.3,7,2314.5,13:20:02.959038173
4,2314.3,6,2314.5,13:20:04.432781606
5,2314.3,6,2314.5,13:20:04.433120185
6,2314.3,6,2314.5,13:20:04.433140902
6,2314.3,6,2314.5,13:20:04.433637172
6,2314.3,5,2314.5,13:20:04.433704559
1,2314.4,5,2314.5,13:20:04.433902847
1,2314.4,4,2314.5,13:20:04.433961278
1,2314.4,3,2314.5,13:20:04.434068122
1,2314.4,3,2314.5,13:20:04.434083936
1,2314.4,2,2314.5,13:20:04.434104938
2,2314.4,2,2314.5,13:20:04.434385952
3,2314.4,2,2314.5,13:20:04.489600725
3,2314.4,1,2314.5,13:20:05.014403673
4,2314.4,1,2314.5,13:20:05.182954249
4,2314.4,10,2314.6,13:20:05.183220876
4,2314.4,10,2314.6,13:20:05.183220876
4,2314.4,10,2314.6,13:20:05.183239401
4,2314.4,9,2314.6,13:20:05.183364699
1,2314.5,9,2314.6,13:20:05.183420732
1,2314.5,9,2314.6,13:20:05.183565219
1,2314.5,9,2314.6,13:20:05.183671887
1,2314.5,8,2314.6,13:20:05.183684120
2,2314.5,8,2314.6,13:20:05.183751654
3,2314.5,8,2314.6,13:20:05.183772547
3,2314.5,8,2314.6,13:20:05.183835861
3,2314.5,8,2314.6,13:20:05.183867500
3,2314.5,8,2314.6,13:20:05.183906245
3,2314.5,8,2314.6,13:20:05.184328354
3,2314.5,7,2314.6,13:20:05.184363859
3,2314.5,6,2314.6,13:20:05.184509087
4,2314.5,6,2314.6,13:20:05.191295829
4,2314.5,3,2314.6,13:20:05.191942537
4,2314.5,2,2314.6,13:20:05.192158729
4,2314.5,10,2314.7,13:20:05.192158729
4,2314.5,10,2314.7,13:20:05.192158729
4,2314.5,10,2314.7,13:20:05.192205335
4,2314.5,10,2314.7,13:20:05.192325001
5,2314.5,10,2314.7,13:20:05.192518394
5,2314.5,9,2314.7,13:20:05.192533066
1,2314.6,9,2314.7,13:20:05.192596104
1,2314.6,9,2314.7,13:20:05.192620131
1,2314.6,9,2314.7,13:20:05.192662701
1,2314.6,8,2314.7,13:20:05.192680708
2,2314.6,8,2314.7,13:20:05.192714373
2,2314.6,8,2314.7,13:20:05.192720773
2,2314.6,8,2314.7,13:20:05.192758408
2,2314.6,8,2314.7,13:20:05.192813606
1,2314.6,8,2314.7,13:20:05.193100460
1,2314.6,8,2314.7,13:20:05.193182020
1,2314.6,8,2314.7,13:20:05.193197003
1,2314.6,8,2314.7,13:20:05.193327790
1,2314.6,8,2314.7,13:20:05.193344334
1,2314.6,8,2314.7,13:20:05.193368165
8,2314.5,8,2314.7,13:20:05.193414380
8,2314.5,8,2314.7,13:20:05.193414380
8,2314.5,8,2314.7,13:20:05.193439309
9,2314.5,8,2314.7,13:20:05.195659245
10,2314.5,8,2314.7,13:20:05.234373337
1,2314.6,8,2314.7,13:20:05.234518639
2,2314.6,8,2314.7,13:20:05.234655797
2,2314.6,8,2314.7,13:20:05.281852242
2,2314.6,8,2314.7,13:20:05.284409138
1,2314.6,8,2314.7,13:20:05.292757364
9,2314.5,8,2314.7,13:20:05.292998847
9,2314.5,8,2314.7,13:20:05.292998847
9,2314.5,9,2314.7,13:20:05.293106680
9,2314.5,1,2314.6,13:20:05.293140520
8,2314.5,1,2314.6,13:20:05.293163206
7,2314.5,1,2314.6,13:20:05.293232555
6,2314.5,1,2314.6,13:20:05.293264520
5,2314.5,1,2314.6,13:20:05.293327762
4,2314.5,1,2314.6,13:20:05.293344861
4,2314.5,1,2314.6,13:20:05.293395620
4,2314.5,1,2314.6,13:20:05.394193734
4,2314.5,2,2314.6,13:20:05.394468031
4,2314.5,2,2314.6,13:20:05.394600669
3,2314.5,2,2314.6,13:20:05.395666772
4,2314.5,2,2314.6,13:20:05.428978440
4,2314.5,2,2314.6,13:20:05.595663887
4,2314.5,3,2314.6,13:20:06.156847189
4,2314.5,3,2314.6,13:20:06.156847189
4,2314.5,5,2314.6,13:20:06.767099153
3,2314.5,5,2314.6,13:20:06.767266836
3,2314.5,6,2314.6,13:20:06.767284280
2,2314.5,6,2314.6,13:20:06.767308121
1,2314.5,6,2314.6,13:20:06.767457918
7,2314.4,6,2314.6,13:20:06.767497821
7,2314.4,6,2314.6,13:20:06.767497821
7,2314.4,1,2314.5,13:20:06.767626360
6,2314.4,1,2314.5,13:20:06.767741432
5,2314.4,1,2314.5,13:20:06.767792632
5,2314.4,2,2314.5,13:20:06.767821078
4,2314.4,2,2314.5,13:20:06.768032000
4,2314.4,2,2314.5,13:20:06.768044167
4,2314.4,2,2314.5,13:20:06.768062331
4,2314.4,2,2314.5,13:20:06.768079304
3,2314.4,2,2314.5,13:20:06.768192080
3,2314.4,2,2314.5,13:20:06.768333408
3,2314.4,2,2314.5,13:20:06.768380840
3,2314.4,1,2314.5,13:20:06.768458630
3,2314.4,1,2314.5,13:20:06.776002791
3,2314.4,1,2314.5,13:20:06.782218331
2,2314.4,1,2314.5,13:20:06.795669209
2,2314.4,1,2314.5,13:20:06.795804074
2,2314.4,2,2314.5,13:20:06.795913023
1,2314.4,2,2314.5,13:20:06.796417593
1,2314.4,3,2314.5,13:20:06.796616541
1,2314.4,3,2314.5,13:20:06.796736307
1,2314.4,2,2314.5,13:20:06.815647046
1,2314.4,2,2314.5,13:20:06.815772639
1,2314.4,2,2314.5,13:20:06.888186601
2,2314.4,2,2314.5,13:20:06.902973663
3,2314.4,2,2314.5,13:20:06.908134292
3,2314.4,1,2314.5,13:20:06.908260346
3,2314.4,1,2314.5,13:20:06.921558518
3,2314.4,1,2314.5,13:20:06.995677362
3,2314.4,1,2314.5,13:20:08.511435205
3,2314.4,8,2314.6,13:20:08.511569969
3,2314.4,8,2314.6,13:20:08.511569969
3,2314.4,7,2314.6,13:20:08.511711341
3,2314.4,7,2314.6,13:20:08.520119482
3,2314.4,7,2314.6,13:20:08.801656280
3,2314.4,7,2314.6,13:20:08.973006635
3,2314.4,9,2314.6,13:20:08.973476875
3,2314.4,1,2314.5,13:20:08.973634046
3,2314.4,2,2314.5,13:20:08.973662536
3,2314.4,3,2314.5,13:20:08.973692409
2,2314.4,3,2314.5,13:20:08.973733824
9,2314.3,3,2314.5,13:20:08.973869099
9,2314.3,3,2314.5,13:20:08.973869099
9,2314.3,3,2314.5,13:20:08.973893074
9,2314.3,3,2314.5,13:20:08.973909077
9,2314.3,3,2314.5,13:20:08.973909077
9,2314.3,4,2314.5,13:20:08.974575272
9,2314.3,5,2314.5,13:20:08.974593749
9,2314.3,6,2314.5,13:20:08.974611538
9,2314.3,7,2314.5,13:20:08.974647410
9,2314.3,8,2314.5,13:20:08.974754388
8,2314.3,8,2314.5,13:20:08.974840960
8,2314.3,8,2314.5,13:20:08.974901899
8,2314.3,10,2314.5,13:20:08.975093160
7,2314.3,10,2314.5,13:20:08.975111809
7,2314.3,10,2314.5,13:20:08.975124767
7,2314.3,10,2314.5,13:20:08.982143008
7,2314.3,9,2314.5,13:20:09.182519321
7,2314.3,8,2314.5,13:20:09.346373970
7,2314.3,4,2314.4,13:20:10.030957442
7,2314.3,4,2314.4,13:20:10.030980109
6,2314.3,4,2314.4,13:20:10.031127107
5,2314.3,4,2314.4,13:20:10.031147203
5,2314.3,5,2314.4,13:20:10.031168404
5,2314.3,5,2314.4,13:20:10.031218574
4,2314.3,5,2314.4,13:20:10.031237957
4,2314.3,6,2314.4,13:20:10.031255225
4,2314.3,6,2314.4,13:20:10.031272614
4,2314.3,6,2314.4,13:20:10.031284259
4,2314.3,6,2314.4,13:20:10.031389240
3,2314.3,6,2314.4,13:20:10.031427813
3,2314.3,6,2314.4,13:20:10.146913185
3,2314.3,5,2314.4,13:20:10.147031703
3,2314.3,4,2314.4,13:20:10.147070194
4,2314.3,4,2314.4,13:20:10.147158588
3,2314.3,4,2314.4,13:20:10.195691477
2,2314.3,4,2314.4,13:20:10.195935294
2,2314.3,5,2314.4,13:20:10.196054214
11,2314.2,5,2314.4,13:20:10.225928852
11,2314.2,5,2314.4,13:20:10.225928852
11,2314.2,6,2314.4,13:20:10.226089498
12,2314.2,6,2314.4,13:20:10.227343767
12,2314.2,7,2314.4,13:20:10.227407263
12,2314.2,7,2314.4,13:20:10.234124006
12,2314.2,7,2314.4,13:20:10.239284919
12,2314.2,7,2314.4,13:20:10.240214090
1,2314.3,7,2314.4,13:20:10.250409015
1,2314.3,7,2314.4,13:20:10.250523776
1,2314.3,6,2314.4,13:20:10.250540705
1,2314.3,6,2314.4,13:20:10.250572229
1,2314.3,5,2314.4,13:20:10.250589970
2,2314.3,5,2314.4,13:20:10.250624185
2,2314.3,4,2314.4,13:20:10.250648307
2,2314.3,4,2314.4,13:20:10.250781660
1,2314.3,4,2314.4,13:20:10.269390016
1,2314.3,5,2314.4,13:20:10.269399063
1,2314.3,5,2314.4,13:20:10.395682533
2,2314.3,5,2314.4,13:20:10.615343025
2,2314.3,4,2314.4,13:20:10.615618093
3,2314.3,4,2314.4,13:20:10.615642542
2,2314.3,4,2314.4,13:20:10.616014828
2,2314.3,5,2314.4,13:20:10.616068371
1,2314.3,5,2314.4,13:20:10.616348972
1,2314.3,5,2314.4,13:20:10.914046029
1,2314.3,5,2314.4,13:20:10.914046029
1,2314.3,6,2314.4,13:20:10.914211788
1,2314.3,6,2314.4,13:20:11.119091788
1,2314.3,6,2314.4,13:20:11.119091788
1,2314.3,7,2314.4,13:20:11.588169824
1,2314.3,7,2314.4,13:20:11.588169824
1,2314.3,8,2314.4,13:20:11.776989667
12,2314.2,8,2314.4,13:20:11.777251999
12,2314.2,8,2314.4,13:20:11.777251999
11,2314.2,8,2314.4,13:20:11.777281462
11,2314.2,9,2314.4,13:20:11.777464262
11,2314.2,1,2314.3,13:20:11.777506301
11,2314.2,1,2314.3,13:20:11.777634900
11,2314.2,1,2314.3,13:20:11.777661162
11,2314.2,1,2314.3,13:20:11.777703317
11,2314.2,1,2314.3,13:20:11.777719772
11,2314.2,1,2314.3,13:20:11.777739602
10,2314.2,1,2314.3,13:20:11.777756940
9,2314.2,1,2314.3,13:20:11.777809562
8,2314.2,1,2314.3,13:20:11.777883118
5,2314.2,1,2314.3,13:20:11.777910905
5,2314.2,1,2314.3,13:20:11.777924813
5,2314.2,2,2314.3,13:20:11.778162533
5,2314.2,10,2314.4,13:20:11.778437274
5,2314.2,10,2314.4,13:20:11.778437274
5,2314.2,10,2314.4,13:20:11.778459425
1,2314.3,10,2314.4,13:20:11.778459425
1,2314.3,10,2314.4,13:20:11.778606148
1,2314.3,9,2314.4,13:20:11.778742752
1,2314.3,9,2314.4,13:20:11.778773831
1,2314.3,9,2314.4,13:20:11.778812756
1,2314.3,9,2314.4,13:20:11.778828606
1,2314.3,8,2314.4,13:20:11.778900026
1,2314.3,7,2314.4,13:20:11.778968216
1,2314.3,7,2314.4,13:20:11.780219860
2,2314.3,7,2314.4,13:20:11.798550360
2,2314.3,6,2314.4,13:20:11.798661560
3,2314.3,6,2314.4,13:20:11.798809643
4,2314.3,6,2314.4,13:20:11.798827960
5,2314.3,6,2314.4,13:20:11.831485427
6,2314.3,6,2314.4,13:20:11.831500906
6,2314.3,9,2314.5,13:20:11.831784026
6,2314.3,9,2314.5,13:20:11.831784026
6,2314.3,9,2314.5,13:20:11.831805687
1,2314.4,9,2314.5,13:20:11.832053708
1,2314.4,8,2314.5,13:20:11.832194331
6,2314.3,8,2314.5,13:20:11.832235171
6,2314.3,8,2314.5,13:20:11.832235171
6,2314.3,7,2314.5,13:20:11.832273050
7,2314.3,7,2314.5,13:20:11.832289370
1,2314.4,7,2314.5,13:20:11.832314113
1,2314.4,6,2314.5,13:20:11.832337346
1,2314.4,6,2314.5,13:20:11.832351195
2,2314.4,6,2314.5,13:20:11.832564312
2,2314.4,6,2314.5,13:20:11.832603225
2,2314.4,5,2314.5,13:20:11.832623188
2,2314.4,5,2314.5,13:20:11.832639179
2,2314.4,5,2314.5,13:20:11.832653586
2,2314.4,5,2314.5,13:20:11.832672143
1,2314.4,5,2314.5,13:20:11.832859570
1,2314.4,5,2314.5,13:20:11.832886787
1,2314.4,5,2314.5,13:20:11.832912819
1,2314.4,6,2314.5,13:20:11.832931988
7,2314.3,6,2314.5,13:20:11.832958472
7,2314.3,6,2314.5,13:20:11.832958472
7,2314.3,1,2314.4,13:20:11.833207187
7,2314.3,6,2314.5,13:20:11.833232810
7,2314.3,6,2314.5,13:20:11.833232810
7,2314.3,1,2314.4,13:20:11.833391987
7,2314.3,1,2314.4,13:20:11.833518522
6,2314.3,1,2314.4,13:20:11.833536525
6,2314.3,2,2314.4,13:20:11.833571924
5,2314.3,2,2314.4,13:20:11.833587300
4,2314.3,2,2314.4,13:20:11.833604779
4,2314.3,3,2314.4,13:20:11.833679942
4,2314.3,4,2314.4,13:20:11.833816187
4,2314.3,4,2314.4,13:20:11.834037300
4,2314.3,4,2314.4,13:20:11.834059527
3,2314.3,4,2314.4,13:20:11.843634632
2,2314.3,4,2314.4,13:20:11.843820454
3,2314.3,4,2314.4,13:20:11.843936040
3,2314.3,3,2314.4,13:20:11.844209672
2,2314.3,3,2314.4,13:20:11.852746922
2,2314.3,4,2314.4,13:20:11.852864895
2,2314.3,5,2314.4,13:20:12.049782776
1,2314.3,5,2314.4,13:20:12.050419163
1,2314.3,5,2314.4,13:20:12.050430860
10,2314.2,5,2314.4,13:20:12.071842744
10,2314.2,4,2314.4,13:20:12.071842744
10,2314.2,4,2314.4,13:20:12.071842744
10,2314.2,1,2314.3,13:20:12.072952856
10,2314.2,1,2314.3,13:20:12.073069268
10,2314.2,1,2314.3,13:20:12.073495417
10,2314.2,5,2314.4,13:20:12.073578181
10,2314.2,5,2314.4,13:20:12.073578181
9,2314.2,5,2314.4,13:20:12.073628329
9,2314.2,6,2314.4,13:20:12.073646956
9,2314.2,6,2314.4,13:20:12.073734411
1,2314.3,6,2314.4,13:20:12.092615021
1,2314.3,6,2314.4,13:20:12.092771684
1,2314.3,5,2314.4,13:20:12.092884972
1,2314.3,7,2314.4,13:20:12.919735889
1,2314.3,7,2314.4,13:20:12.919735889
9,2314.2,7,2314.4,13:20:12.919972517
9,2314.2,7,2314.4,13:20:12.919972517
10,2314.2,7,2314.4,13:20:12.919997564
10,2314.2,1,2314.3,13:20:12.920106669
9,2314.2,1,2314.3,13:20:12.920196983
9,2314.2,2,2314.3,13:20:12.920235601
8,2314.2,2,2314.3,13:20:12.920249332
8,2314.2,3,2314.3,13:20:12.920329488
8,2314.2,2,2314.3,13:20:12.920362299
7,2314.2,2,2314.3,13:20:12.920411061
7,2314.2,2,2314.3,13:20:12.920429336
7,2314.2,1,2314.3,13:20:12.920472745
6,2314.2,1,2314.3,13:20:12.920485098
6,2314.2,8,2314.4,13:20:12.920526890
6,2314.2,8,2314.4,13:20:12.920526890
6,2314.2,8,2314.4,13:20:12.920545659
6,2314.2,8,2314.4,13:20:12.920581086
4,2314.2,8,2314.4,13:20:12.920661738
4,2314.2,1,2314.3,13:20:12.920814566
4,2314.2,1,2314.3,13:20:12.921566553
4,2314.2,1,2314.3,13:20:12.928566857
3,2314.2,1,2314.3,13:20:12.928817394
3,2314.2,1,2314.3,13:20:12.928934954
2,2314.2,1,2314.3,13:20:12.995730233
2,2314.2,2,2314.3,13:20:12.995861951
2,2314.2,2,2314.3,13:20:12.996007912
2,2314.2,1,2314.3,13:20:13.042048184
2,2314.2,1,2314.3,13:20:13.195695445
3,2314.2,1,2314.3,13:20:13.195813160
3,2314.2,1,2314.3,13:20:13.304248676
3,2314.2,1,2314.3,13:20:13.437074745
3,2314.2,8,2314.4,13:20:13.437501361
3,2314.2,8,2314.4,13:20:13.437501361
4,2314.2,8,2314.4,13:20:13.437594916
5,2314.2,8,2314.4,13:20:13.437629583
6,2314.2,8,2314.4,13:20:13.437853190
7,2314.2,8,2314.4,13:20:13.437869501
7,2314.2,8,2314.4,13:20:13.438007142
7,2314.2,8,2314.4,13:20:13.438040301
7,2314.2,7,2314.4,13:20:13.438148509
6,2314.2,7,2314.4,13:20:13.536083195
7,2314.2,7,2314.4,13:20:13.595699857
7,2314.2,7,2314.4,13:20:13.595715816
1,2314.3,7,2314.4,13:20:13.606909616
2,2314.3,7,2314.4,13:20:13.607081102
2,2314.3,6,2314.4,13:20:13.607280818
2,2314.3,6,2314.4,13:20:13.607317276
2,2314.3,6,2314.4,13:20:13.607331977
1,2314.3,6,2314.4,13:20:13.608303510
8,2314.2,6,2314.4,13:20:13.608425004
8,2314.2,6,2314.4,13:20:13.608425004
8,2314.2,6,2314.4,13:20:13.609415943
9,2314.2,6,2314.4,13:20:13.609534432
9,2314.2,6,2314.4,13:20:13.609534432
8,2314.2,6,2314.4,13:20:13.610113118
8,2314.2,6,2314.4,13:20:13.610113118
8,2314.2,5,2314.4,13:20:13.676577462
1,2314.3,5,2314.4,13:20:13.676682545
1,2314.3,4,2314.4,13:20:13.676722812
2,2314.3,4,2314.4,13:20:13.676803901
3,2314.3,4,2314.4,13:20:13.676811557
3,2314.3,3,2314.4,13:20:13.676831448
4,2314.3,3,2314.4,13:20:13.676850444
4,2314.3,3,2314.4,13:20:13.676899654
4,2314.3,3,2314.4,13:20:13.676915414
3,2314.3,3,2314.4,13:20:13.676962641
2,2314.3,3,2314.4,13:20:13.676985239
2,2314.3,4,2314.4,13:20:13.677002600
1,2314.3,4,2314.4,13:20:13.677026127
1,2314.3,5,2314.4,13:20:13.677093908
10,2314.2,5,2314.4,13:20:13.677116964
10,2314.2,5,2314.4,13:20:13.677116964
10,2314.2,5,2314.4,13:20:13.677157352
1,2314.3,5,2314.4,13:20:13.872695323
1,2314.3,4,2314.4,13:20:13.872842367
2,2314.3,4,2314.4,13:20:13.872874758
2,2314.3,3,2314.4,13:20:13.872929665
2,2314.3,3,2314.4,13:20:13.872965172
2,2314.3,3,2314.4,13:20:13.927042889
1,2314.3,3,2314.4,13:20:14.648549570
1,2314.3,4,2314.4,13:20:14.648617699
1,2314.3,5,2314.4,13:20:14.648637069
1,2314.3,6,2314.4,13:20:14.648822811
10,2314.2,6,2314.4,13:20:14.648904278
10,2314.2,6,2314.4,13:20:14.648904278
10,2314.2,7,2314.4,13:20:14.649161650
10,2314.2,7,2314.4,13:20:14.649198041
10,2314.2,6,2314.4,13:20:14.649275732
10,2314.2,6,2314.4,13:20:14.649548141
10,2314.2,5,2314.4,13:20:14.649581994
11,2314.2,5,2314.4,13:20:16.312891998
1,2314.3,5,2314.4,13:20:16.385799380
11,2314.2,5,2314.4,13:20:17.773985061
11,2314.2,1,2314.3,13:20:17.773985061
11,2314.2,1,2314.3,13:20:17.773985061
11,2314.2,1,2314.3,13:20:17.773985061
11,2314.2,3,2314.4,13:20:17.774300738
11,2314.2,3,2314.4,13:20:17.774300738
11,2314.2,4,2314.4,13:20:17.774403288
1,2314.3,4,2314.4,13:20:17.774531811
2,2314.3,4,2314.4,13:20:17.774567115
2,2314.3,3,2314.4,13:20:17.774697697
2,2314.3,2,2314.4,13:20:17.774748565
2,2314.3,1,2314.4,13:20:17.775299043
2,2314.3,2,2314.4,13:20:17.799341608
2,2314.3,3,2314.4,13:20:17.799377160
1,2314.3,3,2314.4,13:20:17.799410032
2,2314.3,3,2314.4,13:20:18.674947763
2,2314.3,3,2314.4,13:20:18.674947763
2,2314.3,3,2314.4,13:20:18.675024517
2,2314.3,2,2314.4,13:20:18.675082255
3,2314.3,2,2314.4,13:20:18.675104727
2,2314.3,2,2314.4,13:20:18.690010439
2,2314.3,3,2314.4,13:20:18.690183095
1,2314.3,3,2314.4,13:20:18.692886634
1,2314.3,4,2314.4,13:20:18.693517287
12,2314.2,4,2314.4,13:20:18.704684741
12,2314.2,4,2314.4,13:20:18.704684741
12,2314.2,5,2314.4,13:20:18.704793806
12,2314.2,6,2314.4,13:20:18.705383769
11,2314.2,6,2314.4,13:20:18.713945427
11,2314.2,1,2314.3,13:20:18.733442134
10,2314.2,1,2314.3,13:20:18.733534571
10,2314.2,1,2314.3,13:20:18.734128362
10,2314.2,1,2314.3,13:20:18.734159819
10,2314.2,7,2314.4,13:20:18.734313742
10,2314.2,7,2314.4,13:20:18.734313742
10,2314.2,7,2314.4,13:20:18.734505099
10,2314.2,8,2314.4,13:20:18.972210762
10,2314.2,8,2314.4,13:20:19.037507802
10,2314.2,8,2314.4,13:20:19.037507802
10,2314.2,1,2314.3,13:20:19.558221757
9,2314.2,1,2314.3,13:20:19.558239419
9,2314.2,2,2314.3,13:20:19.558362635
9,2314.2,2,2314.3,13:20:19.558372826
7,2314.2,2,2314.3,13:20:19.558391275
7,2314.2,3,2314.3,13:20:19.558544952
6,2314.2,3,2314.3,13:20:19.558608956
5,2314.2,3,2314.3,13:20:19.558676103
4,2314.2,3,2314.3,13:20:19.595715907
4,2314.2,3,2314.3,13:20:19.595845880
4,2314.2,3,2314.3,13:20:19.795715526
4,2314.2,2,2314.3,13:20:19.808193347
4,2314.2,1,2314.3,13:20:20.062832529
4,2314.2,2,2314.3,13:20:20.557066345
4,2314.2,3,2314.3,13:20:20.920551305
4,2314.2,4,2314.3,13:20:20.920682025
3,2314.2,4,2314.3,13:20:20.920931337
3,2314.2,4,2314.3,13:20:20.921740814
3,2314.2,4,2314.3,13:20:20.921740814
3,2314.2,3,2314.3,13:20:20.921823343
3,2314.2,7,2314.3,13:20:20.924036626
7,2314.1,7,2314.3,13:20:20.924283579
7,2314.1,7,2314.3,13:20:20.924283579
7,2314.1,1,2314.2,13:20:20.924465931
7,2314.1,1,2314.2,13:20:20.924563511
7,2314.1,1,2314.2,13:20:20.924672348
7,2314.1,1,2314.2,13:20:20.924686527
7,2314.1,1,2314.2,13:20:20.924701222
6,2314.1,1,2314.2,13:20:20.924736125
6,2314.1,1,2314.2,13:20:20.924754516
6,2314.1,2,2314.2,13:20:20.924809759
6,2314.1,1,2314.2,13:20:20.924889075
6,2314.1,1,2314.2,13:20:20.924916625
6,2314.1,1,2314.2,13:20:20.924930795
6,2314.1,1,2314.2,13:20:20.924955672
6,2314.1,1,2314.2,13:20:20.924984681
6,2314.1,1,2314.2,13:20:20.924984681
6,2314.1,1,2314.2,13:20:20.925015692
5,2314.1,1,2314.2,13:20:20.925052964
5,2314.1,9,2314.3,13:20:20.925075812
5,2314.1,9,2314.3,13:20:20.925075812
5,2314.1,9,2314.3,13:20:20.925099000
5,2314.1,9,2314.3,13:20:20.925142089
5,2314.1,9,2314.3,13:20:20.925157951
5,2314.1,9,2314.3,13:20:20.925190038
4,2314.1,9,2314.3,13:20:20.925234046
4,2314.1,9,2314.3,13:20:20.925239809
4,2314.1,9,2314.3,13:20:20.925268988
4,2314.1,9,2314.3,13:20:20.925268988
4,2314.1,9,2314.3,13:20:20.925320425
4,2314.1,9,2314.3,13:20:20.925320425
5,2314.1,9,2314.3,13:20:20.925375409
5,2314.1,9,2314.3,13:20:20.938214049
5,2314.1,8,2314.3,13:20:20.990259149
6,2314.1,8,2314.3,13:20:20.990390282
6,2314.1,7,2314.3,13:20:20.990564980
6,2314.1,7,2314.3,13:20:21.036067470
6,2314.1,8,2314.3,13:20:21.049178480
6,2314.1,1,2314.2,13:20:21.049351289
5,2314.1,1,2314.2,13:20:21.049396274
5,2314.1,1,2314.2,13:20:21.049476381
4,2314.1,1,2314.2,13:20:21.049563947
4,2314.1,9,2314.3,13:20:21.057449514
4,2314.1,9,2314.3,13:20:21.057449514
5,2314.1,9,2314.3,13:20:21.888207868
8,2314.1,9,2314.3,13:20:22.156381308
1,2314.2,9,2314.3,13:20:22.156530613
1,2314.2,8,2314.3,13:20:22.156555785
1,2314.2,7,2314.3,13:20:22.157018585
2,2314.2,7,2314.3,13:20:22.157091431
2,2314.2,6,2314.3,13:20:22.157105022
2,2314.2,5,2314.3,13:20:22.157136907
2,2314.2,4,2314.3,13:20:22.157193917
3,2314.2,4,2314.3,13:20:22.157216989
3,2314.2,4,2314.3,13:20:22.157229523
4,2314.2,4,2314.3,13:20:22.157249869
4,2314.2,4,2314.3,13:20:22.157300357
4,2314.2,4,2314.3,13:20:22.164698656
5,2314.2,4,2314.3,13:20:22.267809612
5,2314.2,4,2314.3,13:20:22.267827731
6,2314.2,4,2314.3,13:20:22.267976323
6,2314.2,4,2314.3,13:20:22.268654519
5,2314.2,4,2314.3,13:20:22.268768444
5,2314.2,4,2314.3,13:20:23.038918327
4,2314.2,4,2314.3,13:20:23.039048451
3,2314.2,4,2314.3,13:20:23.053386049
2,2314.2,4,2314.3,13:20:23.053505861
3,2314.2,4,2314.3,13:20:23.057892380
4,2314.2,4,2314.3,13:20:23.082226663
3,2314.2,4,2314.3,13:20:23.099125976
2,2314.2,4,2314.3,13:20:23.099298887
1,2314.2,4,2314.3,13:20:23.145924222
1,2314.2,5,2314.3,13:20:23.146084068
1,2314.2,6,2314.3,13:20:23.146370589
10,2314.1,6,2314.3,13:20:23.321760807
10,2314.1,6,2314.3,13:20:23.321760807
10,2314.1,7,2314.3,13:20:23.321914071
9,2314.1,7,2314.3,13:20:23.321932062
9,2314.1,8,2314.3,13:20:24.005876112
9,2314.1,1,2314.2,13:20:24.036315355
9,2314.1,1,2314.2,13:20:24.036315355
9,2314.1,1,2314.2,13:20:24.036444254
9,2314.1,1,2314.2,13:20:24.036457776
9,2314.1,1,2314.2,13:20:24.037574369
9,2314.1,2,2314.2,13:20:24.958187125
8,2314.1,2,2314.2,13:20:24.958311777
8,2314.1,2,2314.2,13:20:25.377005866
8,2314.1,2,2314.2,13:20:25.377005866
8,2314.1,2,2314.2,13:20:26.269873191
8,2314.1,9,2314.3,13:20:27.360568726
8,2314.1,9,2314.3,13:20:27.360568726
1,2314.2,9,2314.3,13:20:27.360588118
2,2314.2,9,2314.3,13:20:27.360615054
2,2314.2,8,2314.3,13:20:27.360643060
2,2314.2,7,2314.3,13:20:27.360661787
1,2314.2,7,2314.3,13:20:27.360977582
1,2314.2,7,2314.3,13:20:27.361001723
1,2314.2,6,2314.3,13:20:27.361019929
1,2314.2,5,2314.3,13:20:27.361081917
1,2314.2,5,2314.3,13:20:27.361101511
1,2314.2,5,2314.3,13:20:27.361148561
1,2314.2,5,2314.3,13:20:27.361191868
1,2314.2,6,2314.3,13:20:27.361307099
2,2314.2,6,2314.3,13:20:27.362031453
3,2314.2,6,2314.3,13:20:27.362050807
4,2314.2,6,2314.3,13:20:27.362112933
5,2314.2,6,2314.3,13:20:27.362458025
4,2314.2,6,2314.3,13:20:27.363038952
3,2314.2,6,2314.3,13:20:27.363441219
4,2314.2,6,2314.3,13:20:27.370052005
4,2314.2,5,2314.3,13:20:27.370243414
5,2314.2,5,2314.3,13:20:27.373558088
5,2314.2,2,2314.3,13:20:27.433804538
5,2314.2,1,2314.3,13:20:27.433804538
5,2314.2,7,2314.4,13:20:27.433972347
5,2314.2,7,2314.4,13:20:27.433972347
5,2314.2,6,2314.4,13:20:27.434013711
1,2314.3,6,2314.4,13:20:27.434089580
1,2314.3,6,2314.4,13:20:27.434209427
1,2314.3,6,2314.4,13:20:27.434335829
1,2314.3,6,2314.4,13:20:27.434349948
1,2314.3,6,2314.4,13:20:27.434367526
1,2314.3,6,2314.4,13:20:27.434382140
1,2314.3,5,2314.4,13:20:27.434416630
1,2314.3,5,2314.4,13:20:27.434445978
1,2314.3,5,2314.4,13:20:27.434462846
1,2314.3,5,2314.4,13:20:27.434509746
1,2314.3,4,2314.4,13:20:27.434563389
1,2314.3,4,2314.4,13:20:27.434576756
1,2314.3,4,2314.4,13:20:27.442036823
1,2314.3,4,2314.4,13:20:27.545294747
8,2314.2,4,2314.4,13:20:27.545462187
8,2314.2,4,2314.4,13:20:27.545462187
8,2314.2,5,2314.4,13:20:27.545592626
7,2314.2,5,2314.4,13:20:27.545628774
7,2314.2,5,2314.4,13:20:27.545643628
7,2314.2,5,2314.4,13:20:27.545656540
8,2314.2,5,2314.4,13:20:27.595741771
8,2314.2,5,2314.4,13:20:27.595762578
8,2314.2,4,2314.4,13:20:27.595865799
8,2314.2,4,2314.4,13:20:27.595876702
1,2314.3,4,2314.4,13:20:27.722074157
2,2314.3,4,2314.4,13:20:27.722205184
2,2314.3,3,2314.4,13:20:27.722331990
2,2314.3,3,2314.4,13:20:28.068441927
2,2314.3,4,2314.4,13:20:29.053975644
1,2314.3,4,2314.4,13:20:29.054123813
9,2314.2,4,2314.4,13:20:29.054169878
9,2314.2,4,2314.4,13:20:29.054169878
9,2314.2,5,2314.4,13:20:29.054224068
9,2314.2,6,2314.4,13:20:29.054312387
9,2314.2,5,2314.4,13:20:29.054525958
9,2314.2,5,2314.4,13:20:29.070230679
9,2314.2,6,2314.4,13:20:29.434244940
8,2314.2,6,2314.4,13:20:29.434357191
8,2314.2,7,2314.4,13:20:29.434530923
7,2314.2,7,2314.4,13:20:29.434657726
7,2314.2,1,2314.3,13:20:29.434875512
6,2314.2,1,2314.3,13:20:29.434935008
6,2314.2,2,2314.3,13:20:29.435134001
6,2314.2,1,2314.3,13:20:29.435312720
6,2314.2,7,2314.4,13:20:29.435334573
6,2314.2,7,2314.4,13:20:29.435334573
6,2314.2,8,2314.4,13:20:29.435383157
6,2314.2,8,2314.4,13:20:29.435414867
5,2314.2,8,2314.4,13:20:29.435454369
5,2314.2,7,2314.4,13:20:29.435479739
5,2314.2,7,2314.4,13:20:29.435497080
5,2314.2,7,2314.4,13:20:29.435583600
5,2314.2,8,2314.4,13:20:29.439905281
5,2314.2,1,2314.3,13:20:29.442244137
5,2314.2,2,2314.3,13:20:29.442374112
5,2314.2,2,2314.3,13:20:29.442490087
5,2314.2,2,2314.3,13:20:29.546489350
5,2314.2,2,2314.3,13:20:29.547456598
4,2314.2,2,2314.3,13:20:29.595751287
4,2314.2,2,2314.3,13:20:29.795749018
3,2314.2,2,2314.3,13:20:30.022676202
3,2314.2,3,2314.3,13:20:30.022699536
3,2314.2,4,2314.3,13:20:30.022833539
2,2314.2,4,2314.3,13:20:30.022857341
1,2314.2,4,2314.3,13:20:30.022937988
1,2314.2,5,2314.3,13:20:30.023149408
1,2314.2,5,2314.3,13:20:30.033224916
1,2314.2,4,2314.3,13:20:30.033398363
1,2314.2,4,2314.3,13:20:30.033518602
2,2314.2,4,2314.3,13:20:30.181817166
1,2314.2,4,2314.3,13:20:30.182372665
2,2314.2,4,2314.3,13:20:31.232765573
3,2314.2,4,2314.3,13:20:31.232938689
3,2314.2,3,2314.3,13:20:31.232992406
3,2314.2,2,2314.3,13:20:31.233012186
3,2314.2,1,2314.3,13:20:31.240642106
3,2314.2,2,2314.3,13:20:32.070085514
2,2314.2,2,2314.3,13:20:32.070250780
2,2314.2,3,2314.3,13:20:32.070270653
1,2314.2,3,2314.3,13:20:32.070331745
1,2314.2,4,2314.3,13:20:32.070351487
1,2314.2,5,2314.3,13:20:32.070553651
1,2314.2,4,2314.3,13:20:32.077694019
2,2314.2,4,2314.3,13:20:32.654536143
1,2314.2,4,2314.3,13:20:33.043677655
1,2314.2,4,2314.3,13:20:33.196301873
2,2314.2,4,2314.3,13:20:33.892723406
2,2314.2,3,2314.3,13:20:33.892850567
2,2314.2,4,2314.3,13:20:35.731451659
2,2314.2,4,2314.3,13:20:35.731451659
2,2314.2,5,2314.3,13:20:36.397869855
2,2314.2,4,2314.3,13:20:36.615188904
2,2314.2,4,2314.3,13:20:37.112316453
2,2314.2,3,2314.3,13:20:38.928766538
3,2314.2,3,2314.3,13:20:38.928795098
3,2314.2,2,2314.3,13:20:38.928817685
4,2314.2,2,2314.3,13:20:38.928835397
5,2314.2,2,2314.3,13:20:38.928910890
5,2314.2,2,2314.3,13:20:38.929452303
5,2314.2,7,2314.4,13:20:38.930659105
5,2314.2,7,2314.4,13:20:38.930659105
1,2314.3,7,2314.4,13:20:38.930729327
1,2314.3,6,2314.4,13:20:38.930804013
2,2314.3,6,2314.4,13:20:38.930916294
2,2314.3,5,2314.4,13:20:38.930916294
2,2314.3,5,2314.4,13:20:38.930919996
2,2314.3,5,2314.4,13:20:38.930931324
2,2314.3,5,2314.4,13:20:38.930931324
2,2314.3,5,2314.4,13:20:38.930955511
2,2314.3,4,2314.4,13:20:38.930975121
2,2314.3,4,2314.4,13:20:38.931044280
2,2314.3,4,2314.4,13:20:38.931073439
2,2314.3,3,2314.4,13:20:38.931093772
1,2314.3,3,2314.4,13:20:38.931118828
1,2314.3,3,2314.4,13:20:38.931440778
1,2314.3,3,2314.4,13:20:38.931460094
1,2314.3,3,2314.4,13:20:38.931478039
2,2314.3,3,2314.4,13:20:38.931710908
2,2314.3,3,2314.4,13:20:38.931861830
2,2314.3,3,2314.4,13:20:38.937791130
3,2314.3,3,2314.4,13:20:38.939000210
3,2314.3,2,2314.4,13:20:38.939020726
3,2314.3,1,2314.4,13:20:38.939131964
3,2314.3,1,2314.4,13:20:38.939152108
3,2314.3,1,2314.4,13:20:38.995778924
3,2314.3,1,2314.4,13:20:38.995791791
3,2314.3,1,2314.4,13:20:39.038891131
4,2314.3,1,2314.4,13:20:39.224317358
4,2314.3,1,2314.4,13:20:39.224317358
5,2314.3,1,2314.4,13:20:40.669386562
5,2314.3,8,2314.5,13:20:40.669678993
5,2314.3,8,2314.5,13:20:40.669678993
6,2314.3,8,2314.5,13:20:40.670041622
6,2314.3,8,2314.5,13:20:40.670051292
6,2314.3,8,2314.5,13:20:40.670051292
7,2314.3,8,2314.5,13:20:40.670051292
8,2314.3,8,2314.5,13:20:40.670340437
8,2314.3,8,2314.5,13:20:40.670363004
8,2314.3,8,2314.5,13:20:40.670610977
8,2314.3,8,2314.5,13:20:40.670610977
8,2314.3,8,2314.5,13:20:40.673123853
7,2314.3,8,2314.5,13:20:40.680557383
7,2314.3,8,2314.5,13:20:40.698780547
8,2314.3,8,2314.5,13:20:40.795785019
8,2314.3,8,2314.5,13:20:40.795801657
8,2314.3,7,2314.5,13:20:40.795898539
1,2314.4,7,2314.5,13:20:40.795934673
2,2314.4,7,2314.5,13:20:40.796044675
2,2314.4,7,2314.5,13:20:40.796111989
2,2314.4,6,2314.5,13:20:40.796132185
2,2314.4,6,2314.5,13:20:40.796146569
2,2314.4,6,2314.5,13:20:40.796160237
2,2314.4,5,2314.5,13:20:40.796186211
2,2314.4,4,2314.5,13:20:40.796236373
3,2314.4,4,2314.5,13:20:40.796287219
4,2314.4,4,2314.5,13:20:40.796467154
4,2314.4,3,2314.5,13:20:40.796574025
4,2314.4,3,2314.5,13:20:40.796857595
4,2314.4,3,2314.5,13:20:40.796857595
3,2314.4,3,2314.5,13:20:40.914281122
2,2314.4,3,2314.5,13:20:40.914651681
2,2314.4,2,2314.5,13:20:41.040951035
3,2314.4,2,2314.5,13:20:41.041100420
4,2314.4,2,2314.5,13:20:41.895040959
5,2314.4,2,2314.5,13:20:41.895071098
5,2314.4,1,2314.5,13:20:41.895263971
5,2314.4,1,2314.5,13:20:41.895402234
5,2314.4,7,2314.6,13:20:41.895871523
5,2314.4,7,2314.6,13:20:41.895871523
6,2314.4,7,2314.6,13:20:41.896356903
6,2314.4,7,2314.6,13:20:41.896371402
6,2314.4,6,2314.6,13:20:41.896387489
6,2314.4,6,2314.6,13:20:41.896400529
6,2314.4,6,2314.6,13:20:41.896413588
6,2314.4,6,2314.6,13:20:41.896430974
6,2314.4,5,2314.6,13:20:41.896448907
6,2314.4,5,2314.6,13:20:41.896461266
6,2314.4,4,2314.5,13:20:41.900460886
5,2314.4,4,2314.5,13:20:41.900659780
4,2314.4,4,2314.5,13:20:41.900696552
4,2314.4,4,2314.5,13:20:41.900711419
3,2314.4,4,2314.5,13:20:41.900733170
2,2314.4,4,2314.5,13:20:41.900790810
1,2314.4,4,2314.5,13:20:41.900907535
1,2314.4,5,2314.5,13:20:41.900959722
1,2314.4,6,2314.5,13:20:41.901004906
1,2314.4,6,2314.5,13:20:41.901956196
1,2314.4,6,2314.5,13:20:41.905213881
1,2314.4,6,2314.5,13:20:41.911132986
1,2314.4,6,2314.5,13:20:42.133297583
2,2314.4,6,2314.5,13:20:42.225520917
2,2314.4,5,2314.5,13:20:42.225683189
2,2314.4,4,2314.5,13:20:42.225720150
3,2314.4,4,2314.5,13:20:42.225744755
4,2314.4,4,2314.5,13:20:42.663492328
2,2314.4,4,2314.5,13:20:43.601022779
1,2314.4,4,2314.5,13:20:43.601134345
1,2314.4,5,2314.5,13:20:43.601158042
1,2314.4,6,2314.5,13:20:43.601175194
8,2314.3,6,2314.5,13:20:43.601267833
8,2314.3,6,2314.5,13:20:43.601267833
8,2314.3,7,2314.5,13:20:43.601321041
7,2314.3,7,2314.5,13:20:43.601356001
7,2314.3,8,2314.5,13:20:43.601393203
7,2314.3,9,2314.5,13:20:43.601460343
7,2314.3,10,2314.5,13:20:43.601473303
6,2314.3,10,2314.5,13:20:43.601491297
6,2314.3,9,2314.5,13:20:43.601628135
6,2314.3,9,2314.5,13:20:43.601642951
6,2314.3,9,2314.5,13:20:43.616224599
6,2314.3,9,2314.5,13:20:43.715068825
6,2314.3,9,2314.5,13:20:44.693084794
6,2314.3,8,2314.5,13:20:44.693199823
6,2314.3,8,2314.5,13:20:45.710091434
5,2314.3,8,2314.5,13:20:46.152265606
5,2314.3,8,2314.5,13:20:46.152265606
5,2314.3,8,2314.5,13:20:46.152443779
5,2314.3,10,2314.5,13:20:46.152579324
5,2314.3,1,2314.4,13:20:46.152721413
5,2314.3,2,2314.4,13:20:46.152771274
4,2314.3,2,2314.4,13:20:46.152881219
4,2314.3,2,2314.4,13:20:46.152893302
3,2314.3,2,2314.4,13:20:46.152915613
2,2314.3,2,2314.4,13:20:46.152937844
2,2314.3,3,2314.4,13:20:46.152975403
2,2314.3,4,2314.4,13:20:46.153082992
1,2314.3,4,2314.4,13:20:46.153106301
1,2314.3,4,2314.4,13:20:46.153164718
1,2314.3,4,2314.4,13:20:46.164239262
1,2314.3,4,2314.4,13:20:46.264293686
1,2314.3,4,2314.4,13:20:46.265946365
2,2314.3,4,2314.4,13:20:46.719337176
2,2314.3,3,2314.4,13:20:46.719355206
3,2314.3,3,2314.4,13:20:46.719514070
3,2314.3,2,2314.4,13:20:46.719533714
4,2314.3,2,2314.4,13:20:46.719572396
5,2314.3,2,2314.4,13:20:46.719590596
4,2314.3,2,2314.4,13:20:46.719863641
4,2314.3,1,2314.4,13:20:46.719894358
4,2314.3,1,2314.4,13:20:46.719922601
4,2314.3,10,2314.5,13:20:46.720221585
4,2314.3,10,2314.5,13:20:46.720221585
3,2314.3,10,2314.5,13:20:46.720560628
3,2314.3,11,2314.5,13:20:46.720668195
4,2314.3,11,2314.5,13:20:46.720782498
5,2314.3,11,2314.5,13:20:46.759561524
5,2314.3,10,2314.5,13:20:46.851331037
5,2314.3,10,2314.5,13:20:48.071191449
5,2314.3,10,2314.5,13:20:48.071191449
5,2314.3,10,2314.5,13:20:48.263183394
5,2314.3,1,2314.4,13:20:50.076992195
4,2314.3,1,2314.4,13:20:50.151932178
3,2314.3,1,2314.4,13:20:50.152067345
2,2314.3,1,2314.4,13:20:50.195842191
2,2314.3,1,2314.4,13:20:50.276053870
2,2314.3,1,2314.4,13:20:50.395827443
3,2314.3,1,2314.4,13:20:50.507951923
4,2314.3,1,2314.4,13:20:50.507969773
4,2314.3,10,2314.5,13:20:50.508019221
4,2314.3,10,2314.5,13:20:50.508019221
5,2314.3,10,2314.5,13:20:50.508126201
4,2314.3,10,2314.5,13:20:50.508254883
5,2314.3,10,2314.5,13:20:50.522116248
6,2314.3,10,2314.5,13:20:50.902000330
6,2314.3,10,2314.5,13:20:50.902000330
6,2314.3,10,2314.5,13:20:51.011839379
6,2314.3,10,2314.5,13:20:51.462037462
6,2314.3,11,2314.5,13:20:51.597821762
6,2314.3,1,2314.4,13:20:51.608653862
5,2314.3,1,2314.4,13:20:51.608677511
5,2314.3,2,2314.4,13:20:51.608703681
4,2314.3,2,2314.4,13:20:51.608809533
12,2314.2,2,2314.4,13:20:51.609009831
12,2314.2,2,2314.4,13:20:51.609009831
12,2314.2,2,2314.4,13:20:51.609036264
11,2314.2,2,2314.4,13:20:51.609052315
11,2314.2,3,2314.4,13:20:51.609128953
11,2314.2,4,2314.4,13:20:51.609306125
11,2314.2,1,2314.3,13:20:51.609308886
11,2314.2,1,2314.3,13:20:51.609344583
11,2314.2,2,2314.3,13:20:51.609388104
10,2314.2,2,2314.3,13:20:51.609399688
10,2314.2,2,2314.3,13:20:51.609416002
9,2314.2,2,2314.3,13:20:51.609712421
9,2314.2,2,2314.3,13:20:51.609759843
9,2314.2,3,2314.3,13:20:51.609780653
9,2314.2,3,2314.3,13:20:51.609797719
10,2314.2,3,2314.3,13:20:51.609844673
10,2314.2,3,2314.3,13:20:51.609859874
9,2314.2,3,2314.3,13:20:51.609877170
8,2314.2,3,2314.3,13:20:51.609896700
8,2314.2,3,2314.3,13:20:51.609923517
8,2314.2,3,2314.3,13:20:51.609971316
8,2314.2,3,2314.3,13:20:51.609983111
8,2314.2,3,2314.3,13:20:51.609998718
7,2314.2,3,2314.3,13:20:51.610261280
7,2314.2,3,2314.3,13:20:51.610518204
7,2314.2,3,2314.3,13:20:51.617219651
7,2314.2,3,2314.3,13:20:51.617614376
6,2314.2,3,2314.3,13:20:51.633251050
6,2314.2,3,2314.3,13:20:51.633391267
6,2314.2,3,2314.3,13:20:51.633420439
6,2314.2,4,2314.3,13:20:51.633667641
6,2314.2,4,2314.3,13:20:51.633786135
6,2314.2,4,2314.3,13:20:51.635615648
6,2314.2,4,2314.3,13:20:51.790513377
5,2314.2,4,2314.3,13:20:51.795833171
10,2314.1,4,2314.3,13:20:51.796136678
10,2314.1,4,2314.3,13:20:51.796136678
10,2314.1,4,2314.3,13:20:51.796156306
10,2314.1,1,2314.2,13:20:51.796586575
10,2314.1,1,2314.2,13:20:51.796685434
10,2314.1,1,2314.2,13:20:51.796786128
10,2314.1,1,2314.2,13:20:51.796867176
9,2314.1,1,2314.2,13:20:51.796885054
9,2314.1,2,2314.2,13:20:51.796931545
9,2314.1,2,2314.2,13:20:51.796946201
9,2314.1,1,2314.2,13:20:51.797025566
9,2314.1,1,2314.2,13:20:51.797056754
9,2314.1,1,2314.2,13:20:51.797147505
9,2314.1,1,2314.2,13:20:51.797169473
7,2314.1,1,2314.2,13:20:51.797190079
7,2314.1,1,2314.2,13:20:51.797202747
7,2314.1,1,2314.2,13:20:51.797215692
7,2314.1,10,2314.3,13:20:51.797296931
7,2314.1,10,2314.3,13:20:51.797296931
1,2314.2,10,2314.3,13:20:51.797405743
1,2314.2,10,2314.3,13:20:51.797442438
7,2314.1,10,2314.3,13:20:51.797475041
7,2314.1,10,2314.3,13:20:51.797475041
7,2314.1,9,2314.3,13:20:51.797520443
7,2314.1,8,2314.3,13:20:51.797560959
7,2314.1,8,2314.3,13:20:51.797727529
7,2314.1,8,2314.3,13:20:51.797727529
7,2314.1,7,2314.3,13:20:51.797886579
1,2314.2,7,2314.3,13:20:51.797937725
2,2314.2,7,2314.3,13:20:51.797983905
1,2314.2,7,2314.3,13:20:51.798000350
2,2314.2,7,2314.3,13:20:51.798088208
2,2314.2,6,2314.3,13:20:51.798098500
2,2314.2,6,2314.3,13:20:51.798190165
2,2314.2,6,2314.3,13:20:51.798357267
2,2314.2,6,2314.3,13:20:51.798357267
2,2314.2,5,2314.3,13:20:51.798452792
2,2314.2,5,2314.3,13:20:51.808577751
2,2314.2,5,2314.3,13:20:51.995831416
3,2314.2,5,2314.3,13:20:52.023352967
3,2314.2,4,2314.3,13:20:52.023519886
3,2314.2,3,2314.3,13:20:52.023573187
4,2314.2,3,2314.3,13:20:52.230108011
4,2314.2,3,2314.3,13:20:52.230231460
3,2314.2,3,2314.3,13:20:52.230387569
6,2314.2,3,2314.3,13:20:52.281407102
6,2314.2,3,2314.3,13:20:52.281407102
6,2314.2,1,2314.3,13:20:52.281671159
6,2314.2,1,2314.3,13:20:52.281779237
6,2314.2,10,2314.4,13:20:52.281896046
6,2314.2,10,2314.4,13:20:52.281896046
6,2314.2,10,2314.4,13:20:52.281991900
7,2314.2,10,2314.4,13:20:52.282022317
7,2314.2,10,2314.4,13:20:52.282037422
7,2314.2,10,2314.4,13:20:52.289864057
7,2314.2,10,2314.4,13:20:52.300503756
3,2314.2,10,2314.4,13:20:52.300687629
3,2314.2,1,2314.3,13:20:52.300743694
3,2314.2,2,2314.3,13:20:52.300813056
3,2314.2,3,2314.3,13:20:52.300876862
3,2314.2,4,2314.3,13:20:52.300963823
3,2314.2,4,2314.3,13:20:52.301084802
2,2314.2,4,2314.3,13:20:52.301127116
2,2314.2,4,2314.3,13:20:52.301175543
2,2314.2,4,2314.3,13:20:52.301190202
3,2314.2,4,2314.3,13:20:52.301213687
3,2314.2,3,2314.3,13:20:52.301275852
3,2314.2,3,2314.3,13:20:52.301342468
3,2314.2,2,2314.3,13:20:52.301383205
3,2314.2,2,2314.3,13:20:52.301466630
3,2314.2,1,2314.3,13:20:52.301504676
4,2314.2,1,2314.3,13:20:52.301513555
4,2314.2,1,2314.3,13:20:52.394287714
3,2314.2,1,2314.3,13:20:52.963707812
3,2314.2,2,2314.3,13:20:52.963855141
2,2314.2,2,2314.3,13:20:52.963875410
3,2314.2,2,2314.3,13:20:52.964656241
4,2314.2,2,2314.3,13:20:52.964823460
4,2314.2,1,2314.3,13:20:52.964911751
4,2314.2,1,2314.3,13:20:52.980217612
3,2314.2,1,2314.3,13:20:53.105401357
3,2314.2,2,2314.3,13:20:53.105529562
3,2314.2,2,2314.3,13:20:53.328211912
3,2314.2,1,2314.3,13:20:54.392602747
3,2314.2,1,2314.3,13:20:54.394677888
3,2314.2,1,2314.3,13:20:54.404224169
3,2314.2,1,2314.3,13:20:54.878220083
3,2314.2,2,2314.3,13:20:55.670228035
3,2314.2,2,2314.3,13:20:55.821215235
3,2314.2,1,2314.3,13:20:55.821370880
3,2314.2,1,2314.3,13:20:55.834221645
4,2314.2,1,2314.3,13:20:56.154970868
5,2314.2,1,2314.3,13:20:56.154970868
5,2314.2,10,2314.4,13:20:56.154988516
5,2314.2,10,2314.4,13:20:56.154988516
6,2314.2,10,2314.4,13:20:56.155043081
1,2314.3,10,2314.4,13:20:56.155652817
1,2314.3,10,2314.4,13:20:56.155678521
1,2314.3,10,2314.4,13:20:56.155721523
1,2314.3,10,2314.4,13:20:56.155743216
1,2314.3,10,2314.4,13:20:56.155950165
1,2314.3,10,2314.4,13:20:56.155966724
1,2314.3,9,2314.4,13:20:56.156002230
9,2314.2,9,2314.4,13:20:56.156044675
9,2314.2,9,2314.4,13:20:56.156044675
9,2314.2,8,2314.4,13:20:56.156067773
9,2314.2,7,2314.4,13:20:56.156128108
8,2314.2,7,2314.4,13:20:56.156285666
8,2314.2,7,2314.4,13:20:56.163721717
9,2314.2,7,2314.4,13:20:56.195863051
9,2314.2,7,2314.4,13:20:56.195880743
9,2314.2,7,2314.4,13:20:56.195978649
9,2314.2,7,2314.4,13:20:56.393354626
9,2314.2,7,2314.4,13:20:56.638166774
9,2314.2,1,2314.3,13:20:57.634344718
8,2314.2,1,2314.3,13:20:57.634368741
7,2314.2,1,2314.3,13:20:57.634405494
7,2314.2,7,2314.4,13:20:57.634607488
7,2314.2,7,2314.4,13:20:57.634607488
6,2314.2,7,2314.4,13:20:57.634630750
6,2314.2,8,2314.4,13:20:57.634630750
5,2314.2,8,2314.4,13:20:57.634638878
5,2314.2,1,2314.3,13:20:57.634678459
4,2314.2,1,2314.3,13:20:57.634716419
5,2314.2,1,2314.3,13:20:57.634797454
6,2314.2,1,2314.3,13:20:57.634873981
7,2314.2,1,2314.3,13:20:57.634926973
7,2314.2,8,2314.4,13:20:57.634966405
7,2314.2,8,2314.4,13:20:57.634966405
7,2314.2,8,2314.4,13:20:57.645236241
1,2314.3,8,2314.4,13:20:57.763131109
1,2314.3,8,2314.4,13:20:57.763302872
1,2314.3,8,2314.4,13:20:57.763335513
1,2314.3,8,2314.4,13:20:57.763697341
1,2314.3,8,2314.4,13:20:57.764752307
2,2314.3,8,2314.4,13:20:57.771378789
2,2314.3,7,2314.4,13:20:57.771510891
2,2314.3,6,2314.4,13:20:57.771527893
2,2314.3,5,2314.4,13:20:57.771601193
2,2314.3,5,2314.4,13:20:57.771647073
2,2314.3,4,2314.4,13:20:57.771724064
3,2314.3,4,2314.4,13:20:57.814016783
3,2314.3,4,2314.4,13:20:57.814184107
4,2314.3,4,2314.4,13:20:57.814205839
4,2314.3,4,2314.4,13:20:57.814324062
4,2314.3,3,2314.4,13:20:57.814802382
4,2314.3,7,2314.5,13:20:57.814802382
4,2314.3,7,2314.5,13:20:57.814802382
4,2314.3,7,2314.5,13:20:57.814832814
2,2314.4,7,2314.5,13:20:57.814832814
2,2314.4,6,2314.5,13:20:57.814872877
3,2314.4,6,2314.5,13:20:57.814966587
4,2314.4,6,2314.5,13:20:57.814985489
4,2314.4,5,2314.5,13:20:57.815002047
4,2314.4,5,2314.5,13:20:57.815076134
5,2314.4,5,2314.5,13:20:57.815181170
5,2314.4,5,2314.5,13:20:57.815251786
5,2314.4,5,2314.5,13:20:57.815304747
6,2314.4,5,2314.5,13:20:57.815372031
6,2314.4,5,2314.5,13:20:57.815479810
6,2314.4,5,2314.5,13:20:57.815494594
6,2314.4,5,2314.5,13:20:57.815507993
6,2314.4,5,2314.5,13:20:57.815524726
6,2314.4,5,2314.5,13:20:57.815541351
6,2314.4,4,2314.5,13:20:57.815563684
6,2314.4,3,2314.5,13:20:57.815644051
6,2314.4,3,2314.5,13:20:57.815836400
6,2314.4,3,2314.5,13:20:57.815836400
6,2314.4,3,2314.5,13:20:57.816068001
6,2314.4,3,2314.5,13:20:57.816068001
6,2314.4,3,2314.5,13:20:57.828231938
6,2314.4,3,2314.5,13:20:57.864300871
6,2314.4,3,2314.5,13:20:57.995863660
6,2314.4,3,2314.5,13:20:57.995878148
6,2314.4,2,2314.5,13:20:58.394988421
4,2314.4,2,2314.5,13:20:58.395109435
4,2314.4,7,2314.6,13:20:58.395256065
4,2314.4,7,2314.6,13:20:58.395256065
4,2314.4,6,2314.6,13:20:58.395391995
5,2314.4,6,2314.6,13:20:58.395426081
5,2314.4,6,2314.6,13:20:58.395439384
5,2314.4,6,2314.6,13:20:58.395454722
5,2314.4,6,2314.6,13:20:58.395486444
6,2314.4,6,2314.6,13:20:58.395557012
6,2314.4,6,2314.6,13:20:58.395665005
6,2314.4,5,2314.6,13:20:58.395680918
6,2314.4,5,2314.6,13:20:58.395824614
7,2314.4,5,2314.6,13:20:58.395961238
1,2314.5,5,2314.6,13:20:58.396091870
1,2314.5,5,2314.6,13:20:58.396276793
1,2314.5,5,2314.6,13:20:58.396293555
1,2314.5,5,2314.6,13:20:58.403452656
8,2314.4,5,2314.6,13:20:58.404828038
8,2314.4,5,2314.6,13:20:58.404828038
7,2314.4,5,2314.6,13:20:58.404952770
7,2314.4,5,2314.6,13:20:58.404965141
7,2314.4,5,2314.6,13:20:58.413187105
7,2314.4,5,2314.6,13:20:58.957504673
7,2314.4,5,2314.6,13:20:58.957504673
1,2314.5,5,2314.6,13:20:59.049919267
2,2314.5,5,2314.6,13:20:59.049953709
2,2314.5,4,2314.6,13:20:59.050040438
2,2314.5,4,2314.6,13:20:59.050090569
2,2314.5,2,2314.6,13:20:59.050223397
2,2314.5,1,2314.6,13:20:59.050371989
2,2314.5,1,2314.6,13:20:59.050654414
2,2314.5,8,2314.7,13:20:59.053678002
2,2314.5,8,2314.7,13:20:59.053678002
2,2314.5,7,2314.7,13:20:59.053771956
1,2314.6,7,2314.7,13:20:59.053825741
1,2314.6,6,2314.7,13:20:59.053862360
1,2314.6,6,2314.7,13:20:59.053862360
1,2314.6,6,2314.7,13:20:59.054077379
1,2314.6,6,2314.7,13:20:59.054117953
2,2314.6,6,2314.7,13:20:59.054198636
2,2314.6,6,2314.7,13:20:59.054236634
2,2314.6,7,2314.7,13:20:59.054254026
1,2314.6,7,2314.7,13:20:59.054279694
1,2314.6,7,2314.7,13:20:59.054358061
1,2314.6,7,2314.7,13:20:59.054394500
1,2314.6,7,2314.7,13:20:59.054425204
1,2314.6,7,2314.7,13:20:59.054440219
1,2314.6,7,2314.7,13:20:59.054456546
1,2314.6,6,2314.7,13:20:59.054483813
1,2314.6,6,2314.7,13:20:59.054510137
7,2314.5,6,2314.7,13:20:59.054637506
7,2314.5,6,2314.7,13:20:59.054637506
7,2314.5,6,2314.7,13:20:59.054660787
6,2314.5,6,2314.7,13:20:59.054674547
6,2314.5,6,2314.7,13:20:59.054690422
6,2314.5,6,2314.7,13:20:59.054706263
5,2314.5,6,2314.7,13:20:59.055037522
5,2314.5,6,2314.7,13:20:59.055097342
4,2314.5,6,2314.7,13:20:59.055118946
4,2314.5,7,2314.7,13:20:59.055252776
4,2314.5,7,2314.7,13:20:59.055459593
5,2314.5,7,2314.7,13:20:59.101170488
5,2314.5,6,2314.7,13:20:59.180882003
5,2314.5,7,2314.7,13:20:59.535726002
5,2314.5,8,2314.7,13:20:59.535780589
4,2314.5,8,2314.7,13:20:59.536848438
4,2314.5,1,2314.6,13:20:59.536872953
3,2314.5,1,2314.6,13:20:59.536891482
3,2314.5,2,2314.6,13:20:59.537133822
3,2314.5,1,2314.6,13:20:59.537231636
4,2314.5,1,2314.6,13:20:59.537310117
5,2314.5,1,2314.6,13:20:59.537347337
5,2314.5,8,2314.7,13:20:59.537373283
5,2314.5,8,2314.7,13:20:59.537373283
5,2314.5,8,2314.7,13:20:59.537477172
5,2314.5,8,2314.7,13:20:59.542366625
4,2314.5,8,2314.7,13:20:59.549459633
4,2314.5,9,2314.7,13:20:59.672551773
3,2314.5,9,2314.7,13:20:59.672791867
3,2314.5,1,2314.6,13:20:59.672825817
3,2314.5,2,2314.6,13:20:59.672910903
2,2314.5,2,2314.6,13:20:59.672968076
2,2314.5,2,2314.6,13:20:59.672996329
2,2314.5,2,2314.6,13:20:59.673031949
2,2314.5,3,2314.6,13:20:59.673593260
2,2314.5,3,2314.6,13:20:59.795879825
2,2314.5,3,2314.6,13:20:59.795895150
2,2314.5,3,2314.6,13:20:59.930881012
1,2314.5,3,2314.6,13:20:59.932508530
2,2314.5,3,2314.6,13:20:59.980765106
2,2314.5,2,2314.6,13:20:59.980874724
3,2314.5,2,2314.6,13:21:00.435028371
3,2314.5,1,2314.6,13:21:00.435159852
3,2314.5,9,2314.7,13:21:00.435177491
3,2314.5,9,2314.7,13:21:00.435177491
4,2314.5,9,2314.7,13:21:00.435229246
4,2314.5,9,2314.7,13:21:00.544762650
4,2314.5,9,2314.7,13:21:01.031125682
5,2314.5,9,2314.7,13:21:01.300874442
4,2314.5,9,2314.7,13:21:01.315873456
5,2314.5,9,2314.7,13:21:02.408680783
4,2314.5,9,2314.7,13:21:02.472429164
4,2314.5,9,2314.7,13:21:02.749489631
5,2314.5,9,2314.7,13:21:02.757622393
5,2314.5,8,2314.7,13:21:02.757745116
6,2314.5,8,2314.7,13:21:02.757764793
1,2314.6,8,2314.7,13:21:02.757797171
1,2314.6,7,2314.7,13:21:02.757854094
1,2314.6,6,2314.7,13:21:02.757869013
1,2314.6,6,2314.7,13:21:02.757962401
7,2314.5,6,2314.7,13:21:02.758277633
7,2314.5,6,2314.7,13:21:02.758277633
6,2314.5,6,2314.7,13:21:02.758351609
5,2314.5,6,2314.7,13:21:02.758502478
5,2314.5,7,2314.7,13:21:02.758518258
6,2314.5,7,2314.7,13:21:02.808666874
4,2314.5,7,2314.7,13:21:03.483009259
3,2314.5,7,2314.7,13:21:03.483086617
3,2314.5,1,2314.6,13:21:03.483124976
3,2314.5,1,2314.6,13:21:03.483162958
4,2314.5,1,2314.6,13:21:03.483370572
3,2314.5,1,2314.6,13:21:03.483448205
3,2314.5,8,2314.7,13:21:03.483587443
3,2314.5,8,2314.7,13:21:03.483587443
3,2314.5,9,2314.7,13:21:03.485013111
3,2314.5,9,2314.7,13:21:03.485024913
3,2314.5,9,2314.7,13:21:03.485038516
2,2314.5,9,2314.7,13:21:03.485335856
2,2314.5,1,2314.6,13:21:03.485435036
2,2314.5,2,2314.6,13:21:03.485464780
1,2314.5,2,2314.6,13:21:03.485487107
1,2314.5,3,2314.6,13:21:03.485531483
1,2314.5,4,2314.6,13:21:03.485596713
1,2314.5,5,2314.6,13:21:03.485633715
1,2314.5,5,2314.6,13:21:03.485759349
1,2314.5,4,2314.6,13:21:03.485791203
1,2314.5,4,2314.6,13:21:03.595438524
8,2314.4,4,2314.6,13:21:03.758622421
8,2314.4,4,2314.6,13:21:03.758622421
8,2314.4,5,2314.6,13:21:03.758772526
8,2314.4,6,2314.6,13:21:03.758828975
7,2314.4,6,2314.6,13:21:03.758896746
7,2314.4,6,2314.6,13:21:03.758910974
7,2314.4,7,2314.6,13:21:03.759025280
7,2314.4,7,2314.6,13:21:03.759053993
6,2314.4,7,2314.6,13:21:03.759073978
6,2314.4,6,2314.6,13:21:03.769552916
6,2314.4,6,2314.6,13:21:03.814527716
6,2314.4,5,2314.6,13:21:04.862919984
6,2314.4,9,2314.6,13:21:04.864902226
6,2314.4,1,2314.5,13:21:04.865083880
5,2314.4,1,2314.5,13:21:04.865230747
4,2314.4,1,2314.5,13:21:04.865230747
3,2314.4,1,2314.5,13:21:04.865230747
3,2314.4,2,2314.5,13:21:04.865236904
3,2314.4,1,2314.5,13:21:04.866316999
3,2314.4,1,2314.5,13:21:04.866326651
2,2314.4,1,2314.5,13:21:04.866326651
2,2314.4,1,2314.5,13:21:04.866326651
2,2314.4,2,2314.5,13:21:04.866417044
2,2314.4,3,2314.5,13:21:04.866431226
8,2314.3,3,2314.5,13:21:04.866633406
8,2314.3,3,2314.5,13:21:04.866633406
8,2314.3,4,2314.5,13:21:04.866680949
8,2314.3,4,2314.5,13:21:04.866713446
8,2314.3,5,2314.5,13:21:04.866734976
8,2314.3,6,2314.5,13:21:04.866750941
8,2314.3,1,2314.4,13:21:04.866802049
7,2314.3,1,2314.4,13:21:04.867220628
7,2314.3,6,2314.5,13:21:04.867323180
7,2314.3,6,2314.5,13:21:04.867323180
7,2314.3,5,2314.5,13:21:04.867399857
1,2314.4,5,2314.5,13:21:04.867425806
1,2314.4,4,2314.5,13:21:04.867465154
2,2314.4,4,2314.5,13:21:04.867881469
2,2314.4,3,2314.5,13:21:04.867888372
2,2314.4,2,2314.5,13:21:04.867938895
3,2314.4,2,2314.5,13:21:04.867960079
3,2314.4,2,2314.5,13:21:04.868025357
3,2314.4,3,2314.5,13:21:04.868046856
3,2314.4,2,2314.5,13:21:04.868067774
2,2314.4,2,2314.5,13:21:04.868087797
1,2314.4,2,2314.5,13:21:04.868144710
1,2314.4,3,2314.5,13:21:04.868239563
1,2314.4,4,2314.5,13:21:04.868258037
1,2314.4,4,2314.5,13:21:04.868290147
1,2314.4,4,2314.5,13:21:04.868306454
1,2314.4,4,2314.5,13:21:04.868321904
1,2314.4,4,2314.5,13:21:04.868362583
1,2314.4,4,2314.5,13:21:04.868439548
1,2314.4,5,2314.5,13:21:04.868597008
1,2314.4,4,2314.5,13:21:04.868651411
1,2314.4,3,2314.5,13:21:04.868680177
1,2314.4,2,2314.5,13:21:04.868800393
1,2314.4,1,2314.5,13:21:04.868829440
1,2314.4,1,2314.5,13:21:04.868865134
1,2314.4,1,2314.5,13:21:04.868880319
4,2314.3,1,2314.5,13:21:04.868920101
4,2314.3,1,2314.5,13:21:04.868920101
4,2314.3,2,2314.5,13:21:04.869004011
4,2314.3,3,2314.5,13:21:04.869027355
4,2314.3,1,2314.4,13:21:04.869386520
4,2314.3,1,2314.4,13:21:04.869472363
4,2314.3,1,2314.4,13:21:04.869490724
4,2314.3,5,2314.5,13:21:04.869513285
4,2314.3,5,2314.5,13:21:04.869513285
4,2314.3,6,2314.5,13:21:04.869618826
5,2314.3,6,2314.5,13:21:04.869677157
5,2314.3,7,2314.5,13:21:04.869710140
5,2314.3,8,2314.5,13:21:04.869724015
5,2314.3,8,2314.5,13:21:04.869777415
5,2314.3,8,2314.5,13:21:04.869793450
6,2314.3,8,2314.5,13:21:04.869831672
5,2314.3,8,2314.5,13:21:04.869888998
7,2314.3,8,2314.5,13:21:04.869905939
7,2314.3,7,2314.5,13:21:04.869997362
7,2314.3,6,2314.5,13:21:04.870105465
7,2314.3,5,2314.5,13:21:04.870227911
7,2314.3,5,2314.5,13:21:04.874958700
7,2314.3,5,2314.5,13:21:04.882230025
6,2314.3,5,2314.5,13:21:05.468784477
6,2314.3,6,2314.5,13:21:05.468917133
6,2314.3,6,2314.5,13:21:05.551873683
6,2314.3,6,2314.5,13:21:05.594425895
6,2314.3,5,2314.5,13:21:05.813065695
7,2314.3,5,2314.5,13:21:05.813642740
6,2314.3,5,2314.5,13:21:05.813941274
5,2314.3,5,2314.5,13:21:08.433695056
5,2314.3,1,2314.4,13:21:08.433806658
5,2314.3,1,2314.4,13:21:08.434297862
5,2314.3,6,2314.5,13:21:08.434469450
5,2314.3,6,2314.5,13:21:08.434469450
6,2314.3,6,2314.5,13:21:08.434575998
1,2314.4,6,2314.5,13:21:08.434626291
1,2314.4,5,2314.5,13:21:08.434717528
2,2314.4,5,2314.5,13:21:08.434765635
2,2314.4,4,2314.5,13:21:08.434798182
2,2314.4,4,2314.5,13:21:08.434814212
3,2314.4,4,2314.5,13:21:08.434836981
3,2314.4,3,2314.5,13:21:08.434896066
3,2314.4,2,2314.5,13:21:08.434932009
4,2314.4,2,2314.5,13:21:08.434953222
4,2314.4,1,2314.5,13:21:08.435044155
4,2314.4,13,2314.6,13:21:08.435066098
4,2314.4,13,2314.6,13:21:08.435066098
4,2314.4,13,2314.6,13:21:08.435090169
4,2314.4,12,2314.6,13:21:08.435144257
3,2314.4,12,2314.6,13:21:08.435262128
3,2314.4,12,2314.6,13:21:08.435488468
3,2314.4,12,2314.6,13:21:08.435520820
3,2314.4,11,2314.6,13:21:08.435551535
3,2314.4,11,2314.6,13:21:08.435565906
4,2314.4,11,2314.6,13:21:08.435773585
7,2314.4,11,2314.6,13:21:08.435899686
7,2314.4,11,2314.6,13:21:08.435929927
7,2314.4,7,2314.6,13:21:08.435980270
7,2314.4,4,2314.5,13:21:08.436075210
6,2314.4,4,2314.5,13:21:08.436340853
5,2314.4,4,2314.5,13:21:08.436425739
4,2314.4,4,2314.5,13:21:08.436464043
3,2314.4,4,2314.5,13:21:08.436514051
3,2314.4,5,2314.5,13:21:08.436530963
3,2314.4,6,2314.5,13:21:08.436564205
3,2314.4,7,2314.5,13:21:08.437046580
3,2314.4,7,2314.5,13:21:08.437132271
3,2314.4,7,2314.5,13:21:08.437198778
3,2314.4,7,2314.5,13:21:08.437263743
6,2314.3,7,2314.5,13:21:08.437330608
6,2314.3,7,2314.5,13:21:08.437330608
6,2314.3,1,2314.4,13:21:08.437355626
6,2314.3,1,2314.4,13:21:08.437402613
6,2314.3,8,2314.5,13:21:08.437503735
6,2314.3,8,2314.5,13:21:08.437503735
6,2314.3,9,2314.5,13:21:08.437530472
6,2314.3,1,2314.4,13:21:08.437612412
5,2314.3,1,2314.4,13:21:08.437641802
5,2314.3,9,2314.5,13:21:08.437700587
5,2314.3,9,2314.5,13:21:08.437700587
5,2314.3,9,2314.5,13:21:08.437925583
4,2314.3,9,2314.5,13:21:08.437982196
4,2314.3,9,2314.5,13:21:08.438029227
4,2314.3,9,2314.5,13:21:08.438061755
4,2314.3,8,2314.5,13:21:08.438123210
4,2314.3,1,2314.4,13:21:08.438159588
4,2314.3,1,2314.4,13:21:08.438193285
4,2314.3,1,2314.4,13:21:08.438272838
4,2314.3,1,2314.4,13:21:08.444269036
5,2314.3,1,2314.4,13:21:08.444383471
5,2314.3,8,2314.5,13:21:08.444893167
5,2314.3,8,2314.5,13:21:08.444893167
6,2314.3,8,2314.5,13:21:08.444917075
6,2314.3,8,2314.5,13:21:08.449502297
6,2314.3,8,2314.5,13:21:08.455041903
7,2314.3,8,2314.5,13:21:08.459164493
7,2314.3,8,2314.5,13:21:08.548489035
7,2314.3,9,2314.5,13:21:08.548612315
7,2314.3,1,2314.4,13:21:08.548766375
6,2314.3,1,2314.4,13:21:08.548817926
5,2314.3,1,2314.4,13:21:08.548890291
5,2314.3,2,2314.4,13:21:08.555425240
4,2314.3,2,2314.4,13:21:08.559566072
4,2314.3,2,2314.4,13:21:08.639527345
2,2314.3,2,2314.4,13:21:08.653184519
8,2314.2,2,2314.4,13:21:08.653458788
8,2314.2,2,2314.4,13:21:08.653458788
7,2314.2,2,2314.4,13:21:08.653482661
7,2314.2,3,2314.4,13:21:08.653564031
7,2314.2,4,2314.4,13:21:08.653604074
7,2314.2,5,2314.4,13:21:08.653791751
7,2314.2,1,2314.3,13:21:08.653817211
7,2314.2,1,2314.3,13:21:08.653854888
7,2314.2,1,2314.3,13:21:08.654053206
7,2314.2,1,2314.3,13:21:08.654067280
7,2314.2,2,2314.3,13:21:08.654096020
7,2314.2,2,2314.3,13:21:08.654105255
7,2314.2,2,2314.3,13:21:08.654152180
7,2314.2,2,2314.3,13:21:08.654185580
6,2314.2,2,2314.3,13:21:08.654203958
6,2314.2,2,2314.3,13:21:08.654255540
5,2314.2,2,2314.3,13:21:08.654342376
5,2314.2,2,2314.3,13:21:08.654356803
5,2314.2,2,2314.3,13:21:08.654398317
4,2314.2,2,2314.3,13:21:08.654489340
4,2314.2,2,2314.3,13:21:08.661661027
4,2314.2,2,2314.3,13:21:08.661673290
4,2314.2,2,2314.3,13:21:08.809527210
4,2314.2,2,2314.3,13:21:08.832401170
4,2314.2,2,2314.3,13:21:08.839523595
4,2314.2,2,2314.3,13:21:08.839538664
4,2314.2,1,2314.3,13:21:08.876279553
4,2314.2,9,2314.4,13:21:08.876350227
4,2314.2,9,2314.4,13:21:08.876350227
5,2314.2,9,2314.4,13:21:08.876380218
5,2314.2,9,2314.4,13:21:08.876501907
6,2314.2,9,2314.4,13:21:08.876539808
6,2314.2,8,2314.4,13:21:08.876734506
7,2314.2,8,2314.4,13:21:08.898247498
7,2314.2,7,2314.4,13:21:08.970838852
7,2314.2,7,2314.4,13:21:10.011031121
7,2314.2,11,2314.4,13:21:10.011048075
7,2314.2,10,2314.4,13:21:10.011147876
7,2314.2,9,2314.4,13:21:10.011161498
7,2314.2,1,2314.3,13:21:10.011228107
6,2314.2,1,2314.3,13:21:10.011254780
6,2314.2,1,2314.3,13:21:10.012849084
5,2314.2,1,2314.3,13:21:10.012866352
5,2314.2,2,2314.3,13:21:10.012895715
4,2314.2,2,2314.3,13:21:10.020717848
4,2314.2,10,2314.4,13:21:11.874452676
4,2314.2,10,2314.4,13:21:11.874452676
5,2314.2,10,2314.4,13:21:11.874548704
6,2314.2,10,2314.4,13:21:11.875923938
7,2314.2,10,2314.4,13:21:11.875963213
8,2314.2,10,2314.4,13:21:11.875987830
7,2314.2,10,2314.4,13:21:11.876158663
8,2314.2,10,2314.4,13:21:11.901696221
8,2314.2,10,2314.4,13:21:11.985944958
7,2314.2,10,2314.4,13:21:13.684992086
6,2314.2,10,2314.4,13:21:13.685148887
4,2314.2,10,2314.4,13:21:13.764144557
4,2314.2,1,2314.3,13:21:13.764293318
4,2314.2,2,2314.3,13:21:13.764326759
3,2314.2,2,2314.3,13:21:13.764348414
3,2314.2,3,2314.3,13:21:13.764405142
2,2314.2,3,2314.3,13:21:13.767184174
2,2314.2,3,2314.3,13:21:13.767262875
2,2314.2,4,2314.3,13:21:13.767352888
1,2314.2,4,2314.3,13:21:13.767477859
1,2314.2,4,2314.3,13:21:13.767551391
6,2314.1,4,2314.3,13:21:13.767599337
6,2314.1,4,2314.3,13:21:13.767599337
6,2314.1,3,2314.3,13:21:13.767630441
6,2314.1,3,2314.3,13:21:13.767648007
1,2314.2,3,2314.3,13:21:13.767717406
1,2314.2,4,2314.3,13:21:13.767759961
1,2314.2,4,2314.3,13:21:13.767844991
5,2314.1,4,2314.3,13:21:13.767906828
5,2314.1,4,2314.3,13:21:13.767906828
4,2314.1,4,2314.3,13:21:13.768014773
4,2314.1,4,2314.3,13:21:13.768028527
4,2314.1,5,2314.3,13:21:13.768814415
4,2314.1,4,2314.3,13:21:13.768919995
4,2314.1,4,2314.3,13:21:13.768965669
5,2314.1,4,2314.3,13:21:13.768986095
6,2314.1,4,2314.3,13:21:13.769100462
6,2314.1,4,2314.3,13:21:13.776026271
6,2314.1,4,2314.3,13:21:13.776040272
6,2314.1,4,2314.3,13:21:13.776781900
6,2314.1,4,2314.3,13:21:13.788212113
6,2314.1,4,2314.3,13:21:13.788212113
6,2314.1,4,2314.3,13:21:13.869159540
6,2314.1,4,2314.3,13:21:13.987673379
6,2314.1,4,2314.3,13:21:14.491758262
6,2314.1,4,2314.3,13:21:16.614813657
1,2314.2,4,2314.3,13:21:17.629306409
2,2314.2,4,2314.3,13:21:17.629341018
2,2314.2,3,2314.3,13:21:17.629360784
2,2314.2,3,2314.3,13:21:17.629377425
3,2314.2,3,2314.3,13:21:17.629455222
3,2314.2,3,2314.3,13:21:17.629577371
3,2314.2,3,2314.3,13:21:17.629650493
3,2314.2,2,2314.3,13:21:17.629670017
3,2314.2,1,2314.3,13:21:17.629750933
3,2314.2,10,2314.4,13:21:17.629803338
3,2314.2,10,2314.4,13:21:17.629803338
3,2314.2,10,2314.4,13:21:17.629846772
1,2314.3,10,2314.4,13:21:17.630224037
2,2314.3,10,2314.4,13:21:17.630267238
2,2314.3,10,2314.4,13:21:17.630333339
2,2314.3,10,2314.4,13:21:17.630393072
2,2314.3,10,2314.4,13:21:17.630469428
2,2314.3,9,2314.4,13:21:17.630495221
3,2314.3,9,2314.4,13:21:17.630532876
3,2314.3,9,2314.4,13:21:17.630547074
3,2314.3,9,2314.4,13:21:17.630564025
3,2314.3,9,2314.4,13:21:17.630725619
1,2314.3,9,2314.4,13:21:17.630837061
1,2314.3,8,2314.4,13:21:17.631061002
1,2314.3,7,2314.4,13:21:17.631114782
1,2314.3,6,2314.4,13:21:17.631131778
1,2314.3,6,2314.4,13:21:17.631146917
1,2314.3,5,2314.4,13:21:17.631185454
1,2314.3,5,2314.4,13:21:17.631215945
7,2314.2,5,2314.4,13:21:17.631345148
7,2314.2,5,2314.4,13:21:17.631345148
6,2314.2,5,2314.4,13:21:17.631469957
6,2314.2,6,2314.4,13:21:17.631820543
6,2314.2,6,2314.4,13:21:17.631838572
6,2314.2,6,2314.4,13:21:17.638969196
6,2314.2,7,2314.4,13:21:17.642852402
6,2314.2,7,2314.4,13:21:17.642985450
6,2314.2,7,2314.4,13:21:17.643000388
6,2314.2,7,2314.4,13:21:17.745587325
6,2314.2,7,2314.4,13:21:17.853188017
2,2314.2,7,2314.4,13:21:19.032196151
2,2314.2,1,2314.3,13:21:19.032305128
2,2314.2,2,2314.3,13:21:19.032335731
1,2314.2,2,2314.3,13:21:19.032361939
1,2314.2,2,2314.3,13:21:19.032380980
1,2314.2,2,2314.3,13:21:19.032453957
1,2314.2,3,2314.3,13:21:19.032474492
1,2314.2,4,2314.3,13:21:19.032492457
1,2314.2,5,2314.3,13:21:19.032548682
1,2314.2,6,2314.3,13:21:19.032713268
1,2314.2,6,2314.3,13:21:19.032745131
9,2314.1,6,2314.3,13:21:19.032856317
9,2314.1,6,2314.3,13:21:19.032856317
8,2314.1,6,2314.3,13:21:19.032879393
8,2314.1,5,2314.3,13:21:19.033601311
8,2314.1,4,2314.3,13:21:19.033686248
7,2314.1,4,2314.3,13:21:19.033719752
7,2314.1,4,2314.3,13:21:19.033736415
7,2314.1,4,2314.3,13:21:19.033768985
1,2314.2,4,2314.3,13:21:19.033928716
1,2314.2,3,2314.3,13:21:19.033952934
7,2314.1,3,2314.3,13:21:19.034013192
7,2314.1,3,2314.3,13:21:19.034013192
1,2314.2,3,2314.3,13:21:19.034113644
2,2314.2,3,2314.3,13:21:19.034263855
2,2314.2,2,2314.3,13:21:19.034376747
2,2314.2,1,2314.3,13:21:19.034403500
2,2314.2,1,2314.3,13:21:19.034414573
2,2314.2,1,2314.3,13:21:19.034502619
2,2314.2,1,2314.3,13:21:19.034555462
3,2314.2,1,2314.3,13:21:19.034644990
2,2314.2,1,2314.3,13:21:19.034904096
2,2314.2,2,2314.3,13:21:19.035070941
2,2314.2,3,2314.3,13:21:19.035088196
1,2314.2,3,2314.3,13:21:19.035114241
8,2314.1,3,2314.3,13:21:19.035193523
8,2314.1,3,2314.3,13:21:19.035193523
8,2314.1,4,2314.3,13:21:19.035247822
8,2314.1,5,2314.3,13:21:19.035270027
5,2314.1,5,2314.3,13:21:19.035367238
4,2314.1,5,2314.3,13:21:19.035367238
4,2314.1,5,2314.3,13:21:19.035474791
3,2314.1,5,2314.3,13:21:19.035497998
2,2314.1,5,2314.3,13:21:19.035519970
2,2314.1,1,2314.2,13:21:19.035562012
2,2314.1,2,2314.2,13:21:19.035615627
2,2314.1,3,2314.2,13:21:19.035643295
1,2314.1,3,2314.2,13:21:19.035761217
1,2314.1,4,2314.2,13:21:19.035819161
1,2314.1,5,2314.2,13:21:19.035922005
11,2314.0,5,2314.2,13:21:19.036088920
11,2314.0,5,2314.2,13:21:19.036088920
11,2314.0,6,2314.2,13:21:19.036129941
10,2314.0,6,2314.2,13:21:19.036242776
10,2314.0,6,2314.2,13:21:19.036256482
10,2314.0,6,2314.2,13:21:19.036364564
10,2314.0,6,2314.2,13:21:19.036411007
10,2314.0,6,2314.2,13:21:19.036424911
10,2314.0,6,2314.2,13:21:19.036448364
10,2314.0,6,2314.2,13:21:19.036501578
1,2314.1,6,2314.2,13:21:19.036568862
1,2314.1,6,2314.2,13:21:19.036684902
10,2314.0,6,2314.2,13:21:19.036728587
10,2314.0,6,2314.2,13:21:19.036728587
10,2314.0,6,2314.2,13:21:19.036843617
11,2314.0,6,2314.2,13:21:19.036929340
11,2314.0,6,2314.2,13:21:19.037038065
11,2314.0,5,2314.2,13:21:19.037100713
11,2314.0,5,2314.2,13:21:19.038035824
11,2314.0,5,2314.2,13:21:19.038035824
12,2314.0,5,2314.2,13:21:19.038094446
1,2314.1,5,2314.2,13:21:19.038223968
1,2314.1,4,2314.2,13:21:19.038248516
2,2314.1,4,2314.2,13:21:19.038310897
2,2314.1,3,2314.2,13:21:19.038343378
2,2314.1,3,2314.2,13:21:19.038354431
3,2314.1,3,2314.2,13:21:19.038490585
2,2314.1,3,2314.2,13:21:19.038547965
2,2314.1,3,2314.2,13:21:19.039580443
2,2314.1,3,2314.2,13:21:19.039594975
2,2314.1,3,2314.2,13:21:19.040441997
2,2314.1,3,2314.2,13:21:19.043227301
1,2314.1,3,2314.2,13:21:19.071518028
12,2314.0,3,2314.2,13:21:19.071643197
12,2314.0,3,2314.2,13:21:19.071643197
12,2314.0,3,2314.2,13:21:19.071754905
12,2314.0,3,2314.2,13:21:19.071767970
12,2314.0,4,2314.2,13:21:19.074315427
12,2314.0,4,2314.2,13:21:19.074485276
12,2314.0,4,2314.2,13:21:19.074498067
12,2314.0,5,2314.2,13:21:19.092606302
12,2314.0,5,2314.2,13:21:19.098188776
11,2314.0,5,2314.2,13:21:19.259611304
11,2314.0,1,2314.1,13:21:19.259646617
11,2314.0,1,2314.1,13:21:19.259823495
11,2314.0,1,2314.1,13:21:19.259855300
11,2314.0,1,2314.1,13:21:19.259869166
10,2314.0,1,2314.1,13:21:19.259904283
10,2314.0,1,2314.1,13:21:19.259920069
10,2314.0,1,2314.1,13:21:19.259933477
10,2314.0,1,2314.1,13:21:19.259948358
10,2314.0,1,2314.1,13:21:19.259960003
9,2314.0,1,2314.1,13:21:19.260004669
9,2314.0,1,2314.1,13:21:19.260004669
8,2314.0,1,2314.1,13:21:19.260074245
8,2314.0,2,2314.1,13:21:19.260101872
7,2314.0,2,2314.1,13:21:19.260115197
7,2314.0,2,2314.1,13:21:19.260135533
6,2314.0,2,2314.1,13:21:19.260354037
6,2314.0,3,2314.1,13:21:19.271393917
6,2314.0,3,2314.1,13:21:19.360375391
6,2314.0,2,2314.1,13:21:19.360491205
6,2314.0,1,2314.1,13:21:19.360627060
6,2314.0,2,2314.1,13:21:19.520711018
6,2314.0,3,2314.1,13:21:19.520818023
6,2314.0,4,2314.1,13:21:19.520869925
6,2314.0,3,2314.1,13:21:19.521079890
6,2314.0,2,2314.1,13:21:19.521148285
6,2314.0,1,2314.1,13:21:19.521200020
6,2314.0,1,2314.1,13:21:19.745322287
7,2314.0,1,2314.1,13:21:20.445386918
7,2314.0,7,2314.2,13:21:20.445522533
7,2314.0,7,2314.2,13:21:20.445522533
7,2314.0,6,2314.2,13:21:20.445802977
8,2314.0,6,2314.2,13:21:20.445834455
8,2314.0,6,2314.2,13:21:20.445834455
8,2314.0,6,2314.2,13:21:20.445928813
8,2314.0,4,2314.1,13:21:20.447859450
8,2314.0,4,2314.1,13:21:20.448026321
8,2314.0,4,2314.1,13:21:20.448039963
7,2314.0,4,2314.1,13:21:20.448084322
7,2314.0,4,2314.1,13:21:20.448084322
7,2314.0,5,2314.1,13:21:20.448116374
8,2313.9,5,2314.1,13:21:20.448433507
8,2313.9,5,2314.1,13:21:20.448433507
7,2313.9,5,2314.1,13:21:20.448761196
7,2313.9,1,2314.0,13:21:20.448799411
7,2313.9,2,2314.0,13:21:20.448832301
7,2313.9,2,2314.0,13:21:20.448844586
7,2313.9,2,2314.0,13:21:20.448956647
7,2313.9,2,2314.0,13:21:20.448973521
7,2313.9,2,2314.0,13:21:20.449007729
7,2313.9,2,2314.0,13:21:20.449083818
7,2313.9,2,2314.0,13:21:20.449129956
7,2313.9,2,2314.0,13:21:20.449183067
7,2313.9,2,2314.0,13:21:20.449209506
7,2313.9,2,2314.0,13:21:20.449262346
7,2313.9,2,2314.0,13:21:20.449324424
6,2313.9,2,2314.0,13:21:20.449341340
6,2313.9,3,2314.0,13:21:20.449362348
6,2313.9,4,2314.0,13:21:20.449388208
6,2313.9,4,2314.0,13:21:20.449445626
6,2313.9,4,2314.0,13:21:20.449477985
6,2313.9,4,2314.0,13:21:20.449491499
6,2313.9,4,2314.0,13:21:20.449507682
5,2313.9,4,2314.0,13:21:20.449556291
5,2313.9,3,2314.0,13:21:20.449574560
5,2313.9,3,2314.0,13:21:20.449585568
4,2313.9,3,2314.0,13:21:20.449637047
4,2313.9,3,2314.0,13:21:20.449742426
4,2313.9,3,2314.0,13:21:20.449892032
4,2313.9,3,2314.0,13:21:20.450020120
4,2313.9,2,2314.0,13:21:20.450107934
4,2313.9,3,2314.0,13:21:20.450487699
3,2313.9,3,2314.0,13:21:20.450967081
3,2313.9,3,2314.0,13:21:20.450967081
2,2313.9,3,2314.0,13:21:20.451157736
3,2313.9,3,2314.0,13:21:20.451223454
3,2313.9,3,2314.0,13:21:20.451437487
3,2313.9,2,2314.0,13:21:20.451550619
4,2313.9,2,2314.0,13:21:20.452602932
4,2313.9,1,2314.0,13:21:20.452769959
5,2313.9,1,2314.0,13:21:20.452798462
5,2313.9,1,2314.0,13:21:20.452814827
6,2313.9,1,2314.0,13:21:20.452879311
7,2313.9,1,2314.0,13:21:20.452911316
7,2313.9,8,2314.1,13:21:20.452938404
7,2313.9,8,2314.1,13:21:20.452938404
8,2313.9,8,2314.1,13:21:20.453002885
8,2313.9,8,2314.1,13:21:20.453002885
8,2313.9,7,2314.1,13:21:20.453182605
7,2313.9,7,2314.1,13:21:20.453202195
7,2313.9,6,2314.1,13:21:20.453217818
7,2313.9,6,2314.1,13:21:20.453233517
7,2313.9,6,2314.1,13:21:20.458236943
7,2313.9,7,2314.1,13:21:20.461642177
7,2313.9,6,2314.1,13:21:20.463990471
7,2313.9,7,2314.1,13:21:21.141075737
6,2313.9,7,2314.1,13:21:21.141095750
7,2313.9,7,2314.1,13:21:21.141214997
7,2313.9,7,2314.1,13:21:21.141233164
7,2313.9,7,2314.1,13:21:21.141279123
7,2313.9,1,2314.0,13:21:21.166905208
6,2313.9,1,2314.0,13:21:21.166929040
5,2313.9,1,2314.0,13:21:21.166942483
4,2313.9,1,2314.0,13:21:21.167048533
4,2313.9,1,2314.0,13:21:21.167065324
4,2313.9,2,2314.0,13:21:21.167105744
3,2313.9,2,2314.0,13:21:21.167150398
3,2313.9,2,2314.0,13:21:21.167150398
2,2313.9,2,2314.0,13:21:21.167266560
2,2313.9,3,2314.0,13:21:21.167649448
3,2313.9,3,2314.0,13:21:21.167893692
4,2313.9,3,2314.0,13:21:21.168081309
4,2313.9,2,2314.0,13:21:21.168777234
4,2313.9,1,2314.0,13:21:21.168940360
4,2313.9,2,2314.0,13:21:21.176088036
3,2313.9,2,2314.0,13:21:21.176229925
2,2313.9,2,2314.0,13:21:21.178755371
3,2313.9,2,2314.0,13:21:21.183989918
4,2313.9,2,2314.0,13:21:21.184129429
4,2313.9,1,2314.0,13:21:21.227852209
5,2313.9,1,2314.0,13:21:21.229324197
5,2313.9,1,2314.0,13:21:21.229324197
5,2313.9,8,2314.1,13:21:21.250782608
5,2313.9,8,2314.1,13:21:21.250782608
6,2313.9,8,2314.1,13:21:21.250800446
7,2313.9,8,2314.1,13:21:21.250819284
8,2313.9,8,2314.1,13:21:21.250951753
8,2313.9,7,2314.1,13:21:21.250975041
8,2313.9,6,2314.1,13:21:21.691790937
7,2313.9,6,2314.1,13:21:21.737736572
7,2313.9,6,2314.1,13:21:21.746842519
7,2313.9,7,2314.1,13:21:21.835321478
7,2313.9,8,2314.1,13:21:21.835353647
6,2313.9,8,2314.1,13:21:21.835569073
6,2313.9,1,2314.0,13:21:21.835610679
5,2313.9,1,2314.0,13:21:21.835737188
5,2313.9,1,2314.0,13:21:21.835754920
4,2313.9,1,2314.0,13:21:21.835826075
4,2313.9,1,2314.0,13:21:21.835826075
4,2313.9,1,2314.0,13:21:21.837188328
4,2313.9,2,2314.0,13:21:21.843268924
4,2313.9,1,2314.0,13:21:21.886440580
4,2313.9,1,2314.0,13:21:21.886450264
5,2313.9,1,2314.0,13:21:21.886821295
5,2313.9,1,2314.0,13:21:21.886821295
4,2313.9,1,2314.0,13:21:21.887015843
4,2313.9,1,2314.0,13:21:21.887015843
9,2313.8,1,2314.0,13:21:21.924846630
9,2313.8,1,2314.0,13:21:21.924846630
9,2313.8,2,2314.0,13:21:21.924938932
9,2313.8,3,2314.0,13:21:21.924993926
9,2313.8,4,2314.0,13:21:21.925033146
9,2313.8,5,2314.0,13:21:21.925079235
9,2313.8,6,2314.0,13:21:21.925237796
9,2313.8,7,2314.0,13:21:21.925237796
9,2313.8,7,2314.0,13:21:21.925306354
9,2313.8,7,2314.0,13:21:21.925326009
9,2313.8,7,2314.0,13:21:21.925340723
9,2313.8,7,2314.0,13:21:21.925396839
9,2313.8,8,2314.0,13:21:21.925414523
9,2313.8,10,2314.0,13:21:21.925431889
9,2313.8,11,2314.0,13:21:21.925485139
9,2313.8,12,2314.0,13:21:21.925532013
8,2313.8,12,2314.0,13:21:21.925581137
8,2313.8,12,2314.0,13:21:21.925595934
8,2313.8,11,2314.0,13:21:21.925632560
7,2313.8,11,2314.0,13:21:21.925650755
7,2313.8,11,2314.0,13:21:21.925693796
7,2313.8,10,2314.0,13:21:21.925710075
7,2313.8,10,2314.0,13:21:21.925740206
7,2313.8,9,2314.0,13:21:21.925824679
7,2313.8,9,2314.0,13:21:21.926636058
7,2313.8,9,2314.0,13:21:21.926636058
7,2313.8,9,2314.0,13:21:21.933035666
8,2313.8,9,2314.0,13:21:22.065570972
8,2313.8,9,2314.0,13:21:22.179514593
8,2313.8,9,2314.0,13:21:22.317058549
7,2313.8,9,2314.0,13:21:23.584842505
2,2313.8,9,2314.0,13:21:23.584963657
2,2313.8,1,2313.9,13:21:23.584964981
2,2313.8,2,2313.9,13:21:23.585217208
2,2313.8,3,2313.9,13:21:23.585427803
3,2313.8,3,2313.9,13:21:23.585473359
3,2313.8,3,2313.9,13:21:23.585577733
3,2313.8,4,2313.9,13:21:23.585693358
3,2313.8,4,2313.9,13:21:23.585730747
3,2313.8,4,2313.9,13:21:23.585755317
1,2313.8,4,2313.9,13:21:23.585811376
2,2313.8,4,2313.9,13:21:23.585841684
1,2313.8,4,2313.9,13:21:23.585887774
1,2313.8,4,2313.9,13:21:23.586025556
1,2313.8,3,2313.9,13:21:23.586150567
1,2313.8,2,2313.9,13:21:23.586171540
1,2313.8,2,2313.9,13:21:23.586208344
2,2313.8,2,2313.9,13:21:23.586240819
2,2313.8,1,2313.9,13:21:23.586331165
1,2313.8,1,2313.9,13:21:23.586357217
8,2313.7,1,2313.9,13:21:23.586381253
8,2313.7,1,2313.9,13:21:23.586381253
1,2313.8,1,2313.9,13:21:23.586520023
2,2313.8,1,2313.9,13:21:23.586554501
3,2313.8,1,2313.9,13:21:23.586621754
3,2313.8,9,2314.0,13:21:23.586660622
3,2313.8,9,2314.0,13:21:23.586660622
4,2313.8,9,2314.0,13:21:23.586688146
5,2313.8,9,2314.0,13:21:23.586737273
6,2313.8,9,2314.0,13:21:23.586875276
7,2313.8,9,2314.0,13:21:23.586894800
8,2313.8,9,2314.0,13:21:23.586909004
9,2313.8,9,2314.0,13:21:23.586992494
9,2313.8,9,2314.0,13:21:23.587101504
9,2313.8,1,2313.9,13:21:23.587126410
9,2313.8,9,2314.0,13:21:23.587153781
9,2313.8,9,2314.0,13:21:23.587153781
9,2313.8,9,2314.0,13:21:23.587182536
9,2313.8,9,2314.0,13:21:23.587198479
9,2313.8,9,2314.0,13:21:23.587212482
10,2313.8,9,2314.0,13:21:23.587259242
10,2313.8,8,2314.0,13:21:23.587453470
10,2313.8,8,2314.0,13:21:23.587466578
9,2313.8,8,2314.0,13:21:23.587484261
1,2313.9,8,2314.0,13:21:23.587739794
1,2313.9,8,2314.0,13:21:23.587772470
1,2313.9,8,2314.0,13:21:23.587809205
1,2313.9,8,2314.0,13:21:23.587827920
1,2313.9,8,2314.0,13:21:23.587845114
1,2313.9,8,2314.0,13:21:23.587864425
1,2313.9,8,2314.0,13:21:23.588054621
1,2313.9,8,2314.0,13:21:23.588090731
1,2313.9,8,2314.0,13:21:23.588104824
8,2313.8,8,2314.0,13:21:23.588175664
8,2313.8,8,2314.0,13:21:23.588175664
8,2313.8,1,2313.9,13:21:23.588243601
8,2313.8,1,2313.9,13:21:23.588293970
8,2313.8,7,2314.0,13:21:23.588318288
8,2313.8,7,2314.0,13:21:23.588318288
7,2313.8,7,2314.0,13:21:23.588370526
7,2313.8,8,2314.0,13:21:23.588402110
7,2313.8,8,2314.0,13:21:23.588442168
6,2313.8,8,2314.0,13:21:23.588474550
6,2313.8,8,2314.0,13:21:23.588474550
6,2313.8,9,2314.0,13:21:23.588490124
5,2313.8,9,2314.0,13:21:23.588507516
5,2313.8,9,2314.0,13:21:23.593143271
5,2313.8,1,2313.9,13:21:23.593431459
4,2313.8,1,2313.9,13:21:23.618627866
4,2313.8,2,2313.9,13:21:23.618800046
3,2313.8,2,2313.9,13:21:23.618835531
3,2313.8,2,2313.9,13:21:23.745226767
3,2313.8,2,2313.9,13:21:23.813735348
3,2313.8,2,2313.9,13:21:23.829205152
3,2313.8,2,2313.9,13:21:23.829350822
10,2313.7,2,2313.9,13:21:24.009057698
10,2313.7,2,2313.9,13:21:24.009057698
10,2313.7,3,2313.9,13:21:24.009145773
10,2313.7,4,2313.9,13:21:24.009243090
10,2313.7,4,2313.9,13:21:24.009408012
10,2313.7,5,2313.9,13:21:24.009408012
10,2313.7,6,2313.9,13:21:24.009411414
10,2313.7,7,2313.9,13:21:24.009511503
9,2313.7,7,2313.9,13:21:24.009536527
9,2313.7,7,2313.9,13:21:24.009575020
9,2313.7,9,2313.9,13:21:24.009590499
9,2313.7,10,2313.9,13:21:24.009605821
9,2313.7,11,2313.9,13:21:24.009621252
9,2313.7,11,2313.9,13:21:24.009722532
9,2313.7,11,2313.9,13:21:24.009770803
9,2313.7,11,2313.9,13:21:24.009854786
9,2313.7,10,2313.9,13:21:24.009873123
9,2313.7,9,2313.9,13:21:24.010015666
9,2313.7,9,2313.9,13:21:24.010207980
9,2313.7,9,2313.9,13:21:24.010207980
8,2313.7,9,2313.9,13:21:24.025050143
1,2313.8,9,2313.9,13:21:24.026147121
1,2313.8,8,2313.9,13:21:24.026271297
8,2313.7,8,2313.9,13:21:24.026416273
8,2313.7,8,2313.9,13:21:24.026416273
8,2313.7,7,2313.9,13:21:24.026436688
7,2313.7,7,2313.9,13:21:24.026571034
7,2313.7,7,2313.9,13:21:24.026571034
8,2313.7,7,2313.9,13:21:24.257737493
8,2313.7,8,2313.9,13:21:24.258172661
9,2313.7,8,2313.9,13:21:24.258214661
9,2313.7,8,2313.9,13:21:24.258214661
8,2313.7,8,2313.9,13:21:24.258264647
8,2313.7,8,2313.9,13:21:24.850225010
8,2313.7,8,2313.9,13:21:25.744632003
3,2313.7,8,2313.9,13:21:26.571642864
3,2313.7,1,2313.8,13:21:26.571693789
3,2313.7,2,2313.8,13:21:26.571728466
2,2313.7,2,2313.8,13:21:26.571794770
2,2313.7,2,2313.8,13:21:26.571810621
2,2313.7,3,2313.8,13:21:26.571877579
2,2313.7,4,2313.8,13:21:26.571998193
2,2313.7,5,2313.8,13:21:26.572110031
2,2313.7,5,2313.8,13:21:26.572123667
2,2313.7,5,2313.8,13:21:26.572256086
2,2313.7,5,2313.8,13:21:26.572292362
2,2313.7,5,2313.8,13:21:26.572305968
1,2313.7,5,2313.8,13:21:26.572336170
1,2313.7,5,2313.8,13:21:26.572336170
1,2313.7,5,2313.8,13:21:26.572351841
2,2313.7,5,2313.8,13:21:26.572418732
2,2313.7,4,2313.8,13:21:26.572433853
1,2313.7,4,2313.8,13:21:26.572486822
1,2313.7,3,2313.8,13:21:26.572544503
1,2313.7,3,2313.8,13:21:26.572566436
1,2313.7,3,2313.8,13:21:26.572581612
1,2313.7,2,2313.8,13:21:26.572679758
1,2313.7,1,2313.8,13:21:26.572729276
2,2313.7,1,2313.8,13:21:26.572775853
3,2313.7,1,2313.8,13:21:26.572846424
4,2313.7,1,2313.8,13:21:26.572866117
5,2313.7,1,2313.8,13:21:26.573001518
6,2313.7,1,2313.8,13:21:26.573020606
6,2313.7,9,2313.9,13:21:26.573044290
6,2313.7,9,2313.9,13:21:26.573044290
5,2313.7,9,2313.9,13:21:26.573268003
6,2313.7,9,2313.9,13:21:26.573284724
6,2313.7,9,2313.9,13:21:26.573284724
6,2313.7,9,2313.9,13:21:26.782168900
6,2313.7,9,2313.9,13:21:27.083074058
6,2313.7,10,2313.9,13:21:27.083243833
2,2313.7,10,2313.9,13:21:28.241988994
2,2313.7,1,2313.8,13:21:28.242092125
2,2313.7,2,2313.8,13:21:28.242122389
1,2313.7,2,2313.8,13:21:28.242208185
1,2313.7,3,2313.8,13:21:28.242251790
1,2313.7,4,2313.8,13:21:28.242329795
1,2313.7,4,2313.8,13:21:28.242481167
1,2313.7,4,2313.8,13:21:28.242593880
1,2313.7,4,2313.8,13:21:28.242728042
1,2313.7,4,2313.8,13:21:28.242782916
1,2313.7,5,2313.8,13:21:28.242819699
10,2313.6,5,2313.8,13:21:28.243077752
10,2313.6,5,2313.8,13:21:28.243077752
10,2313.6,5,2313.8,13:21:28.243335303
10,2313.6,5,2313.8,13:21:28.243349108
10,2313.6,5,2313.8,13:21:28.243726558
10,2313.6,5,2313.8,13:21:28.243844609
11,2313.6,5,2313.8,13:21:28.244187842
11,2313.6,4,2313.8,13:21:28.244304622
1,2313.7,4,2313.8,13:21:28.244442915
1,2313.7,3,2313.8,13:21:28.246243694
2,2313.7,3,2313.8,13:21:28.246378849
2,2313.7,3,2313.8,13:21:28.246378849
1,2313.7,3,2313.8,13:21:28.247019672
10,2313.6,3,2313.8,13:21:28.247188421
10,2313.6,2,2313.7,13:21:28.247188421
10,2313.6,2,2313.7,13:21:28.247188421
10,2313.6,2,2313.7,13:21:28.247238985
10,2313.6,2,2313.7,13:21:28.247296094
10,2313.6,2,2313.7,13:21:28.247434135
9,2313.6,2,2313.7,13:21:28.247453559
9,2313.6,2,2313.7,13:21:28.247475240
8,2313.6,2,2313.7,13:21:28.247492744
8,2313.6,2,2313.7,13:21:28.247508382
8,2313.6,2,2313.7,13:21:28.247523826
7,2313.6,2,2313.7,13:21:28.247548832
7,2313.6,2,2313.7,13:21:28.247573056
7,2313.6,2,2313.7,13:21:28.247642196
6,2313.6,2,2313.7,13:21:28.247660296
5,2313.6,2,2313.7,13:21:28.247720041
5,2313.6,2,2313.7,13:21:28.247733325
5,2313.6,2,2313.7,13:21:28.247747303
5,2313.6,2,2313.7,13:21:28.247747303
4,2313.6,2,2313.7,13:21:28.247777373
4,2313.6,3,2313.7,13:21:28.247833167
3,2313.6,3,2313.7,13:21:28.247888656
3,2313.6,4,2313.7,13:21:28.247934411
3,2313.6,5,2313.7,13:21:28.247951655
3,2313.6,5,2313.7,13:21:28.248050941
3,2313.6,6,2313.7,13:21:28.248214365
2,2313.6,6,2313.7,13:21:28.248333625
11,2313.5,6,2313.7,13:21:28.248603999
11,2313.5,4,2313.7,13:21:28.248603999
11,2313.5,4,2313.7,13:21:28.248603999
11,2313.5,1,2313.6,13:21:28.248760283
11,2313.5,1,2313.6,13:21:28.248810310
11,2313.5,2,2313.6,13:21:28.248928648
11,2313.5,2,2313.6,13:21:28.248944661
11,2313.5,2,2313.6,13:21:28.248984662
11,2313.5,1,2313.6,13:21:28.249029069
12,2313.5,1,2313.6,13:21:28.249046904
12,2313.5,4,2313.7,13:21:28.249124566
12,2313.5,4,2313.7,13:21:28.249124566
12,2313.5,4,2313.7,13:21:28.249143062
12,2313.5,4,2313.7,13:21:28.249151574
12,2313.5,4,2313.7,13:21:28.249151574
11,2313.5,4,2313.7,13:21:28.249182851
11,2313.5,4,2313.7,13:21:28.249274485
11,2313.5,4,2313.7,13:21:28.249326684
11,2313.5,4,2313.7,13:21:28.249346007
10,2313.5,4,2313.7,13:21:28.249363386
10,2313.5,4,2313.7,13:21:28.249395330
10,2313.5,4,2313.7,13:21:28.249448838
10,2313.5,4,2313.7,13:21:28.250206098
10,2313.5,4,2313.7,13:21:28.251397626
10,2313.5,3,2313.7,13:21:28.254576781
1,2313.6,3,2313.7,13:21:28.254705222
1,2313.6,3,2313.7,13:21:28.254875779
1,2313.6,4,2313.7,13:21:28.256938394
1,2313.6,3,2313.7,13:21:28.258412526
1,2313.6,4,2313.7,13:21:28.260866550
10,2313.5,4,2313.7,13:21:28.261112929
10,2313.5,4,2313.7,13:21:28.261112929
10,2313.5,4,2313.7,13:21:28.263556038
10,2313.5,4,2313.7,13:21:28.263556038
10,2313.5,4,2313.7,13:21:28.311180279
10,2313.5,4,2313.7,13:21:28.311196216
10,2313.5,4,2313.7,13:21:28.311290545
10,2313.5,4,2313.7,13:21:28.358729740
6,2313.5,4,2313.7,13:21:28.586588489
6,2313.5,1,2313.6,13:21:28.586673479
6,2313.5,2,2313.6,13:21:28.586703723
6,2313.5,2,2313.6,13:21:28.586735686
6,2313.5,3,2313.6,13:21:28.586812457
6,2313.5,3,2313.6,13:21:28.586892827
6,2313.5,2,2313.6,13:21:28.586930976
6,2313.5,2,2313.6,13:21:28.586943526
6,2313.5,2,2313.6,13:21:28.586956682
6,2313.5,2,2313.6,13:21:28.587026866
6,2313.5,1,2313.6,13:21:28.587101942
6,2313.5,6,2313.7,13:21:28.587115268
6,2313.5,6,2313.7,13:21:28.587115268
6,2313.5,5,2313.7,13:21:28.587150830
5,2313.5,5,2313.7,13:21:28.587299556
5,2313.5,5,2313.7,13:21:28.587299556
5,2313.5,5,2313.7,13:21:28.587350136
6,2313.5,5,2313.7,13:21:28.587396240
6,2313.5,7,2313.7,13:21:28.587433165
6,2313.5,7,2313.7,13:21:28.587539740
6,2313.5,7,2313.7,13:21:28.618816471
6,2313.5,1,2313.6,13:21:28.618953225
6,2313.5,2,2313.6,13:21:28.618983620
4,2313.5,2,2313.6,13:21:28.619090256
4,2313.5,3,2313.6,13:21:28.619090256
4,2313.5,3,2313.6,13:21:28.619090256
3,2313.5,3,2313.6,13:21:28.619090256
3,2313.5,3,2313.6,13:21:28.619110106
1,2313.5,3,2313.6,13:21:28.619396028
7,2313.4,3,2313.6,13:21:28.619431664
7,2313.4,3,2313.6,13:21:28.619431664
7,2313.4,4,2313.6,13:21:28.619464769
7,2313.4,1,2313.5,13:21:28.619476375
6,2313.4,1,2313.5,13:21:28.619502648
6,2313.4,1,2313.5,13:21:28.619510171
6,2313.4,4,2313.6,13:21:28.619699545
6,2313.4,4,2313.6,13:21:28.619699545
5,2313.4,4,2313.6,13:21:28.619723273
5,2313.4,4,2313.6,13:21:28.619801080
5,2313.4,5,2313.6,13:21:28.619836508
4,2313.4,5,2313.6,13:21:28.619975186
4,2313.4,5,2313.6,13:21:28.620161871
1,2313.5,5,2313.6,13:21:28.620197667
1,2313.5,6,2313.6,13:21:28.620222774
1,2313.5,6,2313.6,13:21:28.620313871
1,2313.5,6,2313.6,13:21:28.620326553
1,2313.5,6,2313.6,13:21:28.620360166
1,2313.5,7,2313.6,13:21:28.620376641
1,2313.5,7,2313.6,13:21:28.620444760
1,2313.5,7,2313.6,13:21:28.620517827
1,2313.5,7,2313.6,13:21:28.620581953
1,2313.5,7,2313.6,13:21:28.620581953
1,2313.5,8,2313.6,13:21:28.620600370
1,2313.5,8,2313.6,13:21:28.620680765
1,2313.5,8,2313.6,13:21:28.620696983
1,2313.5,8,2313.6,13:21:28.620729966
1,2313.5,8,2313.6,13:21:28.620785500
1,2313.5,8,2313.6,13:21:28.620785500
1,2313.5,8,2313.6,13:21:28.620868448
1,2313.5,8,2313.6,13:21:28.620916184
1,2313.5,8,2313.6,13:21:28.620989130
1,2313.5,7,2313.6,13:21:28.621062648
1,2313.5,7,2313.6,13:21:28.621079307
1,2313.5,6,2313.6,13:21:28.621114588
1,2313.5,6,2313.6,13:21:28.621202350
1,2313.5,5,2313.6,13:21:28.621221121
8,2313.4,5,2313.6,13:21:28.621362004
8,2313.4,5,2313.6,13:21:28.621362004
8,2313.4,1,2313.5,13:21:28.621483773
8,2313.4,2,2313.5,13:21:28.621514862
7,2313.4,2,2313.5,13:21:28.621575836
7,2313.4,1,2313.5,13:21:28.621612233
6,2313.4,1,2313.5,13:21:28.621623776
6,2313.4,2,2313.5,13:21:28.621702677
6,2313.4,1,2313.5,13:21:28.621753909
5,2313.4,1,2313.5,13:21:28.621768953
5,2313.4,2,2313.5,13:21:28.621961412
5,2313.4,1,2313.5,13:21:28.622018241
4,2313.4,1,2313.5,13:21:28.622031973
4,2313.4,1,2313.5,13:21:28.622159063
4,2313.4,5,2313.6,13:21:28.622222697
4,2313.4,5,2313.6,13:21:28.622222697
3,2313.4,5,2313.6,13:21:28.622248979
4,2313.4,5,2313.6,13:21:28.622463009
5,2313.4,5,2313.6,13:21:28.622477297
6,2313.4,5,2313.6,13:21:28.622544501
1,2313.5,5,2313.6,13:21:28.622592499
1,2313.5,5,2313.6,13:21:28.622609747
1,2313.5,5,2313.6,13:21:28.622674174
1,2313.5,5,2313.6,13:21:28.622692933
1,2313.5,5,2313.6,13:21:28.622724502
2,2313.5,5,2313.6,13:21:28.622760650
1,2313.5,5,2313.6,13:21:28.630812636
8,2313.4,5,2313.6,13:21:28.630929416
8,2313.4,5,2313.6,13:21:28.630929416
8,2313.4,5,2313.6,13:21:28.631054392
8,2313.4,5,2313.6,13:21:28.631219010
7,2313.4,5,2313.6,13:21:28.633471874
6,2313.4,5,2313.6,13:21:28.633563796
6,2313.4,1,2313.5,13:21:28.633619873
5,2313.4,1,2313.5,13:21:28.633787298
5,2313.4,1,2313.5,13:21:28.633803555
5,2313.4,6,2313.6,13:21:28.633918853
5,2313.4,6,2313.6,13:21:28.633918853
5,2313.4,5,2313.6,13:21:28.634028058
5,2313.4,1,2313.5,13:21:28.648321246
5,2313.4,1,2313.5,13:21:28.648406246
5,2313.4,2,2313.5,13:21:28.648452142
4,2313.4,2,2313.5,13:21:28.648468500
4,2313.4,2,2313.5,13:21:28.648516104
4,2313.4,2,2313.5,13:21:28.648529202
4,2313.4,2,2313.5,13:21:28.648544694
4,2313.4,2,2313.5,13:21:28.648636395
4,2313.4,2,2313.5,13:21:28.648685714
4,2313.4,3,2313.5,13:21:28.648829260
4,2313.4,3,2313.5,13:21:28.648935817
3,2313.4,3,2313.5,13:21:28.649043152
3,2313.4,3,2313.5,13:21:28.656380711
3,2313.4,3,2313.5,13:21:28.809183845
3,2313.4,3,2313.5,13:21:28.813774840
3,2313.4,3,2313.5,13:21:29.036437231
3,2313.4,3,2313.5,13:21:29.527077845
3,2313.4,2,2313.5,13:21:29.527907054
3,2313.4,1,2313.5,13:21:29.527935812
4,2313.4,1,2313.5,13:21:29.527951877
4,2313.4,7,2313.6,13:21:29.528086350
4,2313.4,7,2313.6,13:21:29.528086350
5,2313.4,7,2313.6,13:21:29.528110549
6,2313.4,7,2313.6,13:21:29.528119806
6,2313.4,7,2313.6,13:21:29.528182866
1,2313.5,7,2313.6,13:21:29.528207126
1,2313.5,6,2313.6,13:21:29.528399335
1,2313.5,5,2313.6,13:21:29.528463112
1,2313.5,5,2313.6,13:21:29.528480083
1,2313.5,5,2313.6,13:21:29.528498579
1,2313.5,4,2313.6,13:21:29.528515754
1,2313.5,3,2313.6,13:21:29.528623384
1,2313.5,3,2313.6,13:21:29.536746995
1,2313.5,3,2313.6,13:21:29.556147598
2,2313.5,3,2313.6,13:21:29.709089924
3,2313.5,3,2313.6,13:21:29.709251091
3,2313.5,2,2313.6,13:21:29.709275054
3,2313.5,2,2313.6,13:21:29.709395513
2,2313.5,2,2313.6,13:21:29.710288821
2,2313.5,3,2313.6,13:21:29.795130065
1,2313.5,3,2313.6,13:21:29.795257386
1,2313.5,3,2313.6,13:21:29.795307441
7,2313.4,3,2313.6,13:21:29.795334091
7,2313.4,3,2313.6,13:21:29.795334091
7,2313.4,4,2313.6,13:21:29.795454776
7,2313.4,5,2313.6,13:21:29.795471073
8,2313.4,5,2313.6,13:21:29.795536620
7,2313.4,5,2313.6,13:21:29.809444572
6,2313.4,5,2313.6,13:21:29.859533308
6,2313.4,5,2313.6,13:21:29.974872037
10,2313.4,5,2313.6,13:21:30.487876373
10,2313.4,4,2313.6,13:21:30.488042563
1,2313.5,4,2313.6,13:21:30.488106327
2,2313.5,4,2313.6,13:21:30.488167605
2,2313.5,3,2313.6,13:21:30.488219190
3,2313.5,3,2313.6,13:21:30.488242170
