price,volume,timestamp
2340.3,4,12:30:00.047328253
2340.2,1,12:30:00.218100134
2340.3,2,12:30:00.450730674
2340.3,1,12:30:00.965528137
2340.2,5,12:30:00.971527132
2340.2,1,12:30:00.971576448
2340.2,1,12:30:00.971844016
2340.2,1,12:30:00.972040170
2340.2,1,12:30:00.972129887
2340.2,1,12:30:00.978181940
2340.2,1,12:30:00.981110893
2340.3,1,12:30:01.549363400
2340.3,1,12:30:01.549674546
2340.3,1,12:30:01.643092954
2340.3,1,12:30:01.986265004
2340.4,4,12:30:02.483861064
2340.4,1,12:30:02.484248884
2340.4,1,12:30:02.628393512
2340.5,3,12:30:03.005707580
2340.5,2,12:30:03.113657723
2340.5,2,12:30:03.255554504
2340.4,1,12:30:03.572644659
2340.4,1,12:30:04.640015167
2340.4,1,12:30:07.698823461
2340.4,1,12:30:09.090765988
2340.4,2,12:30:09.091037673
2340.3,1,12:30:10.931898889
2340.2,4,12:30:11.206800200
2340.1,1,12:30:12.260798465
2340.1,1,12:30:12.260810903
2340.1,4,12:30:19.640563062
2340.1,1,12:30:19.641384347
2340.1,1,12:30:22.080607180
2340.1,3,12:30:22.080852324
2340.0,3,12:30:22.154599941
2340.0,2,12:30:22.157484377
2340.0,1,12:30:22.157900197
2340.0,1,12:30:22.550982571
2340.0,1,12:30:22.551156181
2340.0,4,12:30:25.597755057
2340.0,1,12:30:25.598117919
2340.0,1,12:30:27.250975832
2340.0,1,12:30:27.251228327
2340.1,1,12:30:28.396351303
2340.0,1,12:30:29.215107256
2340.0,6,12:30:30.953418034
2339.9,4,12:30:30.953418034
2339.9,5,12:30:33.047723346
2339.9,1,12:30:33.048417769
2339.9,1,12:30:33.083387346
2340.0,1,12:30:34.112617791
2340.0,1,12:30:34.180936791
2340.0,1,12:30:34.905977779
2340.1,1,12:30:35.087240663
2340.2,1,12:30:35.110089275
2340.2,2,12:30:39.098325272
2340.2,1,12:30:39.098837564
2340.2,2,12:30:39.098900759
2340.4,1,12:30:40.393525576
2340.3,14,12:30:40.393525576
2340.2,5,12:30:40.393525576
2340.2,1,12:30:40.415429603
2340.1,1,12:30:40.433799904
2340.2,4,12:30:41.006790457
2340.3,1,12:30:45.640313767
2340.3,1,12:30:48.850612422
2340.4,2,12:30:50.671201312
2340.4,1,12:30:50.671379241
2340.4,3,12:30:50.671446919
2340.4,2,12:30:50.671471032
2340.4,2,12:30:50.671556483
2340.4,1,12:30:51.764005653
2340.4,3,12:30:52.266061691
2340.4,9,12:30:52.266394149
2340.4,3,12:30:52.266736287
2340.4,1,12:30:52.885522981
2340.3,1,12:30:53.026019141
2340.4,1,12:30:55.687390924
2340.4,1,12:30:55.687858526
2340.4,1,12:30:55.688082793
2340.4,1,12:30:55.688138423
2340.4,1,12:30:57.357965884
2340.4,5,12:30:59.750352624
2340.5,1,12:31:01.445605321
2340.3,1,12:31:01.445719272
2340.3,1,12:31:01.449058718
2340.3,4,12:31:01.709754467
2340.4,6,12:31:01.709754467
2340.2,1,12:31:01.716471812
2340.2,1,12:31:01.716682290
2340.2,1,12:31:02.030309987
2340.3,1,12:31:04.089167655
2340.3,1,12:31:04.485912154
2340.2,1,12:31:04.485983478
2340.2,1,12:31:05.976163979
2340.2,3,12:31:06.153323333
2340.2,1,12:31:06.153569348
2340.2,1,12:31:06.153605943
2340.2,1,12:31:06.153671052
2340.1,1,12:31:11.023426737
2340.2,1,12:31:11.813961190
2340.1,1,12:31:15.239824424
2340.0,1,12:31:15.786950203
2340.0,3,12:31:17.094822556
2340.1,1,12:31:19.219424602
2340.0,2,12:31:19.242656021
2339.9,3,12:31:19.327723713
2339.8,2,12:31:22.097845145
2339.8,4,12:31:23.185910440
2339.7,6,12:31:23.185910440
2339.7,2,12:31:23.185924892
2339.8,1,12:31:23.646435118
2339.9,1,12:31:23.670423593
2340.0,1,12:31:30.220468631
2339.9,1,12:31:31.169410568
2340.0,1,12:31:31.719281699
2340.0,1,12:31:33.290035833
2340.0,1,12:31:35.263547504
2340.1,1,12:31:35.938707803
2340.1,1,12:31:42.985604629
2340.2,1,12:31:45.591744473
2340.2,1,12:31:45.591988052
2340.2,1,12:31:45.592013579
2340.1,1,12:31:45.721002026
2340.1,1,12:31:50.137886448
2340.1,1,12:31:52.275090008
2340.2,1,12:31:55.112249682
2340.2,1,12:31:55.523873566
2340.2,5,12:31:55.524076411
2340.3,1,12:31:55.525653406
2340.3,1,12:31:55.526515989
2340.4,1,12:31:56.657856851
2340.4,1,12:31:57.646711102
2340.4,1,12:31:57.647066600
2340.4,3,12:31:57.647362027
2340.5,1,12:31:57.819824171
2340.4,4,12:31:58.183509550
2340.3,1,12:31:58.776635442
2340.4,1,12:31:58.974830486
2340.5,1,12:32:00.121633529
2340.4,1,12:32:00.981019990
2340.5,1,12:32:01.092485001
2340.5,1,12:32:02.012866986
2340.5,1,12:32:05.858916287
2340.5,2,12:32:13.469454935
2340.5,1,12:32:13.470045606
2340.5,1,12:32:13.759495979
2340.5,1,12:32:14.568943855
2340.5,3,12:32:15.191717914
2340.4,1,12:32:17.858974987
2340.5,1,12:32:20.373061704
2340.5,1,12:32:20.378246675
2340.6,1,12:32:25.191221552
2340.6,1,12:32:25.191233625
2340.6,1,12:32:25.205791615
2340.6,1,12:32:25.206108962
2340.6,1,12:32:25.206348282
2340.5,1,12:32:25.313088797
2340.6,1,12:32:25.313088797
2340.6,1,12:32:25.323178880
2340.5,3,12:32:25.816908118
2340.5,1,12:32:25.817674291
2340.3,4,12:32:27.749080787
2340.4,6,12:32:27.749080787
2340.5,1,12:32:28.570898138
2340.5,1,12:32:28.948886728
2340.6,1,12:32:28.949045663
2340.6,2,12:32:28.949350760
2340.6,3,12:32:28.949483300
2340.6,1,12:32:28.950493711
2340.6,1,12:32:28.951064529
2340.5,3,12:32:29.807200799
2340.5,2,12:32:34.852787774
2340.5,1,12:32:36.393559810
2340.4,4,12:32:37.731942516
2340.4,1,12:32:37.751135856
2340.4,1,12:32:42.480193727
2340.4,4,12:32:42.480497676
2340.4,2,12:32:51.817681912
2340.4,1,12:32:51.817714376
2340.4,1,12:32:51.838474650
2340.4,1,12:32:55.141057037
2340.4,1,12:32:57.151870095
2340.4,2,12:32:57.151946465
2340.3,3,12:32:57.152934180
2340.3,1,12:32:57.153210980
2340.3,1,12:32:57.153253943
2340.3,3,12:32:57.153371904
2340.3,1,12:32:57.153782847
2340.3,1,12:32:57.154469968
2340.3,1,12:32:57.258634738
2340.3,1,12:32:57.258883459
2340.2,1,12:33:00.193684044
2340.3,1,12:33:00.195093871
2340.4,2,12:33:00.609668763
2340.4,1,12:33:00.609701790
2340.3,1,12:33:01.593242959
2340.4,3,12:33:03.086332585
2340.4,1,12:33:04.450107699
2340.4,1,12:33:04.450326970
2340.5,6,12:33:06.076142079
2340.5,1,12:33:09.661099484
2340.5,2,12:33:16.375987998
2340.6,1,12:33:18.099711009
2340.6,1,12:33:18.099774773
2340.6,1,12:33:18.099812169
2340.6,1,12:33:18.100379528
2340.5,1,12:33:20.488903321
2340.5,2,12:33:20.489147096
2340.5,1,12:33:20.490475532
2340.4,1,12:33:20.565370929
2340.4,3,12:33:20.565676877
2341.1,10,12:33:21.290080653
2340.5,6,12:33:21.290080653
2341.2,14,12:33:21.290080653
2340.6,11,12:33:21.290080653
2341.0,14,12:33:21.290080653
2340.8,13,12:33:21.290080653
2340.7,12,12:33:21.290080653
2340.4,3,12:33:21.290080653
2341.3,3,12:33:21.290080653
2340.9,14,12:33:21.290080653
2341.3,1,12:33:21.290782510
2341.3,1,12:33:21.290792149
2341.3,2,12:33:21.290798780
2340.6,1,12:33:21.293670956
2340.8,1,12:33:21.293670956
2340.9,1,12:33:21.294442923
2340.9,1,12:33:21.299109462
2340.9,1,12:33:21.299210347
2340.9,1,12:33:21.299314656
2340.8,1,12:33:21.299362081
2340.8,1,12:33:21.299442425
2340.8,1,12:33:21.299793532
2340.8,1,12:33:21.299892873
2340.9,1,12:33:21.300919952
2340.8,1,12:33:21.302140873
2340.8,1,12:33:21.302192247
2340.8,1,12:33:21.303051739
2340.9,1,12:33:21.303729107
2340.8,1,12:33:21.304250553
2340.8,1,12:33:21.304274371
2340.8,1,12:33:21.304323599
2340.8,1,12:33:21.304405808
2340.8,1,12:33:21.304511654
2340.8,1,12:33:21.304635291
2340.8,3,12:33:21.305251880
2340.9,1,12:33:21.305251880
2340.8,2,12:33:21.305723931
2340.7,1,12:33:21.306156243
2340.7,1,12:33:21.307243833
2340.7,2,12:33:21.312019085
2340.8,1,12:33:21.319077057
2340.8,1,12:33:21.319119112
2340.8,1,12:33:21.319154124
2340.8,1,12:33:21.319337446
2340.7,1,12:33:21.324665422
2340.7,1,12:33:21.324915786
2340.7,1,12:33:21.325039871
2340.7,1,12:33:21.325297073
2340.7,1,12:33:21.325494175
2340.8,2,12:33:21.335271412
2340.7,3,12:33:21.350556413
2340.7,2,12:33:21.351255160
2340.7,1,12:33:21.381381805
2340.7,2,12:33:21.381591668
2340.7,1,12:33:21.381828722
2340.7,2,12:33:21.382403880
2340.6,9,12:33:21.401506967
2340.5,7,12:33:21.405140865
2340.5,1,12:33:21.480389320
2340.5,1,12:33:21.480647719
2340.6,6,12:33:21.495885024
2340.6,1,12:33:21.496367458
2340.6,1,12:33:21.554786117
2340.6,1,12:33:21.648149748
2340.5,1,12:33:21.779231437
2340.7,1,12:33:21.800252478
2340.7,1,12:33:22.012101762
2340.5,1,12:33:22.629300988
2340.6,1,12:33:22.838243076
2340.6,1,12:33:22.839326093
2340.6,3,12:33:22.840386987
2340.6,1,12:33:22.840792270
2340.6,1,12:33:22.840827105
2340.6,4,12:33:24.439497156
2340.5,1,12:33:24.732398359
2340.5,3,12:33:27.585251799
2340.5,1,12:33:27.585701331
2340.5,1,12:33:27.585997804
2340.4,2,12:33:28.483974457
2340.4,4,12:33:28.484299875
2340.4,2,12:33:28.735665481
2340.4,3,12:33:28.736039943
2340.3,1,12:33:30.602847796
2340.3,8,12:33:31.330736662
2340.2,9,12:33:31.330736662
2340.2,1,12:33:31.348000699
2340.3,2,12:33:31.494474928
2340.3,1,12:33:33.124374776
2340.2,1,12:33:34.837361776
2340.2,2,12:33:34.838104268
2340.1,1,12:33:35.888244261
2340.1,1,12:33:35.888972379
2340.1,1,12:33:35.889327736
2340.0,1,12:33:35.890302216
2340.0,1,12:33:35.890562135
2339.9,1,12:33:35.975672410
2339.9,3,12:33:37.706861060
2339.9,1,12:33:37.708715008
2339.9,1,12:33:37.708931467
2339.9,1,12:33:37.709114226
2339.9,1,12:33:37.709313401
2339.8,2,12:33:37.839107466
2339.8,2,12:33:37.839116324
2339.8,3,12:33:38.256130842
2339.9,1,12:33:40.985598368
2340.0,1,12:33:44.645292190
2340.1,1,12:33:44.666734953
2340.1,1,12:33:46.630987055
2340.0,1,12:33:47.518441676
2340.0,1,12:33:47.942373008
2340.0,2,12:33:47.942605748
2340.1,5,12:33:48.451000852
2340.0,1,12:33:48.629363032
2339.9,1,12:33:49.312151072
2339.9,2,12:33:49.312186640
2339.9,1,12:33:49.312269371
2339.8,1,12:33:49.339637464
2339.8,2,12:33:51.286850527
2339.8,1,12:33:51.480274628
2339.9,1,12:33:51.491473097
2339.9,1,12:33:53.524456724
2339.9,3,12:33:53.927208554
2339.9,4,12:33:53.927557012
2339.9,1,12:33:56.633944554
2340.0,1,12:34:00.219390332
2340.1,1,12:34:03.025631391
2340.1,3,12:34:04.045692003
2340.1,1,12:34:04.085786603
2340.2,7,12:34:04.219676403
2340.3,1,12:34:05.703936703
2340.2,3,12:34:08.563255546
2340.2,1,12:34:08.563503875
2340.2,1,12:34:08.599306565
2340.1,1,12:34:08.916299768
2340.2,1,12:34:09.062932587
2340.2,1,12:34:09.143938874
2340.1,1,12:34:12.691547723
2340.1,2,12:34:14.829389781
2340.2,1,12:34:15.432800065
2340.2,1,12:34:15.650344965
2340.2,2,12:34:15.782538932
2340.3,3,12:34:16.597498469
2340.2,1,12:34:16.853734322
2340.3,3,12:34:17.597575334
2340.3,1,12:34:17.598259361
2340.3,1,12:34:18.593261217
2340.4,1,12:34:18.694490674
2340.4,1,12:34:18.713546478
2340.5,1,12:34:18.823355903
2340.5,1,12:34:18.823492971
2340.4,2,12:34:21.251502748
2340.4,1,12:34:21.251873116
2340.3,1,12:34:21.372969936
2340.5,3,12:34:21.387619590
2340.4,2,12:34:22.539408552
2340.3,1,12:34:22.540820183
2340.3,1,12:34:22.647967520
2340.4,1,12:34:25.784765682
2340.4,1,12:34:25.784969366
2340.5,4,12:34:25.787328245
2340.6,3,12:34:25.788487237
2340.5,3,12:34:25.963191202
2340.6,1,12:34:26.483493422
2340.5,3,12:34:26.967974505
2340.4,3,12:34:27.975815037
2340.4,1,12:34:27.976173278
2340.4,1,12:34:27.976553964
2340.4,1,12:34:28.864401756
2340.3,1,12:34:28.980583779
2340.3,1,12:34:28.980643248
2340.2,1,12:34:29.821107243
2340.3,1,12:34:29.910397260
2340.3,1,12:34:29.910486254
2340.4,1,12:34:31.001821297
2340.4,4,12:34:34.869206981
2340.3,2,12:34:35.004084611
2340.3,1,12:34:35.555441064
2340.4,1,12:34:35.579764193
2340.5,2,12:34:40.985783396
2340.5,1,12:34:40.986839078
2340.5,1,12:34:42.025012949
2340.5,1,12:34:43.583359745
2340.6,1,12:34:43.585391911
2340.7,5,12:34:47.876482607
2340.6,1,12:34:47.885739556
2340.6,1,12:34:47.886422865
2340.5,1,12:34:50.052472256
2340.5,1,12:34:50.095481349
2340.5,1,12:34:50.610847716
2340.5,1,12:34:53.472044546
2340.6,1,12:34:54.093816041
2340.6,1,12:34:54.094570632
2340.5,1,12:34:54.100161567
2340.4,3,12:34:54.950138639
2340.5,1,12:34:55.585610719
2340.4,1,12:34:59.405935102
2340.5,1,12:35:01.470447315
2340.5,1,12:35:01.471279728
2340.5,1,12:35:03.224317614
2340.5,1,12:35:03.224645352
2340.5,1,12:35:03.224869619
2340.5,1,12:35:03.225541756
2340.5,1,12:35:03.428033845
2340.5,2,12:35:05.141000394
2340.6,1,12:35:05.281012899
2340.4,2,12:35:07.735658725
2340.3,1,12:35:07.815489416
2340.3,1,12:35:07.902951957
2340.3,1,12:35:07.903175206
2340.3,1,12:35:07.903251873
2340.3,2,12:35:07.903367101
2340.4,1,12:35:10.175577876
2340.4,1,12:35:12.469973325
2340.4,1,12:35:13.147724128
2340.3,1,12:35:15.246017579
2340.4,1,12:35:16.143161488
2340.5,1,12:35:16.613161290
2340.5,1,12:35:16.827198661
2340.5,2,12:35:17.655821866
2340.5,1,12:35:17.656055134
2340.6,2,12:35:20.123802394
2340.7,2,12:35:20.614866717
2340.8,5,12:35:21.559142838
2340.8,1,12:35:21.559329396
2340.8,1,12:35:21.559374270
2340.8,2,12:35:21.559596166
2340.8,1,12:35:21.559779139
2340.7,2,12:35:25.745794296
2340.7,2,12:35:25.745936494
2340.6,1,12:35:25.806910191
2340.6,1,12:35:25.807526213
2340.7,2,12:35:28.594914872
2340.7,1,12:35:29.445615459
2340.7,1,12:35:30.525158897
2340.6,1,12:35:33.165477494
2340.7,1,12:35:33.843521976
2340.5,1,12:35:35.236654496
2340.6,1,12:35:35.870777976
2340.6,1,12:35:36.214550547
2340.6,1,12:35:36.471364210
2340.5,1,12:35:40.031416537
2340.5,1,12:35:40.031463818
2340.5,1,12:35:45.903200486
2340.5,1,12:35:47.632002056
2340.4,2,12:35:51.017074108
2340.3,1,12:35:52.820793034
2340.3,1,12:35:53.044397047
2340.3,1,12:35:53.692396967
2340.3,1,12:35:59.592732922
2340.3,1,12:35:59.603999263
2340.2,1,12:36:00.209067836
2340.3,1,12:36:00.263798850
2340.4,1,12:36:00.517127792
2340.4,1,12:36:00.517794922
2340.3,1,12:36:00.580626348
2340.4,1,12:36:01.112300660
2340.4,1,12:36:01.112829701
2340.3,2,12:36:04.653697203
2340.3,2,12:36:04.653746167
2340.2,1,12:36:04.674453358
2340.2,2,12:36:04.717370970
2340.2,1,12:36:04.718853355
2340.2,1,12:36:04.719063388
2340.2,1,12:36:04.719403842
2340.2,4,12:36:07.658436993
2340.3,1,12:36:14.627316257
2340.2,2,12:36:14.709699760
2340.2,2,12:36:14.709817149
2340.2,1,12:36:14.709907025
2340.2,4,12:36:14.713018483
2340.2,4,12:36:14.717009927
2340.2,1,12:36:14.720835710
2340.2,1,12:36:19.553666000
2340.2,1,12:36:19.553879194
2340.2,1,12:36:19.554080731
2340.2,1,12:36:20.063217983
2340.3,1,12:36:21.025586248
2340.3,1,12:36:21.614853719
2340.3,4,12:36:22.045605639
2340.3,1,12:36:22.045633649
2340.4,1,12:36:24.065710744
2340.4,1,12:36:24.066410326
2340.4,2,12:36:29.829882545
2340.4,2,12:36:34.530874624
2340.5,3,12:36:34.530874624
2340.5,1,12:36:34.626641409
2340.5,3,12:36:37.310420013
2340.7,10,12:36:37.310420013
2340.8,6,12:36:37.310420013
2340.6,6,12:36:37.310420013
2340.6,1,12:36:37.331442040
2340.6,1,12:36:37.400492145
2340.6,1,12:36:37.560495362
2340.6,2,12:36:44.866758431
2340.6,1,12:36:44.866788121
2340.5,1,12:36:48.467880448
2340.6,1,12:36:49.600009190
2340.6,1,12:36:54.024601553
2340.6,1,12:37:01.005028390
2340.7,2,12:37:01.007949669
2340.7,1,12:37:01.008771080
2340.6,3,12:37:01.146012415
2340.7,1,12:37:09.206340669
2340.5,3,12:37:10.295800743
2340.3,1,12:37:13.468696402
2340.2,1,12:37:13.468706537
2340.2,11,12:37:13.510286796
2340.1,1,12:37:13.571524009
2340.2,1,12:37:14.078605491
2340.2,1,12:37:14.744975954
2340.0,1,12:37:17.032703628
2340.1,1,12:37:17.032703628
2340.0,1,12:37:17.032716172
2340.0,1,12:37:17.538604764
2340.1,1,12:37:19.889521890
2340.1,5,12:37:25.719467359
2340.2,1,12:37:25.720606351
2340.2,1,12:37:25.721343934
2340.1,1,12:37:28.995562072
2340.1,1,12:37:29.986569532
2340.0,1,12:37:30.453062601
2340.0,4,12:37:32.593780719
2340.1,1,12:37:33.707986692
2340.1,1,12:37:38.423454129
2340.1,1,12:37:38.423653931
2340.1,1,12:37:38.423738457
2340.2,2,12:37:38.657205053
2340.1,2,12:37:44.086227879
2340.0,1,12:37:49.863464643
2340.0,1,12:37:49.863757046
2339.9,1,12:37:50.609781181
2339.9,2,12:37:53.645756067
2339.9,1,12:37:54.572247795
2339.9,5,12:37:55.195949723
2339.9,1,12:37:55.282474450
2339.9,1,12:37:56.141708874
2340.0,1,12:37:57.396921767
2339.8,4,12:37:57.768531161
2339.9,6,12:37:57.768531161
2339.8,1,12:38:03.623114819
2339.8,3,12:38:06.012374627
2339.8,3,12:38:06.013207773
2339.8,7,12:38:09.169005773
2339.8,3,12:38:09.519370066
2339.8,1,12:38:09.519683672
2339.7,4,12:38:09.605263257
2339.7,1,12:38:09.605907277
2339.6,1,12:38:10.171402743
2339.6,1,12:38:10.171420064
2339.6,2,12:38:10.171420064
2339.6,1,12:38:10.197124623
2339.6,1,12:38:10.197736350
2339.6,1,12:38:11.361895422
2339.6,2,12:38:12.270786177
2339.7,5,12:38:13.506469459
2339.7,1,12:38:13.506496113
2339.7,1,12:38:13.507228552
2339.7,1,12:38:13.507844597
2339.6,1,12:38:15.779863670
2339.6,2,12:38:15.844895088
2339.5,7,12:38:15.844895088
2339.6,1,12:38:18.163187202
2339.7,1,12:38:18.334817403
2339.6,1,12:38:20.065903048
2339.6,1,12:38:20.280128356
2339.7,2,12:38:21.016511496
2339.7,1,12:38:21.016842195
2339.7,1,12:38:21.016878161
2339.7,1,12:38:22.518156594
2339.7,1,12:38:22.518539696
2339.7,1,12:38:22.519545579
2339.7,1,12:38:22.529915337
2339.7,2,12:38:22.985508972
2339.6,1,12:38:23.077693466
2339.6,1,12:38:27.778218454
2339.5,1,12:38:27.779607132
2339.5,2,12:38:27.890264962
2339.4,6,12:38:37.777010014
2339.3,2,12:38:37.777028321
2339.3,1,12:38:39.087777346
2339.3,2,12:38:39.088023748
2339.3,1,12:38:39.591888003
2339.3,1,12:38:39.592888455
2339.4,1,12:38:41.598504750
2339.4,1,12:38:41.658091495
2339.4,1,12:38:41.894827867
2339.3,1,12:38:44.599147693
2339.2,1,12:38:49.662410897
2339.1,1,12:38:49.662421799
2339.1,2,12:38:49.662421799
2339.2,1,12:38:51.532030047
2339.2,1,12:38:51.614352765
2339.3,1,12:38:52.771307380
2339.3,1,12:38:52.819322909
2339.3,1,12:38:52.960207704
2339.2,1,12:38:53.112131495
2339.3,1,12:38:53.458319720
2339.2,2,12:38:54.757397998
2339.3,1,12:38:56.290071830
2339.3,2,12:38:56.290125779
2339.4,2,12:38:56.292850810
2339.3,1,12:38:56.414384933
2339.3,1,12:38:56.414520850
2339.3,2,12:38:59.291957282
2339.3,1,12:38:59.292498358
2339.3,1,12:39:00.292851358
2339.3,1,12:39:00.499602567
2339.3,1,12:39:00.911441635
2339.3,2,12:39:00.911749920
2339.3,1,12:39:00.911796429
2339.2,1,12:39:01.282984453
2339.3,1,12:39:03.404474176
2339.2,1,12:39:05.054537192
2339.2,2,12:39:05.064010442
2339.2,2,12:39:05.064248207
2339.2,2,12:39:09.932031542
2339.2,1,12:39:09.932211600
2339.2,1,12:39:09.933187072
2339.2,1,12:39:09.933399019
2339.2,1,12:39:09.933459916
2339.2,1,12:39:11.811820074
2339.2,2,12:39:17.721470044
2339.2,1,12:39:22.396331309
2339.2,1,12:39:22.396624137
2339.2,1,12:39:23.810084017
2339.2,1,12:39:23.810121887
2339.3,1,12:39:23.810175603
2339.3,1,12:39:23.811423014
2339.3,1,12:39:23.819211426
2339.2,1,12:39:23.824924712
2339.2,1,12:39:23.846375325
2339.1,1,12:39:27.099971675
2339.2,1,12:39:30.752683094
2339.1,3,12:39:31.819338389
2339.0,4,12:39:32.188429589
2338.9,6,12:39:32.285604229
2338.9,1,12:39:32.285621251
2338.9,1,12:39:32.285962925
2338.9,1,12:39:32.298801644
2338.9,1,12:39:32.330691135
2338.9,1,12:39:32.330902573
2338.9,1,12:39:32.452050258
2338.9,1,12:39:32.523005901
2338.9,1,12:39:32.523266060
2338.8,1,12:39:32.722195931
2338.8,4,12:39:32.722209921
2338.9,1,12:39:34.650680368
2339.0,1,12:39:34.944421779
2339.0,3,12:39:37.849723604
2339.0,1,12:39:38.134244828
2339.1,1,12:39:38.472437756
2339.1,1,12:39:42.689901951
2339.0,1,12:39:43.917442621
2339.0,2,12:39:53.040187264
2338.9,1,12:39:57.310708763
2339.0,1,12:39:57.323228624
2339.0,1,12:39:57.324489865
2339.2,2,12:40:01.644423106
2339.3,2,12:40:03.862670817
2339.3,1,12:40:10.605581269
2339.3,1,12:40:10.605798317
2339.4,1,12:40:12.998349785
2339.4,2,12:40:13.207161992
2339.4,1,12:40:13.240401047
2339.3,1,12:40:13.411262196
2339.4,1,12:40:17.338995974
2339.4,1,12:40:20.277172687
2339.4,3,12:40:20.277242004
2339.4,1,12:40:26.519921679
2339.4,1,12:40:26.520175316
2339.4,1,12:40:26.525470882
2339.5,1,12:40:27.524803279
2339.5,1,12:40:31.929864177
2339.5,3,12:40:31.930243301
2339.6,2,12:40:31.932730769
2339.5,1,12:40:31.951162113
2339.7,1,12:40:33.102005898
2339.7,1,12:40:33.662412008
2339.7,1,12:40:33.725603179
2339.6,1,12:40:34.557238658
2339.6,1,12:40:34.600649598
2339.2,4,12:40:43.518169749
2339.5,3,12:40:43.518169749
2339.4,7,12:40:43.518169749
2339.3,11,12:40:43.518169749
2339.2,1,12:40:43.518189839
2339.4,1,12:40:43.907470631
2339.4,1,12:40:46.391000346
2339.3,2,12:40:49.581602243
2339.3,1,12:40:52.663927138
2339.3,1,12:40:58.270116672
2339.2,2,12:41:00.483193165
2339.2,1,12:41:00.483417755
2339.1,1,12:41:01.145933251
2339.1,1,12:41:02.774747559
2339.0,1,12:41:04.885358078
2339.0,1,12:41:04.887448729
2338.9,2,12:41:05.448713865
2338.9,1,12:41:10.859940105
2338.9,2,12:41:10.883386228
2339.0,1,12:41:14.469660976
2339.0,1,12:41:14.469708692
2339.0,1,12:41:14.469753817
2339.0,2,12:41:14.469852107
2339.0,1,12:41:14.470273437
2339.0,1,12:41:14.470643988
2339.0,1,12:41:16.739028571
2339.0,1,12:41:16.781128830
2338.9,1,12:41:22.479084907
2339.0,3,12:41:23.883483487
2338.8,1,12:41:28.970376657
2338.8,1,12:41:29.207441356
2338.8,1,12:41:29.248549431
2338.8,2,12:41:29.248802947
2338.7,1,12:41:30.348107278
2338.7,2,12:41:30.348129112
2338.7,1,12:41:30.348362038
2338.7,3,12:41:30.348472324
2338.6,1,12:41:30.550058560
2338.6,2,12:41:31.829340724
2338.7,1,12:41:32.590142003
2338.7,1,12:41:32.606745732
2338.7,6,12:41:33.829528339
2338.9,5,12:41:33.829528339
2338.8,9,12:41:33.829528339
2338.6,1,12:41:42.519722795
2338.7,4,12:41:42.624289548
2338.8,1,12:41:45.074721850
2338.6,1,12:41:49.613190000
2338.6,1,12:41:49.613204528
2338.7,2,12:41:54.185422586
2338.8,1,12:41:59.174897691
2338.7,1,12:42:00.224084594
2338.7,1,12:42:00.967991588
2338.7,1,12:42:03.453754070
2338.7,2,12:42:05.945201337
2338.7,1,12:42:05.953645383
2338.8,1,12:42:07.248694337
2338.8,1,12:42:09.231027957
2338.8,1,12:42:10.475467748
2338.7,1,12:42:12.150346468
2338.7,1,12:42:12.150377771
2338.7,1,12:42:12.630365621
2338.8,1,12:42:13.022260906
2338.8,1,12:42:13.022590314
2338.8,1,12:42:13.161257374
2338.8,1,12:42:13.161570708
2338.8,1,12:42:15.112172593
2338.9,1,12:42:17.050672367
2338.9,1,12:42:18.135297152
2338.8,1,12:42:28.697146408
2338.8,2,12:42:28.697392906
2338.8,1,12:42:28.802289526
2338.8,1,12:42:29.450093002
2338.7,1,12:42:32.071274559
2338.6,1,12:42:41.025230608
2338.6,1,12:42:42.757675541
2338.6,1,12:42:43.135890270
2338.6,1,12:42:46.043921451
2338.6,1,12:42:46.291790277
2338.6,2,12:42:46.425234172
2338.6,1,12:42:46.426714214
2338.6,1,12:42:50.599972571
2338.7,1,12:42:52.952105111
2338.7,4,12:42:52.952297261
2338.7,1,12:42:52.952615246
2338.7,1,12:42:53.418115098
2338.8,1,12:42:57.471348015
2338.8,3,12:42:57.471596773
2338.7,1,12:43:00.983393222
2338.7,1,12:43:01.166106755
2338.7,3,12:43:02.516351841
2338.6,2,12:43:02.654832502
2338.7,1,12:43:03.872451085
2338.7,1,12:43:05.875947751
2338.7,2,12:43:11.851198388
2338.6,4,12:43:11.885579533
2338.6,3,12:43:13.400261011
2338.5,3,12:43:13.400974623
2338.5,1,12:43:13.681030076
2338.4,2,12:43:14.036365502
2338.3,1,12:43:14.036377667
2338.4,1,12:43:16.118011901
2338.4,1,12:43:16.118049488
2338.3,1,12:43:17.672770447
2338.3,1,12:43:18.536267019
2338.3,1,12:43:23.137082536
2338.4,4,12:43:23.199320864
2338.4,1,12:43:23.199367387
2338.5,7,12:43:23.199954263
2338.5,2,12:43:23.201448011
2338.4,1,12:43:23.201674985
2338.4,1,12:43:23.201715719
2338.5,1,12:43:23.202976141
2338.6,1,12:43:23.410068132
2338.5,2,12:43:25.039236912
2338.4,1,12:43:28.876163238
2338.3,1,12:43:28.876163238
2338.4,1,12:43:33.860939821
2338.4,1,12:43:33.861210546
2338.4,4,12:43:36.962352838
2338.4,1,12:43:36.962672491
2338.4,1,12:43:36.962714826
2338.4,1,12:43:36.962832230
2338.3,1,12:43:40.448898132
2338.3,4,12:43:40.449001017
2338.3,1,12:43:41.005961507
2338.4,1,12:43:42.828477027
2338.5,1,12:43:53.106893640
2338.4,2,12:43:53.905017240
2338.4,1,12:43:53.905740327
2338.3,1,12:44:02.261263657
2338.2,1,12:44:05.445610688
2338.3,4,12:44:05.768449267
2338.3,4,12:44:06.465661025
2338.2,1,12:44:13.154140782
2338.2,2,12:44:13.154315912
2338.2,1,12:44:13.154509640
2338.2,4,12:44:13.154668772
2338.2,3,12:44:13.155374170
2338.3,2,12:44:13.158325958
2338.3,1,12:44:13.180399859
2338.3,1,12:44:14.926177727
2338.2,1,12:44:21.830602099
2338.2,1,12:44:21.830742319
2338.2,1,12:44:21.830872079
2338.2,1,12:44:21.831037620
2338.2,2,12:44:25.099212412
2338.2,1,12:44:25.099259443
2338.2,1,12:44:25.099315866
2338.2,2,12:44:25.099470212
2338.2,1,12:44:26.965647971
2338.2,1,12:44:26.965912412
2338.1,6,12:44:27.934188426
2338.0,6,12:44:27.940022996
2337.9,2,12:44:27.947654516
2337.9,1,12:44:27.948434980
2337.9,1,12:44:27.948814421
2337.9,2,12:44:27.948849641
2337.9,2,12:44:28.013197941
2337.8,1,12:44:28.038520221
2337.9,1,12:44:28.119671196
2337.8,3,12:44:29.359074514
2337.9,1,12:44:29.360064618
2337.8,2,12:44:30.395834564
2337.9,1,12:44:30.396764718
2337.9,2,12:44:31.700526148
2338.0,1,12:44:33.121928123
2338.0,2,12:44:33.122100975
2338.0,1,12:44:33.122179818
2338.1,1,12:44:36.780859238
2338.1,1,12:44:37.017945186
2338.1,1,12:44:37.018159183
2338.0,1,12:44:40.017668832
2338.1,1,12:44:40.491103249
2338.1,1,12:44:40.491460305
2338.0,4,12:44:52.935376037
2338.0,1,12:44:52.936323653
2338.0,1,12:44:52.936826882
2338.0,1,12:44:56.273284814
2338.1,1,12:44:57.562034653
2338.2,1,12:44:59.920117920
2338.3,1,12:45:00.040503025
2338.3,2,12:45:01.036009899
2338.3,1,12:45:01.036224474
2338.3,2,12:45:02.595703906
2338.3,1,12:45:03.195294973
2338.3,1,12:45:04.182294407
2338.2,1,12:45:08.778628084
2338.4,1,12:45:10.291217351
2338.3,1,12:45:13.298405821
2338.3,1,12:45:19.654593073
2338.2,2,12:45:20.293021073
2338.2,1,12:45:20.293255397
2338.2,2,12:45:20.293294422
2338.1,2,12:45:20.294672584
2337.9,6,12:45:20.297686254
2337.9,2,12:45:20.298042387
2337.9,3,12:45:20.298261130
2337.8,1,12:45:20.300969706
2337.8,2,12:45:20.302541972
2337.7,7,12:45:20.306173990
2337.6,2,12:45:20.306193865
2337.6,1,12:45:20.306193865
2337.7,2,12:45:20.308302910
2337.7,1,12:45:20.309445381
2337.6,7,12:45:20.309835251
2337.6,3,12:45:20.311700409
2337.6,2,12:45:20.311748083
2337.6,1,12:45:20.311842808
2337.6,2,12:45:20.313444911
2337.6,3,12:45:20.327090648
2337.6,1,12:45:20.327584428
2337.7,1,12:45:20.354659549
2337.7,1,12:45:20.409951968
2337.7,1,12:45:20.444903555
2337.8,1,12:45:20.455686083
2337.9,1,12:45:20.842583237
2337.7,2,12:45:20.970066038
2337.6,5,12:45:21.277679038
2337.6,2,12:45:21.537573698
2337.6,1,12:45:21.538173374
2337.7,2,12:45:21.896541446
2337.7,2,12:45:21.897569857
2337.7,1,12:45:23.655542489
2337.8,1,12:45:23.693192300
2337.8,2,12:45:23.693437774
2337.9,1,12:45:30.630381664
2337.9,2,12:45:31.582646279
2338.0,1,12:45:41.653684351
2338.0,1,12:45:41.654418971
2338.0,2,12:45:41.654826285
2338.0,1,12:45:42.881194746
2337.9,3,12:45:42.881369798
2338.0,1,12:45:44.777732944
2338.0,1,12:45:44.777810802
2338.0,1,12:45:44.804019435
2338.0,1,12:45:48.090301398
2338.0,4,12:45:49.441817490
2338.0,1,12:45:49.498330026
2338.0,1,12:45:49.498574543
2338.0,1,12:45:49.498663723
2338.0,1,12:45:49.498869794
2337.9,1,12:45:55.975785880
2337.6,1,12:46:00.028364635
2337.6,1,12:46:00.965898377
2337.6,1,12:46:05.384922228
2337.5,1,12:46:06.028334234
2337.5,1,12:46:06.028350890
2337.5,1,12:46:06.816329372
2337.4,1,12:46:07.342303117
2337.4,1,12:46:07.343420445
2337.5,1,12:46:07.713517485
2337.3,4,12:46:08.031656526
2337.5,1,12:46:08.846071694
2337.4,1,12:46:10.863051618
2337.3,3,12:46:12.465534787
2337.2,1,12:46:12.465534787
2337.4,2,12:46:12.958249973
2337.3,1,12:46:13.940862197
2337.3,2,12:46:14.012691564
2337.3,1,12:46:14.036988795
2337.3,1,12:46:14.037202156
2337.3,1,12:46:14.037440151
2337.4,2,12:46:14.946405601
2337.3,1,12:46:18.028390061
2337.3,2,12:46:18.031316436
2337.2,2,12:46:18.032882413
2337.1,3,12:46:18.036225843
2337.1,1,12:46:18.036864637
2337.1,1,12:46:18.036917333
2337.1,1,12:46:18.037032180
2337.0,2,12:46:18.037103589
2337.0,1,12:46:18.037110089
2337.2,1,12:46:18.039071824
2337.2,1,12:46:19.197876145
2337.1,2,12:46:19.963787237
2337.1,1,12:46:22.015732798
2337.1,1,12:46:22.016253513
2337.1,1,12:46:22.016511938
2337.1,1,12:46:22.037050689
2337.0,10,12:46:23.245791611
2337.1,1,12:46:24.199867099
2337.1,1,12:46:24.697741958
2337.1,1,12:46:24.697968177
2337.1,3,12:46:25.254546058
2337.0,1,12:46:25.441584701
2337.0,1,12:46:26.015233362
2337.0,1,12:46:26.015576581
2337.0,1,12:46:29.015441020
2337.0,2,12:46:29.017385315
2336.9,3,12:46:30.040378962
2336.9,1,12:46:30.040396806
2337.0,1,12:46:30.062030979
2337.0,1,12:46:31.050341622
2336.9,3,12:46:31.153241358
2336.9,4,12:46:31.196626845
2336.9,1,12:46:31.197443710
2337.0,1,12:46:31.431993425
2337.0,1,12:46:31.440331251
2336.9,2,12:46:32.156888985
2337.0,1,12:46:32.579380666
2336.9,3,12:46:33.628145638
2336.8,1,12:46:33.628145638
2336.8,1,12:46:33.628157151
2336.9,1,12:46:33.639268428
2336.9,1,12:46:34.562312395
2336.9,1,12:46:34.805771207
2336.8,1,12:46:35.034818225
2336.9,1,12:46:35.082124180
2336.9,1,12:46:35.082169838
2336.7,1,12:46:36.938023252
2336.7,1,12:46:36.938036020
2336.7,4,12:46:37.034995657
2336.8,1,12:46:37.035856836
2336.8,1,12:46:38.003979950
2336.8,1,12:46:38.237715827
2336.8,1,12:46:39.799587989
2336.7,1,12:46:40.039888525
2336.7,1,12:46:42.438590527
2336.7,1,12:46:42.797662721
2336.8,1,12:46:42.798889648
2336.8,1,12:46:42.799496112
2336.7,1,12:46:43.380437370
2336.7,1,12:46:43.921766233
2336.7,1,12:46:44.475034419
2336.7,1,12:46:44.831946166
2336.7,2,12:46:44.832262425
2336.7,1,12:46:45.435712388
2336.7,1,12:46:45.984042884
2336.6,5,12:46:49.457972104
2336.6,1,12:46:49.457992088
2336.7,1,12:46:49.458587256
2336.7,1,12:46:49.458636233
2336.7,1,12:46:49.458803711
2336.8,1,12:46:50.563417029
2336.8,2,12:46:50.563662548
2336.8,1,12:46:50.565732343
2336.7,3,12:46:51.458151871
2336.7,2,12:46:51.458564766
2336.8,2,12:46:51.532937286
2336.7,1,12:46:51.640018852
2337.0,3,12:46:52.471879848
2336.9,5,12:46:52.471879848
2336.9,2,12:46:54.923326567
2336.9,1,12:46:57.418279320
2336.7,1,12:46:57.474218994
2336.7,1,12:46:58.142239011
2336.7,1,12:46:58.142646767
2336.7,3,12:46:58.142806815
2336.7,1,12:46:58.142862548
2336.8,2,12:46:58.144986571
2336.8,2,12:46:58.693829976
2336.8,3,12:47:00.761675394
2336.9,2,12:47:00.921723123
2336.9,1,12:47:01.708912847
2336.9,1,12:47:02.517158618
2336.8,1,12:47:03.479052255
2336.8,1,12:47:03.603407656
2336.9,2,12:47:03.700510645
2336.8,1,12:47:06.106853284
2336.9,1,12:47:06.612671031
2336.8,1,12:47:08.825860617
2336.8,1,12:47:08.831149072
2336.9,6,12:47:11.098872123
2336.9,2,12:47:11.099584084
2336.9,1,12:47:11.099634920
2336.9,1,12:47:11.099691302
2336.9,2,12:47:11.100213277
2337.1,7,12:47:12.201623180
2337.0,10,12:47:12.201623180
2337.0,1,12:47:12.414283383
2337.1,3,12:47:12.632574717
2337.1,1,12:47:12.632834144
2337.0,2,12:47:12.632956108
2337.0,1,12:47:12.633570603
2337.0,1,12:47:16.673260035
2337.0,2,12:47:16.796055807
2337.0,1,12:47:16.796101056
2337.0,1,12:47:16.796160123
2336.9,3,12:47:16.796438772
2336.9,1,12:47:17.178172146
2336.9,1,12:47:17.178359932
2336.9,1,12:47:17.178547689
2336.9,3,12:47:18.573806028
2336.9,1,12:47:18.574110043
2336.9,1,12:47:18.574487030
2336.9,1,12:47:18.574756184
2336.9,1,12:47:18.728607214
2336.8,1,12:47:19.733896343
2336.9,6,12:47:19.795261609
2337.0,9,12:47:19.795261609
2337.1,7,12:47:19.795261609
2337.1,2,12:47:19.796311316
2337.1,1,12:47:19.796360047
2337.0,1,12:47:19.798507428
2337.0,3,12:47:19.922017465
2337.1,1,12:47:20.000349875
2337.0,1,12:47:20.515562336
2336.9,2,12:47:20.701115601
2337.0,2,12:47:21.026544677
2337.1,1,12:47:21.103977336
2336.9,1,12:47:22.505028428
2337.1,1,12:47:23.387911051
2337.1,1,12:47:24.253865329
2337.1,1,12:47:24.253984237
2337.0,3,12:47:24.735249928
2337.0,1,12:47:25.368737700
2337.0,1,12:47:25.594426553
2337.0,1,12:47:25.739722780
2337.0,2,12:47:25.739997922
2337.0,1,12:47:27.321646434
2336.9,1,12:47:33.304343659
2336.9,1,12:47:33.304569254
2336.8,2,12:47:33.310781260
2336.7,6,12:47:33.315085769
2336.7,5,12:47:33.315796267
2336.7,1,12:47:33.316056288
2336.7,1,12:47:33.316180460
2336.7,1,12:47:33.316383277
2336.6,4,12:47:33.317726587
2336.6,6,12:47:33.383606356
2336.6,1,12:47:33.383940714
2336.7,1,12:47:33.488258688
2336.9,5,12:47:41.855491809
2336.9,4,12:47:48.149141055
2337.0,1,12:47:50.159870869
2337.0,1,12:47:54.086941070
2337.2,1,12:47:57.151420583
2337.1,1,12:47:57.152121615
2337.1,1,12:47:57.152341706
2337.1,1,12:47:57.152402647
2337.0,1,12:48:01.488010246
2336.9,1,12:48:11.311248599
2336.9,1,12:48:11.311447419
2337.0,1,12:48:19.346181736
2337.1,1,12:48:19.347568097
2337.1,1,12:48:19.347851559
2337.1,1,12:48:19.348086129
2337.0,1,12:48:19.350069734
2337.0,1,12:48:19.368482181
2337.2,1,12:48:19.547545879
2337.0,2,12:48:19.749965302
2337.0,2,12:48:23.165608397
2337.0,1,12:48:23.166477403
2337.1,1,12:48:23.167641356
2337.0,1,12:48:25.226968650
2337.0,1,12:48:25.227162027
2337.1,2,12:48:27.690239410
2337.1,1,12:48:27.690545096
2337.2,1,12:48:29.059681212
2337.1,1,12:48:30.387310682
2337.2,1,12:48:35.695856389
2337.2,2,12:48:35.696141937
2337.3,1,12:48:41.334044302
2337.3,1,12:48:41.342967233
2337.3,2,12:48:41.343197917
2337.3,2,12:48:46.130221434
2337.4,2,12:48:46.131654442
2337.4,1,12:48:46.131671959
2337.3,1,12:48:46.133528467
2337.3,2,12:48:46.282447963
2337.4,1,12:48:50.144207657
2337.4,1,12:48:50.147703785
2337.3,2,12:48:52.905919584
2337.2,1,12:48:52.909501474
2337.1,3,12:48:52.912263874
2337.1,3,12:48:52.912772877
2337.1,1,12:48:55.679061325
2337.3,2,12:48:57.757405376
2337.3,1,12:49:03.162969246
2337.4,1,12:49:04.808818316
2337.3,2,12:49:07.347947781
2337.3,1,12:49:11.654103645
2337.3,1,12:49:14.527097824
2337.3,1,12:49:17.017702997
2337.4,1,12:49:21.947837059
2337.4,1,12:49:28.632516871
2337.5,1,12:49:29.836756860
2337.5,1,12:49:29.916706409
2337.6,1,12:49:32.786432567
2337.6,6,12:49:35.707711414
2337.5,1,12:49:37.061019996
2337.5,1,12:49:40.613048681
2337.5,4,12:49:42.779229284
2337.4,9,12:49:42.781409603
2337.5,3,12:49:42.781409603
2337.6,1,12:49:51.580252324
2337.6,2,12:49:58.056791753
2337.6,1,12:49:58.057180481
2337.7,5,12:49:58.058281427
2337.8,1,12:49:58.058281427
2337.7,1,12:49:58.076263041
2337.8,1,12:50:01.086519699
2337.7,5,12:50:01.988467266
2337.7,2,12:50:01.989210436
2337.6,4,12:50:04.143874591
2337.7,1,12:50:09.896880193
2337.7,1,12:50:09.896932907
2337.7,2,12:50:09.897508807
2337.7,1,12:50:09.906257720
2337.7,2,12:50:10.199071322
2337.8,2,12:50:10.917075513
2337.8,2,12:50:10.918654392
2337.7,1,12:50:12.315067743
2337.7,1,12:50:15.075219148
2337.7,1,12:50:17.338170376
2337.7,1,12:50:18.127493606
2337.8,1,12:50:31.168561298
2337.8,1,12:50:32.256256799
2337.7,1,12:50:32.466674698
2337.7,1,12:50:33.693373710
2337.9,1,12:50:33.852319444
2337.9,1,12:50:34.738260709
2337.9,1,12:50:38.103149155
2337.8,1,12:50:38.415838992
2337.9,1,12:50:42.812006399
2338.0,1,12:50:42.871288064
2338.0,1,12:50:42.871695295
2338.0,2,12:50:42.872177993
2337.9,3,12:50:44.587135347
2338.0,1,12:50:48.209903559
2338.0,1,12:50:51.425888932
2337.9,10,12:50:53.545032001
2337.8,2,12:50:55.612702694
2337.8,3,12:50:55.612772222
2337.9,1,12:50:56.601685466
2337.8,1,12:50:59.508164762
2337.7,2,12:51:01.931137580
2337.6,4,12:51:06.257762898
2337.7,1,12:51:13.147934604
2337.6,1,12:51:15.425164715
2337.5,1,12:51:15.475495888
2337.5,3,12:51:15.475764917
2337.5,1,12:51:15.475798224
2337.4,1,12:51:16.019803175
2337.3,1,12:51:16.019803175
2337.3,1,12:51:16.021600897
2337.4,1,12:51:18.460404197
2337.2,1,12:51:18.863413219
2337.3,1,12:51:20.588431869
2337.4,1,12:51:22.273559380
2337.4,2,12:51:22.274246652
2337.4,3,12:51:22.274385025
2337.3,1,12:51:22.512207806
2337.3,1,12:51:23.482097363
2337.2,6,12:51:23.483158428
2337.2,1,12:51:23.484041127
2337.1,3,12:51:23.490629227
2337.1,1,12:51:24.256333099
2337.2,1,12:51:32.551647492
2337.3,4,12:51:33.212614579
2337.4,1,12:51:35.426941463
2337.4,1,12:51:35.427198726
2337.4,1,12:51:45.239742165
2337.4,1,12:51:45.251449835
2337.4,1,12:51:45.252536212
2337.4,1,12:51:45.290341734
2337.4,1,12:51:46.407983883
2337.4,1,12:51:48.071056889
2337.4,1,12:51:48.071352373
2337.4,2,12:51:48.626636213
2337.3,3,12:51:51.163720234
2337.1,5,12:51:53.529128399
2337.1,6,12:51:53.529689924
2337.2,1,12:51:53.531092474
2337.2,1,12:51:55.036722231
2337.1,1,12:51:55.597522355
2337.1,1,12:51:56.449775790
2337.1,1,12:51:57.162462257
2337.1,1,12:52:01.165640159
2337.1,3,12:52:01.165868749
2337.1,1,12:52:01.635363670
2337.1,4,12:52:01.635903818
2337.1,1,12:52:02.971943368
2337.1,1,12:52:02.972136571
2337.1,1,12:52:02.972179078
2337.1,1,12:52:02.972915000
2337.0,1,12:52:07.910397790
2337.1,3,12:52:09.411419852
2337.1,1,12:52:09.413118924
2337.0,13,12:52:19.850046617
2337.0,1,12:52:19.850383952
2337.0,1,12:52:19.850448638
2337.0,1,12:52:19.850479813
2337.0,3,12:52:19.850609579
2337.0,2,12:52:19.850656315
2337.0,1,12:52:19.850743047
2337.0,1,12:52:19.851683881
2337.0,1,12:52:19.852281664
2336.9,1,12:52:22.040507238
2336.9,2,12:52:23.045435263
2336.8,1,12:52:24.046179708
2336.9,1,12:52:24.640668017
2336.9,2,12:52:24.641341407
2336.9,1,12:52:24.806293300
2336.8,2,12:52:25.041173272
2337.0,6,12:52:26.285417385
2336.9,1,12:52:27.073519964
2336.9,1,12:52:27.075097196
2336.9,2,12:52:27.636309525
2337.0,1,12:52:28.099394037
2336.9,1,12:52:29.824731064
2336.9,2,12:52:32.660677287
2337.0,1,12:52:37.248021363
2337.0,1,12:52:37.587221212
2336.9,2,12:52:37.587975320
2337.0,1,12:52:37.597873899
2337.1,2,12:52:39.154667579
2337.1,2,12:52:39.154711593
2337.0,1,12:52:39.195527280
2337.2,1,12:52:43.261998958
2337.2,1,12:52:43.262054585
2337.2,8,12:52:43.262198575
2337.2,6,12:52:43.262367638
2337.2,1,12:52:43.281075373
2337.3,1,12:52:45.611783733
2337.3,2,12:52:45.612054709
2337.4,1,12:52:50.287160047
2337.4,3,12:52:50.287777512
2337.3,4,12:53:00.169052327
2337.2,1,12:53:06.822563414
2337.3,1,12:53:11.425557640
2337.2,2,12:53:14.799133055
2337.2,1,12:53:15.696166337
2337.2,1,12:53:15.696402780
2337.3,1,12:53:21.806593722
2337.3,2,12:53:21.806882794
2337.2,1,12:53:22.807408508
2337.4,1,12:53:24.605752250
2337.4,4,12:53:28.573700555
2337.3,4,12:53:30.173130575
2337.5,1,12:53:33.228131910
2337.5,2,12:53:33.228399090
2337.5,1,12:53:34.381368460
2337.5,1,12:53:34.431352740
2337.4,2,12:53:36.890608414
2337.4,1,12:53:38.273928295
2337.4,1,12:53:40.995588609
2337.4,1,12:53:53.035941408
2337.4,2,12:53:53.036382345
2337.4,1,12:53:53.059511184
2337.4,1,12:53:59.021643058
2337.3,1,12:53:59.960571277
2337.2,1,12:53:59.960583457
2337.2,4,12:54:00.177770542
2337.2,1,12:54:00.179739187
2337.1,1,12:54:01.482137705
2337.1,1,12:54:01.482176282
2337.1,2,12:54:01.711609190
2337.1,1,12:54:03.639068507
2337.3,1,12:54:15.102255428
2337.2,1,12:54:16.862128099
2337.1,4,12:54:16.908868406
2337.1,1,12:54:18.097204269
2337.2,6,12:54:28.014451568
2337.1,2,12:54:28.016215303
2337.0,4,12:54:30.182943709
2337.0,1,12:54:32.400116031
2337.0,3,12:54:32.400197289
2337.0,2,12:54:32.400355414
2337.0,1,12:54:32.400409777
2337.0,1,12:54:34.087910093
2337.0,1,12:54:34.088129691
2337.1,4,12:54:36.114123919
2337.0,1,12:54:36.114196464
2337.0,1,12:54:41.165512153
2337.0,1,12:54:42.185631298
2337.0,2,12:54:42.327716544
2336.9,1,12:54:44.169542125
2336.9,1,12:54:44.643579172
2336.9,1,12:54:46.579316281
2336.9,1,12:54:46.579507569
2336.9,2,12:54:46.579567049
2336.9,1,12:54:46.735690737
2336.9,1,12:54:46.967036123
2336.8,1,12:54:47.322397890
2336.8,1,12:54:53.085145427
2336.9,3,12:54:54.148752039
2336.9,2,12:54:54.149061281
2336.9,1,12:54:55.083839889
2336.9,1,12:54:57.367774428
2336.9,1,12:54:58.972609004
2337.0,1,12:54:59.615204393
2336.9,1,12:55:00.008180142
2336.9,4,12:55:00.188248511
2336.9,4,12:55:02.034431066
2336.9,2,12:55:02.034693996
2336.8,1,12:55:02.034693996
2336.8,1,12:55:02.036042574
2336.8,2,12:55:02.036079803
2336.8,1,12:55:02.073434634
2336.8,1,12:55:02.073659298
2336.8,3,12:55:02.074007113
2336.7,5,12:55:02.627940062
2336.7,1,12:55:02.627977902
2336.7,3,12:55:02.628270951
2336.6,1,12:55:02.629071947
2336.6,1,12:55:02.629329382
2336.7,4,12:55:02.963429033
2336.6,3,12:55:03.038271873
2336.8,2,12:55:03.281082178
2336.8,1,12:55:03.377753582
2336.7,1,12:55:06.906296750
2336.6,2,12:55:07.041619820
2336.7,3,12:55:07.108076085
2336.7,1,12:55:08.035458514
2336.7,2,12:55:09.325848937
2336.6,1,12:55:11.926500615
2336.7,1,12:55:13.836726140
2336.6,1,12:55:13.949674637
2336.5,1,12:55:15.033812115
2336.4,1,12:55:15.033823049
2336.4,3,12:55:15.405559855
2336.4,1,12:55:15.405937307
2336.3,3,12:55:16.041004030
2336.3,2,12:55:16.041021325
2336.4,1,12:55:16.041665312
2336.4,2,12:55:16.042421101
2336.3,1,12:55:17.143597214
2336.4,1,12:55:17.185551643
2336.5,1,12:55:17.667227428
2336.5,1,12:55:18.168342513
2336.5,1,12:55:19.621086635
2336.5,2,12:55:19.621380254
2336.5,1,12:55:22.825713835
2336.5,1,12:55:23.197160404
2336.6,1,12:55:24.687678394
2336.5,1,12:55:24.687777033
2336.6,1,12:55:24.688024417
2336.5,1,12:55:25.188645315
2336.6,2,12:55:26.860654044
2336.7,1,12:55:27.170954161
2336.5,1,12:55:27.293811714
2336.7,2,12:55:27.378404217
2336.6,1,12:55:27.914040151
2336.6,1,12:55:27.914099420
2336.7,1,12:55:29.365562264
2336.6,1,12:55:30.011803237
2336.5,1,12:55:30.193313651
2336.6,1,12:55:31.066859272
2336.6,1,12:55:31.067071804
2336.5,1,12:55:36.853676830
2336.4,1,12:55:36.862379319
2336.4,1,12:55:36.862591326
2336.3,1,12:55:37.412515712
2336.4,1,12:55:37.479455686
2336.4,1,12:55:37.479731832
2336.6,1,12:55:43.646603656
2336.6,2,12:55:43.646986664
2336.6,1,12:55:43.647322597
2336.6,1,12:55:43.668974219
2336.6,2,12:55:43.912436880
2336.7,4,12:55:43.955883072
2336.7,1,12:55:43.956182931
2336.6,1,12:55:45.333906859
2336.6,2,12:55:50.050766425
2336.5,1,12:55:50.780881872
2336.5,1,12:55:50.781101265
2336.5,2,12:55:50.781165682
2336.5,1,12:55:50.781205193
2336.5,1,12:55:50.781247940
2336.6,1,12:55:53.529473526
2336.5,1,12:55:58.442386854
2336.6,1,12:55:59.444798243
2336.4,4,12:56:00.200348061
2336.5,1,12:56:07.989996319
2336.5,1,12:56:07.990514634
2336.5,1,12:56:11.050682586
2336.5,2,12:56:12.980187164
2336.6,1,12:56:13.020818325
2336.6,1,12:56:14.151935247
2336.6,1,12:56:14.161779919
2336.6,1,12:56:14.194044453
2336.6,2,12:56:14.194447792
2336.7,1,12:56:14.232208831
2336.7,1,12:56:14.232509218
2336.8,1,12:56:14.260003464
2336.9,1,12:56:14.260014214
2336.8,1,12:56:15.906270953
2336.8,1,12:56:15.906545954
2336.7,1,12:56:16.139615880
2336.7,2,12:56:19.088582949
2336.6,1,12:56:20.149393578
2336.5,1,12:56:21.973862391
2336.4,2,12:56:21.975181215
2336.4,1,12:56:21.975833740
2336.4,2,12:56:23.287800128
2336.4,2,12:56:23.715859506
2336.3,6,12:56:25.173281152
2336.3,1,12:56:25.174279147
2336.4,1,12:56:25.197686219
2336.4,1,12:56:25.440987727
2336.4,1,12:56:25.441303113
2336.3,1,12:56:25.509367460
2336.4,1,12:56:25.707017757
2336.4,1,12:56:25.730801939
2336.3,1,12:56:25.780508777
2336.3,1,12:56:26.337512990
2336.4,4,12:56:26.354068923
2336.4,1,12:56:26.470011767
2336.5,1,12:56:26.486980765
2336.4,2,12:56:26.777066699
2336.3,8,12:56:28.162940767
2336.4,1,12:56:28.163482742
2336.4,1,12:56:28.163528170
2336.4,1,12:56:28.163951894
2336.4,1,12:56:28.163990151
2336.4,1,12:56:28.164027566
2336.4,2,12:56:28.164443962
2336.5,1,12:56:28.243420544
2336.6,1,12:56:30.204045045
2336.5,3,12:56:30.205226629
2336.4,1,12:56:30.205226629
2336.4,1,12:56:32.774883652
2336.4,1,12:56:32.775455184
2336.4,1,12:56:34.824212271
2336.4,1,12:56:37.898690945
2336.4,3,12:56:42.260835177
2336.5,3,12:56:42.786637338
2336.6,3,12:56:50.998423025
2336.7,3,12:56:58.871072034
2336.7,3,12:56:59.951837962
2336.5,4,12:57:00.210164083
2336.5,1,12:57:02.707363465
2336.6,1,12:57:02.707405364
2336.5,1,12:57:03.762891196
2336.4,1,12:57:03.771998532
2336.4,1,12:57:03.772207609
2336.4,2,12:57:04.097175585
2336.5,4,12:57:09.394533101
2336.6,3,12:57:09.395909260
2336.5,3,12:57:09.395909260
2336.6,5,12:57:09.396632497
2336.6,2,12:57:09.397268212
2336.7,3,12:57:09.397268212
2336.6,1,12:57:13.216640933
2336.6,3,12:57:18.149772422
2336.6,1,12:57:18.500809774
2336.5,4,12:57:20.516681729
2336.5,2,12:57:20.516910806
2336.6,1,12:57:25.083687959
2336.6,3,12:57:30.006257248
2336.6,1,12:57:30.215549215
2336.7,2,12:57:34.299329549
2336.7,2,12:57:34.299603323
2336.8,2,12:57:40.605033996
2336.9,3,12:57:41.746925249
2336.9,5,12:57:42.527059130
2336.8,3,12:57:43.608681518
2336.8,1,12:57:43.632050856
2336.7,1,12:57:43.753772056
2336.8,1,12:57:44.093800602
2336.8,1,12:57:48.026832186
2336.8,2,12:57:48.027066722
2336.8,2,12:57:48.027694409
2336.9,17,12:57:48.639500767
2336.9,3,12:57:48.640014345
2336.9,1,12:57:48.640041193
2336.9,1,12:57:48.640140665
2336.9,1,12:57:48.640374394
2336.9,3,12:57:48.640446540
2336.9,1,12:57:48.640530324
2336.9,2,12:57:48.640642707
2336.9,1,12:57:48.640880526
2336.8,1,12:57:48.991050667
2336.8,1,12:57:49.105661413
2336.8,2,12:57:50.269243628
2336.8,1,12:57:50.269528026
2336.9,3,12:57:51.854792990
2336.9,3,12:57:51.854847954
2336.9,4,12:57:51.854983340
2336.8,5,12:57:52.967456459
2336.9,1,12:57:53.339494434
2336.8,1,12:57:56.862926453
2336.9,17,12:57:58.071914696
2336.9,2,12:57:58.072375297
2336.9,1,12:57:58.072569116
2336.9,1,12:57:58.073222188
2336.9,1,12:57:58.073248474
2336.9,1,12:57:58.073596905
2336.9,1,12:57:58.073760007
2336.9,9,12:57:58.098234247
2336.9,2,12:57:58.098515546
2336.9,1,12:57:58.098575928
2336.9,1,12:57:58.098639462
2336.9,1,12:57:58.098841005
2336.9,1,12:57:58.098992457
2336.8,1,12:57:59.947027908
2336.8,4,12:58:00.222462034
2336.8,2,12:58:00.222962329
2336.8,1,12:58:00.223180538
2336.7,1,12:58:03.754948545
2336.7,1,12:58:06.133638405
2336.7,1,12:58:10.884866357
2336.8,3,12:58:16.048510322
2336.8,1,12:58:16.663263441
2336.9,1,12:58:19.622422880
2336.8,1,12:58:25.477709569
2336.9,8,12:58:28.837319236
2336.9,1,12:58:28.837669922
2336.9,1,12:58:28.837765383
2336.9,1,12:58:28.837893049
2336.8,4,12:58:30.227153025
2336.9,10,12:58:32.426254566
2336.9,5,12:58:32.426946380
2336.9,14,12:58:37.040523122
2336.9,1,12:58:37.040995947
2336.9,4,12:58:37.041178987
2336.9,7,12:58:37.041733219
2337.0,302,12:58:37.042168398
2337.1,1,12:58:37.042181235
2337.1,1,12:58:37.042195766
2337.1,1,12:58:37.042204454
2337.2,1,12:58:37.042211395
2337.2,2,12:58:37.042218855
2337.2,1,12:58:37.042218855
2337.2,2,12:58:37.042225300
2337.2,1,12:58:37.042232285
2336.8,1,12:58:37.044475847
2337.0,1,12:58:37.044475847
2336.9,10,12:58:37.044475847
2337.2,3,12:58:37.044956589
2337.1,3,12:58:37.044956589
2337.3,2,12:58:37.045074540
2337.3,2,12:58:37.045113722
2337.3,3,12:58:37.045855967
2337.3,1,12:58:37.045976504
2337.1,1,12:58:37.046888513
2337.1,1,12:58:37.047028419
2337.1,1,12:58:37.047095593
2337.3,1,12:58:37.048423392
2337.3,1,12:58:37.049673433
2337.4,1,12:58:37.049872727
2337.4,3,12:58:37.049907367
2337.4,3,12:58:37.049946497
2337.5,1,12:58:37.052640901
2337.5,1,12:58:37.053117247
2337.5,1,12:58:37.053413864
2337.5,8,12:58:37.053481564
2337.5,1,12:58:37.056773243
2337.5,2,12:58:37.066378224
2337.5,1,12:58:37.066617888
2337.5,1,12:58:37.066655213
2337.5,1,12:58:37.066803090
2337.5,1,12:58:37.067022035
2337.4,3,12:58:37.085167401
2337.4,5,12:58:37.091941905
2337.4,3,12:58:37.092452028
2337.4,1,12:58:37.097464187
2337.5,2,12:58:37.169714271
2337.5,1,12:58:37.170222227
2337.5,1,12:58:37.170264163
2337.5,1,12:58:37.170475147
2337.5,2,12:58:37.236138541
2337.5,1,12:58:37.236341979
2337.5,1,12:58:37.246869838
2337.5,1,12:58:37.273255743
2337.5,1,12:58:37.463623778
2337.5,1,12:58:37.463873181
2337.5,1,12:58:37.729254286
2337.5,1,12:58:37.733236037
2337.4,1,12:58:38.100999159
2337.5,1,12:58:39.058017210
2337.3,1,12:58:40.038035284
2337.3,2,12:58:40.038241332
2337.3,1,12:58:40.038696408
2337.3,1,12:58:40.038811316
2337.1,3,12:58:40.758790131
2337.2,2,12:58:40.758790131
2337.1,4,12:58:40.758839534
2337.1,1,12:58:40.758862401
2337.2,1,12:58:40.759398452
2337.2,1,12:58:40.759449279
2337.2,2,12:58:40.759699002
2337.1,3,12:58:42.377545804
2337.2,1,12:58:42.379466739
2337.3,2,12:58:42.388807170
2337.3,1,12:58:42.389084715
2337.2,5,12:58:42.567836725
2337.1,3,12:58:42.567930897
2337.2,2,12:58:42.567930897
2337.3,1,12:58:42.568657699
2337.3,1,12:58:42.568686982
2337.3,1,12:58:42.569151929
2337.4,1,12:58:43.262056216
2337.4,1,12:58:43.262283769
2337.4,1,12:58:43.262862418
2337.4,2,12:58:43.263143179
2337.4,2,12:58:44.078972206
2337.5,1,12:58:45.028695419
2337.5,1,12:58:45.821087317
2337.4,1,12:58:50.982028789
2337.5,1,12:58:51.025954134
2337.5,1,12:58:51.301700399
2337.6,1,12:58:55.399686019
2337.7,1,12:58:55.399697008
2337.4,2,12:58:58.272140882
2337.6,3,12:58:58.349766585
2337.5,2,12:58:58.350950084
2337.6,1,12:58:59.506290898
2337.5,1,12:59:00.231736282
2337.4,2,12:59:00.232346244
2337.5,2,12:59:00.232346244
2337.4,1,12:59:00.541898489
2337.4,1,12:59:00.553241649
2337.4,4,12:59:00.553579799
2337.3,3,12:59:01.061238705
2337.3,1,12:59:01.061432728
2337.3,1,12:59:01.061512288
2337.2,5,12:59:04.923235839
2337.2,1,12:59:04.923634615
2337.1,1,12:59:13.760401121
2337.1,1,12:59:13.760859635
2337.0,1,12:59:14.922341335
2337.0,15,12:59:15.295304401
2336.9,2,12:59:15.296543837
2336.9,1,12:59:19.039872473
2336.9,3,12:59:19.040104425
2336.9,1,12:59:19.040351844
2336.9,1,12:59:19.040616787
2336.9,1,12:59:28.248245832
2336.9,4,12:59:28.248459120
2336.8,2,12:59:29.547497557
2336.8,1,12:59:30.026773098
2336.8,3,12:59:30.080366822
2336.6,2,12:59:30.237402274
2336.6,1,12:59:30.714587370
2336.7,1,12:59:31.110805927
2336.7,1,12:59:33.096939195
2336.7,2,12:59:41.217850581
2336.7,1,12:59:41.218067418
2336.7,1,12:59:42.503110347
2336.6,3,12:59:43.856754026
2336.5,2,12:59:45.313358510
2336.5,3,12:59:46.617143390
2336.5,1,12:59:47.543366511
2336.4,1,12:59:55.114422132
2336.6,1,12:59:57.146208024
2336.4,1,12:59:57.362411218
2336.4,4,13:00:00.243632945
2336.5,1,13:00:00.330414379
2336.4,1,13:00:01.027195826
2336.3,1,13:00:04.032789552
2336.4,1,13:00:07.653523931
2336.4,1,13:00:07.653835019
2336.3,1,13:00:07.671987716
2336.2,2,13:00:07.750070827
2336.1,2,13:00:08.034128379
2336.1,5,13:00:08.034142769
2336.2,2,13:00:08.034828068
2336.2,1,13:00:08.034906776
2336.2,1,13:00:08.035131459
2336.3,1,13:00:08.165065102
2336.3,2,13:00:08.165387230
2336.4,1,13:00:08.167676415
2336.4,2,13:00:08.167967538
2336.4,1,13:00:08.168168237
2336.5,4,13:00:08.169533450
2336.5,2,13:00:08.170038194
2336.5,1,13:00:08.171153093
2336.6,3,13:00:08.277882033
2336.7,1,13:00:08.471938667
2336.7,3,13:00:08.472235763
2336.8,2,13:00:08.496833593
2336.8,2,13:00:08.497168671
2336.8,2,13:00:08.497592187
2336.8,1,13:00:08.507634027
2336.9,1,13:00:08.519108984
2336.9,1,13:00:08.544316259
2336.9,1,13:00:08.544514294
2336.9,1,13:00:08.544545719
2336.9,1,13:00:08.544743509
2336.9,2,13:00:08.544812921
2336.9,2,13:00:08.618901754
2336.9,7,13:00:08.807952354
2336.9,1,13:00:08.807997433
2336.9,3,13:00:08.808185040
2336.9,2,13:00:08.808272957
2336.9,3,13:00:08.808468959
2336.9,1,13:00:08.808726763
2337.0,4,13:00:08.903116614
2337.1,1,13:00:09.784569924
2337.2,1,13:00:10.859123537
2337.2,5,13:00:11.517911248
2337.1,1,13:00:11.519771696
2337.1,1,13:00:11.519822759
2337.1,1,13:00:12.137230061
2337.3,1,13:00:12.335622435
2337.2,3,13:00:13.765315033
2337.1,3,13:00:13.765800512
2337.0,1,13:00:15.060069993
2337.0,1,13:00:15.184401785
2336.9,1,13:00:17.453380257
2337.0,1,13:00:17.629535549
2337.0,1,13:00:18.304999068
2337.0,1,13:00:18.305045990
2337.0,1,13:00:20.757700347
2337.0,1,13:00:27.264294230
2337.1,2,13:00:27.982079646
2337.2,2,13:00:29.441917752
2337.2,1,13:00:29.442280383
2337.2,1,13:00:29.447103629
2337.2,1,13:00:30.249199329
2337.2,3,13:00:30.249731896
2337.2,1,13:00:30.282649621
2337.3,1,13:00:35.443377965
2337.3,1,13:00:35.443601966
2337.3,1,13:00:35.443747349
2337.2,6,13:00:35.444162214
2337.2,2,13:00:35.444724773
2337.2,1,13:00:35.451134211
2337.2,1,13:00:36.216644217
2337.1,1,13:00:39.635894928
2337.3,1,13:00:45.024392546
2337.3,2,13:00:46.072923762
2337.4,3,13:00:47.761695093
2337.4,1,13:00:49.661020520
2337.5,4,13:00:50.008998926
2337.5,1,13:00:50.009581779
2337.5,1,13:00:50.009658773
2337.5,1,13:00:52.061952700
2337.4,1,13:00:52.096729020
2337.4,1,13:00:52.097063507
2337.4,1,13:00:52.097138952
2337.2,1,13:00:53.270367909
2337.2,5,13:00:53.271582662
2337.1,6,13:00:53.357027928
2337.0,3,13:00:53.358794546
2337.0,1,13:00:53.358813836
2337.0,2,13:00:53.358983299
2337.0,1,13:00:53.359049515
2337.0,1,13:00:53.359225953
2337.0,22,13:00:53.359396434
2337.0,24,13:00:53.359456822
2337.0,3,13:00:53.359456822
2337.0,3,13:00:53.359628803
2337.0,1,13:00:53.361530918
2337.0,3,13:00:53.362722795
2336.9,1,13:00:53.483171026
2337.0,1,13:00:53.483523090
2337.0,1,13:00:53.484126219
2336.9,2,13:00:53.599958108
2336.9,2,13:00:53.600260972
2336.8,3,13:00:53.641515293
2336.9,2,13:00:53.867917978
2336.8,3,13:00:53.890171765
2337.0,2,13:00:54.029291395
2337.0,1,13:00:54.029637590
2337.0,1,13:00:54.029668301
2337.0,1,13:00:54.029984589
2336.9,2,13:00:54.052040869
2337.0,1,13:00:54.220484981
2337.1,1,13:00:54.951576188
2337.0,1,13:00:54.984443192
2337.0,1,13:00:56.259562706
2337.0,1,13:00:56.259892536
2336.8,4,13:01:00.255527743
2336.9,1,13:01:01.381390193
2336.9,1,13:01:02.821564567
2336.8,1,13:01:03.626354817
2336.8,3,13:01:08.718730089
2336.7,3,13:01:08.946673465
2336.8,1,13:01:08.948155085
2336.8,1,13:01:08.948418259
2336.8,1,13:01:08.948537198
2336.8,1,13:01:08.949095498
2336.7,5,13:01:09.833238282
2336.7,1,13:01:10.011332415
2336.8,1,13:01:11.701412067
2336.8,1,13:01:11.702071770
2336.9,3,13:01:13.985587407
2336.9,1,13:01:13.986027892
2336.8,3,13:01:18.483118437
2336.9,1,13:01:26.859362397
2336.9,1,13:01:26.916359812
2336.9,1,13:01:27.491055186
2336.9,1,13:01:27.491151495
2337.0,2,13:01:27.989353480
2337.0,3,13:01:27.989627254
2336.9,4,13:01:30.263251782
2336.8,1,13:01:36.323228574
2336.8,1,13:01:36.325626938
2336.8,1,13:01:37.044427032
2336.7,1,13:01:39.498564010
2336.6,1,13:01:39.504480699
2336.6,6,13:01:39.504592780
2336.5,1,13:01:39.505445793
2336.5,1,13:01:39.505727082
2336.5,1,13:01:39.506143814
2336.6,3,13:01:39.506535158
2336.5,1,13:01:39.506869915
2336.4,1,13:01:39.507531486
2336.4,4,13:01:39.507545602
2336.1,7,13:01:39.507545602
2336.3,8,13:01:39.507545602
2336.2,6,13:01:39.507545602
2336.5,1,13:01:39.508926791
2336.5,1,13:01:39.509052704
2336.1,1,13:01:39.511674667
2336.1,2,13:01:39.513065453
2336.1,1,13:01:39.513157522
2336.0,2,13:01:39.515021749
2336.0,1,13:01:39.515029480
2336.0,3,13:01:39.515076824
2336.0,1,13:01:39.515708927
2336.0,1,13:01:39.515876624
2336.0,1,13:01:39.516435060
2336.0,2,13:01:39.517334330
2336.0,1,13:01:39.517936332
2336.0,6,13:01:39.518222652
2336.0,1,13:01:39.521712341
2335.9,1,13:01:39.523003851
2335.8,5,13:01:39.523014527
2336.0,1,13:01:39.523770033
2335.8,1,13:01:39.523770033
2335.9,2,13:01:39.526754193
2335.8,1,13:01:39.527908475
2335.8,1,13:01:39.528953996
2335.8,1,13:01:39.529032325
2335.8,1,13:01:39.529123258
2335.8,1,13:01:39.529509601
2335.9,2,13:01:39.538034531
2335.9,1,13:01:39.539412943
2335.9,1,13:01:39.540190101
2335.9,1,13:01:39.540828040
2336.0,1,13:01:39.543174337
2336.0,1,13:01:39.543204292
2336.0,1,13:01:39.543422402
2336.0,1,13:01:39.548658459
2335.9,1,13:01:39.549851558
2335.9,1,13:01:39.560269140
2336.0,3,13:01:39.560437272
2336.0,1,13:01:39.560712967
2335.9,1,13:01:39.564137538
2335.9,1,13:01:39.567068055
2335.8,1,13:01:39.636418073
2335.9,1,13:01:39.647618523
2335.9,1,13:01:39.659104404
2335.8,1,13:01:39.661791362
2335.9,2,13:01:39.667556689
2335.9,1,13:01:39.667898866
2335.9,1,13:01:39.668243417
2335.9,1,13:01:39.676368393
2336.0,2,13:01:39.697884643
2336.0,1,13:01:39.698254657
2336.0,1,13:01:39.698293736
2336.1,1,13:01:39.780741178
2336.2,2,13:01:39.816319777
2336.2,1,13:01:39.834299578
2336.2,1,13:01:39.835286877
2336.2,3,13:01:39.858888151
2336.3,3,13:01:39.859811830
2336.3,3,13:01:39.863149059
2336.4,2,13:01:39.863463619
2336.3,1,13:01:39.863521457
2336.4,1,13:01:39.864271482
2336.4,1,13:01:39.864948865
2336.4,1,13:01:39.865168770
2336.3,2,13:01:39.887365623
2336.3,2,13:01:39.912390224
2336.2,1,13:01:39.943991761
2336.3,2,13:01:39.943991761
2336.3,1,13:01:39.964396494
2336.4,3,13:01:40.014233565
2336.5,1,13:01:40.127170690
2336.5,1,13:01:40.127196617
2336.5,1,13:01:40.145187752
2336.4,1,13:01:40.172986177
2336.5,1,13:01:40.174627468
2336.3,1,13:01:40.211643219
2336.5,1,13:01:40.350910083
2336.4,1,13:01:40.485634401
2336.5,2,13:01:41.036411389
2336.5,1,13:01:41.620193251
2336.5,1,13:01:41.620602296
2336.4,1,13:01:41.743927295
2336.4,2,13:01:41.744001933
2336.3,4,13:01:41.745448887
2336.4,1,13:01:41.757586321
2336.4,1,13:01:41.809978869
2336.4,1,13:01:41.810542780
2336.5,1,13:01:41.948603721
2336.4,1,13:01:42.113444229
2336.6,2,13:01:42.509445935
2336.6,1,13:01:42.517497856
2336.7,1,13:01:43.577285526
2336.7,1,13:01:43.668352464
2336.6,2,13:01:43.818383160
2336.7,2,13:01:44.189209388
2336.6,1,13:01:45.991695108
2336.5,1,13:01:45.991982132
2336.6,1,13:01:46.003317243
2336.6,1,13:01:47.056604556
2336.7,2,13:01:47.382361880
2336.6,1,13:01:48.020391163
2336.7,7,13:01:51.917454198
2336.8,5,13:01:51.926348940
2337.0,10,13:01:51.926361221
2337.1,8,13:01:51.926361221
2337.2,1,13:01:51.926361221
2336.9,4,13:01:51.926361221
2336.9,1,13:01:51.927382464
2336.9,1,13:01:51.928070417
2337.0,1,13:01:51.955512988
2337.1,1,13:01:52.599334502
2337.1,2,13:01:52.599545822
2337.1,1,13:01:52.599938168
2337.2,1,13:01:56.631119921
2337.2,3,13:01:56.631986284
2337.3,9,13:01:56.631986284
2337.4,3,13:01:56.635923687
2337.5,3,13:01:56.638451815
2337.5,1,13:01:56.639579112
2337.5,1,13:01:56.640986615
2337.6,5,13:01:56.642659055
2337.7,1,13:01:56.646463660
2337.7,2,13:01:56.646713483
2337.6,4,13:01:56.649036034
2337.7,1,13:01:56.658519265
2337.8,1,13:01:56.659103987
2337.9,1,13:01:56.659110922
2337.8,1,13:01:56.662232501
2337.9,2,13:01:56.662291722
2337.8,1,13:01:56.663866384
2337.7,2,13:01:56.663988649
2337.8,1,13:01:56.664898462
2337.8,1,13:01:56.669792032
2337.8,1,13:01:56.670320386
2337.8,1,13:01:56.670508616
2337.9,2,13:01:56.672325735
2337.8,1,13:01:56.672413708
2337.8,1,13:01:56.673091081
2337.9,1,13:01:56.673736028
2337.9,1,13:01:56.673846453
2338.0,1,13:01:56.673846453
2337.8,1,13:01:56.675822042
2337.8,1,13:01:56.675910360
2337.8,1,13:01:56.676303858
2337.8,1,13:01:56.678979225
2337.8,1,13:01:56.679711208
2337.8,2,13:01:56.680934564
2337.8,1,13:01:56.681356585
2337.8,2,13:01:56.682919108
2337.8,2,13:01:56.698889779
2337.7,2,13:01:56.699847430
2337.8,1,13:01:56.700269947
2337.7,2,13:01:56.700656803
2337.8,1,13:01:56.720265303
2337.8,2,13:01:56.721008578
2337.8,1,13:01:56.771714970
2337.9,2,13:01:56.786683847
2337.9,2,13:01:56.786850993
2337.9,2,13:01:56.787232674
2337.9,1,13:01:56.802639739
2337.9,1,13:01:56.805615018
2338.0,1,13:01:56.858238552
2337.9,1,13:01:56.858617004
2337.8,1,13:01:57.012539288
2337.7,2,13:01:57.264767438
2337.7,1,13:01:57.264810171
2337.7,2,13:01:57.265119825
2337.7,1,13:01:57.265454271
2337.8,1,13:01:57.439341849
2337.8,1,13:01:57.444215822
2337.7,1,13:01:57.464795890
2337.6,1,13:01:57.470408829
2337.7,5,13:01:57.569907340
2337.7,1,13:01:57.570772619
2337.6,1,13:01:57.571994483
2337.6,4,13:01:58.344055518
2337.5,2,13:01:58.351590092
2337.4,1,13:01:59.015450829
2337.5,3,13:01:59.151729550
2337.5,1,13:01:59.152037534
2337.7,1,13:01:59.240986077
2337.7,1,13:01:59.241773136
2337.7,1,13:02:00.412154010
2337.7,2,13:02:00.412472859
2337.7,1,13:02:00.412958266
2337.6,2,13:02:01.656961091
2337.5,1,13:02:01.688676448
2337.6,1,13:02:02.032677934
2337.7,1,13:02:04.269620142
2337.6,1,13:02:04.628591761
2337.6,1,13:02:04.628909566
2337.7,1,13:02:04.888219241
2337.6,1,13:02:05.924085424
2337.7,1,13:02:05.932598491
2337.5,1,13:02:06.493226408
2337.4,1,13:02:06.560812543
2337.3,1,13:02:06.744475916
2337.4,1,13:02:06.744895138
2337.5,1,13:02:08.038173762
2337.4,1,13:02:09.897696690
2337.3,1,13:02:10.822134080
2337.2,2,13:02:11.173861868
2337.4,3,13:02:11.866802876
2337.5,1,13:02:11.867883767
2337.5,1,13:02:13.540030450
2337.6,1,13:02:13.611352889
2337.5,1,13:02:19.609690317
2337.5,1,13:02:19.610144476
2337.4,1,13:02:19.812328824
2337.3,1,13:02:21.113085195
2337.2,3,13:02:22.905095994
2337.2,2,13:02:22.905245398
2337.2,3,13:02:22.905371845
2337.1,1,13:02:22.907894479
2337.2,1,13:02:22.966389104
2337.2,1,13:02:23.161116539
2337.2,2,13:02:28.519362182
2337.1,2,13:02:28.551566035
2337.1,1,13:02:28.581497834
2337.0,1,13:02:30.383149633
2337.1,1,13:02:30.384242977
2337.1,1,13:02:30.415894256
2337.1,1,13:02:30.867797610
2337.1,1,13:02:30.867829882
2337.1,1,13:02:30.868003998
2337.1,2,13:02:31.685744781
2337.1,1,13:02:33.613165706
2337.1,1,13:02:33.739772042
2337.2,1,13:02:33.919666873
2337.2,1,13:02:33.920018128
2337.2,1,13:02:33.920299625
2337.1,1,13:02:34.295374344
2337.1,1,13:02:34.295429852
2337.1,1,13:02:35.343460940
2337.2,7,13:02:35.739384800
2337.1,5,13:02:35.739384800
2337.2,2,13:02:35.740433212
2337.2,1,13:02:35.928372270
2337.3,1,13:02:38.283992565
2337.3,1,13:02:40.203289596
2337.3,1,13:02:40.240538294
2337.3,1,13:02:40.240765742
2337.2,5,13:02:40.605702479
2337.2,5,13:02:40.605888687
2337.2,2,13:02:40.605933998
2337.2,1,13:02:40.605987919
2337.2,4,13:02:40.606134725
2337.3,4,13:02:40.606345967
2337.3,1,13:02:40.607161993
2337.2,5,13:02:40.607161993
2337.4,2,13:02:40.607386398
2337.4,5,13:02:40.607424213
2337.4,3,13:02:40.607461743
2337.4,1,13:02:40.608909437
2337.5,1,13:02:43.405426381
2337.5,2,13:02:43.405678806
2337.5,1,13:02:43.405718963
2337.5,1,13:02:43.405797317
2337.6,2,13:02:44.566437466
2337.6,1,13:02:44.567497840
2337.7,5,13:02:46.040218249
2337.8,8,13:02:46.040218249
2337.8,2,13:02:46.040930061
2337.8,2,13:02:46.041227239
2337.8,3,13:02:46.041551907
2337.7,4,13:02:46.042884737
2337.8,1,13:02:46.043832353
2337.6,5,13:02:46.044031272
2337.6,1,13:02:48.983722775
2337.6,1,13:02:49.000382796
2337.5,1,13:02:51.712284486
2337.5,1,13:02:51.712367490
2337.5,1,13:02:51.712455600
2337.5,1,13:02:51.712507140
2337.5,2,13:02:51.842833080
2337.5,1,13:02:52.243596686
2337.5,1,13:02:53.615071478
2337.5,1,13:02:55.319619878
2337.5,1,13:02:56.717553783
2337.4,1,13:02:59.453524902
2337.4,1,13:02:59.453760507
2337.3,1,13:02:59.630276622
2337.4,1,13:03:02.199917957
2337.4,2,13:03:02.200175710
2337.4,1,13:03:02.200219125
2337.6,4,13:03:05.200605343
2337.7,1,13:03:05.202309132
2337.8,2,13:03:05.356279247
2337.9,1,13:03:05.430357501
2338.0,2,13:03:05.602526034
2338.0,1,13:03:05.602718801
2338.0,1,13:03:05.602950456
2338.1,1,13:03:06.625298201
2338.0,1,13:03:08.083684912
2338.0,4,13:03:08.358775671
2338.1,1,13:03:08.383491845
2338.1,2,13:03:08.801168370
2338.1,1,13:03:08.801253402
2338.1,1,13:03:08.801394042
2338.1,1,13:03:08.802066849
2338.1,1,13:03:08.802285151
2338.2,1,13:03:09.460177730
2338.1,1,13:03:09.991994689
2338.1,3,13:03:10.980629849
2338.2,2,13:03:17.476789556
2338.1,2,13:03:19.320965959
2338.0,2,13:03:19.711881887
2338.0,1,13:03:19.712618500
2338.0,1,13:03:19.713825960
2338.0,1,13:03:19.714309420
2338.0,2,13:03:21.845814943
2338.1,1,13:03:22.671075617
2338.0,1,13:03:24.185952554
2338.1,1,13:03:24.356857618
2338.1,1,13:03:25.825275433
2338.1,2,13:03:25.825568720
2338.1,1,13:03:25.827079223
2338.1,1,13:03:25.847336287
2338.2,1,13:03:28.554473913
2338.2,1,13:03:28.554947875
2338.3,1,13:03:28.785925844
2338.3,1,13:03:29.990643382
2338.3,1,13:03:30.185700440
2338.3,1,13:03:30.188552878
2338.2,2,13:03:31.094453773
2338.2,3,13:03:31.094719080
2338.3,1,13:03:31.610844015
2338.4,1,13:03:31.966780329
2338.4,2,13:03:32.066470402
2338.3,1,13:03:33.143941759
2338.3,1,13:03:33.155335361
2338.3,1,13:03:33.236858862
2338.3,1,13:03:35.221136529
2338.3,1,13:03:36.020901280
2338.3,1,13:03:36.020963542
2338.4,1,13:03:38.893731193
2338.2,2,13:03:41.421522942
2338.3,1,13:03:41.695048309
2338.3,2,13:03:44.694333114
2338.3,1,13:03:44.695103853
2338.4,1,13:03:44.805489455
2338.5,1,13:03:46.891229750
2338.5,1,13:03:46.891245238
2338.5,3,13:03:47.857499004
2338.6,1,13:03:47.857499004
2338.5,1,13:03:47.858907451
2338.4,1,13:03:51.121538438
2338.4,1,13:03:51.121838642
2338.4,1,13:03:52.194483676
2338.5,1,13:03:52.719670792
2338.4,1,13:03:52.721244577
2338.4,1,13:03:52.722772864
2338.4,1,13:03:52.723040018
2338.4,1,13:03:52.723137708
2338.5,1,13:03:52.822420876
2338.7,3,13:03:55.984472553
2338.6,1,13:03:56.045377330
2338.7,2,13:03:57.002761079
2338.6,1,13:03:57.058559745
2338.5,1,13:03:58.126020957
2338.7,1,13:03:58.430863321
2338.7,1,13:03:59.439008404
2338.8,1,13:03:59.558200021
2338.9,1,13:03:59.558210870
2338.7,1,13:04:00.323022006
2338.7,2,13:04:00.323720660
2338.7,1,13:04:01.066184559
2338.7,1,13:04:01.850414515
2338.6,2,13:04:01.850848517
2338.7,1,13:04:01.850848517
2338.8,1,13:04:03.174368570
2338.8,1,13:04:07.424095600
2338.8,1,13:04:07.425048541
2338.8,1,13:04:07.425596882
2338.9,2,13:04:08.642434330
2338.9,1,13:04:08.643045700
2338.9,1,13:04:08.643296080
2338.8,2,13:04:08.832670920
2338.8,3,13:04:09.726787092
2338.9,1,13:04:09.728190160
2339.0,1,13:04:09.730135383
2338.9,1,13:04:09.752974248
2338.9,1,13:04:10.758175275
2339.0,1,13:04:10.915012567
2339.1,1,13:04:11.008395334
2339.0,4,13:04:11.008395334
2339.0,1,13:04:11.009500790
2339.0,3,13:04:11.090804832
2339.1,1,13:04:11.149763464
2339.1,11,13:04:11.195281057
2339.0,1,13:04:11.196686743
2339.0,1,13:04:11.197115445
2339.0,1,13:04:11.206202460
2339.0,1,13:04:11.226923839
2339.1,1,13:04:11.509025953
2339.1,3,13:04:11.509288202
2339.1,1,13:04:11.509479105
2339.1,1,13:04:11.509513355
2339.1,6,13:04:12.483383916
2339.1,1,13:04:12.484727693
2339.1,1,13:04:12.807911736
2339.2,4,13:04:12.870765285
2339.1,1,13:04:13.170470181
2339.2,2,13:04:13.797847865
2339.3,5,13:04:13.803215204
2339.3,3,13:04:13.856629035
2339.3,9,13:04:13.907778321
2339.3,2,13:04:14.079010636
2339.2,3,13:04:15.674781646
2339.3,2,13:04:17.393705001
2339.2,1,13:04:17.578962676
2339.2,2,13:04:17.984309733
2339.3,1,13:04:17.986785312
2339.3,1,13:04:17.988382080
2339.3,1,13:04:20.142728379
2339.2,1,13:04:20.181889009
2339.2,1,13:04:20.182184346
2339.3,1,13:04:20.628390392
2339.4,1,13:04:20.640470501
2339.3,2,13:04:20.725795974
2339.2,1,13:04:21.148763355
2339.2,1,13:04:21.152499458
2339.2,1,13:04:21.397182532
2339.2,1,13:04:21.911840925
2339.2,1,13:04:22.453084962
2339.2,1,13:04:23.300866278
2339.2,4,13:04:23.786663153
2339.2,2,13:04:23.787023497
2339.2,4,13:04:23.792600571
2339.2,1,13:04:27.051791387
2339.2,1,13:04:27.052149618
2339.2,1,13:04:28.246678057
2339.2,2,13:04:28.469427960
2339.2,2,13:04:28.932916773
2339.2,1,13:04:29.694463968
2339.2,1,13:04:30.593763597
2339.3,5,13:04:32.751146092
2339.3,1,13:04:32.751796783
2339.1,1,13:04:32.993432031
2339.3,1,13:04:33.404584105
2339.3,1,13:04:33.404784631
2339.3,1,13:04:33.404816369
2339.3,2,13:04:40.629666759
2339.3,1,13:04:40.665619400
2339.2,1,13:04:41.830947590
2339.2,1,13:04:43.705622506
2339.3,3,13:04:44.725911619
2339.2,1,13:04:46.027383949
2339.2,1,13:04:49.245484616
2339.3,1,13:04:50.562038416
2339.2,1,13:04:54.026322131
2339.2,1,13:04:54.605505026
2339.2,2,13:04:56.341327680
2339.2,1,13:04:56.341506816
2339.2,2,13:04:58.129639019
2339.1,1,13:04:59.842529084
2339.1,5,13:05:00.789418047
2339.2,5,13:05:00.915277303
2339.1,1,13:05:03.123040421
2339.1,1,13:05:03.259217674
2339.1,3,13:05:03.259580126
2339.0,1,13:05:03.614070790
2339.0,1,13:05:05.425477121
2339.0,1,13:05:05.435308077
2339.1,1,13:05:06.725710057
2339.1,1,13:05:08.717338851
2339.0,1,13:05:11.463115554
2339.0,1,13:05:11.894578438
2339.1,1,13:05:12.795613995
2339.0,1,13:05:12.825434860
2339.0,2,13:05:12.825807312
2339.1,1,13:05:13.627821422
2339.1,1,13:05:13.950507894
2339.0,1,13:05:16.385797482
2338.9,3,13:05:16.386135044
2339.0,1,13:05:16.759599072
2338.9,1,13:05:17.606209620
2338.8,1,13:05:25.521568055
2338.8,1,13:05:25.521579624
2338.9,1,13:05:26.501761641
2338.9,1,13:05:26.867485983
2338.9,1,13:05:26.895817099
2338.8,1,13:05:30.115724086
2338.9,1,13:05:30.319994280
2338.9,1,13:05:32.443960914
2338.9,1,13:05:40.965821361
2338.9,1,13:05:40.966070736
2338.9,1,13:05:40.966169884
2338.9,1,13:05:42.116542618
2338.9,1,13:05:42.116713658
2338.8,1,13:05:48.553212059
2339.0,1,13:05:51.374926721
2338.9,1,13:05:53.197489135
2338.8,4,13:05:55.858086993
2338.7,1,13:05:55.867222965
2338.6,1,13:05:57.086274416
2338.5,4,13:05:57.111650090
2338.4,1,13:05:57.114267653
2338.7,2,13:05:57.936084626
2338.6,1,13:05:58.971895319
2338.7,1,13:06:00.189000115
2338.7,1,13:06:00.189650336
2338.8,1,13:06:03.603099188
2338.7,1,13:06:03.605639933
2338.7,2,13:06:03.605845250
2338.6,1,13:06:05.804797166
2338.6,1,13:06:10.551746941
2338.7,1,13:06:13.575487298
2338.6,1,13:06:14.414822720
2338.6,1,13:06:14.970117492
2338.5,1,13:06:15.639459914
2338.6,1,13:06:17.434228789
2338.6,1,13:06:17.539529825
2338.8,1,13:06:28.487152196
2338.9,1,13:06:30.083131258
2338.9,1,13:06:30.620843158
2338.8,2,13:06:34.464502447
2338.8,1,13:06:34.464674319
2338.7,1,13:06:34.466636327
2338.7,1,13:06:34.466826852
2338.7,2,13:06:36.164141501
2338.7,1,13:06:39.340729328
2338.7,1,13:06:39.340774042
2338.8,1,13:06:40.889284720
2338.7,1,13:06:46.017674043
2338.8,1,13:06:47.494925585
2338.8,1,13:06:47.494991371
2338.8,1,13:06:49.238906731
2338.7,1,13:06:51.212154679
2338.7,1,13:06:57.567977452
2338.7,1,13:06:57.568154365
2338.7,2,13:06:57.568229022
2338.7,1,13:06:57.568692193
2338.7,2,13:07:01.165781423
2338.7,1,13:07:01.165891829
2338.8,4,13:07:07.417945315
2338.9,1,13:07:07.426449691
2338.9,1,13:07:07.427081173
2338.8,1,13:07:07.439154334
2338.7,2,13:07:09.099572850
2338.7,1,13:07:10.860882624
2338.7,1,13:07:13.650030094
2338.7,1,13:07:13.650079307
2338.7,2,13:07:13.650295420
2338.7,1,13:07:13.663084396
2338.6,4,13:07:13.711240257
2338.6,1,13:07:13.743985923
2338.6,1,13:07:13.744045450
2338.7,1,13:07:14.041520610
2338.9,2,13:07:14.449897046
2339.0,3,13:07:14.451134558
2339.0,1,13:07:14.452196538
2339.1,1,13:07:15.566261602
2339.1,1,13:07:19.877479075
2339.0,1,13:07:23.789576876
2339.1,1,13:07:27.915784431
2339.2,3,13:07:27.980478370
2339.2,1,13:07:28.010485811
2339.1,3,13:07:32.023828833
2339.0,1,13:07:33.777794761
2338.9,1,13:07:35.837862503
2338.8,1,13:07:36.651734279
2338.9,1,13:07:39.500053616
2338.8,1,13:07:39.501106726
2338.8,3,13:07:40.697178382
2338.9,6,13:07:40.697483207
2339.0,2,13:07:40.701506002
2339.0,2,13:07:40.705002722
2339.0,1,13:07:40.705350287
2339.3,1,13:07:45.050094505
2339.2,1,13:07:48.549708389
2339.4,1,13:07:49.604779451
2339.5,1,13:07:49.901623758
2339.5,2,13:07:49.901639125
2339.5,1,13:07:51.125584266
2339.5,1,13:07:51.125764004
2339.5,4,13:07:51.634513268
2339.5,1,13:07:51.634775088
2339.6,1,13:07:52.329098526
2339.4,1,13:07:52.687722193
2339.5,1,13:07:52.725571767
2339.5,1,13:07:53.247425970
2339.5,1,13:07:53.613905693
2339.6,1,13:07:55.638786645
2339.5,1,13:07:56.234598523
2339.5,1,13:07:56.234785777
2339.5,1,13:07:57.429475611
2339.6,1,13:07:57.823971059
2339.6,2,13:07:57.839431709
2339.6,1,13:07:57.840316274
2339.5,1,13:07:57.914857444
2339.4,1,13:08:03.456893439
2339.5,2,13:08:03.456893439
2339.6,1,13:08:03.653951703
2339.6,1,13:08:03.654505730
2339.6,1,13:08:04.688725765
2339.6,1,13:08:09.108064335
2339.6,2,13:08:09.108303825
2339.6,1,13:08:10.057439281
2339.6,1,13:08:12.016101913
2339.5,1,13:08:12.506643097
2339.5,1,13:08:12.506841213
2339.6,1,13:08:12.660636168
2339.6,2,13:08:15.015459335
2339.6,1,13:08:15.213437646
2339.6,1,13:08:15.214504951
2339.7,1,13:08:15.698373828
2339.7,1,13:08:15.698564094
2339.7,2,13:08:15.699005959
2339.7,1,13:08:15.699690798
2339.7,1,13:08:15.709819584
2339.7,1,13:08:15.710691535
2339.7,1,13:08:15.792654153
2339.6,1,13:08:15.793421424
2339.6,1,13:08:15.793554553
2339.6,1,13:08:15.853648153
2339.6,1,13:08:15.854144256
2339.5,1,13:08:17.902063235
2339.6,5,13:08:20.868661140
2339.7,3,13:08:20.868661140
2339.7,1,13:08:20.870834947
2339.7,1,13:08:20.871939251
2339.8,3,13:08:20.913712019
2339.8,1,13:08:21.164412796
2339.8,1,13:08:22.299106816
2339.8,1,13:08:22.299414015
2339.8,1,13:08:24.236056491
2339.8,1,13:08:24.790574964
2339.8,4,13:08:25.105839726
2339.7,5,13:08:25.106200258
2339.7,1,13:08:25.231953834
2339.8,1,13:08:26.548716847
2339.7,1,13:08:26.711026432
2339.7,1,13:08:33.025417199
2339.7,1,13:08:33.025633914
2339.7,2,13:08:33.025782727
2339.8,1,13:08:34.387102678
2339.8,1,13:08:36.124311056
2339.8,4,13:08:36.124419048
2339.7,1,13:08:37.067741166
2339.7,1,13:08:37.067974553
2339.7,2,13:08:37.068007357
2339.7,1,13:08:37.068270172
2339.8,1,13:08:40.786189477
2339.8,1,13:08:42.072982516
2339.7,1,13:08:42.514512736
2339.6,1,13:08:44.521769752
2339.6,2,13:08:44.719442072
2339.6,1,13:08:45.214062877
2339.6,3,13:08:53.454923533
2339.6,5,13:08:53.455125029
2339.6,2,13:08:53.455192729
2339.6,1,13:08:57.145936789
2339.6,1,13:08:57.146062475
2339.6,1,13:09:00.018974089
2339.7,1,13:09:01.369490146
2339.7,1,13:09:01.369677295
2339.7,1,13:09:05.053041834
2339.6,1,13:09:05.365704585
2339.7,2,13:09:06.410603245
2339.5,1,13:09:08.626278596
2339.5,1,13:09:11.268566797
2339.5,2,13:09:11.268669900
2339.4,2,13:09:13.511053009
2339.3,4,13:09:13.534906324
2339.2,1,13:09:13.552666483
2339.4,1,13:09:14.198064400
2339.4,1,13:09:16.450706160
2339.4,2,13:09:16.953671319
2339.4,1,13:09:20.485316945
2339.3,1,13:09:21.037760871
2339.4,1,13:09:21.877908339
2339.3,1,13:09:23.441257383
2339.2,1,13:09:24.222587271
2339.2,1,13:09:24.332869215
2339.3,1,13:09:24.480680055
2339.2,1,13:09:30.017477689
2339.1,1,13:09:31.480719475
2339.1,1,13:09:32.654823922
2339.2,1,13:09:43.005682125
2339.3,1,13:09:45.771156410
2339.3,1,13:09:45.771342689
2339.3,1,13:09:45.771431529
2339.4,1,13:09:45.773037142
2339.4,3,13:09:45.773355820
2339.3,1,13:09:45.796574636
2339.2,2,13:09:46.036672711
2339.2,1,13:09:49.496039795
2339.2,1,13:09:52.064496237
2339.1,1,13:09:58.151530500
2339.1,2,13:09:59.178823612
2339.2,8,13:09:59.178823612
2339.2,1,13:10:00.239357445
2339.2,1,13:10:00.250733299
2339.2,1,13:10:02.382503876
2339.2,1,13:10:03.489025741
2339.1,3,13:10:03.889826009
2339.1,1,13:10:07.022661063
2339.2,2,13:10:07.208800916
2339.1,1,13:10:08.090155590
2339.0,1,13:10:12.961192959
2339.0,2,13:10:12.961568269
2339.0,1,13:10:12.961619973
2338.9,1,13:10:13.746571663
2338.9,1,13:10:16.691551051
2338.9,1,13:10:16.691801968
2338.9,2,13:10:19.574744846
2338.9,1,13:10:20.528312769
2339.1,1,13:10:24.226884622
2339.0,2,13:10:26.046422540
2339.1,1,13:10:29.766405454
2339.1,1,13:10:29.766690173
2339.1,1,13:10:29.766810150
2339.1,2,13:10:40.209608352
2339.1,1,13:10:47.552851085
2339.0,1,13:10:50.786494642
2338.8,1,13:10:52.255129549
2338.8,1,13:10:57.779001999
2338.7,1,13:10:57.791008372
2338.6,7,13:11:01.820759828
2338.7,2,13:11:05.409255498
2338.7,1,13:11:05.430964420
2338.8,2,13:11:11.842701244
2339.0,1,13:11:17.591514492
2339.1,1,13:11:19.773804599
2339.0,1,13:11:22.696256563
2339.0,1,13:11:27.181003045
2339.0,2,13:11:32.579053078
2339.0,8,13:11:34.877012001
2339.0,3,13:11:34.877268908
2339.0,2,13:11:36.290179794
2338.9,1,13:11:36.290179794
2339.0,4,13:11:37.069894425
2338.9,1,13:11:37.340046592
2339.0,2,13:11:37.340046592
2338.9,2,13:11:38.416360882
2339.1,2,13:11:40.570823763
2339.1,1,13:11:40.571011232
2339.0,1,13:11:44.078358030
2338.8,1,13:11:50.022243097
2338.9,1,13:11:53.399323508
2338.7,4,13:12:05.283950961
2338.6,1,13:12:05.283950961
2338.7,1,13:12:05.331031763
2338.6,1,13:12:05.554759623
2338.6,1,13:12:10.912004860
2338.5,5,13:12:16.446901115
2338.5,1,13:12:16.448488885
2338.6,1,13:12:16.458739814
2338.6,2,13:12:16.459727764
2338.6,1,13:12:23.845931828
2338.6,1,13:12:25.047191511
2338.6,1,13:12:25.047472240
2338.4,1,13:12:28.496604128
2338.4,2,13:12:28.496621725
2338.5,3,13:12:28.499256236
2338.5,1,13:12:28.507762721
2338.6,2,13:12:31.267816218
2338.7,1,13:12:35.086934053
2338.7,1,13:12:35.087210605
2338.7,1,13:12:40.373163935
2338.7,2,13:12:42.137041524
2338.8,4,13:12:44.617400982
2338.8,1,13:12:48.214508453
2338.9,1,13:12:50.361786608
2339.0,3,13:12:51.740073343
2339.1,1,13:12:51.852785177
2339.0,1,13:12:51.879078064
2339.0,1,13:12:51.879312219
2338.9,3,13:12:52.050680822
2339.0,1,13:12:54.703429918
2338.9,1,13:12:57.116445190
2338.9,1,13:12:57.116630541
2338.8,1,13:12:57.527370249
2338.8,1,13:12:57.527495621
2338.7,2,13:13:01.260733006
2338.7,2,13:13:18.403636913
2338.7,1,13:13:20.595817373
2338.7,1,13:13:25.045769509
2338.6,1,13:13:25.806190387
2338.7,1,13:13:28.440559993
2338.7,1,13:13:28.440773727
2338.7,1,13:13:30.059562085
2339.0,3,13:13:33.253733255
2339.1,5,13:13:34.006275875
2339.1,1,13:13:34.097469366
2339.0,6,13:13:38.351637158
2338.9,2,13:13:38.351637158
2339.1,8,13:13:38.693108525
2339.0,5,13:13:38.693108525
2339.2,1,13:13:38.693108525
2339.1,1,13:13:39.926319906
2339.0,1,13:13:41.960344406
2338.8,1,13:13:48.799956070
2338.7,1,13:13:50.774170434
2338.7,1,13:13:52.216675728
2338.7,1,13:13:52.217226670
2338.8,1,13:13:53.284659575
2338.7,2,13:13:53.304787756
2338.8,7,13:13:56.329116528
2338.9,7,13:13:56.329116528
2338.9,1,13:13:56.329935957
2338.8,1,13:13:56.330699476
2338.8,1,13:13:56.331424540
2338.8,1,13:13:56.332112548
2338.8,1,13:14:01.815377509
2338.7,1,13:14:02.517136802
2338.7,1,13:14:02.529342961
2338.7,1,13:14:03.143493854
2338.6,1,13:14:07.996842326
2338.6,1,13:14:10.339160199
2338.6,2,13:14:10.339501298
2338.6,1,13:14:10.340584074
2338.5,1,13:14:12.956859349
2338.6,1,13:14:13.592522115
2338.8,1,13:14:16.593884761
2338.7,1,13:14:16.594355231
2338.8,1,13:14:16.736981769
2338.8,1,13:14:17.601847347
2338.7,1,13:14:18.144919907
2338.8,1,13:14:18.637239523
2338.6,2,13:14:22.581365164
2338.6,3,13:14:22.581848799
2338.7,1,13:14:22.582480406
2338.6,3,13:14:22.866785069
2338.7,2,13:14:22.867562566
2338.7,1,13:14:22.867645661
2338.8,6,13:14:22.868728394
2338.8,1,13:14:22.872299778
2338.8,1,13:14:22.873141673
2338.9,1,13:14:22.877432179
2338.8,1,13:14:22.934467301
2338.8,1,13:14:22.934772161
2338.8,1,13:14:23.012815216
2338.9,1,13:14:24.695087569
2338.9,3,13:14:24.695381661
2338.9,1,13:14:24.704540361
2338.9,2,13:14:29.791626105
2339.0,1,13:14:29.960558370
2339.0,2,13:14:38.601253469
2339.1,1,13:14:39.102798115
2339.1,2,13:14:41.555017707
2339.0,6,13:14:41.576791403
2339.0,1,13:14:41.739310870
2339.1,1,13:14:41.791740205
2339.1,1,13:14:42.513600389
2339.0,1,13:14:42.515261770
2338.9,3,13:14:43.461809489
2338.9,1,13:14:43.584262802
2338.8,2,13:14:43.593491433
2338.8,1,13:14:43.653272290
2338.8,2,13:14:43.660019662
2338.9,1,13:14:48.179785088
2338.9,1,13:14:48.702782353
2338.9,1,13:14:49.148819782
2339.0,1,13:14:51.497694401
2338.9,1,13:14:54.984789157
2338.9,3,13:14:55.055960961
2338.9,1,13:14:55.056875663
2338.9,1,13:14:55.057080016
2339.0,1,13:14:58.896240392
2339.0,1,13:15:00.354106456
2339.0,3,13:15:00.365906415
2339.0,1,13:15:01.179176743
2338.9,2,13:15:02.996573863
2338.9,1,13:15:04.802293779
2338.8,1,13:15:07.223427913
2338.8,1,13:15:07.223757993
2338.8,1,13:15:07.223980394
2338.9,1,13:15:10.007161867
2338.9,1,13:15:10.873501905
2338.9,1,13:15:11.851879553
2338.8,1,13:15:13.362478910
2338.8,1,13:15:13.363054013
2338.8,1,13:15:13.363155808
2338.8,1,13:15:13.363339417
2338.8,1,13:15:13.364296073
2338.8,1,13:15:13.364333300
2338.8,1,13:15:13.364368069
2338.7,1,13:15:13.373328697
2338.7,2,13:15:13.373658822
2338.6,1,13:15:13.375888189
2338.6,1,13:15:13.376240036
2338.5,1,13:15:13.585858044
2338.6,3,13:15:15.874423633
2338.6,3,13:15:16.473191447
2338.5,3,13:15:16.479636950
2338.6,1,13:15:16.479636950
2338.7,1,13:15:19.245144446
2338.6,1,13:15:21.165765432
2338.6,1,13:15:21.166443113
2338.7,3,13:15:21.654724178
2338.7,1,13:15:22.651221371
2338.7,2,13:15:22.723006205
2338.7,1,13:15:22.723482851
2338.8,1,13:15:28.499380222
2338.8,4,13:15:29.888730933
2338.8,1,13:15:30.833600352
2338.8,1,13:15:31.665592378
2338.9,1,13:15:33.870782369
2338.7,2,13:15:35.005461099
2338.7,1,13:15:35.005491810
2338.7,1,13:15:35.006081492
2338.7,1,13:15:36.116049546
2338.9,1,13:15:51.122729675
2338.7,1,13:16:00.801480019
2338.8,1,13:16:01.574360321
2338.8,1,13:16:05.760679368
2338.7,2,13:16:06.913598572
2338.7,3,13:16:06.913836740
2338.7,1,13:16:06.914352852
2338.8,1,13:16:06.914550425
2338.8,2,13:16:06.919196932
2338.8,1,13:16:06.922931858
2338.8,2,13:16:08.089266521
2338.9,4,13:16:15.702329096
2338.9,1,13:16:15.703449381
2339.0,2,13:16:16.324297772
2339.0,1,13:16:17.577653935
2339.0,1,13:16:18.650805392
2339.0,1,13:16:19.648153038
2338.9,4,13:16:20.519278861
2338.9,1,13:16:20.519664037
2338.9,2,13:16:20.520438117
2338.9,1,13:16:27.131239100
2338.9,1,13:16:27.131387586
2338.9,1,13:16:27.131848872
2338.9,1,13:16:27.132131038
2339.0,1,13:16:29.353891290
2339.0,1,13:16:29.354834096
2338.9,4,13:16:33.241786607
2338.9,1,13:16:33.243992607
2338.9,1,13:16:33.305831811
2338.8,6,13:16:33.348823995
2338.8,1,13:16:33.350219076
2338.8,2,13:16:33.350464841
2338.8,1,13:16:33.809262398
2338.8,1,13:16:37.148518914
2338.8,1,13:16:37.687003214
2338.8,1,13:16:40.036023072
2338.8,1,13:16:40.036256569
2338.9,1,13:16:46.724087429
2338.8,5,13:16:53.531215149
2338.8,1,13:16:54.935619756
2338.7,3,13:16:54.939598050
2338.7,1,13:16:54.939610386
2338.7,1,13:16:54.940290717
2338.7,1,13:16:54.945506150
2338.7,1,13:16:54.946440255
2338.6,1,13:16:54.990483842
2338.7,1,13:16:55.157860817
2338.8,1,13:16:57.750343566
2338.7,1,13:16:58.673151216
2338.8,1,13:17:00.275740471
2338.9,1,13:17:04.310240345
2338.9,1,13:17:04.310379732
2338.9,3,13:17:04.310434477
2338.9,2,13:17:04.310601172
2339.1,3,13:17:08.443365509
2339.0,1,13:17:08.492335045
2338.9,3,13:17:10.078555548
2338.9,2,13:17:12.092242747
2339.3,4,13:17:28.265434726
2339.4,5,13:17:42.743099473
2339.4,1,13:17:44.762154558
2339.4,1,13:17:44.762664213
2339.4,1,13:17:44.763029088
2339.4,3,13:17:44.764704507
2339.4,1,13:17:50.376254260
2339.4,1,13:17:51.018855781
2339.4,1,13:17:51.899002147
2339.4,1,13:17:51.899250604
2339.4,1,13:17:52.285325682
2339.4,1,13:17:52.798432616
2339.5,1,13:17:53.220396239
2339.3,1,13:18:01.145766006
2339.2,1,13:18:02.832920156
2339.2,1,13:18:02.833191064
2339.2,1,13:18:02.834595800
2339.2,1,13:18:02.834813593
2339.2,1,13:18:05.820429239
2339.2,1,13:18:05.820553670
2339.2,1,13:18:05.847468603
2339.1,1,13:18:09.473116243
2339.1,1,13:18:09.473339920
2339.1,2,13:18:09.473440775
2339.1,1,13:18:10.546493179
2339.0,3,13:18:15.026100251
2338.9,4,13:18:15.028716579
2338.8,1,13:18:15.242467066
2338.9,1,13:18:15.268861402
2338.9,1,13:18:18.984456186
2338.9,1,13:18:19.630861410
2339.0,1,13:18:25.443721153
2339.0,1,13:18:34.652853431
2339.0,7,13:18:34.653230295
2339.0,1,13:18:34.653655712
2339.0,1,13:18:34.675235933
2338.9,1,13:18:34.775829520
2338.9,1,13:18:34.776176679
2338.8,8,13:18:35.149728600
2338.7,1,13:18:35.166042504
2338.7,2,13:18:35.166270092
2338.6,1,13:18:36.711875373
2338.6,1,13:18:38.155877709
2338.8,4,13:18:41.824412071
2338.8,1,13:18:41.824623241
2338.9,1,13:18:42.827731238
2338.9,1,13:18:42.827986660
2339.0,3,13:18:49.057736308
2339.0,3,13:18:50.039337575
2338.9,2,13:18:50.050069215
2339.0,3,13:18:51.093713697
2338.8,1,13:18:51.487883306
2338.9,3,13:18:52.127855435
2338.9,3,13:18:53.167710964
2339.0,3,13:18:54.219054009
2338.7,1,13:18:57.126944712
2338.8,3,13:19:03.967345495
2338.8,1,13:19:03.968644098
2338.7,2,13:19:04.249450860
2338.7,1,13:19:04.260983521
2338.6,7,13:19:04.261139279
2338.6,1,13:19:04.545647165
2338.6,1,13:19:04.848042801
2338.6,1,13:19:09.308665054
2338.6,1,13:19:11.385825679
2338.4,1,13:19:20.619694798
2338.3,5,13:19:20.619711873
2338.3,1,13:19:20.619711873
2338.3,1,13:19:20.621867875
2338.2,1,13:19:20.748265518
2338.2,1,13:19:21.483551378
2338.1,1,13:19:22.215811235
2338.1,1,13:19:22.215860593
2338.0,1,13:19:22.298381782
2338.1,2,13:19:23.488556348
2338.1,1,13:19:23.488788567
2338.1,1,13:19:23.488887027
2338.1,3,13:19:24.939007672
2338.1,1,13:19:25.216728386
2338.1,1,13:19:25.433552041
2338.2,2,13:19:25.434173126
2338.2,1,13:19:25.434601803
2338.1,3,13:19:26.098335886
2338.1,3,13:19:27.164990760
2338.2,2,13:19:27.731638941
2338.1,3,13:19:28.230297018
2338.2,3,13:19:29.226932000
2338.2,3,13:19:30.278540426
2338.2,3,13:19:31.285731531
2338.2,2,13:19:31.772385141
2338.2,2,13:19:32.291731076
2338.2,1,13:19:32.292034058
2338.2,1,13:19:33.451134939
2338.1,1,13:19:34.886078085
2338.2,1,13:19:35.008437730
2338.1,1,13:19:35.116472143
2338.1,1,13:19:35.116720558
2338.2,7,13:19:37.293061666
2338.2,2,13:19:37.300504162
2338.2,1,13:19:37.301265175
2338.2,1,13:19:40.461857775
2338.1,1,13:19:41.523823999
2338.1,1,13:19:42.644291887
2338.1,1,13:19:42.644487975
2338.1,1,13:19:42.644521527
2338.1,2,13:19:43.481072443
2338.2,1,13:19:43.891672269
2338.2,1,13:19:43.916837181
2338.1,1,13:19:44.186173979
2338.2,1,13:19:44.990615581
2338.1,1,13:19:47.265266585
2338.2,1,13:19:50.438180688
2338.1,1,13:19:57.154688557
2338.2,2,13:19:58.094792634
2338.3,6,13:20:02.113611773
2338.4,3,13:20:02.114693417
2338.3,1,13:20:02.137008802
2338.3,1,13:20:02.884073004
2338.5,1,13:20:03.538293735
2338.5,1,13:20:03.538364184
2338.6,5,13:20:06.221761690
2338.6,4,13:20:06.222054020
2338.6,1,13:20:06.222975753
2338.8,1,13:20:15.014093887
2338.7,1,13:20:15.728892193
2338.9,1,13:20:16.349914778
2338.8,1,13:20:16.749003775
2338.8,1,13:20:16.813370321
2339.0,1,13:20:16.923368741
2338.9,1,13:20:17.286921961
2338.9,1,13:20:21.359165001
2338.9,2,13:20:23.031497148
2338.8,1,13:20:24.286899945
2338.8,2,13:20:24.287138363
2338.8,1,13:20:27.975911607
2338.8,1,13:20:27.975975218
2338.8,1,13:20:27.976876295
2338.6,2,13:20:29.462759477
2338.7,5,13:20:29.462759477
2338.7,2,13:20:30.612833966
2338.5,2,13:20:32.338924359
2338.5,1,13:20:33.006435689
2338.5,2,13:20:33.006512334
2338.4,1,13:20:34.459346094
2338.3,1,13:20:35.033285115
2338.2,1,13:20:35.255578897
2338.3,3,13:20:38.410480963
2338.3,4,13:20:39.500970169
2338.3,1,13:20:39.501015760
2338.5,3,13:20:44.003839858
2338.5,2,13:20:45.070140945
2338.5,1,13:20:45.071143709
2338.4,1,13:20:45.181401342
2338.5,3,13:20:46.135202025
2338.4,1,13:20:46.967314124
2338.5,3,13:20:47.196522942
2338.4,1,13:20:48.006297976
2338.4,3,13:20:51.157470475
2338.4,3,13:20:51.362400689
2338.5,2,13:20:52.370872476
2338.4,1,13:20:56.376597835
2338.4,1,13:20:57.273975415
2338.3,1,13:20:59.987726859
2338.4,1,13:21:00.663300231
2338.4,1,13:21:00.663771777
2338.4,1,13:21:01.145724391
2338.4,1,13:21:03.869605991
2338.5,2,13:21:08.825460743
2338.6,2,13:21:09.036823644
2338.6,1,13:21:09.801441017
2338.6,2,13:21:12.458757581
2338.5,1,13:21:12.780823658
2338.5,2,13:21:16.807898812
2338.5,1,13:21:17.451763718
2338.5,1,13:21:17.721156052
2338.6,1,13:21:22.104415221
2338.6,2,13:21:22.104530487
2338.7,1,13:21:24.193118045
2338.8,1,13:21:24.874044711
2338.8,1,13:21:24.874544180
2338.9,1,13:21:24.889219653
2338.9,1,13:21:28.895655530
2339.0,1,13:21:29.166613680
2339.2,5,13:21:29.188817693
2339.2,1,13:21:29.191725195
2339.2,1,13:21:29.196998731
2339.1,3,13:21:29.264655963
2339.1,3,13:21:30.289765434
2339.2,1,13:21:30.930861716
2339.0,3,13:21:31.356355024
2339.1,1,13:21:31.356765993
2339.1,1,13:21:31.665971449
2339.1,1,13:21:31.666258975
2339.1,1,13:21:32.184395701
2339.1,1,13:21:33.212443907
2339.1,2,13:21:33.456847901
2339.1,2,13:21:33.611303732
2339.0,1,13:21:33.611303732
2339.0,3,13:21:34.653121979
2338.9,3,13:21:35.660385400
2339.1,3,13:21:36.286742483
2339.1,1,13:21:36.324159072
2339.1,1,13:21:39.446800523
2339.0,1,13:21:39.848483424
2339.0,4,13:21:39.848597634
2339.0,1,13:21:40.985708172
2339.0,1,13:21:40.986364754
2339.0,1,13:21:41.641076186
2339.0,1,13:21:43.925588212
2339.0,1,13:21:44.564379888
2339.0,1,13:21:46.317530016
2338.9,2,13:21:49.777550222
2339.0,1,13:21:58.752415556
2338.8,1,13:21:59.589763065
2338.8,1,13:22:00.614745499
2338.9,3,13:22:08.478625689
2338.8,1,13:22:08.586710619
2338.8,2,13:22:10.102700764
2338.7,1,13:22:15.429170516
2338.6,1,13:22:16.429913289
2338.6,1,13:22:20.843254847
2338.5,1,13:22:23.564707505
2338.6,1,13:22:31.685663058
2338.6,1,13:22:31.685864554
2338.6,1,13:22:31.686246778
2338.5,2,13:22:32.752463114
2338.5,3,13:22:32.752516375
2338.5,3,13:22:32.752682455
2338.4,1,13:22:33.936637890
2338.4,1,13:22:33.936888400
2338.4,2,13:22:38.034592774
2338.4,1,13:22:38.035251279
2338.5,4,13:22:42.150649834
2338.4,3,13:22:44.214496711
2338.4,1,13:22:48.248338469
2338.4,1,13:22:50.058421685
2338.3,2,13:22:52.983684177
2338.2,2,13:22:53.881370776
2338.2,2,13:22:53.881764633
2338.2,3,13:22:53.886776148
2338.2,1,13:22:55.183126590
2338.2,2,13:22:55.183396939
2338.3,1,13:22:55.205993128
2338.3,1,13:22:55.206269354
2338.2,1,13:22:55.656255492
2338.4,3,13:22:58.007760388
2338.4,1,13:22:58.007800623
2338.4,1,13:22:58.008130694
2338.3,2,13:22:58.008438121
2338.3,1,13:22:58.008533793
2338.3,1,13:22:58.008978762
2338.3,1,13:22:58.009086828
2338.3,2,13:23:00.814336650
2338.3,1,13:23:00.814778124
2338.2,8,13:23:02.596341324
2338.2,1,13:23:02.596922699
2338.2,1,13:23:02.596982099
2338.3,1,13:23:02.597087099
2338.3,2,13:23:02.597442972
2338.4,2,13:23:02.598457462
2338.4,2,13:23:02.598785883
2338.4,1,13:23:02.609707833
2338.4,1,13:23:02.610000195
2338.4,1,13:23:06.016690971
2338.3,1,13:23:06.515870859
2338.4,1,13:23:06.516283466
2338.5,1,13:23:10.032217135
2338.5,2,13:23:10.032594647
2338.5,1,13:23:11.446078934
2338.5,1,13:23:11.446208418
2338.5,1,13:23:11.446242493
2338.6,1,13:23:11.647475708
2338.6,1,13:23:11.647871357
2338.6,2,13:23:11.648237803
2338.6,1,13:23:13.876633940
2338.6,3,13:23:14.041562032
2338.5,1,13:23:17.661237816
2338.8,6,13:23:19.431692623
2338.7,4,13:23:19.431692623
2338.6,2,13:23:20.063145733
2338.7,1,13:23:20.063268855
2338.6,1,13:23:21.011735851
2338.6,1,13:23:21.125991810
2338.6,2,13:23:26.596496427
2338.6,1,13:23:27.019931349
2338.6,1,13:23:27.020219374
2338.6,1,13:23:29.244517706
2338.6,1,13:23:33.940728975
2338.6,1,13:23:33.941051733
2338.6,1,13:23:34.259159587
2338.5,6,13:23:35.004906268
2338.5,4,13:23:35.005292349
2338.6,2,13:23:35.005947902
2338.6,2,13:23:35.006030297
2338.4,5,13:23:35.720055859
2338.4,1,13:23:35.720716945
2338.4,1,13:23:35.726544306
2338.6,2,13:23:36.486786515
2338.6,1,13:23:36.487232012
2338.5,2,13:23:36.720132101
2338.7,1,13:23:38.168819241
2338.6,1,13:23:39.216881340
2338.6,3,13:23:40.018066013
2338.6,1,13:23:40.018691760
2338.5,3,13:23:40.169252116
2338.6,1,13:23:43.877555786
2338.6,1,13:23:43.904903452
2338.5,5,13:23:45.676926824
2338.5,2,13:23:46.676845626
2338.5,1,13:23:49.162089056
2338.6,1,13:23:51.618931992
2338.4,4,13:23:56.627673938
2338.4,4,13:24:00.057528263
2338.3,1,13:24:00.087141560
2338.3,1,13:24:00.088322710
2338.3,2,13:24:00.089200363
2338.3,2,13:24:00.134476250
2338.3,1,13:24:05.880819066
2338.3,1,13:24:05.880989981
2338.1,3,13:24:06.277159030
2338.2,1,13:24:06.523511020
2338.1,1,13:24:07.274890304
2338.1,1,13:24:09.044316043
2338.1,4,13:24:09.044575536
2338.1,2,13:24:09.045016960
2338.1,2,13:24:09.045601874
2338.1,3,13:24:09.296029134
2338.2,1,13:24:09.361922636
2338.0,2,13:24:09.999731247
2338.1,1,13:24:09.999950128
2338.0,2,13:24:10.000148487
2338.1,1,13:24:14.106915157
2338.1,2,13:24:14.211317319
2338.1,1,13:24:14.211556229
2338.1,2,13:24:14.311989272
2338.0,5,13:24:16.857761838
2338.0,2,13:24:19.545765308
2338.0,6,13:24:19.615128498
2338.0,2,13:24:19.615337850
2338.0,1,13:24:19.615385358
2338.0,2,13:24:20.613979361
2338.0,1,13:24:20.614256934
2338.0,1,13:24:23.598499841
2337.9,3,13:24:24.713013923
2337.9,1,13:24:24.713147788
2337.9,3,13:24:24.713345679
2337.9,1,13:24:24.713458053
2337.8,3,13:24:24.737212089
2337.9,2,13:24:24.737212089
2337.8,1,13:24:25.028605845
2337.9,1,13:24:25.028605845
2337.9,1,13:24:26.016093453
2338.0,1,13:24:26.582491976
2337.9,1,13:24:27.120856604
2337.9,1,13:24:32.163749739
2337.9,3,13:24:32.163832527
2337.9,1,13:24:32.163931982
2337.8,3,13:24:32.224480893
2337.7,1,13:24:32.340432157
2337.7,1,13:24:32.340484516
2337.6,7,13:24:33.037568268
2337.6,1,13:24:33.037959124
2337.6,2,13:24:33.038462760
2337.6,1,13:24:33.038806978
2337.6,1,13:24:33.038983032
2337.7,2,13:24:34.619752297
2337.6,1,13:24:35.013722849
2337.7,1,13:24:35.584227431
2337.6,1,13:24:36.015988279
2337.6,2,13:24:36.016086314
2337.6,1,13:24:36.016619431
2337.6,1,13:24:37.206455732
2337.6,3,13:24:37.921478806
2337.6,1,13:24:37.924205134
2337.6,8,13:24:38.848896555
2337.6,1,13:24:38.914684588
2337.7,1,13:24:39.194433680
2337.7,3,13:24:41.747395085
2337.7,1,13:24:41.747443460
2337.7,2,13:24:41.747583613
2337.7,1,13:24:41.747650536
2337.7,1,13:24:41.747682514
2337.7,4,13:24:41.747766541
2337.7,1,13:24:41.747859228
2337.7,1,13:24:41.748013788
2337.7,5,13:24:41.748268692
2337.8,1,13:24:41.750511508
2337.8,2,13:24:41.759977244
2337.8,1,13:24:41.760424214
2337.8,3,13:24:41.881157084
2337.9,1,13:24:43.880620311
2337.8,2,13:24:43.880870969
2337.8,2,13:24:43.904834319
2337.7,1,13:24:44.101960386
2337.7,1,13:24:45.165309648
2337.6,2,13:24:46.101165023
2337.7,1,13:24:47.166592113
2337.6,1,13:24:49.610314538
2337.6,1,13:24:49.617251396
2337.6,1,13:24:49.617463042
2337.7,3,13:24:50.196164671
2337.6,1,13:24:51.554673327
2337.6,1,13:24:51.641858763
2337.6,1,13:24:52.165673019
2337.5,1,13:24:55.258181385
2337.6,1,13:24:56.309142504
2337.6,4,13:24:56.309368419
2337.6,1,13:24:57.073161037
2337.6,3,13:24:57.643083929
2337.6,1,13:24:58.475888217
2337.6,1,13:24:58.643170347
2337.6,1,13:25:00.602978746
2337.5,1,13:25:00.887519235
2337.5,4,13:25:03.210246591
2337.5,3,13:25:07.124737888
2337.5,1,13:25:07.125087460
2337.5,1,13:25:07.125212340
2337.5,1,13:25:07.125287544
2337.5,2,13:25:07.125506861
2337.5,1,13:25:07.125559918
2337.5,1,13:25:07.125821232
2337.5,1,13:25:07.332560297
2337.5,1,13:25:07.332774429
2337.5,1,13:25:07.332987435
2337.5,1,13:25:09.064816999
2337.5,2,13:25:10.896589355
2337.4,1,13:25:13.143813050
2337.4,3,13:25:13.144046711
2337.3,1,13:25:14.006401220
2337.3,2,13:25:14.007599168
2337.4,2,13:25:15.112115208
2337.4,1,13:25:15.506838199
2337.4,1,13:25:15.507187915
2337.5,1,13:25:16.871908395
2337.4,1,13:25:18.953640491
2337.3,1,13:25:19.944460528
2337.6,7,13:25:20.828872764
2337.5,6,13:25:20.828872764
2337.7,3,13:25:20.832003976
2337.7,1,13:25:20.832139531
2337.7,1,13:25:20.841203679
2337.6,1,13:25:21.817591392
2337.6,2,13:25:21.817761390
2337.6,1,13:25:21.817800053
2337.6,9,13:25:21.817896180
2337.6,3,13:25:21.818909480
2337.7,1,13:25:22.132125920
2337.7,1,13:25:26.345510720
2337.7,1,13:25:26.346184330
2337.6,1,13:25:27.906125160
2337.5,2,13:25:27.906125160
2337.5,1,13:25:28.690586003
2337.7,1,13:25:29.188423225
2337.7,3,13:25:30.844401186
2337.7,1,13:25:34.632779695
2337.8,1,13:25:37.341406601
2337.8,5,13:25:37.342586769
2337.8,2,13:25:37.364653214
2337.7,2,13:25:39.142163149
2337.7,1,13:25:39.283980139
2337.7,1,13:25:42.624254672
2337.6,3,13:25:43.470947681
2337.6,3,13:25:43.471322091
2337.6,1,13:25:43.492734243
2337.5,2,13:25:46.228580848
2337.5,1,13:25:46.228977854
2337.6,1,13:25:46.254680197
2337.6,3,13:25:46.255369355
2337.6,1,13:25:46.255886234
2337.7,1,13:25:48.379356465
2337.8,1,13:25:49.138343208
2337.7,1,13:25:49.990832744
2337.9,1,13:25:55.192072585
2337.8,1,13:26:00.052111766
2337.9,5,13:26:00.857506619
2338.0,4,13:26:00.873740889
2338.0,1,13:26:00.873770695
2338.0,4,13:26:00.874362600
2337.9,2,13:26:01.253548254
2337.9,1,13:26:01.253610880
2337.9,1,13:26:01.254501224
2337.8,2,13:26:01.485176192
2337.8,1,13:26:01.919314149
2338.1,1,13:26:04.073023884
2338.1,1,13:26:07.552015469
2338.1,1,13:26:07.572168933
2338.1,1,13:26:09.559863470
2338.0,4,13:26:09.993758079
2337.9,2,13:26:10.003800389
2337.9,3,13:26:10.006000512
2338.0,1,13:26:10.014585265
2337.9,1,13:26:10.763405880
2337.8,2,13:26:10.764238161
2337.9,1,13:26:10.766283137
2337.9,1,13:26:11.540721805
2337.9,1,13:26:14.315461872
2337.9,1,13:26:14.321808117
2337.9,1,13:26:14.322812609
2338.0,1,13:26:18.503866999
2338.0,1,13:26:18.503967321
2338.0,1,13:26:18.504051032
2338.1,1,13:26:18.960403903
2338.2,3,13:26:22.250584925
2338.3,1,13:26:22.796248642
2338.2,1,13:26:22.796671562
2338.4,1,13:26:24.101204782
2338.4,1,13:26:30.143340799
2338.4,1,13:26:30.150139794
2338.4,1,13:26:30.201299313
2338.4,1,13:26:30.209352349
2338.4,2,13:26:30.216181670
2338.5,1,13:26:30.216181670
2338.5,6,13:26:30.222635629
2338.6,2,13:26:30.222635629
2338.5,2,13:26:30.223923088
2338.5,1,13:26:30.224479304
2338.5,1,13:26:31.421332290
2338.5,1,13:26:31.421570461
2338.6,1,13:26:31.422736268
2338.6,1,13:26:31.425349562
2338.6,1,13:26:32.010331179
2338.7,1,13:26:32.125420620
2338.7,3,13:26:33.033651434
2338.7,1,13:26:34.086333822
2338.7,1,13:26:34.086623163
2338.8,1,13:26:35.300048597
2338.7,1,13:26:35.300452468
2338.7,1,13:26:35.300669614
2338.7,1,13:26:35.301418813
2338.7,1,13:26:35.551148714
2338.7,1,13:26:35.704274861
2338.7,1,13:26:38.962037619
2338.7,1,13:26:40.453087416
2338.7,1,13:26:43.046995787
2338.8,3,13:26:43.566206979
2338.9,1,13:26:43.575979470
2338.9,1,13:26:43.578184344
2338.9,1,13:26:43.578480430
2338.8,1,13:26:43.733133410
2338.8,1,13:26:43.733427685
2338.9,1,13:26:44.205637289
2338.9,3,13:26:45.330577746
2338.9,2,13:26:45.330666050
2338.9,3,13:26:45.330957652
2338.9,1,13:26:45.331230182
2338.8,1,13:26:45.836393105
2338.9,1,13:26:46.270041107
2338.8,6,13:26:46.815167524
2338.8,1,13:26:46.815195013
2338.8,2,13:26:46.815406413
2338.8,2,13:26:46.815443328
2338.8,1,13:26:46.815492603
2338.8,4,13:26:46.815533849
2338.8,1,13:26:46.815597706
2338.8,4,13:26:46.815670664
2338.8,1,13:26:46.815805173
2338.8,1,13:26:47.506245787
2338.8,1,13:26:47.506450092
2338.8,1,13:26:47.848152131
2338.9,2,13:26:48.634541527
2338.9,1,13:26:50.450598654
2338.9,1,13:26:50.457524388
2338.8,2,13:26:50.636148324
2338.8,1,13:26:51.156196307
2338.9,1,13:26:52.936988310
2338.9,1,13:26:52.938147878
2339.0,1,13:26:53.044695311
2339.0,2,13:26:53.044708514
2339.0,1,13:26:53.045142677
2339.0,1,13:26:53.140642654
2339.1,7,13:26:53.510025233
2339.2,2,13:26:53.510039467
2339.1,1,13:26:53.510513159
2339.0,1,13:26:54.284564066
2339.1,1,13:26:54.760120028
2339.1,1,13:26:54.763031113
2339.2,1,13:26:55.053760161
2339.1,1,13:26:55.069025470
2339.1,1,13:26:55.437111337
2339.1,1,13:26:56.286193914
2339.0,1,13:26:57.774648347
2339.0,1,13:26:58.042527874
2339.1,1,13:26:58.062091821
2339.1,1,13:26:58.062197814
2339.0,1,13:27:02.469162901
2339.1,1,13:27:06.282353026
2339.1,1,13:27:06.282799032
2339.1,1,13:27:06.283531514
2339.1,2,13:27:06.283803158
2339.2,3,13:27:06.285681170
2339.3,1,13:27:06.285696757
2339.2,1,13:27:06.286961372
2339.3,1,13:27:06.287897730
2339.2,1,13:27:06.355938661
2339.2,2,13:27:06.356058023
2339.1,1,13:27:07.333349189
2339.1,1,13:27:07.783063974
