price,volume,timestamp
107.7813,25,14:30:00.791361237
107.7969,1,14:30:02.941926467
107.7969,5,14:30:02.942473313
107.7969,6,14:30:02.942560771
107.7969,12,14:30:02.942607153
107.7969,2,14:30:02.942653765
107.7969,2,14:30:02.942684015
107.7969,2,14:30:02.942966859
107.7969,266,14:30:02.943276280
107.7969,2,14:30:02.943416577
107.7969,1,14:30:02.943445048
107.7969,7,14:30:02.943674406
107.7969,2,14:30:02.943962626
107.7969,8,14:30:02.944026273
107.7969,88,14:30:02.944268339
107.7969,2,14:30:02.945901799
107.7969,1,14:30:02.946011980
107.7969,27,14:30:02.946792216
107.7969,22,14:30:02.946843232
107.7969,10,14:30:02.946890308
107.7969,1,14:30:02.947804016
107.7969,1,14:30:02.947927670
107.7969,3,14:30:02.948137812
107.7969,29,14:30:02.948716911
107.7969,29,14:30:02.948866048
107.7969,33,14:30:02.948905728
107.7969,2,14:30:02.948937479
107.7969,14,14:30:02.949274939
107.7969,1,14:30:02.949552647
107.7969,5,14:30:02.949661676
107.7969,3,14:30:02.949686854
107.7969,2,14:30:02.949808566
107.7969,20,14:30:02.949838854
107.7969,1,14:30:02.949868992
107.7969,1,14:30:02.950141939
107.7969,2,14:30:02.950194516
107.7969,1,14:30:02.950543924
107.7969,1,14:30:02.950624086
107.7969,3,14:30:03.404843371
107.7969,1,14:30:03.407226280
107.7969,1,14:30:03.413317667
107.8125,1,14:30:03.426007267
107.8125,1,14:30:04.122528239
107.7969,1,14:30:08.201258102
107.7969,1,14:30:08.201524456
107.7969,2,14:30:08.201652689
107.7969,1,14:30:08.201796545
107.7969,4,14:30:08.586959047
107.7969,39,14:30:08.587599233
107.7969,1,14:30:08.589529058
107.7969,143,14:30:08.589750221
107.7969,6,14:30:08.590549366
107.7969,198,14:30:08.590864426
107.7969,123,14:30:08.591073319
107.7969,1,14:30:08.595451667
107.7813,2,14:30:08.601882414
107.7969,9,14:30:08.608010217
107.7969,10,14:30:08.608934432
107.7813,2,14:30:08.609628494
107.7813,33,14:30:08.611764796
107.7813,1,14:30:08.616212371
107.7813,5,14:30:08.618069346
107.7813,2,14:30:08.618250354
107.7813,2,14:30:08.623920849
107.7813,5,14:30:08.623993241
107.7813,5,14:30:08.626914132
107.7813,1,14:30:08.644516107
107.7813,1,14:30:08.644602633
107.7813,2,14:30:08.644751564
107.7813,2,14:30:08.644797027
107.7813,2,14:30:08.644862069
107.7813,6,14:30:08.645120093
107.7813,2,14:30:08.645169278
107.7813,2,14:30:08.645318472
107.7813,29,14:30:08.645643700
107.7813,33,14:30:08.645781412
107.7813,1,14:30:08.645811355
107.7813,16,14:30:08.645898538
107.7813,2,14:30:08.646066157
107.7813,1,14:30:08.646153124
107.7813,1,14:30:08.646214847
107.7813,1,14:30:08.646268804
107.7813,5,14:30:08.646391206
107.7813,20,14:30:08.646432189
107.7813,1,14:30:08.646500626
107.7813,54,14:30:08.646585988
107.7813,1,14:30:08.647077563
107.7813,2,14:30:08.647134675
107.7813,1,14:30:08.647186919
107.7813,1,14:30:08.647216775
107.7813,1,14:30:08.647242859
107.7813,2,14:30:08.647313381
107.7813,6,14:30:08.647551018
107.7813,19,14:30:08.647670736
107.7813,1,14:30:08.648113123
107.7813,1,14:30:08.648250211
107.7813,18,14:30:08.648627853
107.7813,12,14:30:08.648650513
107.7813,1,14:30:08.648882262
107.7813,1,14:30:08.648987323
107.7813,31,14:30:08.649097491
107.7813,1,14:30:08.649229894
107.7813,1,14:30:08.649292142
107.7813,5,14:30:08.649360518
107.7813,6,14:30:08.662012431
107.7813,1,14:30:08.672074362
107.7813,1,14:30:08.672674012
107.7813,1,14:30:08.673838960
107.7813,1,14:30:08.673895159
107.7813,33,14:30:08.674158506
107.7813,6,14:30:08.674302989
107.7813,10,14:30:08.674368929
107.7813,4,14:30:08.674439282
107.7813,87,14:30:08.675296333
107.7813,5,14:30:08.675387196
107.7813,1,14:30:08.675552189
107.7813,1,14:30:08.676078340
107.7813,2,14:30:08.676209520
107.7813,16,14:30:08.676235149
107.7813,22,14:30:08.676260202
107.7813,36,14:30:08.676314983
107.7813,24,14:30:08.676432232
107.7813,1,14:30:08.676525398
107.7813,16,14:30:08.677111884
107.7813,15,14:30:08.677157632
107.7813,1,14:30:08.677427397
107.7813,1,14:30:08.678192079
107.7813,2,14:30:08.697955549
107.7813,2,14:30:08.698208886
107.7813,2,14:30:08.698420458
107.7813,2,14:30:08.698642171
107.7813,2,14:30:08.700251992
107.7813,2,14:30:08.700449366
107.7813,10,14:30:08.719427176
107.7813,1,14:30:08.719611759
107.7813,1,14:30:08.719678970
107.7813,44,14:30:08.720030570
107.7813,6,14:30:08.720495255
107.7813,10,14:30:08.721204265
107.7813,20,14:30:08.721689695
107.7813,1,14:30:08.721960782
107.7813,1,14:30:08.721993468
107.7813,8,14:30:08.722020277
107.7813,1,14:30:08.722046109
107.7813,1,14:30:08.722062497
107.7813,19,14:30:08.722085089
107.7813,1,14:30:08.722114331
107.7813,1,14:30:08.722135608
107.7813,1,14:30:08.722158006
107.7813,1,14:30:08.722183651
107.7813,1,14:30:08.722216090
107.7813,1,14:30:08.722248910
107.7813,1,14:30:08.722280104
107.7813,1,14:30:08.722337877
107.7813,1,14:30:08.722371443
107.7813,1,14:30:08.722403675
107.7813,1,14:30:08.722467179
107.7813,1,14:30:08.722494463
107.7813,1,14:30:08.722531894
107.7813,1,14:30:08.722563901
107.7813,1,14:30:08.722589536
107.7813,1,14:30:08.722615688
107.7813,29,14:30:08.722766360
107.7813,1,14:30:08.723618288
107.7813,1,14:30:08.723821803
107.7813,1,14:30:08.724022514
107.7813,2,14:30:08.724198972
107.7813,1,14:30:08.724228739
107.7813,1,14:30:08.724248790
107.7813,1,14:30:08.724715139
107.7813,14,14:30:08.725186105
107.7813,3,14:30:08.753439933
107.7813,2,14:30:08.829269424
107.7813,3,14:30:08.830611317
107.7813,4,14:30:08.832797819
107.7813,3,14:30:08.979043345
107.7813,38,14:30:09.138106167
107.7813,25,14:30:10.989455796
107.7813,13,14:30:11.209628369
107.7813,80,14:30:11.979507472
107.7813,1,14:30:11.980339390
107.7813,1,14:30:11.980597861
107.7813,1,14:30:11.980625933
107.7813,1,14:30:11.980652778
107.7813,1,14:30:11.980694242
107.7813,1,14:30:11.980723886
107.7813,1,14:30:11.980749535
107.7813,1,14:30:11.980799094
107.7813,1,14:30:11.980994193
107.7813,1,14:30:11.981048249
107.7813,1,14:30:11.981098352
107.7813,1,14:30:11.981119738
107.7813,1,14:30:11.981181381
107.7813,1,14:30:11.981210773
107.7813,1,14:30:11.981259687
107.7813,1,14:30:11.981285709
107.7813,1,14:30:11.981347621
107.7813,2,14:30:11.981347621
107.7813,1,14:30:11.981365276
107.7813,1,14:30:11.981464849
107.7813,1,14:30:11.981545584
107.7813,3,14:30:11.981596481
107.7813,19,14:30:11.981783367
107.7813,1,14:30:11.981813265
107.7813,1,14:30:11.981849266
107.7813,51,14:30:11.982186326
107.7813,2,14:30:11.984115427
107.7813,1,14:30:11.984678699
107.7813,1,14:30:11.984939040
107.7813,2,14:30:11.985083875
107.7813,2,14:30:11.985137771
107.7813,1,14:30:11.985176978
107.7813,2,14:30:11.985278513
107.7813,1,14:30:11.985380733
107.7813,30,14:30:11.986526247
107.7813,1,14:30:11.987398060
107.7813,38,14:30:11.987437753
107.7813,1,14:30:11.987983019
107.7813,1,14:30:11.988412932
107.7813,1,14:30:11.988883190
107.7813,1,14:30:11.988903012
107.7813,6,14:30:11.989444037
107.7813,1,14:30:11.989503168
107.7813,11,14:30:11.989537219
107.7813,1,14:30:11.989604652
107.7813,1,14:30:11.989647526
107.7813,4,14:30:11.991139153
107.7813,6,14:30:11.992874295
107.7813,106,14:30:12.163312045
107.7813,1,14:30:12.163810134
107.7813,1,14:30:12.164026693
107.7813,1,14:30:12.164116180
107.7813,19,14:30:12.164219199
107.7813,5,14:30:12.164266160
107.7813,35,14:30:12.164537077
107.7813,1,14:30:12.164582169
107.7813,3,14:30:12.164629166
107.7813,1,14:30:12.164629166
107.7813,15,14:30:12.164717574
107.7813,2,14:30:12.164770509
107.7813,6,14:30:12.165547005
107.7813,16,14:30:12.166385851
107.7813,1,14:30:12.166441903
107.7813,1,14:30:12.166555598
107.7813,1,14:30:12.166584117
107.7813,1,14:30:12.166765273
107.7813,1,14:30:12.167180907
107.7813,1,14:30:12.167251750
107.7813,1,14:30:12.167602135
107.7813,1,14:30:12.167629156
107.7813,2,14:30:14.007233073
107.7813,1,14:30:17.610980772
107.7813,1,14:30:18.172190263
107.7813,29,14:30:18.172747705
107.7813,20,14:30:18.172943270
107.7813,1,14:30:18.173125261
107.7813,6,14:30:18.174081264
107.7813,1,14:30:18.174122939
107.7813,5,14:30:18.174221350
107.7813,1,14:30:18.174601778
107.7813,2,14:30:18.174662669
107.7813,1,14:30:18.174692566
107.7813,1,14:30:18.174754641
107.7813,2,14:30:18.174803180
107.7813,2,14:30:18.174900682
107.7813,2,14:30:18.175007037
107.7813,2,14:30:18.175063454
107.7813,21,14:30:18.175143281
107.7813,1,14:30:18.175171200
107.7813,1,14:30:18.175233055
107.7813,1,14:30:18.175273705
107.7813,1,14:30:18.175310099
107.7813,1,14:30:18.175342106
107.7813,1,14:30:18.175374779
107.7813,1,14:30:18.175405355
107.7813,1,14:30:18.175443132
107.7813,1,14:30:18.175473747
107.7813,1,14:30:18.175517568
107.7813,1,14:30:18.175540932
107.7813,1,14:30:18.175571490
107.7813,1,14:30:18.175608991
107.7813,1,14:30:18.175633926
107.7813,1,14:30:18.175668052
107.7813,1,14:30:18.175692087
107.7813,1,14:30:18.175728049
107.7813,1,14:30:18.175765478
107.7813,1,14:30:18.175795865
107.7813,40,14:30:18.176039445
107.7813,1,14:30:18.176074358
107.7813,2,14:30:18.176168589
107.7813,1,14:30:18.176196019
107.7813,18,14:30:18.176310196
107.7813,3,14:30:18.176310196
107.7813,8,14:30:18.176310196
107.7813,3,14:30:18.176375793
107.7813,1,14:30:18.176375793
107.7813,2,14:30:18.176853407
107.7813,1,14:30:18.177414778
107.7813,1,14:30:18.177865596
107.7813,1,14:30:18.178148627
107.7813,1,14:30:18.178177027
107.7813,1,14:30:18.178203468
107.7813,3,14:30:18.178509217
107.7813,3,14:30:18.178542193
107.7813,13,14:30:18.178572216
107.7813,3,14:30:18.179471690
107.7813,1,14:30:18.181781964
107.7813,1,14:30:18.182999460
107.7813,5,14:30:24.014730761
107.7813,2,14:30:24.015736206
107.7813,2,14:30:24.016070427
107.7813,10,14:30:24.016488950
107.7813,22,14:30:24.016604667
107.7813,1,14:30:24.016656864
107.7813,2,14:30:24.016682621
107.7813,1,14:30:24.017217128
107.7813,38,14:30:24.017254466
107.7813,1,14:30:24.017635770
107.7813,1,14:30:24.017762259
107.7813,1,14:30:24.017937770
107.7813,1,14:30:24.017965780
107.7813,1,14:30:24.018217167
107.7813,6,14:30:24.018379329
107.7813,6,14:30:24.018482402
107.7813,3,14:30:24.018519538
107.7813,53,14:30:24.018783342
107.7813,6,14:30:24.018819317
107.7813,1,14:30:24.019018044
107.7813,1,14:30:24.019236199
107.7813,2,14:30:24.019363802
107.7813,13,14:30:24.061251248
107.7813,1,14:30:24.061381843
107.7813,4,14:30:24.061722913
107.7813,20,14:30:24.062117979
107.7813,1,14:30:24.063014993
107.7813,1,14:30:24.063168833
107.7813,12,14:30:24.063929114
107.7813,12,14:30:24.064030316
107.7813,12,14:30:24.064225481
107.7813,12,14:30:24.064551568
107.7813,12,14:30:24.064631440
107.7813,1,14:30:24.065256788
107.7813,1,14:30:24.066167629
107.7969,20,14:30:30.372058246
107.7813,25,14:30:43.247464800
107.7813,7,14:30:43.986846349
107.7813,1,14:30:43.988534512
107.7813,3,14:30:43.988557450
107.7813,5,14:30:48.525548503
107.7813,4,14:30:51.154059119
107.7969,4,14:30:52.543219521
107.7969,2,14:30:52.543292716
107.7969,2,14:30:52.543349552
107.7969,2,14:30:52.543428709
107.7969,5,14:30:52.544989698
107.7969,1,14:30:52.545715831
107.7969,1,14:30:52.545762320
107.7969,2,14:30:52.545900311
107.7969,2,14:30:52.545928517
107.7969,2,14:30:52.545983439
107.7969,2,14:30:52.546005002
107.7969,2,14:30:52.546065243
107.7969,2,14:30:52.546092834
107.7969,119,14:30:52.546177955
107.7969,2,14:30:52.546531770
107.7969,1,14:30:52.546576932
107.7969,5,14:30:52.546634700
107.7969,1,14:30:52.546679617
107.7969,3,14:30:52.546717630
107.7969,1,14:30:52.546744466
107.7969,3,14:30:52.546785842
107.7969,2,14:30:52.546813795
107.7969,1,14:30:52.546849338
107.7969,1,14:30:52.546882539
107.7969,1,14:30:52.548380336
107.7969,22,14:30:52.548405219
107.7969,10,14:30:52.548606958
107.7969,1,14:30:52.548635822
107.7969,8,14:30:52.549697105
107.7969,29,14:30:52.550078485
107.7969,3,14:30:52.550119516
107.7969,2,14:30:52.550143037
107.7969,5,14:30:52.550221215
107.7969,4,14:30:52.550361409
107.7969,1,14:30:52.550991361
107.7969,1,14:30:52.551356057
107.7969,7,14:30:52.552063626
107.7969,1,14:30:52.552538852
107.7969,5,14:30:52.552564244
107.7969,1,14:30:52.552743169
107.7969,9,14:30:52.552935304
107.7969,4,14:30:52.552955759
107.7969,1,14:30:52.552981030
107.7969,8,14:30:52.553058672
107.7969,1,14:30:52.553184170
107.7969,8,14:30:52.554033185
107.7969,6,14:30:52.554072851
107.7969,2,14:30:52.554392815
107.7969,14,14:30:52.555140718
107.7969,1,14:30:52.555629349
107.7969,1,14:30:52.556378155
107.7969,1,14:30:52.556506033
107.7969,1,14:30:52.565345782
107.7969,30,14:30:53.945560103
107.7969,23,14:30:55.845738496
107.7969,2,14:30:56.865554962
107.7969,11,14:30:56.872140586
107.7969,17,14:30:56.872400507
107.7969,1,14:30:56.872498932
107.7969,2,14:30:56.872609657
107.7969,2,14:30:56.872685016
107.7969,2,14:30:56.872773289
107.7969,1,14:30:56.872773289
107.7969,1,14:30:56.872913884
107.7969,2,14:30:56.872983146
107.7969,1,14:30:56.873063174
107.7969,1,14:30:56.873114969
107.7969,1,14:30:56.873242754
107.7969,207,14:30:56.874728893
107.7969,8,14:30:56.899971485
107.7969,1,14:30:56.959399140
107.7969,9,14:30:57.264411329
107.7969,500,14:31:00.095421613
107.7969,1,14:31:00.928131272
107.7969,2,14:31:00.928178465
107.7969,5,14:31:00.928587353
107.7969,1,14:31:00.928676535
107.7969,2,14:31:00.928705912
107.7969,2,14:31:00.928729448
107.7969,66,14:31:01.358115183
107.7969,201,14:31:01.358391183
107.7969,5,14:31:01.726758387
107.7969,5,14:31:02.229545311
107.8125,5,14:31:03.142331247
107.8125,300,14:31:04.188271751
107.8125,100,14:31:06.166931747
107.7969,1,14:31:08.097817993
107.7969,9,14:31:08.719399048
107.7969,10,14:31:08.795755793
107.7969,107,14:31:08.796417595
107.7969,2,14:31:08.796783507
107.7969,2,14:31:08.796817800
107.7969,6,14:31:08.816001994
107.7969,5,14:31:08.856703169
107.7813,12,14:31:09.562312259
107.7813,32,14:31:09.562511630
107.7813,32,14:31:09.562618637
107.7813,29,14:31:09.562618637
107.7813,32,14:31:09.562805222
107.7813,32,14:31:09.563064374
107.7813,29,14:31:09.563228873
107.7813,32,14:31:09.563280342
107.7813,22,14:31:09.563561674
107.7813,1,14:31:09.566818443
107.7813,311,14:31:09.567150629
107.7813,6,14:31:09.567351027
107.7813,1,14:31:09.567511020
107.7813,9,14:31:09.567555319
107.7813,42,14:31:09.567651558
107.7813,10,14:31:09.567761793
107.7813,18,14:31:09.567858662
107.7813,3,14:31:09.567904708
107.7813,1,14:31:09.567942715
107.7813,1,14:31:09.568955232
107.7813,40,14:31:09.569150182
107.7813,1,14:31:09.569230639
107.7813,2,14:31:09.569334346
107.7813,11,14:31:09.569417506
107.7813,2,14:31:09.569417506
107.7813,22,14:31:09.569570828
107.7813,2,14:31:09.569570828
107.7813,24,14:31:09.569570828
107.7813,1,14:31:09.569816439
107.7813,15,14:31:09.569816439
107.7813,1,14:31:09.569993464
107.7813,1,14:31:09.570009160
107.7813,10,14:31:09.570174193
107.7813,1,14:31:09.570174193
107.7813,145,14:31:09.570174193
107.7813,1,14:31:09.571764104
107.7813,10,14:31:09.572667783
107.7813,5,14:31:09.572705736
107.7813,58,14:31:09.572734117
107.7813,2,14:31:09.572779126
107.7813,3,14:31:09.573022725
107.7813,6,14:31:09.573099002
107.7813,1,14:31:09.574851395
107.7813,20,14:31:09.575575541
107.7813,1,14:31:09.575629472
107.7813,1,14:31:09.576359928
107.7813,1,14:31:09.576449197
107.7813,13,14:31:09.576652981
107.7813,5,14:31:09.576854578
107.7813,4,14:31:09.577385840
107.7813,46,14:31:09.577514834
107.7813,1,14:31:09.577600490
107.7813,1,14:31:09.578337213
107.7813,9,14:31:09.579530456
107.7813,1,14:31:09.579886047
107.7813,2,14:31:09.580376092
107.7813,2,14:31:09.580441492
107.7813,1,14:31:09.580586721
107.7813,22,14:31:09.581057843
107.7813,51,14:31:09.581141042
107.7813,1,14:31:09.581637196
107.7813,5,14:31:09.582034488
107.7813,1,14:31:09.582247090
107.7813,2,14:31:09.583236051
107.7813,2,14:31:09.583270874
107.7813,2,14:31:09.583292961
107.7813,2,14:31:09.583320353
107.7813,2,14:31:09.583398883
107.7813,23,14:31:09.583422406
107.7813,1,14:31:09.584957759
107.7813,2,14:31:09.584977097
107.7813,2,14:31:09.585118658
107.7813,2,14:31:09.585139375
107.7813,13,14:31:09.585183751
107.7813,3,14:31:09.585215844
107.7813,2,14:31:09.585233832
107.7813,2,14:31:09.585283964
107.7813,1,14:31:09.585478166
107.7813,1,14:31:09.585695979
107.7813,1,14:31:09.585933529
107.7813,6,14:31:09.585981226
107.7813,1,14:31:09.586072828
107.7813,3,14:31:09.586175105
107.7813,1,14:31:09.587175535
107.7813,1,14:31:09.587915412
107.7813,1,14:31:09.588115119
107.7813,3,14:31:09.589412419
107.7813,36,14:31:09.602363495
107.7813,5,14:31:09.624067418
107.7813,2,14:31:10.029571505
107.7813,5,14:31:12.094646300
107.7656,5,14:31:12.100341567
107.7656,1,14:31:12.540727617
107.7656,1,14:31:12.542056866
107.7656,1,14:31:12.607675294
107.7813,1,14:31:13.806354328
107.7656,100,14:31:15.281232598
107.7656,102,14:31:15.281804569
107.7656,1,14:31:15.282590318
107.7656,1,14:31:15.283972858
107.7656,1,14:31:15.284405456
107.7656,1,14:31:15.287387366
107.7656,1,14:31:15.289476854
107.7656,25,14:31:16.195536004
107.7656,1,14:31:16.195875569
107.7656,50,14:31:16.332668211
107.7656,203,14:31:16.528165134
107.7656,2,14:31:16.528866505
107.7656,2,14:31:16.531769088
107.7656,2,14:31:16.543388811
107.7656,2,14:31:16.543484211
107.7656,6,14:31:16.554940451
107.7656,3,14:31:18.787607396
107.7656,1,14:31:18.788096980
107.7656,2,14:31:18.788152411
107.7656,25,14:31:18.789245992
107.7656,16,14:31:18.789293474
107.7656,4,14:31:18.789325126
107.7656,10,14:31:18.789417224
107.7656,1,14:31:18.789596136
107.7656,1,14:31:18.789673296
107.7656,1,14:31:18.789711761
107.7656,1,14:31:18.789733493
107.7656,1,14:31:18.789771609
107.7656,1,14:31:18.789797936
107.7656,1,14:31:18.789832416
107.7656,1,14:31:18.789865186
107.7656,1,14:31:18.789896484
107.7656,1,14:31:18.789920561
107.7656,1,14:31:18.789954399
107.7656,1,14:31:18.790145658
107.7656,1,14:31:18.790182862
107.7656,1,14:31:18.790218805
107.7656,1,14:31:18.790249138
107.7656,1,14:31:18.790284355
107.7656,1,14:31:18.790327104
107.7656,1,14:31:18.790368840
107.7656,1,14:31:18.790413193
107.7656,1,14:31:18.790445315
107.7656,6,14:31:18.790543481
107.7656,1,14:31:18.790578383
107.7656,1,14:31:18.790704508
107.7656,2,14:31:18.790764496
107.7656,1,14:31:18.790828878
107.7656,1,14:31:18.791052404
107.7656,1,14:31:18.791141185
107.7656,38,14:31:18.791802789
107.7656,1,14:31:21.269669820
107.7656,17,14:31:21.269990469
107.7656,5,14:31:21.270029740
107.7656,17,14:31:21.270206685
107.7656,41,14:31:21.270364529
107.7656,1,14:31:21.270399796
107.7656,1,14:31:21.270716984
107.7656,1,14:31:21.270758709
107.7656,6,14:31:21.270816679
107.7656,1,14:31:21.270863348
107.7656,1,14:31:21.270900961
107.7656,1,14:31:21.270946672
107.7656,1,14:31:21.271020279
107.7656,1,14:31:21.271042648
107.7656,20,14:31:21.272360793
107.7656,1,14:31:21.272418748
107.7656,8,14:31:21.272493879
107.7656,6,14:31:21.272534372
107.7656,1,14:31:21.272986607
107.7656,1,14:31:21.273111496
107.7656,3,14:31:21.273375300
107.7656,1,14:31:21.273598042
107.7656,13,14:31:21.273661151
107.7656,20,14:31:21.273721694
107.7656,60,14:31:21.273839155
107.7656,4,14:31:21.273885213
107.7656,1,14:31:21.273966336
107.7656,1,14:31:21.274359076
107.7656,29,14:31:21.275605332
107.7656,12,14:31:21.275677205
107.7656,13,14:31:21.275709490
107.7656,1,14:31:21.276360591
107.7656,10,14:31:21.276483785
107.7656,1,14:31:21.276610024
107.7656,3,14:31:21.276663644
107.7656,1,14:31:21.276686182
107.7656,2,14:31:21.278068364
107.7656,1,14:31:21.295700274
107.7813,20,14:31:21.476755061
107.7813,29,14:31:27.305280649
107.7813,32,14:31:27.305498091
107.7813,175,14:31:27.305732092
107.7813,5,14:31:27.309766375
107.7813,95,14:31:27.310416138
107.7813,4,14:31:27.311166896
107.7813,5,14:31:27.311362004
107.7813,1,14:31:27.312548037
107.7969,2,14:31:28.946862171
107.7969,1,14:31:28.946951325
107.7969,1,14:31:28.947119818
107.7969,4,14:31:28.947146634
107.7969,1,14:31:28.947165873
107.7969,6,14:31:28.947196696
107.7969,117,14:31:28.947947294
107.7969,2,14:31:28.948706743
107.7969,1,14:31:28.948815077
107.7969,3,14:31:28.949775544
107.7969,3,14:31:28.950450106
107.7969,9,14:31:28.950664493
107.7969,2,14:31:28.950865317
107.7969,1,14:31:28.951192447
107.7969,1,14:31:28.951703734
107.7969,2,14:31:28.951991666
107.7969,2,14:31:28.952128126
107.7969,16,14:31:28.952317142
107.7969,1,14:31:28.952349001
107.7969,11,14:31:28.952378804
107.7969,2,14:31:28.952915346
107.7969,1,14:31:28.953329872
107.7969,1,14:31:28.953603276
107.7969,1,14:31:28.953623769
107.7969,1,14:31:28.953645188
107.7969,1,14:31:28.954260019
107.7969,1,14:31:28.954962254
107.7969,1,14:31:28.955202141
107.7969,3,14:31:28.955268010
107.7969,3,14:31:28.957336535
107.7969,6,14:31:28.957912355
107.7969,1,14:31:28.957984043
107.7969,4,14:31:28.958064358
107.7969,1,14:31:28.958524150
107.7969,1,14:31:28.959318543
107.7969,1,14:31:28.959425643
107.7969,1,14:31:28.960081516
107.7969,4,14:31:28.960111968
107.7969,2,14:31:28.960285267
107.7969,5,14:31:28.960925305
107.7969,2,14:31:28.960988741
107.7969,5,14:31:28.961768714
107.7969,12,14:31:28.961795931
107.7969,2,14:31:28.961889504
107.7969,1,14:31:28.962096945
107.7969,2,14:31:28.962127761
107.7969,1,14:31:28.962281954
107.7969,1,14:31:28.962452402
107.7969,1,14:31:28.962730155
107.7969,1,14:31:28.962850163
107.7969,1,14:31:28.962886849
107.7969,1,14:31:28.963265158
107.7969,1,14:31:28.963792010
107.7969,1,14:31:28.964148375
107.7969,11,14:31:28.964721957
107.7969,2,14:31:28.964768390
107.7969,1,14:31:29.126071218
107.7969,1,14:31:29.126686795
107.7969,13,14:31:29.821549775
107.8125,1,14:31:29.897434729
107.7969,41,14:31:29.907061096
107.7969,20,14:31:32.208339663
107.7969,1,14:31:32.208548077
107.7969,1,14:31:32.208721046
107.7969,19,14:31:32.208889466
107.7969,5,14:31:32.208941137
107.7969,1,14:31:32.209185908
107.7969,6,14:31:32.209283994
107.7969,1,14:31:32.209317007
107.7969,9,14:31:32.209408209
107.7969,1,14:31:32.209469856
107.7969,1,14:31:32.209501699
107.7969,12,14:31:32.209526996
107.7969,1,14:31:32.209556824
107.7969,1,14:31:32.209583317
107.7969,1,14:31:32.209666509
107.7969,1,14:31:32.209688804
107.7969,1,14:31:32.209719189
107.7969,5,14:31:32.209756261
107.7969,1,14:31:32.209790498
107.7969,1,14:31:32.209822740
107.7969,1,14:31:32.209859456
107.7969,1,14:31:32.209895998
107.7969,1,14:31:32.209927820
107.7969,1,14:31:32.209962393
107.7969,1,14:31:32.210028897
107.7969,14,14:31:32.210078760
107.7969,1,14:31:32.210112943
107.7969,2,14:31:32.210139245
107.7969,2,14:31:32.210212319
107.7969,2,14:31:32.210253199
107.7969,2,14:31:32.210306775
107.7969,2,14:31:32.210392537
107.7969,10,14:31:32.211529887
107.7969,1,14:31:32.211620694
107.7969,4,14:31:32.211704837
107.7969,12,14:31:32.211896570
107.7969,5,14:31:32.212003004
107.7969,1,14:31:32.212508173
107.7969,4,14:31:32.212559806
107.7969,38,14:31:32.213850260
107.7969,1,14:31:32.213886706
107.7969,1,14:31:32.213910466
107.7969,48,14:31:32.214216620
107.7969,6,14:31:32.214243859
107.7969,1,14:31:32.214853077
107.7969,1,14:31:32.214966616
107.7969,1,14:31:32.215013382
107.7969,1,14:31:32.215268747
107.7969,1,14:31:32.216137414
107.7969,1,14:31:32.216223659
107.7969,17,14:31:32.618462764
107.7969,10,14:31:33.151101322
107.7969,1,14:31:33.151380472
107.7969,1,14:31:33.151456062
107.7969,1,14:31:33.151504901
107.7969,1,14:31:33.151569744
107.7969,1,14:31:33.151656293
107.7969,1,14:31:33.151704601
107.7969,1,14:31:33.151751684
107.7969,1,14:31:33.151783623
107.7969,1,14:31:33.151826904
107.7969,1,14:31:33.151872281
107.7969,1,14:31:33.151924587
107.7969,1,14:31:33.151977653
107.7969,1,14:31:33.152011087
107.7969,1,14:31:33.152084404
107.7969,1,14:31:33.152171593
107.7969,4,14:31:33.152502434
107.7969,8,14:31:33.152700695
107.7969,1,14:31:33.153311619
107.7969,1,14:31:33.153518654
107.7969,4,14:31:33.154000513
107.7969,7,14:31:33.939016774
107.7969,1,14:31:33.939231579
107.7969,1,14:31:33.939302550
107.7969,1,14:31:33.939339913
107.7969,1,14:31:33.939447925
107.7969,1,14:31:33.939474146
107.7969,1,14:31:33.939516448
107.7969,11,14:31:33.940595101
107.7969,4,14:31:33.940742742
107.7969,1,14:31:33.941566784
107.7969,1,14:31:33.941616614
107.7969,1,14:31:33.941724569
107.7969,1,14:31:33.941755581
107.7969,1,14:31:34.202375246
107.7813,33,14:31:36.365251546
107.7813,1,14:31:36.365470188
107.7813,1,14:31:36.365575905
107.7813,1,14:31:36.365616568
107.7813,1,14:31:36.365649749
107.7813,1,14:31:36.365685178
107.7813,1,14:31:36.365751294
107.7813,1,14:31:36.365782459
107.7813,1,14:31:36.365814698
107.7813,1,14:31:36.365913186
107.7813,1,14:31:36.365923045
107.7813,1,14:31:36.365944102
107.7813,2,14:31:36.366231176
107.7813,3,14:31:36.366893929
107.7813,3,14:31:36.366957895
107.7813,4,14:31:36.367022613
107.7813,1,14:31:36.367060595
107.7813,27,14:31:36.394890381
107.7813,1,14:31:36.395346899
107.7813,1,14:31:36.494530136
107.7813,10,14:31:38.622879536
107.7969,8,14:31:43.099282132
107.7969,50,14:31:43.500390795
107.7969,2,14:31:43.511165294
107.7969,2,14:31:43.511320881
107.7969,2,14:31:43.511582185
107.7969,1,14:31:43.511582185
107.7969,1,14:31:43.511640740
107.7969,1,14:31:43.514242728
107.7969,1,14:31:43.515875040
107.7969,1,14:31:43.515898560
107.7969,34,14:31:43.515919697
107.7969,1,14:31:43.516381351
107.7969,1,14:31:43.516811247
107.7969,7,14:31:43.516935029
107.7969,6,14:31:43.516969042
107.7969,11,14:31:43.517000445
107.7969,1,14:31:43.517045969
107.7969,30,14:31:43.517259489
107.7969,2,14:31:43.517319987
107.7969,1,14:31:43.517516417
107.7969,1,14:31:43.517819879
107.7969,16,14:31:44.338141615
107.7969,5,14:31:44.339882789
107.7969,29,14:31:44.359017325
107.7969,78,14:31:44.502804850
107.7969,1,14:31:44.503514813
107.7969,3,14:31:44.503573281
107.7969,39,14:31:44.503708973
107.7969,6,14:31:44.503756872
107.7969,2,14:31:44.503790991
107.7969,1,14:31:44.503818150
107.7969,9,14:31:44.504117972
107.7969,1,14:31:45.226170664
107.7969,127,14:31:45.226494219
107.7969,3,14:31:45.229402646
107.7969,1,14:31:45.616319412
107.7969,4,14:31:45.616558031
107.7969,1,14:31:45.616649588
107.7969,3,14:31:45.616724707
107.7969,2,14:31:45.694223602
107.7969,6,14:31:45.694477656
107.7969,1,14:31:45.694808034
107.7969,2,14:31:48.537818060
107.7969,16,14:31:48.538059940
107.7969,1,14:31:48.538326067
107.7969,1,14:31:48.538568798
107.7969,1,14:31:48.546418470
107.7969,8,14:31:48.546584093
107.7969,3,14:31:48.546623200
107.7969,1,14:31:48.546665269
107.7969,1,14:31:48.546704431
107.7969,12,14:31:48.546723369
107.8125,18,14:31:48.690237360
107.7969,82,14:31:48.690237360
107.7969,1,14:31:48.922048397
107.7969,1,14:31:48.922254769
107.7969,23,14:31:48.953380567
107.7813,520,14:31:49.357208466
107.7813,1,14:31:49.359510730
107.7813,2,14:31:49.361758494
107.7813,2,14:31:49.361794114
107.7813,2,14:31:49.361858924
107.7813,1,14:31:49.363287494
107.7813,2,14:31:49.363769245
107.7813,2,14:31:49.363799747
107.7813,2,14:31:49.363817562
107.7813,72,14:31:49.364113338
107.7813,2,14:31:49.364383593
107.7813,2,14:31:49.364537260
107.7813,2,14:31:49.365007775
107.7813,2,14:31:49.365034956
107.7813,1,14:31:49.365876138
107.7813,5,14:31:49.366066782
107.7813,2,14:31:49.367190472
107.7813,21,14:31:49.367343752
107.7813,6,14:31:49.367933201
107.7813,1,14:31:49.368123070
107.7813,1,14:31:49.408250609
107.7813,6,14:31:49.408973071
107.7813,2,14:31:49.410268294
107.7813,6,14:31:49.495414161
107.7813,1,14:31:49.495710855
107.7813,1,14:31:49.495794431
107.7813,1,14:31:49.953536765
107.7813,3,14:31:49.953586657
107.7813,1,14:31:49.953619752
107.7813,1,14:31:49.953681126
107.7813,33,14:31:49.953719383
107.7813,58,14:31:49.953927995
107.7813,1,14:31:49.953966089
107.7813,4,14:31:49.954041767
107.7656,1,14:31:50.549723035
107.7656,2,14:31:50.854164137
107.7813,43,14:31:56.282929338
107.7813,1,14:31:56.282970779
107.7813,1,14:31:56.283609070
107.7813,1,14:31:56.283719127
107.7813,2,14:31:56.283955301
107.7813,2,14:31:56.284051486
107.7813,2,14:31:56.284474553
107.7813,2,14:31:56.284503667
107.7813,2,14:31:56.284641549
107.7813,1,14:31:56.284860302
107.7813,1,14:31:56.285143213
107.7813,1,14:31:56.290969916
107.7813,53,14:31:56.300454876
107.7813,1,14:31:56.307250254
107.7813,21,14:31:56.308586575
107.7813,40,14:31:56.312729488
107.7813,1,14:31:56.312807768
107.7813,1,14:31:56.312880688
107.7813,2,14:31:56.312907555
107.7813,2,14:31:56.312925163
107.7813,2,14:31:56.312950341
107.7813,1,14:31:56.313145279
107.7813,29,14:31:56.313999133
107.7813,1,14:31:56.314754265
107.7813,1,14:31:56.314799431
107.7813,8,14:31:56.314825143
107.7813,6,14:31:56.314920171
107.7813,1,14:31:56.315378137
107.7813,1,14:31:56.315423456
107.7813,1,14:31:56.315444772
107.7813,5,14:31:56.315680511
107.7813,1,14:31:56.316114507
107.7813,1,14:31:56.316480127
107.7813,15,14:31:56.742561798
107.7813,2,14:31:56.833479252
107.7813,1,14:31:56.833875663
107.7813,3,14:31:56.833913036
107.7813,1,14:31:56.833940048
107.7813,38,14:31:56.845239534
107.7813,1,14:31:56.864199906
107.7813,2,14:31:57.651259700
107.7813,13,14:31:57.675951681
107.7813,1,14:31:57.676078657
107.7813,8,14:31:57.676178451
107.7813,1,14:31:57.676217399
107.7813,1,14:31:57.676619484
107.7813,1,14:31:57.676917237
107.7813,1,14:32:01.883812611
107.7813,1,14:32:01.891925402
107.7813,1,14:32:01.891996430
107.7813,1,14:32:01.892035692
107.7813,7,14:32:01.892166929
107.7813,2,14:32:01.892205254
107.7813,6,14:32:01.911750044
107.7656,1,14:32:04.983052254
107.7656,1,14:32:04.983480221
107.7656,138,14:32:04.995610984
107.7656,42,14:32:05.002336640
107.7656,2,14:32:05.018023528
107.75,1,14:32:06.259170457
107.75,1,14:32:06.279098165
107.75,2,14:32:06.279494425
107.75,1,14:32:06.279603887
107.75,2,14:32:06.279635488
107.75,1,14:32:06.279740428
107.75,4,14:32:06.279939772
107.75,4,14:32:06.280535611
107.75,10,14:32:06.280582009
107.75,1,14:32:06.280852914
107.75,5,14:32:06.281110682
107.75,10,14:32:06.281303309
107.75,2,14:32:06.281366206
107.75,2,14:32:06.281406560
107.75,2,14:32:06.281443342
107.75,2,14:32:06.281494946
107.75,2,14:32:06.281551786
107.75,1,14:32:06.281748429
107.75,6,14:32:06.281843202
107.75,5,14:32:06.282068554
107.75,1,14:32:06.284706723
107.75,29,14:32:06.289582840
107.75,1,14:32:07.336575684
107.75,25,14:32:08.801041781
107.75,1,14:32:08.801957749
107.75,1,14:32:08.802054026
107.75,1,14:32:08.803694510
107.75,1,14:32:08.803939318
107.75,32,14:32:08.804175672
107.75,6,14:32:08.804237801
107.75,5,14:32:08.804367477
107.75,2,14:32:08.804399561
107.75,24,14:32:08.805933570
107.75,1,14:32:08.806663188
107.75,2,14:32:08.806803565
107.75,1,14:32:08.807095250
107.75,6,14:32:08.807208383
107.75,14,14:32:08.807613741
107.75,4,14:32:08.808027929
107.75,1,14:32:08.808076671
107.75,1,14:32:08.808375520
107.75,29,14:32:08.808500047
107.75,1,14:32:08.808597979
107.75,28,14:32:08.808637076
107.75,46,14:32:08.810061627
107.75,1,14:32:08.810100821
107.75,1,14:32:08.810123964
107.75,27,14:32:08.810263811
107.75,1,14:32:08.811074924
107.75,1,14:32:08.811354556
107.75,2,14:32:08.811411072
107.75,1,14:32:08.811928679
107.75,5,14:32:08.812128130
107.75,1,14:32:08.812189974
107.75,2,14:32:08.812298085
107.75,5,14:32:08.812472860
107.75,14,14:32:08.812687005
107.75,1,14:32:08.812950213
107.75,9,14:32:08.813036494
107.75,6,14:32:08.813148659
107.75,1,14:32:08.813462483
107.75,1,14:32:08.815753684
107.75,1,14:32:08.815777969
107.75,1,14:32:08.815804855
107.75,1,14:32:08.815821836
107.75,1,14:32:08.819353075
107.75,1,14:32:08.834379335
107.7344,2,14:32:08.838821077
107.7344,100,14:32:08.838831778
107.7344,1,14:32:08.839298287
107.7344,10,14:32:08.839344009
107.7344,5,14:32:08.839626812
107.7344,1,14:32:08.839903303
107.7344,2,14:32:08.840002874
107.7344,2,14:32:08.840226309
107.7344,1,14:32:08.840270988
107.7344,1,14:32:08.840344263
107.7344,2,14:32:08.841662891
107.7344,4,14:32:08.842631326
107.75,200,14:32:09.106195314
107.7344,1,14:32:10.419810875
107.75,2,14:32:10.703707984
107.75,2,14:32:10.704113455
107.75,2,14:32:10.704221238
107.75,2,14:32:10.704241772
107.75,1,14:32:10.704257784
107.75,2,14:32:10.704279688
107.75,1,14:32:10.704307480
107.75,20,14:32:10.704458937
107.75,1,14:32:10.704502169
107.75,6,14:32:10.704819801
107.75,16,14:32:10.704938089
107.75,1,14:32:10.705446107
107.75,1,14:32:10.705975988
107.75,4,14:32:11.040057044
107.75,1,14:32:11.815108157
107.75,1,14:32:11.816050391
107.75,207,14:32:16.879336779
107.75,6,14:32:16.883279784
107.75,27,14:32:16.887117256
107.75,1,14:32:16.887246315
107.75,21,14:32:16.887621138
107.75,1,14:32:16.887957085
107.75,2,14:32:16.887980461
107.75,2,14:32:16.888236306
107.75,1,14:32:16.888268208
107.75,2,14:32:16.888304788
107.75,2,14:32:16.888643918
107.75,1,14:32:16.888813662
107.75,2,14:32:16.889272912
107.75,2,14:32:16.889444708
107.75,2,14:32:16.890003529
107.75,7,14:32:16.890027596
107.75,1,14:32:16.890367748
107.75,4,14:32:16.890981504
107.75,5,14:32:16.891290288
107.75,28,14:32:16.891415992
107.75,14,14:32:16.891487171
107.75,5,14:32:16.891834939
107.75,4,14:32:16.892017234
107.75,1,14:32:16.892259107
107.75,1,14:32:16.892371250
107.75,8,14:32:16.892559200
107.75,1,14:32:16.892785383
107.75,2,14:32:16.893424830
107.75,2,14:32:17.121993999
107.75,1,14:32:17.122560881
107.75,1,14:32:17.122681231
107.75,6,14:32:17.123152013
107.75,1,14:32:17.123305788
107.75,5,14:32:17.123410450
107.75,125,14:32:17.123773628
107.75,1,14:32:17.124420265
107.75,1,14:32:17.124537638
107.75,1,14:32:17.124595626
107.75,1,14:32:17.124780791
107.75,5,14:32:17.125384698
107.75,3,14:32:17.126001408
107.75,50,14:32:17.128761844
107.75,9,14:32:17.128833532
107.75,20,14:32:17.130214056
107.75,12,14:32:17.131013374
107.75,1,14:32:17.132332729
107.75,5,14:32:17.173415617
107.75,25,14:32:17.797165869
107.75,27,14:32:17.798526840
107.75,1,14:32:17.799044829
107.75,1,14:32:17.799322339
107.75,1,14:32:17.800550370
107.75,2,14:32:17.800905878
107.75,1,14:32:17.808120877
107.75,1,14:32:17.904723978
107.75,1,14:32:17.904797259
107.75,1,14:32:17.904987801
107.75,1,14:32:17.905034179
107.75,1,14:32:17.905093281
107.75,1,14:32:17.905133807
107.75,1,14:32:17.905170211
107.75,1,14:32:17.905218645
107.75,1,14:32:17.905248590
107.75,5,14:32:17.906821585
107.75,5,14:32:18.083775036
107.75,1,14:32:18.083962830
107.75,1,14:32:18.084027506
107.75,1,14:32:18.084104980
107.75,1,14:32:18.084373459
107.75,1,14:32:18.084617096
107.75,1,14:32:18.084823852
107.75,8,14:32:18.749975993
107.75,1,14:32:19.122054142
107.75,25,14:32:20.721432458
107.75,10,14:32:20.767307335
107.7656,5,14:32:20.869025377
107.7656,1,14:32:21.678806338
107.7656,3,14:32:21.678860236
107.7656,6,14:32:21.679066109
107.7656,1,14:32:21.679318907
107.7656,48,14:32:21.679777720
107.7813,500,14:32:27.856132474
107.7813,1,14:32:27.857178155
107.7813,2,14:32:27.861906740
107.7813,2,14:32:27.861978758
107.7813,2,14:32:27.861998128
107.7813,33,14:32:27.866441388
107.7813,2,14:32:27.866605338
107.7813,1,14:32:27.866661482
107.7813,1,14:32:27.866785699
107.7813,1,14:32:27.866817422
107.7813,1,14:32:27.866854091
107.7813,1,14:32:27.866900981
107.7813,1,14:32:27.866936631
107.7813,10,14:32:27.866993630
107.7813,1,14:32:27.867021605
107.7813,1,14:32:27.867091658
107.7813,1,14:32:27.867126483
107.7813,1,14:32:27.867194242
107.7813,1,14:32:27.867232783
107.7813,1,14:32:27.867291187
107.7813,1,14:32:27.867333554
107.7813,1,14:32:27.867364140
107.7813,1,14:32:27.867393823
107.7813,1,14:32:27.867531125
107.7813,1,14:32:27.867559773
107.7813,1,14:32:27.867594464
107.7813,1,14:32:27.867632142
107.7813,1,14:32:27.867664354
107.7813,1,14:32:27.867727123
107.7813,1,14:32:27.867767268
107.7813,1,14:32:27.867802648
107.7813,1,14:32:27.867853964
107.7813,1,14:32:27.867984920
107.7813,2,14:32:27.868155241
107.7813,1,14:32:27.868194067
107.7813,29,14:32:27.868235610
107.7813,1,14:32:27.868275435
107.7813,2,14:32:27.868369130
107.7813,64,14:32:27.868477346
107.7813,6,14:32:27.868865520
107.7813,1,14:32:27.869135491
107.7813,24,14:32:27.870167498
107.7813,1,14:32:27.870355611
107.7813,4,14:32:27.871030217
107.7813,1,14:32:27.871069869
107.7813,2,14:32:27.871183769
107.7813,2,14:32:27.871257329
107.7813,2,14:32:27.871662882
107.7813,1,14:32:27.871832720
107.7813,1,14:32:27.872127967
107.7813,3,14:32:27.872252587
107.7813,23,14:32:27.872536429
107.7813,5,14:32:27.872646247
107.7813,1,14:32:27.872966996
107.7813,1,14:32:27.873683173
107.7813,4,14:32:27.873705685
107.7813,2,14:32:27.873740364
107.7813,33,14:32:27.874177771
107.7813,29,14:32:27.874223702
107.7813,5,14:32:27.874930993
107.7813,1,14:32:27.874981500
107.7813,1,14:32:27.875043258
107.7813,1,14:32:27.876033192
107.7813,1,14:32:27.877006052
107.7813,1,14:32:27.928155465
107.7656,2,14:32:29.975741074
107.7656,14,14:32:30.888035705
107.7656,3,14:32:30.907473203
107.7656,1,14:32:33.304221147
107.7656,2,14:32:33.304558457
107.7656,2,14:32:33.304628614
107.7656,90,14:32:33.304991502
107.7656,2,14:32:33.305242220
107.7656,5,14:32:33.305394310
107.7656,1,14:32:33.305609761
107.7656,3,14:32:33.305640539
107.7656,1,14:32:33.305661589
107.7656,2,14:32:33.305680040
107.7656,1,14:32:33.305708169
107.7656,1,14:32:33.305729194
107.7656,1,14:32:33.305763690
107.7656,1,14:32:33.305788990
107.7656,1,14:32:33.305823631
107.7656,1,14:32:33.307074450
107.7656,31,14:32:33.307641719
107.7656,1,14:32:33.308801451
107.7656,1,14:32:33.308869555
107.7656,1,14:32:33.309036236
107.7656,1,14:32:33.318574179
107.7656,5,14:32:33.318706943
107.7656,5,14:32:33.335461440
107.7656,3,14:32:33.360089492
107.7656,2,14:32:41.913022678
107.75,5,14:32:46.968087265
107.75,250,14:32:52.047359543
107.7656,80,14:32:55.998049706
107.7656,7,14:32:55.998477029
107.7656,10,14:32:56.000214121
107.7656,20,14:32:56.000295630
107.7656,8,14:32:56.000933255
107.7656,1,14:32:56.002182010
107.7656,1,14:32:56.002336928
107.7813,500,14:32:59.431380460
107.7656,4,14:33:04.645623057
107.7656,1,14:33:09.569933396
107.7656,1,14:33:11.621761896
107.7656,109,14:33:11.622612537
107.7656,1,14:33:11.623055458
107.7656,5,14:33:11.623130870
107.7656,5,14:33:11.624108992
107.7656,2,14:33:11.647012526
107.7656,11,14:33:11.735844979
107.7656,3,14:33:11.735918693
107.7656,1,14:33:11.737273517
107.7656,2,14:33:11.737475476
107.7656,10,14:33:11.738186760
107.7656,1,14:33:11.738532591
107.7656,1,14:33:11.739293240
107.7656,1,14:33:11.748157537
107.7656,25,14:33:11.748535955
107.7656,1,14:33:15.045647807
107.7656,5,14:33:15.667092993
107.7656,25,14:33:18.778990720
107.7656,1,14:33:18.779241637
107.7656,20,14:33:18.779897634
107.7656,1,14:33:18.779976455
107.7656,11,14:33:18.780074047
107.7656,7,14:33:18.780280352
107.7656,19,14:33:18.780513121
107.7656,7,14:33:18.781262107
107.7656,1,14:33:18.782119602
107.7656,4,14:33:18.783732757
107.7656,7,14:33:18.784124199
107.7656,2,14:33:18.784353132
107.7656,3,14:33:18.784554969
107.7656,6,14:33:18.784618279
107.7656,4,14:33:18.785493270
107.7656,1,14:33:18.786108422
107.7656,3,14:33:18.814459635
107.7656,1,14:33:18.814620932
107.7656,2,14:33:18.833247191
107.7656,2,14:33:18.852080063
107.7656,1,14:33:20.711554253
107.7656,7,14:33:20.711697224
107.7656,7,14:33:20.711781767
107.7656,1,14:33:20.711906986
107.7656,2,14:33:20.711968031
107.7813,1,14:33:32.385852006
107.7813,2,14:33:32.423482693
107.7813,5,14:33:32.423539004
107.7813,167,14:33:32.423783805
107.7813,1,14:33:32.425267067
107.7813,1,14:33:32.425461433
107.7813,11,14:33:32.425496522
107.7813,20,14:33:32.425532058
107.7813,2,14:33:32.425628921
107.7813,6,14:33:32.425756421
107.7813,6,14:33:32.425884530
107.7813,2,14:33:32.426190654
107.7813,42,14:33:32.426666622
107.7813,10,14:33:32.427062559
107.7813,1,14:33:32.427996137
107.7813,6,14:33:32.428023139
107.7813,1,14:33:32.428102552
107.7813,6,14:33:32.428170969
107.7813,1,14:33:32.429713745
107.7813,1,14:33:32.430224658
107.7813,1,14:33:32.430570870
107.7813,6,14:33:32.430672065
107.7813,2,14:33:32.430833858
107.7813,7,14:33:32.430959944
107.7813,1,14:33:32.430996996
107.7813,1,14:33:32.431032329
107.7813,1,14:33:32.431062249
107.7813,1,14:33:32.431094925
107.7813,11,14:33:32.431174658
107.7813,1,14:33:32.431174658
107.7813,1,14:33:32.431192146
107.7813,1,14:33:32.431232102
107.7813,1,14:33:32.431267921
107.7813,1,14:33:32.431308066
107.7813,7,14:33:32.431335998
107.7813,5,14:33:32.431402391
107.7813,1,14:33:32.431438644
107.7813,5,14:33:32.431524672
107.7813,1,14:33:32.432037529
107.7813,19,14:33:32.432548084
107.7813,7,14:33:32.432832422
107.7813,3,14:33:32.433253269
107.7813,1,14:33:32.433874754
107.7813,1,14:33:32.433952336
107.7813,1,14:33:32.434540108
107.7813,2,14:33:32.434581866
107.7813,4,14:33:32.434602484
107.7813,1,14:33:32.434602484
107.7813,2,14:33:32.434627780
107.7813,4,14:33:32.434815832
107.7813,1,14:33:32.434932302
107.7813,3,14:33:32.435021007
107.7813,6,14:33:32.435060033
107.7813,1,14:33:32.436358369
107.7813,1,14:33:32.436601631
107.7813,1,14:33:32.436772492
107.7813,1,14:33:32.436794886
107.7813,1,14:33:32.441078202
107.7813,1,14:33:32.441814034
107.7813,1,14:33:32.442025916
107.7813,19,14:33:32.443178343
107.7813,1,14:33:32.443472544
107.7813,1,14:33:32.481964058
107.7813,6,14:33:34.750341166
107.7813,1,14:33:34.750574685
107.7813,60,14:33:42.438186474
107.7813,1,14:33:42.438396059
107.7813,1,14:33:42.438480829
107.7813,1,14:33:42.438492820
107.7813,7,14:33:42.438557989
107.7813,1,14:33:42.438601330
107.7813,1,14:33:42.438819236
107.7813,1,14:33:42.438917244
107.7813,1,14:33:42.439103945
107.7813,3,14:33:42.439319968
107.7813,1,14:33:42.440133288
107.7813,4,14:33:42.441508435
107.7813,7,14:33:42.442087759
107.7813,2,14:33:42.443511004
107.7813,1,14:33:42.443604697
107.7813,1,14:33:42.443881616
107.7813,1,14:33:42.443929444
107.7813,1,14:33:42.444806210
107.7813,2,14:33:42.444841011
107.7813,1,14:33:42.444864026
107.7813,1,14:33:42.450251629
107.7813,1,14:33:42.450349026
107.7813,9,14:33:42.450518610
107.7813,1,14:33:42.450579795
107.7813,1,14:33:42.450622960
107.7813,16,14:33:42.450672539
107.7813,1,14:33:42.450959137
107.7813,1,14:33:42.451015816
107.7969,1,14:33:42.703080356
107.7969,60,14:33:43.429111973
107.7813,5,14:33:46.868242620
107.7813,4,14:33:49.052577579
107.7813,3,14:33:51.287964761
107.7969,20,14:33:52.366522221
107.7813,5,14:33:54.409371067
107.7813,50,14:33:55.789642290
107.7969,25,14:33:56.226239063
107.7969,15,14:33:56.577933320
107.7969,33,14:33:56.908067191
107.7969,29,14:33:56.908435525
107.7969,30,14:33:56.908669530
107.7969,29,14:33:56.908752456
107.7969,33,14:33:56.909036525
107.7969,15,14:33:56.909047211
107.7969,3,14:33:56.914237927
107.8125,177,14:33:57.579309979
107.8281,1,14:33:57.584699178
107.8125,2,14:33:57.585013928
107.8125,6,14:33:57.585949340
107.8125,6,14:33:57.586522887
107.8125,8,14:33:57.586680473
107.8125,1,14:33:57.587080494
107.8125,5,14:33:57.587329958
107.8125,1,14:33:57.587893788
107.8125,1,14:33:57.588000762
107.8125,1,14:33:57.588054255
107.8125,1,14:33:57.588260265
107.8125,1,14:33:57.588287577
107.8125,1,14:33:57.588303664
107.8125,1,14:33:57.588328397
107.8125,1,14:33:57.588348890
107.8125,1,14:33:57.588380649
107.8125,1,14:33:57.588411385
107.8125,1,14:33:57.588441123
107.8125,1,14:33:57.588495611
107.8125,1,14:33:57.588569955
107.8125,11,14:33:57.589016642
107.8125,1,14:33:57.589315867
107.8125,1,14:33:57.589342047
107.8125,1,14:33:57.589361782
107.8125,1,14:33:57.589383427
107.8125,1,14:33:57.589404346
107.8125,1,14:33:57.589425530
107.8125,1,14:33:57.589443128
107.8125,1,14:33:57.589467893
107.8125,1,14:33:57.589509797
107.8125,1,14:33:57.589540946
107.8125,1,14:33:57.589605528
107.8125,1,14:33:57.589646495
107.8125,1,14:33:57.589686156
107.8125,1,14:33:57.589716653
107.8125,1,14:33:57.589739498
107.8125,1,14:33:57.589773941
107.8125,1,14:33:57.589852031
107.8125,1,14:33:57.589884519
107.8125,1,14:33:57.589920125
107.8125,1,14:33:57.589965999
107.8125,1,14:33:57.590054647
107.8125,7,14:33:57.590104882
107.8125,11,14:33:57.590366346
107.8125,30,14:33:57.590542036
107.8125,1,14:33:57.590710439
107.8125,3,14:33:57.590937760
107.8125,3,14:33:57.590970195
107.8125,3,14:33:57.591015569
107.8125,1,14:33:57.591350219
107.8125,7,14:33:57.591516506
107.8125,1,14:33:57.591634125
107.8125,5,14:33:57.591812190
107.8125,1,14:33:57.591911794
107.8125,2,14:33:57.592541161
107.8125,3,14:33:57.608767573
107.8281,2,14:33:57.933579447
107.8281,5,14:33:57.935265059
107.8281,2,14:33:57.936055744
107.8281,2,14:33:57.936140846
107.8281,1,14:33:57.936171259
107.8281,2,14:33:57.936212691
107.8281,1,14:33:57.936262855
107.8281,2,14:33:57.936285025
107.8281,2,14:33:57.936309073
107.8281,162,14:33:57.942148893
107.8281,1,14:33:57.942278813
107.8281,5,14:33:57.946405651
107.8281,5,14:33:57.946486043
107.8281,2,14:33:57.946604599
107.8281,1,14:33:57.947191913
107.8281,16,14:33:57.948819885
107.8281,16,14:33:57.953844801
107.8281,1,14:33:57.953949745
107.8281,1,14:33:57.954035805
107.8281,7,14:33:57.954178243
107.8281,22,14:33:57.954469429
107.8281,1,14:33:57.984520287
107.8438,5,14:33:57.993059678
107.8438,2,14:33:57.997668555
107.8438,5,14:33:58.182479218
107.8438,2,14:33:58.415591701
107.8438,2,14:33:58.627374424
107.8438,2,14:33:58.627547435
107.8438,1,14:33:58.628142849
107.8438,2,14:33:58.628342930
107.8438,3,14:33:58.628610468
107.8438,109,14:33:58.628783649
107.8438,1,14:33:58.629250084
107.8438,119,14:33:58.629399162
107.8438,347,14:33:58.629695015
107.8438,10,14:33:58.652828460
107.8438,2,14:33:58.656247236
107.8438,23,14:33:58.656460897
107.8438,7,14:33:58.656718185
107.8438,1,14:33:58.656955035
107.8438,28,14:33:58.657300623
107.8438,1,14:33:58.657867482
107.8438,2,14:33:58.657958659
107.8438,2,14:33:58.657983945
107.8438,1,14:33:58.658008051
107.8438,1,14:33:58.658033520
107.8438,1,14:33:58.658052714
107.8438,1,14:33:58.658074778
107.8438,1,14:33:58.658094937
107.8438,1,14:33:58.658118089
107.8438,1,14:33:58.658179658
107.8438,1,14:33:58.658229989
107.8438,1,14:33:58.658241365
107.8438,1,14:33:58.658304451
107.8438,1,14:33:58.658333312
107.8438,1,14:33:58.658399941
107.8438,1,14:33:58.658429964
107.8438,21,14:33:58.658643623
107.8438,1,14:33:58.658685803
107.8438,2,14:33:58.658726050
107.8438,11,14:33:58.658762796
107.8438,9,14:33:58.658811891
107.8438,1,14:33:58.658832692
107.8438,4,14:33:58.658869339
107.8438,11,14:33:58.660019583
107.8438,1,14:33:58.660070292
107.8438,1,14:33:58.662234789
107.8438,7,14:33:58.665626662
107.8438,6,14:33:58.665741174
107.8438,3,14:33:58.665802356
107.8438,5,14:33:58.670752699
107.8438,7,14:33:58.761881251
107.8594,2,14:33:58.800041489
107.8438,79,14:33:59.296391041
107.8438,1,14:33:59.296658243
107.8438,2,14:33:59.296687799
107.8438,1,14:33:59.296732559
107.8438,1,14:33:59.296803866
107.8438,1,14:33:59.296845214
107.8438,1,14:33:59.296876267
107.8438,1,14:33:59.296908076
107.8438,1,14:33:59.296944909
107.8438,1,14:33:59.296988442
107.8438,1,14:33:59.297015044
107.8438,1,14:33:59.297045848
107.8438,1,14:33:59.297141318
107.8438,1,14:33:59.297171220
107.8438,6,14:33:59.297200940
107.8438,1,14:33:59.297279712
107.8438,1,14:33:59.297333684
107.8438,1,14:33:59.297406057
107.8438,1,14:33:59.297455146
107.8438,1,14:33:59.297719062
107.8438,12,14:33:59.297932973
107.8438,1,14:33:59.298308485
107.8438,1,14:33:59.298711111
107.8438,1,14:33:59.298764805
107.8438,1,14:33:59.298779947
107.8438,25,14:33:59.299113836
107.8438,1,14:33:59.299241476
107.8438,1,14:33:59.299977888
107.8438,21,14:33:59.598677764
107.8438,29,14:33:59.598877896
107.8438,33,14:33:59.599008298
107.8438,29,14:33:59.599136337
107.8438,5,14:33:59.599318030
107.8438,1,14:33:59.599469031
107.8438,15,14:33:59.599593057
107.8438,62,14:33:59.599641000
107.8281,1,14:35:27.942228544
107.8281,1,14:35:27.942646207
107.8281,2,14:35:27.942790367
107.8281,1,14:35:27.942866208
107.8281,1,14:35:27.942930862
107.8281,5,14:35:27.943255234
107.8281,1,14:35:27.943384869
107.8281,4,14:35:27.943480681
107.8281,4,14:35:27.943719144
107.8281,2,14:35:27.943851969
107.8281,4,14:35:27.943926076
107.8281,1,14:35:27.944269146
107.8281,2,14:35:27.944337771
107.8281,4,14:35:27.944762154
107.8281,1,14:35:27.945237914
107.8281,6,14:35:27.945268788
107.8281,7,14:35:27.946102674
107.8281,1,14:35:27.946287769
107.8281,2,14:35:27.946345760
107.8281,1,14:35:27.946942799
107.8281,1,14:35:27.947078594
107.8281,15,14:35:27.947509956
107.8281,1,14:35:27.948222486
107.8281,1,14:35:27.948622651
107.8281,1,14:35:27.951608862
107.8281,2,14:35:27.960732345
107.8281,1,14:35:28.362594079
107.8281,1,14:35:28.377549325
107.8125,500,14:35:28.771950832
107.8125,1,14:35:28.773219706
107.8125,2,14:35:28.775620250
107.8125,2,14:35:28.776012335
107.8125,2,14:35:28.776085677
107.8125,4,14:35:29.625043124
107.8125,1,14:35:29.625193629
107.8125,2,14:35:29.627140724
107.8125,2,14:35:29.627401958
107.8125,3,14:35:29.627554105
107.8125,100,14:35:30.230743763
107.8281,50,14:35:30.437032336
107.8281,148,14:35:30.470389184
107.8281,10,14:35:30.470862524
107.8281,1,14:35:30.471290905
107.8281,4,14:35:30.471400456
107.8438,39,14:35:33.288856681
107.8281,33,14:35:34.244314428
107.8281,19,14:35:34.244314428
107.8281,10,14:35:34.244552128
107.8281,33,14:35:34.244772139
107.8281,30,14:35:34.245163228
107.8281,58,14:35:34.245219188
107.8281,30,14:35:34.245336282
107.8281,30,14:35:34.245545476
107.8281,6,14:35:34.245681072
107.8281,6,14:35:34.245801583
107.8281,2,14:35:34.246088107
107.8281,1,14:35:34.247388112
107.8281,16,14:35:34.247602970
107.8281,29,14:35:34.250814392
107.8281,11,14:35:34.251637004
107.8281,29,14:35:34.252901877
107.8125,25,14:35:35.720823244
107.8125,100,14:35:36.368779481
107.8125,1,14:35:36.368915046
107.8125,1,14:35:36.369003873
107.8125,1,14:35:36.369166437
107.8125,9,14:35:36.369557456
107.8125,9,14:35:36.369605726
107.8125,6,14:35:36.369637576
107.8125,25,14:35:36.369712246
107.8125,13,14:35:36.369737594
107.8125,11,14:35:36.369772344
107.8125,11,14:35:36.369880508
107.8125,1,14:35:36.369907226
107.8125,40,14:35:36.370069396
107.8125,1,14:35:36.370107043
107.8125,1,14:35:36.370329741
107.8125,3,14:35:36.371496080
107.8125,2,14:35:36.372069357
107.8125,29,14:35:36.372126093
107.8125,23,14:35:36.372413325
107.8125,5,14:35:36.372477829
107.8125,3,14:35:36.372507534
107.8125,5,14:35:36.372524117
107.8125,4,14:35:36.372595139
107.8125,6,14:35:36.373864090
107.8125,1,14:35:36.374508711
107.8125,6,14:35:36.375659720
107.8125,100,14:35:36.815998409
107.8125,7,14:35:36.818855443
107.8125,14,14:35:36.818980930
107.8125,6,14:35:36.819456539
107.8125,1,14:35:36.819646470
107.8125,1,14:35:36.819813663
107.8125,12,14:35:36.819848182
107.8125,45,14:35:36.819988191
107.8125,1,14:35:36.820411887
107.8125,5,14:35:36.820944748
107.8125,2,14:35:36.820990414
107.8125,1,14:35:36.822060697
107.8125,1,14:35:36.822174514
107.8125,1,14:35:36.822775320
107.8125,1,14:35:36.823270335
107.8125,2,14:35:36.823316787
107.8125,5,14:35:36.823493312
107.8125,59,14:35:36.823522051
107.8125,12,14:35:36.823713454
107.8125,1,14:35:36.823831626
107.8125,1,14:35:36.823877527
107.8125,3,14:35:36.824370459
107.8125,20,14:35:36.824466115
107.8125,4,14:35:36.824608048
107.8125,1,14:35:36.826290751
107.8125,1,14:35:36.826559710
107.8125,1,14:35:36.826668774
107.8125,4,14:35:36.854469799
107.8125,1,14:35:36.854824558
107.7969,1,14:35:37.662642370
107.7969,29,14:35:37.663121128
107.7969,1,14:35:37.663202103
107.7969,60,14:35:37.663283269
107.7969,25,14:35:37.663552580
107.7969,1,14:35:37.665315614
107.7813,4,14:35:37.714316212
107.7813,1,14:35:37.714536505
107.7813,6,14:35:37.714880649
107.7813,2,14:35:37.714942757
107.7813,64,14:35:37.715508219
107.7813,21,14:35:37.717505355
107.7656,20,14:35:37.718828400
107.7813,25,14:35:37.719015674
107.7813,1,14:35:37.719227784
107.7813,1,14:35:37.719259378
107.7813,1,14:35:37.719281586
107.7813,18,14:35:37.719347847
107.7813,6,14:35:37.720228354
107.7813,3,14:35:37.720271706
107.7813,4,14:35:37.720296096
107.7813,11,14:35:37.721300648
107.7813,4,14:35:37.721393575
107.7813,1,14:35:37.721735972
107.7813,10,14:35:37.725813080
107.7813,1,14:35:37.726163815
107.7813,1,14:35:37.726221093
107.7813,1,14:35:37.726394504
107.7813,13,14:35:37.726583967
107.7813,4,14:35:37.726659908
107.7813,2,14:35:37.726857181
107.7813,4,14:35:37.784214804
107.7813,4,14:35:37.784237646
107.7813,24,14:35:37.784506019
107.7813,24,14:35:38.012391080
107.7813,2,14:35:38.012588896
107.7813,3,14:35:38.012617303
107.7813,4,14:35:38.012645064
107.7813,25,14:35:38.033247011
107.7813,1,14:35:38.033890436
107.7813,1,14:35:38.035094512
107.7813,1,14:35:38.035133990
107.7813,7,14:35:38.035268390
107.7813,4,14:35:38.036361571
107.7813,2,14:35:38.036385632
107.7813,6,14:35:38.036932968
107.7813,6,14:35:38.036959836
107.7813,14,14:35:38.037479106
107.7813,6,14:35:38.037540417
107.7813,1,14:35:38.038048149
107.7813,3,14:35:38.038088690
107.7813,1,14:35:38.038678930
107.7813,1,14:35:38.038783021
107.7813,1,14:35:38.039729298
107.7813,4,14:35:38.059915310
107.7813,25,14:35:38.084254572
107.7813,1,14:35:38.084460336
107.7813,1,14:35:38.084587878
107.7813,14,14:35:38.084856351
107.7813,4,14:35:38.085077984
107.7813,15,14:35:38.086394161
107.7813,6,14:35:38.086430901
107.7813,1,14:35:38.087098684
107.7813,1,14:35:38.087121181
107.7813,29,14:35:38.087207112
107.7813,3,14:35:38.087280349
107.7813,1,14:35:38.087625348
107.7813,1,14:35:38.087767421
107.7813,6,14:35:38.087835335
107.7813,1,14:35:38.087918368
107.7813,1,14:35:38.087957607
107.7813,1,14:35:38.087992459
107.7813,19,14:35:38.088140891
107.7813,1,14:35:38.088471387
107.7813,1,14:35:38.089506166
107.7813,2,14:35:38.165037729
107.7813,25,14:35:38.562680055
107.7813,25,14:35:38.563251526
107.7656,4,14:35:38.663699537
107.7656,1,14:35:38.664115514
107.7656,1,14:35:38.664311104
107.7656,64,14:35:38.664522429
107.7656,2,14:35:38.664778705
107.7656,10,14:35:38.667078879
107.7656,8,14:35:38.667832469
107.7656,9,14:35:38.668117899
107.7656,2,14:35:38.668160917
107.7656,1,14:35:38.668295412
107.7656,1,14:35:38.668330764
107.7656,1,14:35:38.668351001
107.7656,1,14:35:38.668376358
107.7656,1,14:35:38.668401001
107.7656,1,14:35:38.668422368
107.7656,1,14:35:38.668439233
107.7656,1,14:35:38.668473163
107.7656,1,14:35:38.668502466
107.7656,1,14:35:38.668519887
107.7656,1,14:35:38.668542758
107.7656,4,14:35:38.669044957
107.7656,1,14:35:38.669071914
107.7656,1,14:35:38.669103006
107.7656,1,14:35:38.669156686
107.7656,4,14:35:38.669220432
107.7656,4,14:35:38.669442677
107.7656,3,14:35:38.669603365
107.7656,4,14:35:38.670003194
107.7656,1,14:35:38.670716709
107.7656,4,14:35:38.670813787
107.7656,4,14:35:38.670866324
107.7656,2,14:35:38.671418343
107.7656,1,14:35:38.671554549
107.7656,1,14:35:38.671586503
107.7656,1,14:35:38.671915745
107.7656,1,14:35:38.672450904
107.7656,29,14:35:38.672509226
107.7656,22,14:35:38.673501537
107.7656,1,14:35:38.673656045
107.7656,4,14:35:38.696424300
107.7656,1,14:35:38.710494123
107.7656,4,14:35:38.710782916
107.7656,3,14:35:38.710875311
107.7656,3,14:35:38.711001140
107.7656,6,14:35:38.711162774
107.7656,1,14:35:38.712012739
107.7656,1,14:35:38.841387107
107.7656,45,14:35:38.841913757
107.75,191,14:35:39.016537373
107.75,2,14:35:39.016552839
107.75,1,14:35:39.016561361
107.75,1,14:35:39.016784201
107.75,1,14:35:39.016942658
107.75,1,14:35:39.017016900
107.75,1,14:35:39.017121616
107.75,56,14:35:39.017229109
107.75,4,14:35:39.017399781
107.75,56,14:35:39.017791882
107.75,6,14:35:39.018000964
107.75,10,14:35:39.018467028
107.75,2,14:35:39.018564937
107.75,4,14:35:39.018757409
107.75,2,14:35:39.018765105
107.75,6,14:35:39.018829096
107.75,2,14:35:39.019003388
107.75,6,14:35:39.019003388
107.75,28,14:35:39.019200918
107.75,2,14:35:39.019343469
107.75,4,14:35:39.019459842
107.75,8,14:35:39.019766484
107.75,10,14:35:39.020192286
107.75,4,14:35:39.023174250
107.75,1,14:35:39.023268889
107.75,1,14:35:39.050234389
107.75,29,14:35:39.053259439
107.75,29,14:35:39.053313520
107.75,62,14:35:39.053911104
107.75,7,14:35:39.054750819
107.75,3,14:35:39.056418639
107.75,1,14:35:39.057394032
107.75,1,14:35:39.057680068
107.75,7,14:35:39.057953013
107.75,1,14:35:39.061471720
107.75,17,14:35:39.061617543
107.75,1,14:35:39.062034845
107.75,1,14:35:39.062068436
107.75,1,14:35:39.062388670
107.75,1,14:35:39.065577483
107.75,1,14:35:39.070053705
107.75,5,14:35:39.104483072
107.7656,150,14:35:39.670021622
107.7656,1,14:35:39.670463803
107.7656,6,14:35:39.671334333
107.7656,1,14:35:39.671592729
107.7656,9,14:35:39.671662990
107.7656,1,14:35:39.671685854
107.7656,4,14:35:39.674939104
107.7656,1,14:35:39.685078870
107.7656,1,14:35:39.685210041
107.7813,6,14:35:40.121703581
107.7813,290,14:35:40.121943889
107.7813,4,14:35:40.174301702
107.7813,33,14:35:40.183093816
107.7813,1,14:35:40.183724923
107.7813,26,14:35:40.184131831
107.7813,2,14:35:40.184223119
107.7813,10,14:35:40.184506344
107.7813,1,14:35:40.184563810
107.7813,20,14:35:40.184603158
107.7813,23,14:35:40.186265089
107.7813,2,14:35:40.186350192
107.7813,4,14:35:40.186417197
107.7813,1,14:35:40.186711361
107.7813,1,14:35:40.187633175
107.7813,1,14:35:40.187715141
107.7813,1,14:35:40.187734159
107.7813,143,14:35:40.188430759
107.7813,1,14:35:40.189698973
107.7813,1,14:35:40.189717534
107.7813,1,14:35:40.191006337
107.7813,1,14:35:40.268892009
107.7813,4,14:35:40.269092510
107.7813,1,14:35:40.269163387
107.7813,49,14:35:40.269255175
107.7813,1,14:35:40.548256121
107.7813,25,14:35:40.646665690
107.7813,33,14:35:41.921170401
107.7813,1,14:35:41.923246336
107.7813,33,14:35:43.188111186
107.7813,29,14:35:43.188386705
107.7813,60,14:35:43.188740933
107.7813,29,14:35:43.188920739
107.7813,33,14:35:43.189048495
107.7813,90,14:35:43.189239784
107.7813,30,14:35:43.189453165
107.7813,20,14:35:43.190114625
107.7813,1,14:35:43.191513732
107.7813,1,14:35:43.191624127
107.7813,1,14:35:43.191702160
107.7813,11,14:35:43.191751537
107.7813,2,14:35:43.191798086
107.7813,1,14:35:43.191823626
107.7813,2,14:35:43.191856612
107.7813,1,14:35:43.191894661
107.7813,2,14:35:43.191960531
107.7813,1,14:35:43.191998055
107.7813,2,14:35:43.192036280
107.7813,1,14:35:43.192063957
107.7813,2,14:35:43.192109824
107.7813,1,14:35:43.192139137
107.7813,1,14:35:43.192176771
107.7813,6,14:35:43.192200525
107.7813,1,14:35:43.192292637
107.7813,1,14:35:43.192330599
107.7813,4,14:35:43.192330599
107.7813,34,14:35:43.192391666
107.7813,1,14:35:43.192427075
107.7813,1,14:35:43.192453216
107.7813,1,14:35:43.192475879
107.7813,1,14:35:43.192510618
107.7813,2,14:35:43.192536303
107.7813,1,14:35:43.192566070
107.7813,5,14:35:43.195274278
107.7969,2,14:35:43.247285896
107.7969,5,14:35:43.247594826
107.7969,1,14:35:43.247642942
107.7969,1,14:35:43.248629786
107.7969,1,14:35:43.248664420
107.7969,2,14:35:43.249490488
107.7969,4,14:35:43.249567510
107.7813,3,14:35:43.296131037
107.7813,2,14:35:43.296874051
107.7969,33,14:35:43.308168960
107.7969,1,14:35:43.308665178
107.7969,33,14:35:43.309016420
107.7969,1,14:35:43.309043589
107.7969,1,14:35:43.309369634
107.7969,19,14:35:43.309396537
107.7969,1,14:35:43.309610254
107.7969,10,14:35:43.318188209
107.7969,31,14:35:43.318301673
107.7969,2,14:35:43.333247636
107.7969,2,14:35:43.335318827
107.7969,4,14:35:43.335535269
107.7969,16,14:35:43.335579910
107.7969,1,14:35:43.335863273
107.7969,2,14:35:43.336051968
107.7969,3,14:35:43.336971695
107.7969,1,14:35:43.337158499
107.7969,14,14:35:43.337312751
107.7969,21,14:35:43.337826227
107.7969,1,14:35:43.337936264
107.7969,11,14:35:43.337940934
107.7969,1,14:35:43.338581177
107.7969,1,14:35:43.338602128
107.7969,1,14:35:43.338922547
107.7969,6,14:35:43.404974852
107.7969,1,14:35:43.405021128
107.7969,27,14:35:43.405071192
107.7969,1,14:35:43.405193071
107.7969,5,14:35:43.405307175
107.7969,1,14:35:43.406330981
107.7969,1,14:35:43.406649737
107.7969,1,14:35:43.406710979
107.7969,1,14:35:43.406730830
107.7969,21,14:35:43.406783183
107.7969,1,14:35:43.407049066
107.7969,1,14:35:43.407396619
107.7969,3,14:35:43.408170225
107.7969,1,14:35:43.408277213
107.7969,1,14:35:43.408304186
107.7969,1,14:35:43.408337790
107.7969,1,14:35:43.408386118
107.7969,1,14:35:43.408417871
107.7969,2,14:35:43.433733621
107.7969,1,14:35:43.434621552
107.7969,31,14:35:43.530959463
107.7969,1,14:35:43.531394393
107.7969,11,14:35:43.531421104
107.7969,1,14:35:43.531448125
107.7969,1,14:35:43.531474433
107.7969,1,14:35:43.531512197
107.7969,3,14:35:43.531539113
107.7969,1,14:35:43.531598800
107.7969,4,14:35:43.531598800
107.7969,1,14:35:43.531641867
107.7969,1,14:35:43.531679154
107.7969,4,14:35:43.531757156
107.7969,3,14:35:43.576920140
107.7969,2,14:35:43.660586877
107.7969,25,14:35:43.923752030
107.8125,64,14:35:44.511113688
107.8125,24,14:35:44.513733295
107.8125,1,14:35:45.027721421
107.8125,110,14:35:45.029768657
107.8125,4,14:35:45.044328239
107.8125,58,14:35:45.096801694
107.8125,66,14:35:45.097186962
107.8125,93,14:35:45.097406457
107.7969,2,14:35:45.131073364
107.7969,9,14:35:45.131198490
107.7969,34,14:35:45.131657481
107.7969,1,14:35:45.131783067
107.7969,2,14:35:45.131989702
107.7969,1,14:35:45.132043649
107.7969,4,14:35:45.132114309
107.7969,2,14:35:45.132138157
107.7969,1,14:35:45.132781648
107.7969,1,14:35:45.390172675
107.7969,2,14:35:45.391159793
107.7969,2,14:35:45.391613207
107.7969,1,14:35:45.391751558
107.7969,54,14:35:45.609832920
107.7969,1,14:35:45.612627441
107.7969,37,14:35:45.630675677
107.7969,1,14:35:45.631546030
107.7969,1,14:35:45.662230525
107.7969,28,14:35:45.662862880
107.7969,4,14:35:45.662996300
107.7969,2,14:35:45.663014575
107.7969,10,14:35:45.664384379
107.7969,20,14:35:45.664449510
107.7969,1,14:35:45.664766598
107.7969,1,14:35:45.664801677
107.7969,1,14:35:45.664832055
107.7969,1,14:35:45.664853003
107.7969,1,14:35:45.664872590
107.7969,1,14:35:45.664903180
107.7969,1,14:35:45.664925363
107.7969,1,14:35:45.664951974
107.7969,1,14:35:45.664970573
107.7969,1,14:35:45.664990660
107.7969,1,14:35:45.665013723
107.7969,1,14:35:45.665032165
107.7969,1,14:35:45.665053897
107.7969,1,14:35:45.665082026
107.7969,1,14:35:45.665107773
107.7969,1,14:35:45.665125143
107.7969,1,14:35:45.665151428
107.7969,1,14:35:45.665171509
107.7969,1,14:35:45.665192901
107.7969,1,14:35:45.665220175
107.7969,1,14:35:45.665242643
107.7969,27,14:35:45.665529907
107.7969,5,14:35:45.665783643
107.7969,1,14:35:45.665856345
107.7969,1,14:35:45.665870821
107.7969,1,14:35:45.665884425
107.7969,1,14:35:45.665908739
107.7969,1,14:35:45.665925773
107.7969,1,14:35:45.665942270
107.7969,1,14:35:45.665964174
107.7969,1,14:35:45.665989599
107.7969,1,14:35:45.666006614
107.7969,1,14:35:45.666050348
107.7969,1,14:35:45.666069975
107.7969,1,14:35:45.666095495
107.7969,1,14:35:45.666115979
107.7969,1,14:35:45.666132776
107.7969,1,14:35:45.666161522
107.7969,1,14:35:45.666179721
107.7969,1,14:35:45.666206592
107.7969,1,14:35:45.666229389
107.7969,1,14:35:45.666260884
107.7969,1,14:35:45.666287531
107.7969,1,14:35:45.666324732
107.7969,1,14:35:45.666408884
107.7969,3,14:35:45.666435368
107.7969,5,14:35:45.666593444
107.7969,9,14:35:45.666615337
107.7969,10,14:35:45.666690566
107.7969,7,14:35:45.666736235
107.7969,12,14:35:45.666843874
107.7969,4,14:35:45.667102286
107.7969,2,14:35:45.667152227
107.7969,1,14:35:45.667632266
107.7969,1,14:35:45.667774681
107.7969,1,14:35:45.667798861
107.7969,1,14:35:45.667829658
107.7969,1,14:35:45.667842702
107.7969,1,14:35:45.667867111
107.7969,1,14:35:45.667886452
107.7969,1,14:35:45.667907617
107.7969,1,14:35:45.667929669
107.7969,1,14:35:45.668407052
107.7969,1,14:35:45.668718458
107.8125,1,14:35:45.935031661
107.7969,1,14:35:46.413160703
107.7969,194,14:35:46.646650591
107.7969,2,14:35:46.649551107
107.7969,2,14:35:46.649607899
107.7969,7,14:35:46.649653166
107.7969,21,14:35:46.650112898
107.7813,4,14:35:46.668547529
107.7813,2,14:35:46.670075035
107.7813,4,14:35:46.671097267
107.7813,4,14:35:46.672503919
107.7813,5,14:35:46.673004009
107.7813,270,14:35:46.676165737
107.7813,1,14:35:46.676305657
107.7813,1,14:35:46.676351180
107.7813,1,14:35:46.676434027
107.7813,2,14:35:46.676460585
107.7813,5,14:35:46.676514950
107.7813,30,14:35:46.676539584
107.7813,44,14:35:46.676555319
107.7813,1,14:35:46.676576244
107.7813,9,14:35:46.676600724
107.7813,2,14:35:46.676621618
107.7813,2,14:35:46.676640908
107.7813,1,14:35:46.676662012
107.7813,4,14:35:46.676680951
107.7813,16,14:35:46.676700708
107.7813,1,14:35:46.676736849
107.7813,19,14:35:46.676790891
107.7813,2,14:35:46.676812358
107.7813,1,14:35:46.676862071
107.7813,1,14:35:46.676927976
107.7813,1,14:35:46.676945871
107.7813,1,14:35:46.676968348
107.7813,1,14:35:46.676988685
107.7813,1,14:35:46.677012477
107.7813,101,14:35:46.677057616
107.7813,1,14:35:46.677062176
107.7813,1,14:35:46.677074634
107.7813,1,14:35:46.677099114
107.7813,1,14:35:46.677118715
107.7813,1,14:35:46.677134146
107.7813,1,14:35:46.677158346
107.7813,1,14:35:46.677180033
107.7813,1,14:35:46.677205140
107.7813,1,14:35:46.677227384
107.7813,1,14:35:46.677244888
107.7813,1,14:35:46.677264505
107.7813,1,14:35:46.677292601
107.7813,1,14:35:46.677312054
107.7813,1,14:35:46.677328407
107.7813,1,14:35:46.677350519
107.7813,1,14:35:46.677367694
107.7813,12,14:35:46.677390418
107.7813,1,14:35:46.677467555
107.7813,4,14:35:46.677659430
107.7813,2,14:35:46.677758287
107.7813,6,14:35:46.677778121
107.7813,1,14:35:46.677839556
107.7813,1,14:35:46.677855605
107.7813,2,14:35:46.677880364
107.7813,11,14:35:46.677913804
107.7813,5,14:35:46.677940455
107.7813,1,14:35:46.678321568
107.7813,1,14:35:46.680202657
107.7813,1,14:35:46.680303571
107.7813,1,14:35:46.681913664
107.7813,3,14:35:46.762747393
107.7813,11,14:35:47.207656276
107.7813,31,14:35:47.463344995
107.7656,16,14:35:47.463478025
107.7813,7,14:35:47.463661574
107.7813,8,14:35:47.463712539
107.7813,1,14:35:47.463748411
107.7813,74,14:35:47.464132057
107.7656,150,14:35:47.508220152
107.7656,3,14:35:47.513714426
107.7656,2,14:35:47.513725411
107.7656,8,14:35:47.547978306
107.7656,7,14:35:47.569802618
107.7656,1,14:35:47.569876158
107.7656,1,14:35:47.570040827
107.7656,2,14:35:47.570167182
107.7656,3,14:35:47.591174120
107.7656,4,14:35:47.591235136
107.7656,9,14:35:47.591370860
107.7656,14,14:35:47.591435043
107.7656,1,14:35:47.591441015
107.7656,5,14:35:47.591519967
107.7656,84,14:35:47.591996290
107.7656,1,14:35:47.602779976
107.7656,6,14:35:47.603326531
107.7656,2,14:35:47.603375016
107.7656,13,14:35:47.603658268
107.7656,4,14:35:47.603713994
107.7656,2,14:35:47.603738405
107.7656,9,14:35:47.603768416
107.7656,1,14:35:47.603974663
107.7656,2,14:35:47.604008212
107.7656,4,14:35:47.604069548
107.7656,1,14:35:47.604083305
107.7656,2,14:35:47.604095260
107.7656,1,14:35:47.604109830
107.7656,1,14:35:47.604253837
107.7656,8,14:35:47.607972548
107.7656,8,14:35:47.608171995
107.7656,3,14:35:47.608219633
107.7656,44,14:35:47.609896088
107.75,988,14:35:47.621980174
107.7656,52,14:35:47.621980174
107.7656,1,14:35:47.623229508
107.7656,1,14:35:47.623258574
107.7656,1,14:35:47.623315465
107.7656,1,14:35:47.623348003
107.7656,1,14:35:47.623396478
107.7656,1,14:35:47.623418913
107.7656,1,14:35:47.623468208
107.7656,1,14:35:47.623501642
107.7656,1,14:35:47.623549300
107.7656,2,14:35:47.623581180
107.7656,1,14:35:47.623607717
107.7656,1,14:35:47.623631071
107.7656,1,14:35:47.623704315
107.7656,18,14:35:47.623729346
107.7656,1,14:35:47.623729346
107.7656,2,14:35:47.623866116
107.7656,1,14:35:47.628909562
107.75,4,14:35:47.629862778
107.7656,4,14:35:47.629893626
107.75,2,14:35:47.630231128
107.75,4,14:35:47.631622061
107.75,4,14:35:47.631648340
107.75,2,14:35:47.631686943
107.75,4,14:35:47.631716956
107.75,2,14:35:47.632011273
107.75,2,14:35:47.632151061
107.75,1,14:35:47.632638044
107.75,2,14:35:47.633053002
107.75,11,14:35:47.634845438
107.75,3,14:35:47.634930192
107.75,4,14:35:47.635036184
107.75,7,14:35:47.637132563
107.75,2,14:35:47.637592115
107.75,6,14:35:47.637900246
107.75,2,14:35:47.638446781
107.75,7,14:35:47.640505322
107.75,33,14:35:47.671349053
107.75,58,14:35:47.671459728
107.75,20,14:35:47.671617001
107.75,11,14:35:47.672052514
107.7344,1,14:35:47.682647771
107.7344,1,14:35:47.682716995
107.7344,2,14:35:47.682948456
107.7344,2,14:35:47.682958839
107.7344,4,14:35:47.689642116
107.7344,4,14:35:47.689755927
107.7344,2,14:35:47.692199883
107.7344,6,14:35:47.692398069
107.7344,5,14:35:47.693503525
107.7344,4,14:35:47.693799006
107.7344,4,14:35:47.693829878
107.7344,2,14:35:47.693872419
107.7344,4,14:35:47.693910800
107.7344,2,14:35:47.694217610
107.7344,2,14:35:47.694623110
107.7344,20,14:35:47.694664128
107.7344,2,14:35:47.694695867
107.7344,1,14:35:47.694733362
107.7344,1,14:35:47.694758014
107.7344,6,14:35:47.694810624
107.7344,6,14:35:47.694829303
107.7344,2,14:35:47.694917173
107.7344,25,14:35:47.695357355
107.7344,10,14:35:47.695399842
107.7344,1,14:35:47.695948385
107.7344,1,14:35:47.696143204
107.7344,1,14:35:47.696246806
107.7344,4,14:35:47.696266787
107.7344,2,14:35:47.696326564
107.7344,4,14:35:47.696411149
107.7344,44,14:35:47.696448148
107.7344,8,14:35:47.696486584
107.7344,4,14:35:47.696763290
107.7344,4,14:35:47.696789906
107.7344,1,14:35:47.696837922
107.7344,17,14:35:47.696956370
107.7344,2,14:35:47.697077092
107.7344,20,14:35:47.697121240
107.7344,6,14:35:47.697366809
107.7344,7,14:35:47.697394009
107.7344,1,14:35:47.697502915
107.7344,5,14:35:47.697873300
107.7344,1,14:35:47.697926511
107.7344,2,14:35:47.698518467
107.7344,24,14:35:47.698588169
107.7344,1,14:35:47.700139467
107.7344,1,14:35:47.700191436
107.7344,4,14:35:47.700412523
107.7344,3,14:35:47.703198019
107.7344,84,14:35:47.707313113
107.75,17,14:35:47.743416602
107.7344,1,14:35:47.743546799
107.7344,1,14:35:47.749184187
107.7344,1,14:35:47.751166236
107.7344,48,14:35:48.090341248
107.7344,1,14:35:48.092666024
107.7344,3,14:35:48.092722992
107.7344,2,14:35:48.092749703
107.7344,4,14:35:48.092775355
107.7344,2,14:35:48.092814459
107.7344,1,14:35:48.093314418
107.7344,84,14:35:48.148633808
107.7344,1,14:35:48.148795459
107.7344,1,14:35:48.148839559
107.7344,1,14:35:48.148918997
107.7344,1,14:35:48.149116701
107.7344,5,14:35:48.149208799
107.7344,3,14:35:48.149241077
107.7344,2,14:35:48.149285252
107.7344,22,14:35:48.149460122
107.7344,8,14:35:48.150604839
107.7344,2,14:35:48.150783729
107.7344,2,14:35:48.150868870
107.7344,2,14:35:48.150970865
107.7344,4,14:35:48.151012441
107.7344,4,14:35:48.151033668
107.7344,2,14:35:48.151587413
107.7344,42,14:35:48.151957904
107.7344,1,14:35:48.153586525
107.7344,2,14:35:48.154666016
107.7188,300,14:35:48.159402264
107.7344,2,14:35:48.175302470
107.7344,2,14:35:48.182319216
107.7188,60,14:35:48.199703374
107.7188,33,14:35:48.200129700
107.7188,2,14:35:48.200240048
107.7188,1,14:35:48.200634510
107.7188,2,14:35:48.200846194
107.7188,2,14:35:48.200863567
107.7188,2,14:35:48.200883577
107.7188,2,14:35:48.201036764
107.7188,40,14:35:48.201357289
107.7188,2,14:35:48.201357289
107.7188,1,14:35:48.201408695
107.7188,6,14:35:48.202285090
107.7188,2,14:35:48.202725012
107.7188,4,14:35:48.205380570
107.7188,3,14:35:48.205465781
107.7188,2,14:35:48.205465781
107.7188,1,14:35:48.205513305
107.7188,2,14:35:48.205528000
107.7188,1,14:35:48.205584368
107.7188,28,14:35:48.205624299
107.7188,20,14:35:48.205699358
107.7188,1,14:35:48.205699358
107.7188,3,14:35:48.205774843
107.7188,15,14:35:48.205946745
107.7188,3,14:35:48.205971961
107.7188,6,14:35:48.206037073
107.7188,29,14:35:48.206248616
107.7188,12,14:35:48.206374251
107.7188,5,14:35:48.206434192
107.7188,1,14:35:48.206434192
107.7188,2,14:35:48.207070480
107.7188,2,14:35:48.207099373
107.7188,4,14:35:48.207173653
107.7188,1,14:35:48.207202171
107.7188,2,14:35:48.207219564
107.7188,1,14:35:48.207273034
107.7188,29,14:35:48.207289834
107.7188,20,14:35:48.207686629
107.7188,2,14:35:48.207721417
107.7188,2,14:35:48.208036476
107.7188,2,14:35:48.208058490
107.7188,4,14:35:48.208107800
107.7188,26,14:35:48.208167350
107.7188,42,14:35:48.212246673
107.7188,2,14:35:48.213727347
107.7188,29,14:35:48.213956173
107.7188,14,14:35:48.213982151
107.7188,33,14:35:48.214875699
107.7188,1,14:35:48.215095950
107.7188,2,14:35:48.215181091
107.7188,29,14:35:48.215215785
107.7188,31,14:35:48.215264013
107.7188,1,14:35:48.218414174
107.7188,2,14:35:48.218876486
107.7188,2,14:35:48.220169881
107.7188,1,14:35:48.223256095
107.7188,60,14:35:48.280768351
107.7188,20,14:35:51.283017603
107.7188,1,14:35:51.297315889
107.7188,1,14:35:51.341687843
107.7031,62,14:35:51.501358558
107.7188,250,14:35:51.548744321
107.7188,1,14:35:51.549001172
107.7188,1,14:35:51.549082264
107.7188,1,14:35:51.549128783
107.7188,1,14:35:51.549187223
107.7188,1,14:35:51.549214270
107.7188,1,14:35:51.549290192
107.7188,1,14:35:51.549329107
107.7188,1,14:35:51.549358705
107.7188,1,14:35:51.549389055
107.7188,1,14:35:51.549441577
107.7188,1,14:35:51.549478163
107.7188,1,14:35:51.549503811
107.7188,1,14:35:51.549575366
107.7188,1,14:35:51.549654464
107.7188,1,14:35:51.549734626
107.7188,1,14:35:51.549775315
107.7188,1,14:35:51.549867074
107.7188,1,14:35:51.550163022
107.7188,1,14:35:51.550193758
107.7188,1,14:35:51.550265719
107.7188,10,14:35:51.550807880
107.7188,4,14:35:51.550846201
107.7188,5,14:35:51.551576536
107.7188,2,14:35:51.551942338
107.7188,15,14:35:51.552093202
107.7188,1,14:35:51.552740034
107.7188,5,14:35:51.553196667
107.7188,2,14:35:51.553413686
107.7188,1,14:35:51.553485867
107.7188,4,14:35:51.553504696
107.7188,2,14:35:51.553558710
107.7188,2,14:35:51.553916605
107.7188,1,14:35:51.554008210
107.7188,83,14:35:51.577550017
107.7188,6,14:35:51.663665599
107.7188,1,14:35:51.663692640
107.7188,1,14:35:51.670217622
107.7344,583,14:35:51.871313822
107.7344,1,14:35:51.876615132
107.7344,3,14:35:51.948295290
107.7344,58,14:35:52.056212067
107.7344,20,14:35:52.056336201
107.7344,391,14:35:52.057076062
107.7344,1,14:35:52.162525168
107.7344,35,14:35:52.162779557
107.7344,108,14:35:52.163120558
107.7344,1,14:35:52.163208673
107.7344,13,14:35:52.163331917
107.7344,8,14:35:52.164538812
107.7344,22,14:35:52.165339138
107.7344,1,14:35:52.166474588
107.7344,2,14:35:52.166722699
107.7344,3,14:35:52.168652264
107.7344,9,14:35:52.174117741
107.7344,10,14:35:52.174455293
107.7344,11,14:35:52.174603482
107.7344,1,14:35:52.174815102
107.7344,1,14:35:52.174859020
107.7344,2,14:35:52.174884854
107.7344,3,14:35:52.175035059
107.7344,1,14:35:52.217517110
107.7344,25,14:35:52.217721428
107.7344,8,14:35:52.550584848
107.7344,2,14:35:52.591860814
107.7344,2,14:35:52.592048520
107.7344,4,14:35:52.592705231
107.7344,4,14:35:52.593385906
107.7344,2,14:35:52.593443338
107.7344,4,14:35:52.593718432
107.7344,3,14:35:52.594025011
107.7344,85,14:35:52.595554408
107.7344,1,14:35:52.597032608
107.7344,7,14:35:52.597101291
107.7344,5,14:35:52.597385575
107.7344,1,14:35:52.597424507
107.7344,13,14:35:52.597493542
107.7344,3,14:35:52.597597092
107.7344,6,14:35:52.597624728
107.7344,2,14:35:52.597669171
107.7344,23,14:35:52.597691479
107.7344,3,14:35:52.598109468
107.7344,114,14:35:52.606685663
107.75,2,14:35:55.241997319
107.75,1,14:35:55.242744598
107.75,27,14:35:55.243148490
107.75,1,14:35:55.243305920
107.75,1,14:35:55.243332647
107.75,1,14:35:55.244095646
107.75,4,14:35:55.244268523
107.75,1,14:35:55.244877997
107.75,2,14:35:55.245135337
107.75,1,14:35:55.245165776
107.75,2,14:35:55.245183674
107.75,3,14:35:55.245722053
107.75,1,14:35:55.245756085
107.75,1,14:35:55.245895145
107.75,1,14:35:55.246344997
107.75,1,14:35:55.376387112
107.7656,100,14:35:55.436357854
107.75,60,14:35:56.145159346
107.75,1,14:35:56.161283718
107.75,1,14:35:56.175991143
107.75,14,14:35:56.176101613
107.75,8,14:35:56.176168120
107.75,4,14:35:56.176245613
107.75,1,14:35:56.176245613
107.75,1,14:35:56.176420433
107.75,23,14:35:56.176519129
107.7344,5,14:35:56.651712412
107.75,100,14:35:56.884391518
107.75,24,14:35:56.884671789
107.75,1,14:35:56.884701198
107.75,7,14:35:56.884742924
107.75,7,14:35:56.884788788
107.75,1,14:35:56.884848465
107.75,7,14:35:56.884886082
107.75,1,14:35:56.884944772
107.75,16,14:35:56.884984807
107.75,2,14:35:56.886871188
107.75,5,14:35:57.077246570
107.75,1,14:35:57.177974040
107.75,2,14:35:57.178093390
107.75,22,14:35:57.178374009
107.75,4,14:35:57.178424151
107.75,1,14:35:57.178482098
107.75,2,14:35:57.178591687
107.75,1,14:35:57.178635247
107.75,1,14:35:57.178692384
107.75,1,14:35:57.218719006
107.75,1,14:35:57.218910629
107.75,1,14:35:57.219000298
107.75,2,14:35:57.219064961
107.75,3,14:35:57.219877983
107.75,3,14:35:57.219974512
107.75,1,14:35:57.220097309
107.75,1,14:35:57.220489264
107.75,1,14:35:57.220613293
107.75,3,14:35:57.220835906
107.75,1,14:35:57.220957275
107.75,1,14:35:57.334480321
107.75,1,14:35:57.448838272
107.75,2,14:35:57.489239026
107.75,1,14:35:57.522297136
107.75,1,14:35:57.535524840
107.75,10,14:35:57.543901706
107.75,1,14:35:57.659339516
107.7656,23,14:35:57.680873653
107.75,10,14:35:57.727700545
107.7656,1,14:35:58.228970952
107.7656,6,14:35:58.229383834
107.7656,60,14:35:58.229575534
107.7656,56,14:35:58.229843724
107.7656,4,14:35:58.231193530
107.7656,1,14:35:58.237343729
107.7656,1,14:35:58.237555423
107.7656,7,14:35:58.242544515
107.7656,50,14:35:58.252030472
107.7656,12,14:35:58.255189976
107.7656,14,14:35:58.517867005
107.7656,6,14:35:58.518018911
107.7656,1,14:35:58.518068596
107.7656,1,14:35:58.518121258
107.7656,2,14:35:58.518194866
107.7656,1,14:35:58.518293017
107.7656,25,14:35:58.518563933
107.7656,14,14:35:58.518710915
107.7656,2,14:35:58.519244930
107.7656,4,14:35:58.519873279
107.7656,4,14:35:58.519913167
107.7656,1,14:35:58.521217395
107.7656,6,14:35:58.521240765
107.7656,73,14:35:58.522384273
107.7656,1,14:35:58.522893956
107.75,1,14:35:58.917668077
107.75,1,14:35:58.923203238
107.75,1,14:35:58.943647113
107.75,1,14:35:58.951034222
107.7813,1,14:36:38.047838718
107.7813,1,14:36:38.047881580
107.7813,1,14:36:38.047918599
107.7813,1,14:36:38.047955246
107.7813,1,14:36:38.047995929
107.7813,1,14:36:38.048058269
107.7813,1,14:36:38.048135314
107.7813,1,14:36:38.048197676
107.7813,1,14:36:38.048304473
107.7813,1,14:36:38.048309554
107.7813,2,14:36:38.048357251
107.7813,6,14:36:38.048791913
107.7813,8,14:36:38.049087320
107.7813,5,14:36:38.049370407
107.7813,59,14:36:38.049439202
107.7813,1,14:36:38.049975639
107.7813,33,14:36:38.050697516
107.7813,1,14:36:38.050959072
107.7813,1,14:36:38.051619819
107.7813,1,14:36:38.051741966
107.7813,20,14:36:38.051811336
107.7813,3,14:36:40.676376575
107.7813,2,14:36:40.676456714
107.7969,1,14:36:42.911967629
107.7969,3,14:36:42.912066857
107.7969,4,14:36:42.912132755
107.7969,1,14:36:42.912168004
107.7969,2,14:36:42.912613044
107.7813,500,14:36:43.993692994
107.7813,2,14:36:44.004327727
107.7813,2,14:36:44.004470020
107.7969,187,14:36:44.663713584
107.7969,1,14:36:44.664578261
107.7969,1,14:36:44.664642848
107.7969,1,14:36:44.664673005
107.7969,1,14:36:44.664713896
107.7969,6,14:36:44.664810829
107.7969,1,14:36:44.664836417
107.7969,1,14:36:44.664936895
107.7969,1,14:36:44.664956429
107.7969,19,14:36:44.664978816
107.7969,3,14:36:44.665083254
107.7969,1,14:36:44.665136711
107.7969,7,14:36:44.665199876
107.7969,1,14:36:44.665363032
107.7969,1,14:36:44.666644107
107.7969,1,14:36:44.667039949
107.7969,1,14:36:44.667247607
107.7969,20,14:36:44.667338438
107.7969,29,14:36:44.667363959
107.7969,29,14:36:44.667383991
107.7969,1,14:36:44.667440863
107.7969,1,14:36:44.667842925
107.7969,2,14:36:44.669180536
107.7969,4,14:36:44.669247965
107.7969,1,14:36:44.669309633
107.7969,11,14:36:44.669348722
107.7969,1,14:36:44.670563620
107.7969,1,14:36:44.692830738
107.7969,8,14:36:45.189130613
107.7969,26,14:36:45.190752811
107.7969,1,14:36:45.190798706
107.7969,20,14:36:45.190838576
107.7969,5,14:36:45.190893134
107.8125,2,14:36:45.799365369
107.8125,5,14:36:45.799994479
107.8125,29,14:36:45.801118623
107.8125,30,14:36:45.801392101
107.8125,30,14:36:45.801839329
107.8125,60,14:36:45.802026427
107.8125,16,14:36:45.802326804
107.8125,1,14:36:45.806478453
107.8125,17,14:36:45.817832564
107.8125,28,14:36:45.818029597
107.8125,1,14:36:45.818756163
107.8125,1,14:36:45.818782125
107.8125,1,14:36:45.818801937
107.8125,1,14:36:45.818826932
107.8125,1,14:36:45.818851121
107.8125,1,14:36:45.818868306
107.8125,1,14:36:45.818890294
107.8125,1,14:36:45.818916960
107.8125,1,14:36:45.818935997
107.8125,1,14:36:45.818964122
107.8125,1,14:36:45.818980731
107.8125,1,14:36:45.819010955
107.8125,6,14:36:45.819256749
107.8125,2,14:36:45.819333454
107.8125,2,14:36:45.819732797
107.8125,3,14:36:45.819851580
107.8125,1,14:36:45.820096168
107.8125,13,14:36:45.820228816
107.8125,2,14:36:45.820906690
107.8125,3,14:36:45.821224674
107.8125,7,14:36:45.821303366
107.8125,2,14:36:45.821373927
107.8125,12,14:36:45.821384468
107.8125,2,14:36:45.821466723
107.8125,1,14:36:45.821576799
107.8125,5,14:36:45.821841019
107.8125,1,14:36:45.822065714
107.8125,15,14:36:45.823512771
107.8125,5,14:36:45.823580925
107.8125,1,14:36:45.824065368
107.8125,4,14:36:45.824241717
107.8125,5,14:36:45.824493741
107.8125,1,14:36:45.826118496
107.8125,5,14:36:45.826193065
107.8125,2,14:36:45.826626619
107.8125,4,14:36:45.827270996
107.8125,4,14:36:45.827645369
107.8125,2,14:36:45.827721835
107.8125,21,14:36:45.828428144
107.8125,9,14:36:45.828804349
107.8125,1,14:36:45.829219913
107.8125,1,14:36:45.829448365
107.8125,5,14:36:45.829487061
107.8125,8,14:36:45.829758797
107.8125,10,14:36:45.829905159
107.8125,1,14:36:45.830058262
107.8125,2,14:36:45.830180082
107.8125,8,14:36:45.830581025
107.8125,1,14:36:45.830611426
107.8125,6,14:36:45.830779388
107.8125,2,14:36:45.831020465
107.8125,1,14:36:45.831369512
107.8125,1,14:36:45.832846459
107.8125,1,14:36:45.833263681
107.8125,1,14:36:45.833323301
107.8125,2,14:36:45.834994045
107.8125,30,14:36:45.835171953
107.8125,1,14:36:45.836194629
107.8125,1,14:36:45.836919425
107.8125,4,14:36:45.836941425
107.8125,19,14:36:45.837194243
107.8125,1,14:36:45.837367242
107.8125,1,14:36:45.837498694
107.8125,1,14:36:45.837602418
107.8125,20,14:36:45.837660710
107.8125,1,14:36:45.839810322
107.8125,19,14:36:45.839880912
107.8125,6,14:36:45.839942349
107.8125,1,14:36:45.840564385
107.8125,4,14:36:45.840678560
107.8125,1,14:36:45.841389669
107.8125,1,14:36:45.841738066
107.8125,5,14:36:45.842329502
107.8125,4,14:36:45.842674802
107.8125,1,14:36:45.842908413
107.8125,4,14:36:45.843251968
107.8125,29,14:36:45.843512854
107.8125,12,14:36:45.843547197
107.8125,1,14:36:45.843597025
107.8125,4,14:36:45.843794879
107.8125,3,14:36:45.844043153
107.8125,1,14:36:45.844237970
107.8125,1,14:36:45.844492883
107.8125,1,14:36:45.844594360
107.8125,8,14:36:45.844665162
107.8125,1,14:36:45.844769558
107.8125,1,14:36:45.844820864
107.8125,18,14:36:45.844979789
107.8125,6,14:36:45.845037067
107.8125,4,14:36:45.845344215
107.8125,1,14:36:45.845479588
107.8125,1,14:36:45.845795905
107.8125,1,14:36:45.846232870
107.8125,1,14:36:45.847348797
107.8125,1,14:36:45.847393297
107.8125,3,14:36:45.848552517
107.8125,19,14:36:46.562502373
107.8125,9,14:36:46.569084167
107.8125,6,14:36:46.569204055
107.8125,11,14:36:46.569234543
107.8125,6,14:36:46.569256268
107.8125,1,14:36:46.569426807
107.8125,4,14:36:46.569493925
107.8125,4,14:36:46.569530818
107.8125,2,14:36:46.572681359
107.8125,12,14:36:46.592987484
107.8125,2,14:36:46.593203356
107.8125,2,14:36:46.593311319
107.8125,2,14:36:46.593404307
107.8125,12,14:36:46.593487145
107.8125,2,14:36:46.593579701
107.8125,2,14:36:46.593680442
107.8125,2,14:36:46.593825554
107.8125,2,14:36:46.593909214
107.8125,4,14:36:46.594097835
107.8125,2,14:36:46.594205272
107.8125,1,14:36:46.594310393
107.8125,2,14:36:46.594422735
107.8125,6,14:36:46.594501428
107.8125,14,14:36:46.594644086
107.8125,8,14:36:46.594701959
107.8125,5,14:36:46.594740780
107.8125,8,14:36:46.596248749
107.8125,1,14:36:46.596306523
107.8125,5,14:36:46.597424776
107.8125,1,14:36:46.597542769
107.8281,1,14:36:47.156997270
107.8281,5,14:36:47.262947119
107.8125,750,14:36:48.232292337
107.8125,1,14:36:48.233683123
107.8125,2,14:36:48.236585793
107.8125,102,14:36:48.239683977
107.8125,100,14:36:48.240092609
107.8125,8,14:36:48.240847975
107.8125,2,14:36:48.241142996
107.8125,3,14:36:48.241547874
107.8125,28,14:36:48.241974500
107.8125,5,14:36:48.242340396
107.8125,5,14:36:48.243636002
107.8125,18,14:36:48.243663117
107.8125,1,14:36:48.243705495
107.8125,1,14:36:48.243815331
107.8125,1,14:36:48.243842704
107.8125,1,14:36:48.243874225
107.8125,8,14:36:48.244208148
107.8125,1,14:36:48.246069152
107.8281,120,14:36:48.478404499
107.8281,1,14:36:48.676424195
107.8281,2,14:36:48.676731175
107.8281,4,14:36:48.676946554
107.8281,4,14:36:48.676984962
107.8281,1,14:36:48.677053319
107.8281,6,14:36:48.677440421
107.8281,31,14:36:48.677606815
107.8281,6,14:36:48.677637563
107.8281,8,14:36:48.677690931
107.8281,10,14:36:48.677759774
107.8281,8,14:36:48.677767355
107.8281,10,14:36:48.677827318
107.8281,45,14:36:48.678029012
107.8281,33,14:36:48.678080654
107.8281,1,14:36:48.678377860
107.8281,3,14:36:48.678640314
107.8281,1,14:36:48.678707813
107.8281,9,14:36:48.679363115
107.8281,3,14:36:48.680554973
107.8281,2,14:36:48.680725293
107.8281,1,14:36:48.681244248
107.8281,3,14:36:48.683024152
107.8281,175,14:36:48.693285569
107.8281,9,14:36:48.867769850
107.8281,9,14:36:48.890738806
107.8281,20,14:36:49.056894263
107.8281,1,14:36:51.985535340
107.8125,2,14:36:52.071393684
107.8125,5,14:36:52.071443323
107.8125,4,14:36:52.071484152
107.8125,2,14:36:52.071530396
107.8125,1,14:36:52.071743085
107.8125,6,14:36:52.071871727
107.8125,2,14:36:52.071948929
107.8125,4,14:36:52.072016038
107.8125,1,14:36:52.072117535
107.8125,2,14:36:52.072188265
107.8125,1,14:36:52.072398666
107.8125,74,14:36:52.074230197
107.8125,4,14:36:52.075197386
107.8125,7,14:36:52.075223604
107.8125,1,14:36:52.075241515
107.8125,9,14:36:52.075296825
107.8125,1,14:36:52.075322662
107.8125,1,14:36:52.075405545
107.8125,1,14:36:52.075445240
107.8125,2,14:36:52.075531456
107.8125,6,14:36:52.075548625
107.8125,1,14:36:52.075677389
107.8125,1,14:36:52.076020001
107.8125,1,14:36:52.076574414
107.8125,2,14:36:52.076648503
107.8125,1,14:36:52.077422096
107.8125,5,14:36:52.077984123
107.8125,5,14:36:52.083982888
107.8125,5,14:36:52.107329429
107.8125,5,14:36:52.134962233
107.8125,13,14:36:52.140053776
107.8125,1,14:36:52.140241795
107.8125,1,14:36:52.140340271
107.8125,1,14:36:52.140468552
107.8125,3,14:36:52.140603450
107.8125,4,14:36:52.140702316
107.8125,2,14:36:52.140783249
107.8125,1,14:36:52.140836492
107.8125,4,14:36:52.141216065
107.8125,6,14:36:52.141886443
107.8125,1,14:36:52.142527662
107.8125,1,14:36:52.142673809
107.8125,16,14:36:52.143564883
107.8125,1,14:36:52.143727427
107.8125,1,14:36:52.143782916
107.8125,6,14:36:52.143929732
107.8125,29,14:36:52.144342812
107.8125,2,14:36:52.162237708
107.8125,2,14:36:53.470871565
107.8125,6,14:36:53.470955896
107.8125,5,14:36:53.471100210
107.8125,2,14:36:53.471298757
107.8125,1,14:36:53.471392513
107.8125,6,14:36:53.471627293
107.8125,6,14:36:53.471772741
107.8125,8,14:36:53.471899966
107.8125,1,14:36:53.472555180
107.8125,1,14:36:53.472704396
107.8125,3,14:36:53.472950564
107.8125,1,14:36:53.472994472
107.8125,4,14:36:53.474432018
107.8125,6,14:36:53.474454834
107.8125,5,14:36:53.474975372
107.8125,6,14:36:53.475567432
107.8125,6,14:36:53.475783731
107.8125,3,14:36:53.475852248
107.8125,4,14:36:53.475879641
107.8125,1,14:36:53.475973470
107.8125,2,14:36:53.476017045
107.8125,10,14:36:53.476171730
107.8125,33,14:36:53.476342213
107.8125,23,14:36:53.476413360
107.8125,1,14:36:53.476523244
107.8125,1,14:36:53.476564681
107.8125,1,14:36:53.476601239
107.8125,1,14:36:53.476661115
107.8125,1,14:36:53.476699673
107.8125,1,14:36:53.476774461
107.8125,1,14:36:53.476832777
107.8125,1,14:36:53.476870141
107.8125,1,14:36:53.476941189
107.8125,1,14:36:53.476988623
107.8125,1,14:36:53.477062845
107.8125,1,14:36:53.477114241
107.8125,1,14:36:53.477137426
107.8125,1,14:36:53.477174146
107.8125,1,14:36:53.477195920
107.8125,1,14:36:53.477243124
107.8125,13,14:36:53.477297887
107.8125,1,14:36:53.477328428
107.8125,4,14:36:53.477420769
107.8125,10,14:36:53.477987263
107.8125,1,14:36:53.478535269
107.8125,1,14:36:53.479883920
107.8125,1,14:36:53.539455665
107.8125,47,14:36:53.601802290
107.8125,3,14:36:53.601870863
107.8125,3,14:36:53.601913069
107.8125,1,14:36:53.602190510
107.8125,2,14:36:53.602798139
107.8125,12,14:36:53.603270328
107.8125,6,14:36:53.603374841
107.8125,6,14:36:53.603415201
107.8125,32,14:36:53.604086243
107.8125,10,14:36:53.604298067
107.8125,2,14:36:53.604434899
107.8125,1,14:36:53.604789153
107.8125,7,14:36:53.605210166
107.8125,2,14:36:53.605437697
107.8125,2,14:36:53.605611621
107.8125,1,14:36:53.605670172
107.8125,3,14:36:53.605710634
107.8125,4,14:36:53.605954373
107.8125,1,14:36:53.606273029
107.8125,2,14:36:54.016292928
107.8125,2,14:36:54.016362331
107.8125,2,14:36:54.016478366
107.8125,12,14:36:54.016624802
107.8125,2,14:36:54.016712690
107.8125,2,14:36:54.017080586
107.8125,6,14:36:54.017455329
107.8125,32,14:36:54.017699690
107.8125,1,14:36:54.017934046
107.8125,2,14:36:54.018441038
107.8125,2,14:36:54.018465935
107.8125,1,14:36:54.018635324
107.8125,1,14:36:54.018656374
107.8125,1,14:36:54.018867796
107.8125,1,14:36:54.019598115
107.8125,2,14:36:54.025125969
107.8125,12,14:36:54.025406097
107.8125,2,14:36:54.025614242
107.8125,2,14:36:54.025721057
107.8125,2,14:36:54.025821113
107.8125,14,14:36:54.026027895
107.8125,6,14:36:54.026208213
107.8125,1,14:36:54.026351953
107.8125,5,14:36:54.026574895
107.7969,500,14:36:54.705933413
107.7969,229,14:36:54.710318647
107.7969,1,14:36:54.715184455
107.7969,2,14:36:54.715664775
107.7969,4,14:36:54.715740802
107.7969,1,14:36:54.715935920
107.7969,4,14:36:54.718978563
107.7969,1,14:36:55.605299793
107.7969,17,14:36:55.605357046
107.7969,3,14:36:55.605399114
107.7969,5,14:36:55.605482271
107.7969,3,14:36:55.605540032
107.7969,1,14:36:55.605572789
107.7969,2,14:36:55.605604293
107.7969,25,14:36:55.605669427
107.7969,51,14:36:55.708165255
107.7969,1,14:36:55.861968580
107.7969,20,14:36:55.862289959
107.7969,1,14:36:55.862493298
107.7969,4,14:36:55.862531375
107.7969,1,14:36:55.862567277
107.7969,7,14:36:55.862607665
107.7969,1,14:36:55.862762378
107.7969,1,14:36:55.862874333
107.7969,3,14:36:55.863236464
107.7969,4,14:36:55.863331032
107.7969,19,14:36:55.864670279
107.7969,8,14:36:55.864932371
107.7969,19,14:36:59.308253672
107.7969,1,14:36:59.308661965
107.7969,7,14:36:59.308787129
107.7969,1,14:36:59.308847767
107.7969,14,14:36:59.308873236
107.7969,1,14:36:59.308898283
107.7969,2,14:36:59.308915842
107.7969,2,14:36:59.308949638
107.7969,32,14:36:59.309214779
107.7969,9,14:36:59.309526932
107.7969,3,14:36:59.309828580
107.7969,1,14:36:59.310213152
107.7969,6,14:36:59.310969448
107.7969,1,14:36:59.311004672
107.7969,2,14:36:59.311090040
107.7969,20,14:36:59.311188573
107.7969,2,14:36:59.311215604
107.7969,3,14:36:59.311239384
107.7969,1,14:36:59.312036788
107.7969,1,14:36:59.312106470
107.7969,4,14:36:59.312440813
107.7969,4,14:36:59.312938698
107.7969,1,14:36:59.313663778
107.7969,8,14:36:59.313772455
107.7969,4,14:36:59.314171171
107.7969,1,14:36:59.314222989
107.7969,1,14:36:59.314337491
107.7969,3,14:36:59.315092165
107.7969,1,14:36:59.929422723
107.7969,26,14:36:59.930161617
107.7969,1,14:36:59.930606085
107.7969,1,14:36:59.930771676
107.7969,1,14:36:59.930795829
107.7969,11,14:36:59.930869517
107.7969,1,14:36:59.931143197
107.7969,4,14:36:59.931179607
107.7969,1,14:36:59.932288807
107.7969,1,14:36:59.932667083
107.7969,5,14:36:59.932696478
107.7969,1,14:36:59.932865910
107.7969,2,14:36:59.933664457
107.7969,7,14:36:59.933772967
107.7969,4,14:36:59.934161005
107.7969,1,14:36:59.934391201
107.7969,4,14:36:59.934630425
107.7969,1,14:36:59.934686257
107.7969,1,14:36:59.935299507
107.7969,5,14:36:59.935416560
107.7969,1,14:36:59.935864088
107.7969,1,14:36:59.936009672
107.7969,1,14:36:59.936313198
107.7969,7,14:36:59.937354390
107.7969,1,14:36:59.938025367
107.7969,1,14:37:00.092762165
107.7969,7,14:37:00.631755820
107.7969,7,14:37:00.631838299
107.7969,4,14:37:00.631991620
107.7969,1,14:37:00.632675003
107.7969,2,14:37:00.632773889
107.7969,13,14:37:00.632869562
107.7969,2,14:37:00.633737918
107.7969,1,14:37:00.633799161
107.7969,1,14:37:00.633853713
107.7969,1,14:37:00.634356772
107.7969,1,14:37:00.634444460
107.7813,19,14:37:01.306964265
107.7813,1,14:37:01.307348107
107.7813,1,14:37:01.307374922
107.7813,18,14:37:01.307689950
107.7813,8,14:37:01.308775737
107.7813,2,14:37:01.309715886
107.7813,2,14:37:01.309883914
107.7813,7,14:37:01.310032459
107.7813,8,14:37:01.310280386
107.7813,1,14:37:01.310554680
107.7813,4,14:37:01.313409995
107.7813,18,14:37:01.313461289
107.7813,1,14:37:01.313638736
107.7813,4,14:37:01.313811943
107.7813,2,14:37:01.314119750
107.7813,2,14:37:01.315512591
107.7813,4,14:37:01.315853305
107.7813,1,14:37:01.316143433
107.7813,2,14:37:01.316342000
107.7813,17,14:37:01.317207029
107.7813,1,14:37:01.317751190
107.7813,1,14:37:01.318133194
107.7969,1,14:37:01.836464423
107.7813,5,14:37:01.848114843
107.7813,1,14:37:01.954129830
107.7813,4,14:37:01.954552725
107.7813,1,14:37:01.954599931
107.7813,1,14:37:01.954886405
107.7969,434,14:37:03.314741095
107.7969,2,14:37:03.318317701
107.7969,28,14:37:03.319469411
107.7969,1,14:37:03.635813064
107.7969,25,14:37:03.635970804
107.7969,6,14:37:03.636037137
107.7969,27,14:37:03.636314469
107.7813,5,14:37:05.336410364
107.7969,500,14:37:05.452348292
107.7969,2,14:37:05.458577559
107.7969,4,14:37:05.458977660
107.7969,4,14:37:05.461479531
107.7969,2,14:37:05.463897960
107.7969,1,14:37:05.487389769
107.7969,5,14:37:05.487461431
107.7969,3,14:37:05.487549090
107.7969,6,14:37:05.487660750
107.7969,2,14:37:05.487740156
107.7969,4,14:37:05.487774109
107.7969,4,14:37:05.487806510
107.7969,1,14:37:05.487911635
107.7969,1,14:37:05.488581905
107.7969,3,14:37:05.488812363
107.7969,3,14:37:05.489298985
107.7969,12,14:37:05.514542521
107.7969,1,14:37:06.085057209
107.7969,11,14:37:06.085196319
107.7969,4,14:37:06.085292983
107.7969,7,14:37:06.085391933
107.7969,4,14:37:06.085546150
107.7969,100,14:37:06.949628743
107.7969,1,14:37:06.950136283
107.7969,6,14:37:06.950206585
107.7969,7,14:37:06.950250154
107.7969,1,14:37:06.950285713
107.7969,17,14:37:06.950572480
107.7969,29,14:37:07.901606448
107.7969,33,14:37:07.901631373
107.7969,28,14:37:07.901679831
107.7969,54,14:37:07.902541637
107.7969,3,14:37:08.034918971
107.7969,2,14:37:08.034950761
107.7813,15,14:37:08.628047899
107.7969,207,14:37:08.712392823
107.7969,1,14:37:08.713594591
107.7969,3,14:37:08.713689170
107.7969,1,14:37:08.713707330
107.7969,1,14:37:08.713726482
107.7969,1,14:37:08.713745606
107.7969,1,14:37:08.713769485
107.7969,1,14:37:08.713792022
107.7969,1,14:37:08.713811354
107.7969,1,14:37:08.713830785
107.7969,1,14:37:08.713849803
107.7969,1,14:37:08.713883705
107.7969,1,14:37:08.713909139
107.7969,1,14:37:08.713935600
107.7969,1,14:37:08.713969310
107.7969,1,14:37:08.713998065
107.7969,1,14:37:08.714066809
107.7969,1,14:37:08.714093703
107.7969,1,14:37:08.714123872
107.7969,1,14:37:08.714189400
107.7969,1,14:37:08.714267165
107.7969,6,14:37:08.714291089
107.7969,1,14:37:08.714326577
107.7969,1,14:37:08.714385686
107.7969,12,14:37:08.714725939
107.7969,2,14:37:08.714872050
107.7969,36,14:37:08.715258056
107.7969,11,14:37:08.716472381
107.7969,8,14:37:08.716941571
107.7969,1,14:37:08.717018434
107.7969,1,14:37:08.717382092
107.7969,1,14:37:08.717733197
107.7969,2,14:37:08.718144408
107.7969,1,14:37:08.718226368
107.7969,1,14:37:08.718254058
107.7969,2,14:37:08.718294760
107.7969,1,14:37:08.718315551
107.7969,1,14:37:08.721266161
107.7969,1,14:37:08.721436900
107.7969,1,14:37:09.005717888
107.7969,22,14:37:09.021198795
107.7969,20,14:37:09.021236360
107.7969,1,14:37:09.021265398
107.7969,33,14:37:09.021596669
107.7969,10,14:37:09.021867177
107.7969,20,14:37:09.091731025
107.7969,1,14:37:09.360141677
107.7969,1,14:37:09.360386779
107.7969,2,14:37:09.360495019
107.7969,4,14:37:09.360564434
107.7969,77,14:37:09.362065857
107.7969,1,14:37:09.362712359
107.7969,9,14:37:09.362731022
107.7969,1,14:37:09.362779292
107.7969,3,14:37:09.362819350
107.7969,1,14:37:09.363029838
107.7969,7,14:37:09.363379969
107.7969,1,14:37:09.363449113
107.7969,1,14:37:09.363533493
107.7969,1,14:37:09.364844412
107.7969,3,14:37:10.277247581
107.7969,1,14:37:10.277638686
107.7969,64,14:37:10.278037050
107.7969,6,14:37:10.278101946
107.7969,1,14:37:10.278365357
107.7969,1,14:37:10.278415630
107.7969,1,14:37:10.278485093
107.7969,1,14:37:10.278557002
107.7969,1,14:37:10.278618559
107.7969,1,14:37:10.278695901
107.7969,3,14:37:10.278758424
107.7969,1,14:37:10.279045777
107.7969,4,14:37:10.279142219
107.7969,4,14:37:10.279187847
107.7969,1,14:37:10.279213502
107.7969,1,14:37:10.279741449
107.7969,1,14:37:10.543178734
107.7969,2,14:37:10.543447559
107.7969,2,14:37:10.543569916
107.7969,2,14:37:10.543610240
107.7969,20,14:37:10.543784778
107.7969,6,14:37:10.543858510
107.7969,1,14:37:10.543967460
107.7969,1,14:37:10.543984046
107.7969,1,14:37:10.544070793
107.7969,1,14:37:10.544132539
107.7969,5,14:37:10.547410512
107.7969,1,14:37:10.547622084
107.7969,66,14:37:10.777752438
107.7969,6,14:37:10.777805331
107.7969,4,14:37:10.777971869
107.7969,2,14:37:10.777998826
107.7969,1,14:37:10.778059490
107.7969,4,14:37:10.778133341
107.7969,1,14:37:10.778498491
107.7969,6,14:37:10.778571945
107.7969,7,14:37:10.778633639
107.7969,18,14:37:10.778754525
107.7969,1,14:37:10.778834645
107.7969,1,14:37:10.778868175
107.7969,1,14:37:10.778917344
107.7969,4,14:37:10.778991854
107.7969,2,14:37:10.779053011
107.7969,2,14:37:10.779094458
107.7969,4,14:37:10.779149182
107.7969,2,14:37:10.779227590
107.7969,99,14:37:10.779304917
107.7969,3,14:37:10.779601406
107.7969,1,14:37:10.780182035
107.7969,48,14:37:10.780777299
107.7969,7,14:37:10.780839479
107.7969,17,14:37:10.780862155
107.7969,1,14:37:10.780984733
107.7969,2,14:37:10.781418329
107.7969,7,14:37:10.781874937
107.7969,1,14:37:10.781932749
107.7969,2,14:37:10.782169839
107.7969,1,14:37:10.782264097
107.7969,1,14:37:10.783693159
