bidVolume,bidPrice,askVolume,askPrice,timestamp
9,117.25,75,117.26,09:45:00.005950889
34,117.25,75,117.26,09:45:00.005950889
26,117.25,75,117.26,09:45:00.006033334
25,117.25,75,117.26,09:45:00.006033334
22,117.25,75,117.26,09:45:00.006368885
55,117.24,75,117.26,09:45:00.010358489
55,117.24,88,117.26,09:45:00.011067516
19,117.25,88,117.26,09:45:00.018808857
19,117.25,75,117.26,09:45:00.019143884
20,117.25,75,117.26,09:45:00.019447816
20,117.25,76,117.26,09:45:00.026127090
1,117.25,76,117.26,09:45:00.045597469
55,117.24,76,117.26,09:45:00.045597469
17,117.25,76,117.26,09:45:00.058169556
72,117.24,76,117.26,09:45:00.068635040
17,117.25,76,117.26,09:45:00.079067938
18,117.25,76,117.26,09:45:00.157007676
7,117.25,76,117.26,09:45:00.263624755
1,117.25,76,117.26,09:45:00.264074214
55,117.24,76,117.26,09:45:00.264091782
55,117.24,89,117.26,09:45:00.264510637
55,117.24,90,117.26,09:45:00.320915741
55,117.24,4,117.25,09:45:00.326467010
37,117.24,4,117.25,09:45:00.326712723
37,117.24,6,117.25,09:45:00.326795397
37,117.24,7,117.25,09:45:00.326898028
37,117.24,14,117.25,09:45:00.327091160
35,117.24,14,117.25,09:45:00.327235970
35,117.24,22,117.25,09:45:00.327255371
35,117.24,36,117.25,09:45:00.327938542
35,117.24,37,117.25,09:45:00.347560421
35,117.24,39,117.25,09:45:00.945085755
25,117.24,39,117.25,09:45:01.000517369
25,117.24,40,117.25,09:45:01.301963901
25,117.24,41,117.25,09:45:02.015014675
36,117.24,41,117.25,09:45:02.144009315
36,117.24,27,117.25,09:45:02.144243863
36,117.24,20,117.25,09:45:02.145074611
36,117.24,16,117.25,09:45:02.145360371
36,117.24,14,117.25,09:45:02.145377430
36,117.24,13,117.25,09:45:02.145377430
36,117.24,5,117.25,09:45:02.145377430
36,117.24,4,117.25,09:45:02.145377430
36,117.24,2,117.25,09:45:02.145377430
36,117.24,1,117.25,09:45:02.145405910
36,117.24,68,117.26,09:45:02.145405910
14,117.25,68,117.26,09:45:02.145542853
14,117.25,58,117.26,09:45:02.145542853
15,117.25,58,117.26,09:45:02.145803403
15,117.25,45,117.26,09:45:02.145803403
1,117.25,45,117.26,09:45:02.146312450
1,117.25,50,117.26,09:45:02.146562727
5,117.25,50,117.26,09:45:02.146754460
20,117.25,50,117.26,09:45:02.147991479
22,117.25,50,117.26,09:45:02.149919487
40,117.25,50,117.26,09:45:02.150002002
40,117.25,42,117.26,09:45:02.150218846
40,117.25,35,117.26,09:45:02.150349074
46,117.25,35,117.26,09:45:02.150736700
46,117.25,34,117.26,09:45:02.150828638
46,117.25,33,117.26,09:45:02.150828638
46,117.25,30,117.26,09:45:02.150909690
46,117.25,28,117.26,09:45:02.150909690
46,117.25,21,117.26,09:45:02.151080720
46,117.25,18,117.26,09:45:02.151080720
54,117.25,18,117.26,09:45:02.151080720
54,117.25,17,117.26,09:45:02.151211889
54,117.25,16,117.26,09:45:02.151327198
54,117.25,15,117.26,09:45:02.151545310
54,117.25,14,117.26,09:45:02.151573188
54,117.25,11,117.26,09:45:02.151573188
54,117.25,10,117.26,09:45:02.151573188
54,117.25,9,117.26,09:45:02.151573188
54,117.25,8,117.26,09:45:02.151573188
54,117.25,7,117.26,09:45:02.151573188
54,117.25,6,117.26,09:45:02.151573188
54,117.25,5,117.26,09:45:02.151573188
54,117.25,62,117.27,09:45:02.151573188
3,117.26,62,117.27,09:45:02.151590532
3,117.26,50,117.27,09:45:02.151799827
6,117.26,50,117.27,09:45:02.151799827
3,117.26,50,117.27,09:45:02.152217729
5,117.26,50,117.27,09:45:02.152217729
4,117.26,50,117.27,09:45:02.152388717
2,117.26,50,117.27,09:45:02.152697941
54,117.25,50,117.27,09:45:02.152697941
54,117.25,69,117.27,09:45:02.152791173
54,117.25,61,117.27,09:45:02.157016150
66,117.25,61,117.27,09:45:02.167586710
67,117.25,61,117.27,09:45:02.184375981
67,117.25,60,117.27,09:45:02.217507462
67,117.25,70,117.27,09:45:02.218629261
78,117.25,70,117.27,09:45:02.245978295
1,117.26,70,117.27,09:45:02.246877517
2,117.26,70,117.27,09:45:02.247086047
2,117.26,65,117.27,09:45:02.247086047
2,117.26,61,117.27,09:45:02.270287559
2,117.26,59,117.27,09:45:02.341849426
2,117.26,60,117.27,09:45:02.439786259
1,117.26,60,117.27,09:45:02.469861851
78,117.25,60,117.27,09:45:02.469963102
77,117.25,60,117.27,09:45:02.469983963
73,117.25,60,117.27,09:45:02.469983963
71,117.25,60,117.27,09:45:02.469983963
72,117.25,60,117.27,09:45:02.470203634
59,117.25,60,117.27,09:45:04.104413977
57,117.25,60,117.27,09:45:04.104518549
39,117.25,60,117.27,09:45:04.104548238
33,117.25,60,117.27,09:45:04.104548238
25,117.25,60,117.27,09:45:04.104548238
13,117.25,60,117.27,09:45:04.104548238
12,117.25,60,117.27,09:45:04.104548238
8,117.25,60,117.27,09:45:04.104548238
8,117.25,8,117.26,09:45:04.104815961
1,117.25,8,117.26,09:45:04.104815961
19,117.25,8,117.26,09:45:04.104927804
19,117.25,16,117.26,09:45:04.104953919
27,117.25,16,117.26,09:45:04.105124902
27,117.25,17,117.26,09:45:04.105312897
27,117.25,23,117.26,09:45:04.105333303
9,117.25,23,117.26,09:45:04.105333303
9,117.25,31,117.26,09:45:04.105333303
9,117.25,35,117.26,09:45:04.105409543
9,117.25,38,117.26,09:45:04.105429210
9,117.25,41,117.26,09:45:04.105511407
9,117.25,48,117.26,09:45:04.105511407
9,117.25,42,117.26,09:45:04.105511407
25,117.25,42,117.26,09:45:04.116928361
42,117.25,42,117.26,09:45:04.117188399
42,117.25,34,117.26,09:45:04.117364543
42,117.25,31,117.26,09:45:04.117431918
42,117.25,32,117.26,09:45:04.431017129
42,117.25,33,117.26,09:45:04.709487506
42,117.25,39,117.26,09:45:04.709748629
42,117.25,44,117.26,09:45:04.709885626
41,117.25,44,117.26,09:45:05.044359040
33,117.25,44,117.26,09:45:05.044651223
25,117.25,44,117.26,09:45:05.044651223
17,117.25,44,117.26,09:45:05.044804543
53,117.24,44,117.26,09:45:05.045082975
7,117.25,44,117.26,09:45:05.057861845
6,117.25,44,117.26,09:45:05.375094455
6,117.25,45,117.26,09:45:05.517567452
15,117.25,45,117.26,09:45:07.769199233
16,117.25,45,117.26,09:45:07.769272444
16,117.25,40,117.26,09:45:07.769272444
23,117.25,40,117.26,09:45:07.769369089
23,117.25,34,117.26,09:45:07.769369089
24,117.25,34,117.26,09:45:07.769369089
25,117.25,34,117.26,09:45:07.769591384
33,117.25,34,117.26,09:45:07.769657871
33,117.25,26,117.26,09:45:07.770156869
40,117.25,26,117.26,09:45:07.770181963
40,117.25,19,117.26,09:45:07.770181963
45,117.25,19,117.26,09:45:07.770197908
45,117.25,16,117.26,09:45:07.770280776
45,117.25,12,117.26,09:45:07.770280776
45,117.25,4,117.26,09:45:07.771919485
45,117.25,3,117.26,09:45:07.771919485
45,117.25,2,117.26,09:45:07.771932476
45,117.25,1,117.26,09:45:07.771946640
45,117.25,90,117.27,09:45:07.771963404
10,117.26,90,117.27,09:45:07.771982563
20,117.26,90,117.27,09:45:07.772072380
18,117.26,90,117.27,09:45:07.772431705
20,117.26,90,117.27,09:45:07.772613691
12,117.26,90,117.27,09:45:07.772627249
14,117.26,90,117.27,09:45:07.772652859
4,117.26,90,117.27,09:45:07.772673204
4,117.26,72,117.27,09:45:07.772673204
4,117.26,68,117.27,09:45:07.772728236
14,117.26,68,117.27,09:45:07.772972428
19,117.26,68,117.27,09:45:07.773077173
19,117.26,70,117.27,09:45:07.773203845
14,117.26,70,117.27,09:45:07.774705620
4,117.26,70,117.27,09:45:07.774776788
2,117.26,70,117.27,09:45:07.775995738
68,117.25,70,117.27,09:45:07.776083999
66,117.25,70,117.27,09:45:07.777063091
70,117.25,70,117.27,09:45:07.785944041
73,117.25,70,117.27,09:45:07.786051532
74,117.25,70,117.27,09:45:07.794266664
75,117.25,70,117.27,09:45:07.801221078
1,117.26,70,117.27,09:45:07.831422401
2,117.26,70,117.27,09:45:07.831631365
1,117.26,70,117.27,09:45:07.869898919
1,117.26,60,117.27,09:45:07.892132762
67,117.25,60,117.27,09:45:08.040181533
63,117.25,60,117.27,09:45:08.040958934
63,117.25,73,117.27,09:45:08.509212089
63,117.25,74,117.27,09:45:08.855557928
56,117.25,74,117.27,09:45:09.329350833
56,117.25,9,117.26,09:45:09.329436932
51,117.25,9,117.26,09:45:09.329513431
51,117.25,14,117.26,09:45:09.329513431
34,117.25,14,117.26,09:45:09.329632529
34,117.25,15,117.26,09:45:09.329728147
34,117.25,16,117.26,09:45:09.329728147
34,117.25,26,117.26,09:45:09.330252167
34,117.25,31,117.26,09:45:09.330274569
34,117.25,36,117.26,09:45:09.330364986
34,117.25,38,117.26,09:45:09.330576912
34,117.25,33,117.26,09:45:09.341924516
34,117.25,28,117.26,09:45:09.341924516
34,117.25,18,117.26,09:45:09.341996292
34,117.25,9,117.26,09:45:09.341996292
34,117.25,4,117.26,09:45:09.342478493
34,117.25,2,117.26,09:45:09.342710729
34,117.25,9,117.26,09:45:09.342959325
36,117.25,9,117.26,09:45:09.397834012
36,117.25,10,117.26,09:45:09.415888128
36,117.25,23,117.26,09:45:09.528512008
36,117.25,28,117.26,09:45:09.528669228
36,117.25,30,117.26,09:45:09.528792383
36,117.25,33,117.26,09:45:09.663149180
36,117.25,39,117.26,09:45:10.216603105
36,117.25,40,117.26,09:45:10.250620777
36,117.25,41,117.26,09:45:10.286194678
36,117.25,40,117.26,09:45:10.405039977
36,117.25,41,117.26,09:45:10.433825475
37,117.25,41,117.26,09:45:10.544214010
37,117.25,56,117.26,09:45:11.719746563
38,117.25,56,117.26,09:45:11.720349987
40,117.25,56,117.26,09:45:11.721817861
40,117.25,66,117.26,09:45:11.725588111
40,117.25,67,117.26,09:45:11.871770843
39,117.25,67,117.26,09:45:13.375039349
38,117.25,67,117.26,09:45:13.375845527
39,117.25,67,117.26,09:45:15.144827801
39,117.25,66,117.26,09:45:15.948608756
39,117.25,65,117.26,09:45:15.948622551
39,117.25,58,117.26,09:45:15.948898602
39,117.25,57,117.26,09:45:15.948914119
39,117.25,44,117.26,09:45:15.948928381
39,117.25,39,117.26,09:45:15.948944090
39,117.25,37,117.26,09:45:15.948958894
39,117.25,34,117.26,09:45:15.948971844
39,117.25,31,117.26,09:45:15.948986413
39,117.25,21,117.26,09:45:15.949210153
39,117.25,19,117.26,09:45:15.949271942
49,117.25,19,117.26,09:45:15.949394049
51,117.25,19,117.26,09:45:15.949464676
51,117.25,18,117.26,09:45:15.949464676
51,117.25,17,117.26,09:45:15.949487511
51,117.25,2,117.26,09:45:15.949487511
51,117.25,1,117.26,09:45:15.950005677
51,117.25,84,117.27,09:45:15.950005677
10,117.26,84,117.27,09:45:15.950005677
18,117.26,84,117.27,09:45:15.950066457
21,117.26,84,117.27,09:45:15.950550937
21,117.26,83,117.27,09:45:15.950649308
23,117.26,83,117.27,09:45:15.950707164
24,117.26,83,117.27,09:45:15.950728197
29,117.26,83,117.27,09:45:15.950728197
29,117.26,79,117.27,09:45:15.950728197
29,117.26,73,117.27,09:45:15.950728197
29,117.26,77,117.27,09:45:15.951005179
21,117.26,77,117.27,09:45:15.951034075
37,117.26,77,117.27,09:45:15.951034075
41,117.26,77,117.27,09:45:15.951052670
42,117.26,77,117.27,09:45:15.951052670
42,117.26,59,117.27,09:45:15.951052670
42,117.26,58,117.27,09:45:16.046364390
41,117.26,58,117.27,09:45:16.046364390
39,117.26,58,117.27,09:45:16.046822142
38,117.26,58,117.27,09:45:16.046953850
33,117.26,58,117.27,09:45:16.046988307
17,117.26,58,117.27,09:45:16.046988307
13,117.26,58,117.27,09:45:16.046988307
12,117.26,58,117.27,09:45:16.046988307
3,117.26,58,117.27,09:45:16.046988307
3,117.26,65,117.27,09:45:16.046988307
65,117.25,65,117.27,09:45:16.046988307
63,117.25,65,117.27,09:45:16.047043399
8,117.26,65,117.27,09:45:16.047986755
9,117.26,65,117.27,09:45:16.048147919
9,117.26,63,117.27,09:45:16.048210978
10,117.26,63,117.27,09:45:16.049142028
10,117.26,68,117.27,09:45:16.054210308
9,117.26,68,117.27,09:45:16.163992428
10,117.26,68,117.27,09:45:16.164575426
11,117.26,68,117.27,09:45:16.636679187
10,117.26,68,117.27,09:45:17.051239920
2,117.26,68,117.27,09:45:17.051400397
1,117.26,68,117.27,09:45:17.051629609
62,117.25,68,117.27,09:45:17.051942079
60,117.25,68,117.27,09:45:17.052040259
59,117.25,68,117.27,09:45:17.058878116
3,117.26,68,117.27,09:45:17.069684761
6,117.26,68,117.27,09:45:17.070217732
3,117.26,68,117.27,09:45:17.167881761
15,117.26,68,117.27,09:45:17.172734416
18,117.26,68,117.27,09:45:17.172801629
19,117.26,68,117.27,09:45:17.172919270
27,117.26,68,117.27,09:45:17.177222281
28,117.26,68,117.27,09:45:17.203924070
28,117.26,64,117.27,09:45:17.204487547
37,117.26,64,117.27,09:45:17.204564629
37,117.26,52,117.27,09:45:17.204564629
37,117.26,40,117.27,09:45:17.205032299
37,117.26,39,117.27,09:45:17.205268352
38,117.26,39,117.27,09:45:17.207417020
38,117.26,37,117.27,09:45:17.209530417
38,117.26,31,117.27,09:45:17.212127298
40,117.26,31,117.27,09:45:17.224237894
41,117.26,31,117.27,09:45:17.225841854
41,117.26,30,117.27,09:45:17.364283742
41,117.26,31,117.27,09:45:17.511417687
32,117.26,31,117.27,09:45:17.529507103
32,117.26,45,117.27,09:45:17.529894354
32,117.26,56,117.27,09:45:17.530456165
24,117.26,56,117.27,09:45:17.533509104
12,117.26,56,117.27,09:45:17.542162696
9,117.26,56,117.27,09:45:17.542232627
9,117.26,58,117.27,09:45:17.542330319
9,117.26,60,117.27,09:45:17.546646092
9,117.26,62,117.27,09:45:17.547004373
9,117.26,60,117.27,09:45:17.562879394
7,117.26,60,117.27,09:45:17.562879394
7,117.26,58,117.27,09:45:17.563022790
6,117.26,58,117.27,09:45:17.563037559
5,117.26,58,117.27,09:45:17.563139573
17,117.26,58,117.27,09:45:17.902791216
20,117.26,58,117.27,09:45:17.902819539
28,117.26,58,117.27,09:45:17.903018403
28,117.26,59,117.27,09:45:17.907303165
34,117.26,59,117.27,09:45:18.003297004
34,117.26,65,117.27,09:45:18.003297004
34,117.26,64,117.27,09:45:18.158274059
33,117.26,64,117.27,09:45:18.430084484
32,117.26,64,117.27,09:45:18.430280506
26,117.26,64,117.27,09:45:18.445305938
26,117.26,70,117.27,09:45:18.445386072
25,117.26,70,117.27,09:45:18.445400402
13,117.26,70,117.27,09:45:18.445574690
5,117.26,70,117.27,09:45:18.445658437
2,117.26,70,117.27,09:45:18.445658437
1,117.26,70,117.27,09:45:18.445764503
63,117.25,70,117.27,09:45:18.445764503
8,117.26,70,117.27,09:45:18.445868466
7,117.26,70,117.27,09:45:18.446177355
7,117.26,71,117.27,09:45:18.446194378
73,117.25,71,117.27,09:45:18.446343147
8,117.26,71,117.27,09:45:18.449399909
2,117.26,71,117.27,09:45:18.453339135
73,117.25,71,117.27,09:45:18.453512501
2,117.26,71,117.27,09:45:18.458242840
8,117.26,71,117.27,09:45:18.898925631
8,117.26,72,117.27,09:45:18.920360059
6,117.26,72,117.27,09:45:19.387134186
73,117.25,72,117.27,09:45:19.387221571
74,117.25,72,117.27,09:45:19.414229989
74,117.25,6,117.26,09:45:19.570980066
74,117.25,12,117.26,09:45:19.573751170
72,117.25,12,117.26,09:45:19.577929498
72,117.25,6,117.26,09:45:19.764808406
72,117.25,5,117.26,09:45:19.833304017
72,117.25,6,117.26,09:45:19.857514299
72,117.25,13,117.26,09:45:20.267543516
72,117.25,14,117.26,09:45:20.545030671
72,117.25,15,117.26,09:45:20.706289824
59,117.25,15,117.26,09:45:20.706454778
59,117.25,16,117.26,09:45:21.984487240
59,117.25,17,117.26,09:45:22.133516518
59,117.25,18,117.26,09:45:22.709553343
49,117.25,18,117.26,09:45:22.728416665
49,117.25,29,117.26,09:45:22.729413219
49,117.25,43,117.26,09:45:22.729627731
49,117.25,49,117.26,09:45:22.729763590
43,117.25,49,117.26,09:45:22.730156226
43,117.25,43,117.26,09:45:23.233002282
43,117.25,32,117.26,09:45:23.233190215
43,117.25,18,117.26,09:45:23.233260148
49,117.25,18,117.26,09:45:23.233401799
49,117.25,24,117.26,09:45:24.031900276
49,117.25,39,117.26,09:45:24.079529644
49,117.25,40,117.26,09:45:24.079780284
49,117.25,51,117.26,09:45:24.101563701
43,117.25,51,117.26,09:45:24.101623774
43,117.25,53,117.26,09:45:25.002271770
43,117.25,51,117.26,09:45:25.041772943
43,117.25,52,117.26,09:45:25.044474470
43,117.25,53,117.26,09:45:25.050983556
38,117.25,53,117.26,09:45:25.072263609
32,117.25,53,117.26,09:45:25.072522458
38,117.25,53,117.26,09:45:25.287729989
37,117.25,53,117.26,09:45:25.452624540
30,117.25,53,117.26,09:45:25.452694193
37,117.25,53,117.26,09:45:25.463394486
48,117.25,53,117.26,09:45:26.169923969
48,117.25,38,117.26,09:45:26.170015716
53,117.25,38,117.26,09:45:26.170134347
53,117.25,27,117.26,09:45:26.170359227
69,117.25,27,117.26,09:45:26.170359227
69,117.25,21,117.26,09:45:26.170506273
69,117.25,20,117.26,09:45:26.170616145
69,117.25,19,117.26,09:45:26.170616145
71,117.25,19,117.26,09:45:26.170721882
55,117.25,19,117.26,09:45:26.170992250
53,117.25,19,117.26,09:45:26.171124969
53,117.25,20,117.26,09:45:26.171201673
53,117.25,21,117.26,09:45:26.171350913
48,117.25,21,117.26,09:45:26.171547978
37,117.25,21,117.26,09:45:26.181116572
43,117.25,21,117.26,09:45:26.234376121
43,117.25,23,117.26,09:45:26.807326582
43,117.25,29,117.26,09:45:26.896727905
43,117.25,40,117.26,09:45:26.896915258
43,117.25,55,117.26,09:45:26.897106796
37,117.25,55,117.26,09:45:26.897556618
43,117.25,55,117.26,09:45:27.234569171
43,117.25,44,117.26,09:45:27.234677241
45,117.25,44,117.26,09:45:27.234750457
45,117.25,43,117.26,09:45:27.234836396
45,117.25,28,117.26,09:45:27.234836396
45,117.25,22,117.26,09:45:27.234907452
45,117.25,21,117.26,09:45:27.234979487
56,117.25,21,117.26,09:45:27.235057282
56,117.25,20,117.26,09:45:27.243444504
56,117.25,15,117.26,09:45:27.243508639
56,117.25,14,117.26,09:45:27.243762312
56,117.25,7,117.26,09:45:27.243961947
56,117.25,6,117.26,09:45:27.243987566
56,117.25,5,117.26,09:45:27.243987566
56,117.25,4,117.26,09:45:27.243987566
56,117.25,3,117.26,09:45:27.243987566
56,117.25,2,117.26,09:45:27.243987566
56,117.25,86,117.27,09:45:27.243987566
61,117.25,86,117.27,09:45:27.244300840
76,117.25,86,117.27,09:45:27.244300840
76,117.25,85,117.27,09:45:27.244300840
76,117.25,87,117.27,09:45:27.244314270
78,117.25,87,117.27,09:45:27.244314270
80,117.25,87,117.27,09:45:27.245227697
6,117.26,87,117.27,09:45:27.245300743
7,117.26,87,117.27,09:45:27.245600548
7,117.26,69,117.27,09:45:27.245600548
22,117.26,69,117.27,09:45:27.245678189
28,117.26,69,117.27,09:45:27.245846323
28,117.26,55,117.27,09:45:27.247879720
33,117.26,55,117.27,09:45:27.248756292
35,117.26,55,117.27,09:45:27.264499704
36,117.26,55,117.27,09:45:27.267742811
36,117.26,64,117.27,09:45:27.278951801
34,117.26,64,117.27,09:45:27.279219699
42,117.26,64,117.27,09:45:27.321384101
34,117.26,64,117.27,09:45:27.351509118
36,117.26,64,117.27,09:45:27.395224447
36,117.26,62,117.27,09:45:27.395478437
36,117.26,59,117.27,09:45:27.402361832
36,117.26,60,117.27,09:45:27.483268618
34,117.26,60,117.27,09:45:27.483419093
34,117.26,61,117.27,09:45:27.483598539
34,117.26,60,117.27,09:45:27.974365425
51,117.26,60,117.27,09:45:28.100919729
51,117.26,59,117.27,09:45:28.225100290
51,117.26,58,117.27,09:45:28.269961507
51,117.26,56,117.27,09:45:28.520346265
51,117.26,57,117.27,09:45:28.697282846
51,117.26,58,117.27,09:45:28.697796209
51,117.26,57,117.27,09:45:28.701085522
51,117.26,56,117.27,09:45:28.701156613
53,117.26,56,117.27,09:45:28.707421635
53,117.26,57,117.27,09:45:29.095065549
53,117.26,58,117.27,09:45:29.095274233
53,117.26,57,117.27,09:45:29.095435430
53,117.26,56,117.27,09:45:29.095875526
53,117.26,58,117.27,09:45:29.099288978
51,117.26,58,117.27,09:45:29.110359857
51,117.26,59,117.27,09:45:29.159431231
51,117.26,58,117.27,09:45:29.200130243
51,117.26,59,117.27,09:45:29.571401746
51,117.26,60,117.27,09:45:29.572675980
51,117.26,59,117.27,09:45:29.599735264
51,117.26,58,117.27,09:45:29.599946099
52,117.26,58,117.27,09:45:30.145158593
52,117.26,56,117.27,09:45:31.431293952
53,117.26,56,117.27,09:45:31.498182587
52,117.26,56,117.27,09:45:31.631891738
46,117.26,56,117.27,09:45:31.632383921
46,117.26,57,117.27,09:45:31.632542401
46,117.26,59,117.27,09:45:31.632607674
46,117.26,57,117.27,09:45:31.636019924
46,117.26,67,117.27,09:45:31.636088145
46,117.26,73,117.27,09:45:31.636158388
46,117.26,72,117.27,09:45:31.636223591
46,117.26,74,117.27,09:45:31.636290238
46,117.26,76,117.27,09:45:31.636386781
46,117.26,74,117.27,09:45:31.636732436
46,117.26,75,117.27,09:45:31.636934932
46,117.26,76,117.27,09:45:31.637192855
46,117.26,77,117.27,09:45:31.637428922
40,117.26,77,117.27,09:45:31.654002662
40,117.26,78,117.27,09:45:31.677023912
40,117.26,79,117.27,09:45:31.697504708
25,117.26,79,117.27,09:45:31.707146861
24,117.26,79,117.27,09:45:31.707383744
19,117.26,79,117.27,09:45:31.707406598
18,117.26,79,117.27,09:45:31.707406598
1,117.26,79,117.27,09:45:31.707406598
79,117.25,79,117.27,09:45:31.707406598
77,117.25,79,117.27,09:45:31.707570006
77,117.25,4,117.26,09:45:31.707695340
78,117.25,4,117.26,09:45:31.707695340
78,117.25,10,117.26,09:45:31.707807033
78,117.25,6,117.26,09:45:31.708057633
78,117.25,4,117.26,09:45:31.708057633
76,117.25,4,117.26,09:45:31.708151173
61,117.25,4,117.26,09:45:31.708225091
61,117.25,97,117.27,09:45:31.708424968
61,117.25,1,117.26,09:45:31.708529679
61,117.25,2,117.26,09:45:31.708529679
61,117.25,3,117.26,09:45:31.708699625
61,117.25,4,117.26,09:45:31.709333093
61,117.25,3,117.26,09:45:31.711858387
61,117.25,4,117.26,09:45:31.722810849
61,117.25,5,117.26,09:45:31.724447341
61,117.25,6,117.26,09:45:31.725091001
61,117.25,5,117.26,09:45:31.762576863
61,117.25,9,117.26,09:45:31.770849682
61,117.25,14,117.26,09:45:31.771005774
61,117.25,16,117.26,09:45:31.771114620
62,117.25,16,117.26,09:45:32.633856950
62,117.25,17,117.26,09:45:32.697983110
51,117.25,17,117.26,09:45:32.909069906
50,117.25,17,117.26,09:45:32.909256837
48,117.25,17,117.26,09:45:32.909966097
48,117.25,23,117.26,09:45:32.910057534
48,117.25,33,117.26,09:45:32.910057534
48,117.25,36,117.26,09:45:32.910073902
48,117.25,42,117.26,09:45:32.910227924
48,117.25,47,117.26,09:45:32.910227924
48,117.25,57,117.26,09:45:32.910411533
44,117.25,57,117.26,09:45:32.910457565
45,117.25,57,117.26,09:45:32.910457565
45,117.25,54,117.26,09:45:32.910457565
44,117.25,54,117.26,09:45:32.911309132
38,117.25,54,117.26,09:45:32.911309132
38,117.25,55,117.26,09:45:32.911371680
38,117.25,56,117.26,09:45:32.911523878
38,117.25,57,117.26,09:45:32.911605491
38,117.25,59,117.26,09:45:32.912062177
38,117.25,58,117.26,09:45:32.912062177
36,117.25,58,117.26,09:45:32.912650744
29,117.25,58,117.26,09:45:32.912650744
29,117.25,57,117.26,09:45:32.912650744
22,117.25,57,117.26,09:45:32.912738879
23,117.25,57,117.26,09:45:32.912888855
25,117.25,57,117.26,09:45:32.912888855
31,117.25,57,117.26,09:45:32.914432190
30,117.25,57,117.26,09:45:32.914674777
30,117.25,59,117.26,09:45:32.914834554
28,117.25,59,117.26,09:45:32.914834554
28,117.25,61,117.26,09:45:32.914834554
28,117.25,59,117.26,09:45:32.915231277
22,117.25,59,117.26,09:45:32.915568732
24,117.25,59,117.26,09:45:32.916066284
26,117.25,59,117.26,09:45:32.916409764
28,117.25,59,117.26,09:45:32.916432142
29,117.25,59,117.26,09:45:32.916432142
35,117.25,59,117.26,09:45:32.916507347
34,117.25,59,117.26,09:45:32.916953679
35,117.25,59,117.26,09:45:32.918271291
35,117.25,53,117.26,09:45:32.918271291
35,117.25,43,117.26,09:45:32.918305246
34,117.25,43,117.26,09:45:32.918412110
32,117.25,43,117.26,09:45:32.919338557
33,117.25,43,117.26,09:45:32.920275401
34,117.25,43,117.26,09:45:32.920388729
34,117.25,38,117.26,09:45:32.921253442
34,117.25,28,117.26,09:45:32.921253442
33,117.25,28,117.26,09:45:32.921332193
32,117.25,28,117.26,09:45:32.921442207
33,117.25,28,117.26,09:45:32.921626999
34,117.25,28,117.26,09:45:32.921626999
35,117.25,28,117.26,09:45:32.921945861
34,117.25,28,117.26,09:45:32.923071911
33,117.25,28,117.26,09:45:32.923402793
32,117.25,28,117.26,09:45:32.923475453
32,117.25,29,117.26,09:45:32.923739437
32,117.25,30,117.26,09:45:32.923899200
32,117.25,29,117.26,09:45:32.924038931
32,117.25,28,117.26,09:45:32.924105981
34,117.25,28,117.26,09:45:32.924485676
35,117.25,28,117.26,09:45:32.924901266
34,117.25,28,117.26,09:45:32.926338653
35,117.25,28,117.26,09:45:32.926584222
34,117.25,28,117.26,09:45:32.927687922
32,117.25,28,117.26,09:45:32.930783639
33,117.25,28,117.26,09:45:32.932878748
35,117.25,28,117.26,09:45:32.932954043
33,117.25,28,117.26,09:45:32.939411540
35,117.25,28,117.26,09:45:32.959992511
33,117.25,28,117.26,09:45:32.973712220
34,117.25,28,117.26,09:45:32.985194371
35,117.25,28,117.26,09:45:32.985556854
34,117.25,28,117.26,09:45:33.013268681
33,117.25,28,117.26,09:45:33.034818166
33,117.25,38,117.26,09:45:33.035093676
32,117.25,38,117.26,09:45:33.035179859
31,117.25,38,117.26,09:45:33.035179859
32,117.25,38,117.26,09:45:33.035275743
32,117.25,43,117.26,09:45:33.035275743
32,117.25,53,117.26,09:45:33.035421362
33,117.25,53,117.26,09:45:33.035421362
32,117.25,53,117.26,09:45:33.035668201
33,117.25,53,117.26,09:45:33.042191972
44,117.25,53,117.26,09:45:33.045205480
44,117.25,43,117.26,09:45:33.047688038
45,117.25,43,117.26,09:45:33.047835631
45,117.25,38,117.26,09:45:33.048009857
45,117.25,28,117.26,09:45:33.048087153
46,117.25,28,117.26,09:45:33.048184844
46,117.25,26,117.26,09:45:33.048345560
47,117.25,26,117.26,09:45:33.056304317
48,117.25,26,117.26,09:45:33.122555998
46,117.25,26,117.26,09:45:33.225782212
45,117.25,26,117.26,09:45:33.225967998
45,117.25,36,117.26,09:45:33.226050746
44,117.25,36,117.26,09:45:33.226050746
44,117.25,41,117.26,09:45:33.226119229
43,117.25,41,117.26,09:45:33.286936760
44,117.25,41,117.26,09:45:33.353399181
45,117.25,41,117.26,09:45:33.353722208
45,117.25,31,117.26,09:45:33.490840693
45,117.25,26,117.26,09:45:33.490909768
46,117.25,26,117.26,09:45:33.491011372
55,117.25,26,117.26,09:45:34.580093788
62,117.25,26,117.26,09:45:34.580158219
62,117.25,20,117.26,09:45:34.580270722
62,117.25,19,117.26,09:45:34.580642847
62,117.25,18,117.26,09:45:34.582201325
62,117.25,17,117.26,09:45:34.582201325
62,117.25,16,117.26,09:45:34.582201325
62,117.25,15,117.26,09:45:34.582257898
62,117.25,14,117.26,09:45:34.582661724
62,117.25,10,117.26,09:45:34.582661724
62,117.25,5,117.26,09:45:34.582791471
62,117.25,3,117.26,09:45:34.582821225
62,117.25,2,117.26,09:45:34.582821225
62,117.25,102,117.27,09:45:34.582821225
69,117.25,102,117.27,09:45:34.582914551
74,117.25,102,117.27,09:45:34.582914551
74,117.25,101,117.27,09:45:34.582999686
89,117.25,101,117.27,09:45:34.582999686
6,117.26,101,117.27,09:45:34.583340941
6,117.26,83,117.27,09:45:34.583482028
7,117.26,83,117.27,09:45:34.583592610
9,117.26,83,117.27,09:45:34.585344602
19,117.26,83,117.27,09:45:34.585613320
24,117.26,83,117.27,09:45:34.585718718
30,117.26,83,117.27,09:45:34.585787553
30,117.26,77,117.27,09:45:34.586251830
30,117.26,67,117.27,09:45:34.586323236
30,117.26,66,117.27,09:45:34.586603610
44,117.26,66,117.27,09:45:34.587072828
46,117.26,66,117.27,09:45:34.587657392
46,117.26,65,117.27,09:45:34.587883200
46,117.26,64,117.27,09:45:34.588027868
50,117.26,64,117.27,09:45:34.588113817
52,117.26,64,117.27,09:45:34.588923333
52,117.26,58,117.27,09:45:34.589016811
52,117.26,47,117.27,09:45:34.589363250
52,117.26,43,117.27,09:45:34.589529915
52,117.26,41,117.27,09:45:34.589694784
60,117.26,41,117.27,09:45:34.591796198
63,117.26,41,117.27,09:45:34.591796198
64,117.26,41,117.27,09:45:34.594703562
63,117.26,41,117.27,09:45:34.595859033
64,117.26,41,117.27,09:45:34.598888436
63,117.26,41,117.27,09:45:34.606293429
63,117.26,35,117.27,09:45:34.613065512
64,117.26,35,117.27,09:45:34.613277510
63,117.26,35,117.27,09:45:34.642521484
64,117.26,35,117.27,09:45:34.663158700
65,117.26,35,117.27,09:45:34.767851464
66,117.26,35,117.27,09:45:34.788832645
66,117.26,33,117.27,09:45:34.789003563
67,117.26,33,117.27,09:45:34.789172238
66,117.26,33,117.27,09:45:34.797251361
65,117.26,33,117.27,09:45:34.839882275
64,117.26,33,117.27,09:45:35.245260160
65,117.26,33,117.27,09:45:35.291257519
66,117.26,33,117.27,09:45:35.291559849
65,117.26,33,117.27,09:45:35.370791225
64,117.26,33,117.27,09:45:35.370857993
64,117.26,42,117.27,09:45:35.395162773
64,117.26,39,117.27,09:45:35.431630771
56,117.26,39,117.27,09:45:36.161641021
53,117.26,39,117.27,09:45:36.161707283
53,117.26,41,117.27,09:45:36.161805846
54,117.26,41,117.27,09:45:36.449519782
56,117.26,41,117.27,09:45:36.450513154
54,117.26,41,117.27,09:45:36.450971138
64,117.26,41,117.27,09:45:36.451044562
65,117.26,41,117.27,09:45:36.451876478
64,117.26,41,117.27,09:45:36.453855872
63,117.26,41,117.27,09:45:36.454005349
64,117.26,41,117.27,09:45:36.459652008
65,117.26,41,117.27,09:45:36.461961673
65,117.26,35,117.27,09:45:36.467927646
64,117.26,35,117.27,09:45:36.471045641
64,117.26,44,117.27,09:45:36.486791756
63,117.26,44,117.27,09:45:36.486915059
53,117.26,44,117.27,09:45:36.545082907
53,117.26,45,117.27,09:45:36.550044034
53,117.26,44,117.27,09:45:36.553415411
53,117.26,43,117.27,09:45:36.691171237
53,117.26,44,117.27,09:45:36.966120061
53,117.26,45,117.27,09:45:36.966414448
53,117.26,46,117.27,09:45:36.966786391
53,117.26,58,117.27,09:45:36.967920252
53,117.26,62,117.27,09:45:36.968021460
39,117.26,62,117.27,09:45:36.968109886
39,117.26,61,117.27,09:45:37.075551465
39,117.26,62,117.27,09:45:37.212221493
39,117.26,61,117.27,09:45:37.399779845
39,117.26,62,117.27,09:45:37.454486273
40,117.26,62,117.27,09:45:37.534389568
40,117.26,61,117.27,09:45:38.066117234
40,117.26,62,117.27,09:45:38.158439466
34,117.26,62,117.27,09:45:38.214216460
34,117.26,64,117.27,09:45:38.214362956
34,117.26,74,117.27,09:45:38.307037841
32,117.26,74,117.27,09:45:38.307225582
26,117.26,74,117.27,09:45:38.307250273
16,117.26,74,117.27,09:45:38.307397178
11,117.26,74,117.27,09:45:38.307397178
10,117.26,74,117.27,09:45:38.308026723
8,117.26,74,117.27,09:45:38.308040908
4,117.26,74,117.27,09:45:38.308162982
2,117.26,74,117.27,09:45:38.308184579
1,117.26,74,117.27,09:45:38.308184579
92,117.25,74,117.27,09:45:38.308184579
92,117.25,80,117.27,09:45:38.308762431
92,117.25,6,117.26,09:45:38.308762431
90,117.25,6,117.26,09:45:38.308917568
75,117.25,6,117.26,09:45:38.308933960
75,117.25,98,117.27,09:45:38.312360810
75,117.25,6,117.26,09:45:38.318651538
73,117.25,6,117.26,09:45:38.318799685
73,117.25,9,117.26,09:45:38.318888555
73,117.25,10,117.26,09:45:38.318888555
73,117.25,12,117.26,09:45:38.337727376
73,117.25,27,117.26,09:45:38.338630825
73,117.25,34,117.26,09:45:38.338706383
73,117.25,36,117.26,09:45:38.338706383
66,117.25,36,117.26,09:45:38.339881252
57,117.25,36,117.26,09:45:38.339881252
50,117.25,36,117.26,09:45:38.340153287
45,117.25,36,117.26,09:45:38.340260538
44,117.25,36,117.26,09:45:38.340260538
43,117.25,36,117.26,09:45:38.340462276
42,117.25,36,117.26,09:45:38.340976784
43,117.25,36,117.26,09:45:38.342931266
42,117.25,36,117.26,09:45:38.343108715
43,117.25,36,117.26,09:45:38.347347176
42,117.25,36,117.26,09:45:38.347375250
42,117.25,37,117.26,09:45:38.350597587
42,117.25,43,117.26,09:45:38.350662927
36,117.25,43,117.26,09:45:38.350838847
36,117.25,45,117.26,09:45:38.351006524
36,117.25,55,117.26,09:45:38.351324716
30,117.25,55,117.26,09:45:38.351789166
28,117.25,55,117.26,09:45:38.351936549
28,117.25,56,117.26,09:45:38.352425371
28,117.25,55,117.26,09:45:38.353966793
28,117.25,56,117.26,09:45:38.354360118
28,117.25,57,117.26,09:45:38.354613433
28,117.25,59,117.26,09:45:38.354864518
26,117.25,59,117.26,09:45:38.361668816
24,117.25,59,117.26,09:45:38.389734625
22,117.25,59,117.26,09:45:38.390047760
21,117.25,59,117.26,09:45:38.390151626
20,117.25,59,117.26,09:45:38.390343837
19,117.25,59,117.26,09:45:38.390343837
17,117.25,59,117.26,09:45:38.390358276
15,117.25,59,117.26,09:45:38.390358276
14,117.25,59,117.26,09:45:38.390373120
13,117.25,59,117.26,09:45:38.390373120
12,117.25,59,117.26,09:45:38.390373120
1,117.25,59,117.26,09:45:38.390373120
61,117.24,59,117.26,09:45:38.390388813
61,117.24,67,117.26,09:45:38.390474055
59,117.24,67,117.26,09:45:38.390645012
57,117.24,67,117.26,09:45:38.390645012
63,117.24,67,117.26,09:45:38.390664851
66,117.24,67,117.26,09:45:38.390664851
66,117.24,68,117.26,09:45:38.390802160
72,117.24,68,117.26,09:45:38.391905656
72,117.24,2,117.25,09:45:38.395637443
72,117.24,86,117.26,09:45:38.422143598
72,117.24,95,117.26,09:45:38.453348121
72,117.24,96,117.26,09:45:38.689768189
72,117.24,1,117.25,09:45:38.690284182
72,117.24,2,117.25,09:45:38.690462072
72,117.24,3,117.25,09:45:38.708340514
72,117.24,9,117.25,09:45:38.888838641
69,117.24,9,117.25,09:45:38.900725272
69,117.24,20,117.25,09:45:38.900887539
69,117.24,25,117.25,09:45:38.900963972
70,117.24,25,117.25,09:45:38.901335566
71,117.24,25,117.25,09:45:38.901596621
71,117.24,14,117.25,09:45:38.901738307
71,117.24,9,117.25,09:45:38.901807376
72,117.24,9,117.25,09:45:38.901932973
72,117.24,3,117.25,09:45:38.964767183
72,117.24,2,117.25,09:45:38.965152918
72,117.24,1,117.25,09:45:38.965243775
72,117.24,97,117.26,09:45:38.965453221
1,117.25,97,117.26,09:45:38.965453221
2,117.25,97,117.26,09:45:38.965453221
3,117.25,97,117.26,09:45:38.965648898
4,117.25,97,117.26,09:45:38.965648898
4,117.25,79,117.26,09:45:38.965737710
5,117.25,79,117.26,09:45:38.965756571
4,117.25,79,117.26,09:45:38.965819691
3,117.25,79,117.26,09:45:38.965901158
2,117.25,79,117.26,09:45:38.965976684
3,117.25,79,117.26,09:45:38.968894022
4,117.25,79,117.26,09:45:38.969109011
15,117.25,79,117.26,09:45:38.972317796
20,117.25,79,117.26,09:45:38.972414570
20,117.25,71,117.26,09:45:38.972546317
20,117.25,70,117.26,09:45:38.973968526
28,117.25,70,117.26,09:45:38.974162191
28,117.25,69,117.26,09:45:38.974599164
28,117.25,54,117.26,09:45:38.975515403
34,117.25,54,117.26,09:45:38.975588769
40,117.25,54,117.26,09:45:38.975963732
41,117.25,54,117.26,09:45:38.975963732
41,117.25,44,117.26,09:45:38.976398817
49,117.25,44,117.26,09:45:38.977649259
51,117.25,44,117.26,09:45:38.977901017
55,117.25,44,117.26,09:45:38.977901017
55,117.25,42,117.26,09:45:38.977959865
55,117.25,41,117.26,09:45:38.978363983
55,117.25,38,117.26,09:45:38.984694579
56,117.25,38,117.26,09:45:38.985664275
55,117.25,38,117.26,09:45:38.986822504
56,117.25,38,117.26,09:45:38.987876216
56,117.25,36,117.26,09:45:39.000838231
58,117.25,36,117.26,09:45:39.000838231
58,117.25,30,117.26,09:45:39.001237543
58,117.25,28,117.26,09:45:39.015168882
58,117.25,26,117.26,09:45:39.015506572
59,117.25,26,117.26,09:45:39.015599270
59,117.25,23,117.26,09:45:39.016991930
59,117.25,16,117.26,09:45:39.017514218
59,117.25,15,117.26,09:45:39.017876249
58,117.25,15,117.26,09:45:39.017970864
58,117.25,10,117.26,09:45:39.017970864
58,117.25,11,117.26,09:45:39.018058054
58,117.25,10,117.26,09:45:39.019577855
58,117.25,9,117.26,09:45:39.020299087
58,117.25,8,117.26,09:45:39.026380413
58,117.25,2,117.26,09:45:39.026662198
58,117.25,1,117.26,09:45:39.026662198
58,117.25,93,117.27,09:45:39.026662198
58,117.25,86,117.27,09:45:39.026747421
58,117.25,83,117.27,09:45:39.026747421
2,117.26,83,117.27,09:45:39.026764383
2,117.26,65,117.27,09:45:39.027092831
5,117.26,65,117.27,09:45:39.027303452
16,117.26,65,117.27,09:45:39.027443285
17,117.26,65,117.27,09:45:39.027619436
21,117.26,65,117.27,09:45:39.027619436
21,117.26,67,117.27,09:45:39.027664959
27,117.26,67,117.27,09:45:39.037216008
27,117.26,66,117.27,09:45:39.037320888
27,117.26,62,117.27,09:45:39.042341902
27,117.26,50,117.27,09:45:39.042341902
29,117.26,50,117.27,09:45:39.042702561
29,117.26,49,117.27,09:45:39.042835933
29,117.26,39,117.27,09:45:39.042991412
29,117.26,37,117.27,09:45:39.043212224
29,117.26,36,117.27,09:45:39.046959079
29,117.26,35,117.27,09:45:39.047066231
35,117.26,35,117.27,09:45:39.047430554
35,117.26,34,117.27,09:45:39.047501808
35,117.26,33,117.27,09:45:39.047611319
35,117.26,32,117.27,09:45:39.047725350
44,117.26,32,117.27,09:45:39.051335693
44,117.26,26,117.27,09:45:39.052319346
44,117.26,27,117.27,09:45:39.053204767
44,117.26,28,117.27,09:45:39.053587611
44,117.26,27,117.27,09:45:39.054557375
44,117.26,33,117.27,09:45:39.061334806
44,117.26,36,117.27,09:45:39.289384131
44,117.26,33,117.27,09:45:39.308296781
44,117.26,34,117.27,09:45:39.352338444
44,117.26,40,117.27,09:45:39.352405987
44,117.26,41,117.27,09:45:39.352477363
35,117.26,41,117.27,09:45:39.352543311
29,117.26,41,117.27,09:45:39.352672172
29,117.26,42,117.27,09:45:39.352841503
27,117.26,42,117.27,09:45:39.352906812
27,117.26,43,117.27,09:45:39.356788374
27,117.26,44,117.27,09:45:39.585079805
27,117.26,45,117.27,09:45:39.605435990
27,117.26,46,117.27,09:45:39.605499978
21,117.26,46,117.27,09:45:39.706919232
10,117.26,46,117.27,09:45:39.707112579
10,117.26,59,117.27,09:45:39.707182826
10,117.26,69,117.27,09:45:39.707259971
6,117.26,69,117.27,09:45:39.707259971
6,117.26,71,117.27,09:45:39.707390714
4,117.26,71,117.27,09:45:39.707463597
1,117.26,71,117.27,09:45:39.707569132
79,117.25,71,117.27,09:45:39.707569132
3,117.26,71,117.27,09:45:39.707987612
79,117.25,71,117.27,09:45:39.820700291
79,117.25,72,117.27,09:45:40.108808379
79,117.25,71,117.27,09:45:40.687995223
78,117.25,71,117.27,09:45:42.029605710
78,117.25,6,117.26,09:45:42.029686286
78,117.25,7,117.26,09:45:42.029854692
78,117.25,8,117.26,09:45:42.029947319
78,117.25,9,117.26,09:45:42.029947319
78,117.25,10,117.26,09:45:42.030068033
76,117.25,10,117.26,09:45:42.030271716
76,117.25,11,117.26,09:45:42.030271716
74,117.25,11,117.26,09:45:42.030589507
74,117.25,12,117.26,09:45:42.033760395
57,117.25,12,117.26,09:45:42.034097604
53,117.25,12,117.26,09:45:42.034334792
45,117.25,12,117.26,09:45:42.034421228
45,117.25,20,117.26,09:45:42.034519842
45,117.25,21,117.26,09:45:42.034535347
43,117.25,21,117.26,09:45:42.034535347
43,117.25,27,117.26,09:45:42.034804263
43,117.25,26,117.26,09:45:42.034898592
43,117.25,38,117.26,09:45:42.035032419
43,117.25,41,117.26,09:45:42.035163139
43,117.25,42,117.26,09:45:42.035566215
43,117.25,43,117.26,09:45:42.035979305
43,117.25,52,117.26,09:45:42.036655737
43,117.25,54,117.26,09:45:42.040464390
43,117.25,56,117.26,09:45:42.043281517
37,117.25,56,117.26,09:45:42.043533527
37,117.25,57,117.26,09:45:42.043533527
32,117.25,57,117.26,09:45:42.043898189
32,117.25,58,117.26,09:45:42.043976013
21,117.25,58,117.26,09:45:42.044072976
15,117.25,58,117.26,09:45:42.045424783
15,117.25,59,117.26,09:45:42.045521009
14,117.25,59,117.26,09:45:42.047068285
13,117.25,59,117.26,09:45:42.047194042
12,117.25,59,117.26,09:45:42.047281610
11,117.25,59,117.26,09:45:42.047281610
3,117.25,59,117.26,09:45:42.047281610
2,117.25,59,117.26,09:45:42.047281610
76,117.24,59,117.26,09:45:42.047281610
76,117.24,65,117.26,09:45:42.047281610
76,117.24,67,117.26,09:45:42.047560403
74,117.24,67,117.26,09:45:42.047560403
74,117.24,6,117.25,09:45:42.047713238
74,117.24,67,117.26,09:45:42.048180768
74,117.24,85,117.26,09:45:42.048180768
74,117.24,1,117.25,09:45:42.099990557
74,117.24,2,117.25,09:45:42.100147621
74,117.24,6,117.25,09:45:42.100298837
74,117.24,5,117.25,09:45:42.406556404
74,117.24,1,117.25,09:45:42.420284365
74,117.24,85,117.26,09:45:42.420609341
6,117.25,85,117.26,09:45:42.433796683
6,117.25,67,117.26,09:45:42.434179030
7,117.25,67,117.26,09:45:42.434280655
13,117.25,67,117.26,09:45:42.436321895
13,117.25,66,117.26,09:45:42.436651098
29,117.25,66,117.26,09:45:42.439015118
29,117.25,65,117.26,09:45:42.439178379
29,117.25,64,117.26,09:45:42.439256334
25,117.25,64,117.26,09:45:42.446255203
25,117.25,66,117.26,09:45:42.446402419
25,117.25,64,117.26,09:45:42.446473263
23,117.25,64,117.26,09:45:42.446551283
23,117.25,62,117.26,09:45:42.446615641
7,117.25,62,117.26,09:45:42.452753876
7,117.25,65,117.26,09:45:42.452935610
15,117.25,65,117.26,09:45:42.453005060
15,117.25,62,117.26,09:45:42.453105700
15,117.25,63,117.26,09:45:42.520135689
15,117.25,64,117.26,09:45:42.615573903
15,117.25,66,117.26,09:45:42.629284746
9,117.25,66,117.26,09:45:42.640206902
9,117.25,67,117.26,09:45:42.640351427
1,117.25,67,117.26,09:45:42.654110949
1,117.25,68,117.26,09:45:42.689606453
1,117.25,69,117.26,09:45:42.694661467
76,117.24,69,117.26,09:45:42.706994635
74,117.24,69,117.26,09:45:42.707209135
76,117.24,69,117.26,09:45:43.086614086
3,117.25,69,117.26,09:45:44.243230485
4,117.25,69,117.26,09:45:44.243495771
5,117.25,69,117.26,09:45:44.243602823
5,117.25,68,117.26,09:45:44.245512678
13,117.25,68,117.26,09:45:44.245589469
13,117.25,67,117.26,09:45:44.245760134
26,117.25,67,117.26,09:45:44.245848537
26,117.25,66,117.26,09:45:44.245848537
32,117.25,66,117.26,09:45:44.250145417
32,117.25,64,117.26,09:45:44.250217187
32,117.25,58,117.26,09:45:44.250537116
32,117.25,46,117.26,09:45:44.250537116
32,117.25,43,117.26,09:45:44.250537116
32,117.25,34,117.26,09:45:44.250918242
42,117.25,34,117.26,09:45:44.251783915
42,117.25,33,117.26,09:45:44.251783915
42,117.25,31,117.26,09:45:44.252105188
42,117.25,29,117.26,09:45:44.255788666
32,117.25,29,117.26,09:45:44.257665261
32,117.25,31,117.26,09:45:44.257819033
32,117.25,29,117.26,09:45:44.258184387
38,117.25,29,117.26,09:45:44.276401829
40,117.25,29,117.26,09:45:44.286332070
40,117.25,23,117.26,09:45:44.286519258
38,117.25,23,117.26,09:45:44.288203279
38,117.25,29,117.26,09:45:44.340103161
48,117.25,29,117.26,09:45:44.361249878
48,117.25,23,117.26,09:45:44.555725540
49,117.25,23,117.26,09:45:44.556110259
48,117.25,23,117.26,09:45:44.584846672
48,117.25,29,117.26,09:45:44.633958632
38,117.25,29,117.26,09:45:44.634244846
38,117.25,30,117.26,09:45:44.803972676
32,117.25,30,117.26,09:45:44.804659101
32,117.25,36,117.26,09:45:44.804659101
32,117.25,49,117.26,09:45:44.805823996
32,117.25,59,117.26,09:45:44.807281618
26,117.25,59,117.26,09:45:44.807843883
13,117.25,59,117.26,09:45:44.808028206
13,117.25,61,117.26,09:45:44.808093256
13,117.25,62,117.26,09:45:44.808199860
5,117.25,62,117.26,09:45:44.811637653
5,117.25,63,117.26,09:45:44.811697173
2,117.25,63,117.26,09:45:44.811804805
1,117.25,63,117.26,09:45:44.811885975
7,117.25,63,117.26,09:45:44.818804763
7,117.25,62,117.26,09:45:44.819319973
7,117.25,61,117.26,09:45:44.823393385
8,117.25,61,117.26,09:45:44.823577801
14,117.25,61,117.26,09:45:44.823654028
15,117.25,61,117.26,09:45:44.823654028
17,117.25,61,117.26,09:45:44.823726002
25,117.25,61,117.26,09:45:44.823793234
23,117.25,61,117.26,09:45:44.823858255
23,117.25,48,117.26,09:45:44.823962862
23,117.25,38,117.26,09:45:44.824037847
23,117.25,37,117.26,09:45:44.825330769
23,117.25,35,117.26,09:45:44.825875677
23,117.25,36,117.26,09:45:44.828683557
36,117.25,36,117.26,09:45:44.935836836
36,117.25,35,117.26,09:45:44.936011168
37,117.25,35,117.26,09:45:45.144885058
37,117.25,37,117.26,09:45:45.288578597
39,117.25,37,117.26,09:45:45.490550941
54,117.25,37,117.26,09:45:45.490890101
64,117.25,37,117.26,09:45:45.490907328
64,117.25,29,117.26,09:45:45.491338630
64,117.25,23,117.26,09:45:45.491338630
64,117.25,17,117.26,09:45:45.491356104
64,117.25,16,117.26,09:45:45.491527836
64,117.25,15,117.26,09:45:45.491603983
64,117.25,14,117.26,09:45:45.491712005
64,117.25,13,117.26,09:45:45.519532343
64,117.25,12,117.26,09:45:45.519610775
64,117.25,11,117.26,09:45:45.519811590
64,117.25,10,117.26,09:45:45.520033040
65,117.25,10,117.26,09:45:45.520126541
71,117.25,10,117.26,09:45:45.520126541
71,117.25,9,117.26,09:45:45.520196464
71,117.25,10,117.26,09:45:45.520273141
71,117.25,9,117.26,09:45:45.726642891
72,117.25,9,117.26,09:45:45.726702427
72,117.25,4,117.26,09:45:45.730343778
72,117.25,10,117.26,09:45:45.815460429
71,117.25,10,117.26,09:45:45.817774745
70,117.25,10,117.26,09:45:45.818362707
70,117.25,11,117.26,09:45:45.821824489
70,117.25,12,117.26,09:45:45.821952502
70,117.25,13,117.26,09:45:45.822074822
70,117.25,14,117.26,09:45:45.822349292
64,117.25,14,117.26,09:45:45.822640482
64,117.25,22,117.26,09:45:45.823949166
64,117.25,24,117.26,09:45:45.965843053
54,117.25,24,117.26,09:45:46.288610536
54,117.25,16,117.26,09:45:46.292824050
54,117.25,15,117.26,09:45:46.293378834
54,117.25,16,117.26,09:45:46.303908912
54,117.25,24,117.26,09:45:46.304481269
64,117.25,24,117.26,09:45:46.400041230
65,117.25,24,117.26,09:45:46.400115748
65,117.25,16,117.26,09:45:46.400297735
65,117.25,15,117.26,09:45:46.400371114
65,117.25,14,117.26,09:45:46.400446292
65,117.25,13,117.26,09:45:46.404437159
64,117.25,13,117.26,09:45:46.598229609
64,117.25,12,117.26,09:45:46.689423226
64,117.25,13,117.26,09:45:46.705457645
66,117.25,13,117.26,09:45:46.892730952
66,117.25,7,117.26,09:45:46.892811726
72,117.25,7,117.26,09:45:46.892811726
72,117.25,6,117.26,09:45:46.892915256
74,117.25,6,117.26,09:45:46.895944116
74,117.25,5,117.26,09:45:46.900371434
74,117.25,3,117.26,09:45:46.900371434
74,117.25,1,117.26,09:45:46.900465205
74,117.25,83,117.27,09:45:46.900465205
76,117.25,83,117.27,09:45:46.900577989
76,117.25,82,117.27,09:45:46.900781246
70,117.25,82,117.27,09:45:46.900887011
70,117.25,1,117.26,09:45:46.922470944
70,117.25,5,117.26,09:45:46.922746097
70,117.25,7,117.26,09:45:46.933257236
70,117.25,5,117.26,09:45:46.936493833
70,117.25,4,117.26,09:45:46.943841356
70,117.25,82,117.27,09:45:46.943841356
70,117.25,114,117.27,09:45:46.945896027
4,117.26,114,117.27,09:45:46.946009756
5,117.26,114,117.27,09:45:46.946173036
5,117.26,112,117.27,09:45:46.958507595
4,117.26,112,117.27,09:45:46.964853465
4,117.26,119,117.27,09:45:46.964993418
3,117.26,119,117.27,09:45:46.986356447
3,117.26,118,117.27,09:45:46.986356447
1,117.26,118,117.27,09:45:46.986559903
70,117.25,118,117.27,09:45:46.986559903
70,117.25,120,117.27,09:45:46.995643160
70,117.25,1,117.26,09:45:47.007628243
76,117.25,1,117.26,09:45:47.007982360
76,117.25,113,117.27,09:45:47.038264805
70,117.25,113,117.27,09:45:47.038461630
69,117.25,113,117.27,09:45:47.123020509
1,117.26,113,117.27,09:45:47.123949018
1,117.26,120,117.27,09:45:47.124129477
1,117.26,118,117.27,09:45:47.136442102
69,117.25,118,117.27,09:45:47.355261493
69,117.25,120,117.27,09:45:47.367581861
69,117.25,6,117.26,09:45:47.521211100
69,117.25,9,117.26,09:45:47.521388585
67,117.25,9,117.26,09:45:47.521537564
67,117.25,10,117.26,09:45:47.522813490
67,117.25,11,117.26,09:45:47.522997057
67,117.25,12,117.26,09:45:47.523078942
65,117.25,12,117.26,09:45:47.523184494
65,117.25,11,117.26,09:45:47.523453684
65,117.25,12,117.26,09:45:47.527298142
65,117.25,13,117.26,09:45:47.528133473
65,117.25,7,117.26,09:45:47.529125619
66,117.25,7,117.26,09:45:47.529276333
67,117.25,7,117.26,09:45:47.539737778
66,117.25,7,117.26,09:45:47.545387047
65,117.25,7,117.26,09:45:47.783417847
65,117.25,8,117.26,09:45:47.787127214
65,117.25,7,117.26,09:45:47.787298731
65,117.25,13,117.26,09:45:47.801977407
63,117.25,13,117.26,09:45:47.802130243
64,117.25,13,117.26,09:45:47.809257133
64,117.25,7,117.26,09:45:47.809524886
65,117.25,7,117.26,09:45:47.809668426
64,117.25,7,117.26,09:45:47.817201337
64,117.25,6,117.26,09:45:48.177917894
64,117.25,3,117.26,09:45:48.179952861
69,117.25,3,117.26,09:45:48.180125309
71,117.25,3,117.26,09:45:48.180189291
71,117.25,2,117.26,09:45:48.180299569
73,117.25,2,117.26,09:45:48.180364702
74,117.25,2,117.26,09:45:48.180608205
74,117.25,1,117.26,09:45:48.180608205
74,117.25,114,117.27,09:45:48.180750433
76,117.25,114,117.27,09:45:48.180818900
76,117.25,113,117.27,09:45:48.180966236
71,117.25,113,117.27,09:45:48.186111830
69,117.25,113,117.27,09:45:48.186638943
25,117.26,113,117.27,09:45:48.351722497
25,117.26,95,117.27,09:45:48.351989275
25,117.26,100,117.27,09:45:48.443950660
25,117.26,102,117.27,09:45:48.444017968
25,117.26,100,117.27,09:45:49.694552720
70,117.25,100,117.27,09:45:50.041510934
25,117.26,100,117.27,09:45:50.041510934
16,117.26,100,117.27,09:45:50.042708856
22,117.26,100,117.27,09:45:51.147211135
36,117.26,100,117.27,09:45:51.147595268
36,117.26,87,117.27,09:45:51.148247256
36,117.26,86,117.27,09:45:51.148812276
36,117.26,85,117.27,09:45:51.742710488
36,117.26,84,117.27,09:45:51.742862687
36,117.26,74,117.27,09:45:51.871832427
42,117.26,74,117.27,09:45:51.872133915
42,117.26,75,117.27,09:45:51.881058818
36,117.26,75,117.27,09:45:52.145206047
22,117.26,75,117.27,09:45:52.420990960
22,117.26,78,117.27,09:45:52.421142297
16,117.26,78,117.27,09:45:52.658734774
16,117.26,75,117.27,09:45:52.666970594
16,117.26,76,117.27,09:45:52.676249973
16,117.26,75,117.27,09:45:52.850373925
16,117.26,76,117.27,09:45:53.093103410
16,117.26,77,117.27,09:45:53.093551568
16,117.26,76,117.27,09:45:53.094318450
16,117.26,77,117.27,09:45:53.097732368
16,117.26,78,117.27,09:45:53.101345066
16,117.26,77,117.27,09:45:53.115946936
16,117.26,76,117.27,09:45:53.119851105
16,117.26,75,117.27,09:45:53.120275173
18,117.26,75,117.27,09:45:53.168186371
33,117.26,75,117.27,09:45:53.174836587
33,117.26,76,117.27,09:45:53.697440058
39,117.26,76,117.27,09:45:53.705057224
37,117.26,76,117.27,09:45:53.719777628
31,117.26,76,117.27,09:45:53.719802671
16,117.26,76,117.27,09:45:53.719971398
16,117.26,79,117.27,09:45:53.720350326
16,117.26,76,117.27,09:45:53.723314727
70,117.25,76,117.27,09:45:54.528094990
16,117.26,76,117.27,09:45:54.528094990
16,117.26,79,117.27,09:45:54.528239224
17,117.26,79,117.27,09:45:55.201684296
17,117.26,76,117.27,09:45:55.201845010
32,117.26,76,117.27,09:45:55.202008831
16,117.26,76,117.27,09:45:56.064516783
15,117.26,76,117.27,09:45:56.064516783
7,117.26,76,117.27,09:45:56.064516783
70,117.25,76,117.27,09:45:56.064659595
70,117.25,87,117.27,09:45:56.064727320
70,117.25,90,117.27,09:45:56.064815794
70,117.25,104,117.27,09:45:56.837517351
70,117.25,6,117.26,09:45:56.838147867
70,117.25,7,117.26,09:45:56.838532967
70,117.25,8,117.26,09:45:56.838995447
70,117.25,9,117.26,09:45:56.838995447
68,117.25,9,117.26,09:45:56.839151543
68,117.25,10,117.26,09:45:56.841004940
68,117.25,11,117.26,09:45:56.841138267
67,117.25,11,117.26,09:45:56.841212245
66,117.25,11,117.26,09:45:56.841504764
64,117.25,11,117.26,09:45:56.861883587
65,117.25,11,117.26,09:45:56.862381778
66,117.25,11,117.26,09:45:56.866448623
66,117.25,10,117.26,09:45:56.870599481
66,117.25,9,117.26,09:45:56.870767077
66,117.25,8,117.26,09:45:56.870877138
66,117.25,9,117.26,09:45:57.552988091
66,117.25,10,117.26,09:45:57.698262439
66,117.25,9,117.26,09:45:57.751152732
66,117.25,4,117.26,09:45:57.751341871
72,117.25,4,117.26,09:45:57.751415907
74,117.25,4,117.26,09:45:57.751712169
74,117.25,5,117.26,09:45:57.851204992
74,117.25,6,117.26,09:45:57.878422456
74,117.25,7,117.26,09:45:57.917724653
74,117.25,13,117.26,09:45:57.917793510
68,117.25,13,117.26,09:45:57.918545575
66,117.25,13,117.26,09:45:57.923252752
65,117.25,13,117.26,09:45:57.923322709
65,117.25,14,117.26,09:45:57.923515082
66,117.25,14,117.26,09:45:58.025246828
65,117.25,14,117.26,09:45:58.353966930
64,117.25,14,117.26,09:45:58.360092999
64,117.25,15,117.26,09:45:58.360464544
64,117.25,14,117.26,09:45:58.360599152
64,117.25,23,117.26,09:45:58.360708261
64,117.25,29,117.26,09:45:58.360780003
65,117.25,29,117.26,09:45:58.361015766
66,117.25,29,117.26,09:45:58.361588693
66,117.25,23,117.26,09:45:58.361736373
66,117.25,17,117.26,09:45:58.361908485
66,117.25,8,117.26,09:45:58.361998543
66,117.25,7,117.26,09:45:58.361998543
66,117.25,6,117.26,09:45:58.363451124
66,117.25,5,117.26,09:45:58.363634238
66,117.25,4,117.26,09:45:58.363736621
66,117.25,3,117.26,09:45:58.363981639
66,117.25,4,117.26,09:45:58.364784512
66,117.25,5,117.26,09:45:58.364945296
73,117.25,5,117.26,09:45:58.365161243
73,117.25,13,117.26,09:45:58.365310550
73,117.25,5,117.26,09:45:58.366971044
73,117.25,4,117.26,09:45:58.367907153
73,117.25,3,117.26,09:45:58.368116848
73,117.25,2,117.26,09:45:58.369036752
73,117.25,1,117.26,09:45:58.369249292
73,117.25,113,117.27,09:45:58.369339524
73,117.25,115,117.27,09:45:58.369454635
66,117.25,115,117.27,09:45:58.369528147
68,117.25,115,117.27,09:45:58.369599875
68,117.25,4,117.26,09:45:58.628896879
68,117.25,6,117.26,09:45:58.628997996
68,117.25,12,117.26,09:45:58.629170430
68,117.25,18,117.26,09:45:58.629170430
67,117.25,18,117.26,09:45:58.629170430
66,117.25,18,117.26,09:45:58.629170430
66,117.25,19,117.26,09:45:58.629302258
66,117.25,20,117.26,09:45:58.629481541
64,117.25,20,117.26,09:45:58.629481541
64,117.25,14,117.26,09:45:58.629758837
64,117.25,13,117.26,09:45:58.629759842
65,117.25,13,117.26,09:45:58.629963694
66,117.25,13,117.26,09:45:58.630271605
66,117.25,7,117.26,09:45:58.630449409
65,117.25,7,117.26,09:45:58.631280743
65,117.25,8,117.26,09:45:58.632821638
64,117.25,8,117.26,09:45:58.633036867
64,117.25,9,117.26,09:45:58.633108582
64,117.25,8,117.26,09:45:58.633345689
64,117.25,7,117.26,09:45:58.633416783
65,117.25,7,117.26,09:45:58.633416783
65,117.25,8,117.26,09:45:58.633914578
65,117.25,7,117.26,09:45:58.634143210
66,117.25,7,117.26,09:45:58.634402805
65,117.25,7,117.26,09:45:58.634913019
65,117.25,8,117.26,09:45:58.635051537
64,117.25,8,117.26,09:45:58.635127758
64,117.25,10,117.26,09:45:58.635198279
64,117.25,16,117.26,09:45:58.635269950
64,117.25,14,117.26,09:45:58.635502205
64,117.25,13,117.26,09:45:58.635963296
65,117.25,13,117.26,09:45:58.635963296
66,117.25,13,117.26,09:45:58.636340003
65,117.25,13,117.26,09:45:58.636808387
65,117.25,14,117.26,09:45:58.637064815
65,117.25,13,117.26,09:45:58.637249475
64,117.25,13,117.26,09:45:58.637364582
64,117.25,14,117.26,09:45:58.637541112
64,117.25,15,117.26,09:45:58.637683858
64,117.25,24,117.26,09:45:58.638151781
64,117.25,25,117.26,09:45:58.638217071
64,117.25,24,117.26,09:45:58.638293979
64,117.25,23,117.26,09:45:58.638359659
64,117.25,22,117.26,09:45:58.638688261
64,117.25,13,117.26,09:45:58.639266630
64,117.25,14,117.26,09:45:58.639373514
64,117.25,15,117.26,09:45:58.639443502
64,117.25,16,117.26,09:45:58.639606854
64,117.25,15,117.26,09:45:58.640531331
64,117.25,14,117.26,09:45:58.640847699
64,117.25,13,117.26,09:45:58.642971854
64,117.25,14,117.26,09:45:58.643294443
64,117.25,15,117.26,09:45:58.647401147
64,117.25,16,117.26,09:45:58.648255860
64,117.25,15,117.26,09:45:58.746918840
64,117.25,14,117.26,09:45:58.747048715
64,117.25,13,117.26,09:45:58.772559553
64,117.25,14,117.26,09:45:59.036271907
64,117.25,13,117.26,09:45:59.061306166
64,117.25,14,117.26,09:45:59.505305626
64,117.25,13,117.26,09:45:59.513375027
64,117.25,14,117.26,09:45:59.578716919
64,117.25,16,117.26,09:45:59.578776999
64,117.25,14,117.26,09:45:59.767664265
64,117.25,15,117.26,09:45:59.800714444
64,117.25,16,117.26,09:45:59.919507873
64,117.25,15,117.26,09:46:00.005769358
64,117.25,14,117.26,09:46:00.006026798
64,117.25,13,117.26,09:46:00.006442097
64,117.25,14,117.26,09:46:00.013789247
64,117.25,15,117.26,09:46:00.014298290
64,117.25,16,117.26,09:46:00.014352161
64,117.25,24,117.26,09:46:00.016844256
64,117.25,34,117.26,09:46:00.026402465
51,117.25,34,117.26,09:46:00.026453550
41,117.25,34,117.26,09:46:00.026453550
41,117.25,39,117.26,09:46:00.026453550
41,117.25,41,117.26,09:46:00.026453550
41,117.25,46,117.26,09:46:00.026453550
40,117.25,46,117.26,09:46:00.026785467
39,117.25,46,117.26,09:46:00.026785467
24,117.25,46,117.26,09:46:00.026962334
22,117.25,46,117.26,09:46:00.026962334
22,117.25,48,117.26,09:46:00.026962334
22,117.25,58,117.26,09:46:00.027224638
22,117.25,59,117.26,09:46:00.047240596
42,117.25,59,117.26,09:46:00.144751162
43,117.25,59,117.26,09:46:00.145096019
42,117.25,59,117.26,09:46:00.759177980
36,117.25,59,117.26,09:46:00.759278194
32,117.25,59,117.26,09:46:00.759293893
24,117.25,59,117.26,09:46:00.759356639
24,117.25,65,117.26,09:46:00.759573890
22,117.25,65,117.26,09:46:00.759723346
22,117.25,66,117.26,09:46:00.859864155
25,117.25,66,117.26,09:46:00.973859128
25,117.25,60,117.26,09:46:00.973947035
31,117.25,60,117.26,09:46:00.973947035
37,117.25,60,117.26,09:46:00.973964336
51,117.25,60,117.26,09:46:00.973964336
51,117.25,50,117.26,09:46:00.974214452
51,117.25,45,117.26,09:46:00.974214452
51,117.25,35,117.26,09:46:00.974300465
51,117.25,33,117.26,09:46:00.976454373
51,117.25,32,117.26,09:46:00.977775426
51,117.25,27,117.26,09:46:00.978157131
51,117.25,25,117.26,09:46:00.978312395
51,117.25,24,117.26,09:46:00.978374581
51,117.25,16,117.26,09:46:00.978464273
59,117.25,16,117.26,09:46:00.978464273
59,117.25,17,117.26,09:46:00.979121236
59,117.25,18,117.26,09:46:00.979464196
59,117.25,17,117.26,09:46:00.979699747
59,117.25,18,117.26,09:46:00.979962119
59,117.25,17,117.26,09:46:00.980126202
59,117.25,16,117.26,09:46:00.980354912
59,117.25,18,117.26,09:46:00.980557824
59,117.25,16,117.26,09:46:00.981000883
59,117.25,17,117.26,09:46:00.981344172
59,117.25,18,117.26,09:46:00.981964565
59,117.25,24,117.26,09:46:00.982309871
51,117.25,24,117.26,09:46:00.986683534
37,117.25,24,117.26,09:46:00.986839511
37,117.25,32,117.26,09:46:00.986990449
45,117.25,32,117.26,09:46:00.994023457
45,117.25,24,117.26,09:46:00.994232639
45,117.25,23,117.26,09:46:00.994376770
45,117.25,24,117.26,09:46:01.002373887
45,117.25,23,117.26,09:46:01.011892059
45,117.25,24,117.26,09:46:01.022229707
45,117.25,23,117.26,09:46:01.024922234
44,117.25,23,117.26,09:46:01.038112364
44,117.25,24,117.26,09:46:01.038285471
44,117.25,32,117.26,09:46:01.038358665
36,117.25,32,117.26,09:46:01.038358665
44,117.25,32,117.26,09:46:01.038455907
44,117.25,31,117.26,09:46:01.038590835
44,117.25,23,117.26,09:46:01.054932828
44,117.25,22,117.26,09:46:01.055104536
45,117.25,22,117.26,09:46:01.055174169
44,117.25,22,117.26,09:46:01.096502978
44,117.25,27,117.26,09:46:01.096670716
44,117.25,29,117.26,09:46:01.096773022
44,117.25,31,117.26,09:46:01.106724990
44,117.25,29,117.26,09:46:01.181528253
44,117.25,30,117.26,09:46:01.255818813
44,117.25,31,117.26,09:46:01.382103313
44,117.25,41,117.26,09:46:01.382173172
44,117.25,46,117.26,09:46:01.382276794
36,117.25,46,117.26,09:46:01.382343853
36,117.25,53,117.26,09:46:01.382489367
36,117.25,57,117.26,09:46:01.382591175
33,117.25,57,117.26,09:46:01.382662631
33,117.25,59,117.26,09:46:01.382762064
27,117.25,59,117.26,09:46:01.492029647
21,117.25,59,117.26,09:46:01.492129787
29,117.25,59,117.26,09:46:02.070085863
21,117.25,59,117.26,09:46:02.080024880
21,117.25,68,117.26,09:46:02.231840727
21,117.25,67,117.26,09:46:02.422081428
21,117.25,68,117.26,09:46:02.442342047
29,117.25,68,117.26,09:46:03.669611068
29,117.25,61,117.26,09:46:03.956976792
29,117.25,57,117.26,09:46:03.957055371
30,117.25,57,117.26,09:46:04.112869998
30,117.25,58,117.26,09:46:04.290753642
30,117.25,60,117.26,09:46:04.696936369
22,117.25,60,117.26,09:46:04.711809900
22,117.25,70,117.26,09:46:05.438630751
22,117.25,60,117.26,09:46:06.392180420
30,117.25,60,117.26,09:46:06.396883536
46,117.25,60,117.26,09:46:06.397199654
46,117.25,59,117.26,09:46:06.397350349
46,117.25,54,117.26,09:46:06.401087383
46,117.25,44,117.26,09:46:06.401157280
46,117.25,45,117.26,09:46:06.410140937
46,117.25,44,117.26,09:46:06.412515099
46,117.25,45,117.26,09:46:06.413895976
46,117.25,44,117.26,09:46:06.425420090
46,117.25,45,117.26,09:46:06.443836962
30,117.25,45,117.26,09:46:06.455913682
22,117.25,45,117.26,09:46:06.456075555
22,117.25,53,117.26,09:46:06.459876553
23,117.25,53,117.26,09:46:06.637921270
39,117.25,53,117.26,09:46:06.638105556
39,117.25,45,117.26,09:46:06.638167332
39,117.25,44,117.26,09:46:06.638230896
39,117.25,43,117.26,09:46:06.639207401
39,117.25,41,117.26,09:46:06.639455443
47,117.25,41,117.26,09:46:06.644070843
59,117.25,41,117.26,09:46:06.644203983
51,117.25,41,117.26,09:46:06.667523943
51,117.25,42,117.26,09:46:06.667679689
39,117.25,42,117.26,09:46:06.667748695
39,117.25,43,117.26,09:46:06.667858304
23,117.25,43,117.26,09:46:06.669472101
23,117.25,51,117.26,09:46:06.742923167
22,117.25,51,117.26,09:46:06.755727161
22,117.25,53,117.26,09:46:06.755874681
22,117.25,49,117.26,09:46:06.785045599
22,117.25,47,117.26,09:46:06.785045599
22,117.25,46,117.26,09:46:06.785132914
22,117.25,40,117.26,09:46:06.785147704
38,117.25,40,117.26,09:46:06.785337417
44,117.25,40,117.26,09:46:06.785431340
47,117.25,40,117.26,09:46:06.785431340
48,117.25,40,117.26,09:46:06.785449330
54,117.25,40,117.26,09:46:06.785449330
57,117.25,40,117.26,09:46:06.785449330
57,117.25,39,117.26,09:46:06.785449330
57,117.25,31,117.26,09:46:06.785542143
57,117.25,29,117.26,09:46:06.785542143
57,117.25,27,117.26,09:46:06.785563967
57,117.25,33,117.26,09:46:06.785563967
57,117.25,28,117.26,09:46:06.785563967
58,117.25,28,117.26,09:46:06.785563967
66,117.25,28,117.26,09:46:06.785563967
66,117.25,27,117.26,09:46:06.785563967
66,117.25,26,117.26,09:46:06.785563967
78,117.25,26,117.26,09:46:06.785633212
70,117.25,26,117.26,09:46:06.785705711
70,117.25,25,117.26,09:46:06.785829661
70,117.25,24,117.26,09:46:06.785829661
70,117.25,18,117.26,09:46:06.785919976
70,117.25,10,117.26,09:46:06.785934635
70,117.25,9,117.26,09:46:06.786011870
70,117.25,8,117.26,09:46:06.786011870
77,117.25,8,117.26,09:46:06.786331304
85,117.25,8,117.26,09:46:06.786473752
87,117.25,8,117.26,09:46:06.786488641
79,117.25,8,117.26,09:46:06.786488641
79,117.25,9,117.26,09:46:06.813840533
79,117.25,10,117.26,09:46:06.814045881
79,117.25,9,117.26,09:46:06.814114739
79,117.25,8,117.26,09:46:06.814250816
79,117.25,9,117.26,09:46:06.883085438
97,117.25,9,117.26,09:46:07.100590281
79,117.25,9,117.26,09:46:07.147381627
79,117.25,7,117.26,09:46:07.147381627
79,117.25,2,117.26,09:46:07.147446840
79,117.25,1,117.26,09:46:07.148752551
79,117.25,4,117.26,09:46:07.369638443
79,117.25,5,117.26,09:46:07.378647636
79,117.25,6,117.26,09:46:07.379093472
79,117.25,7,117.26,09:46:07.850708461
79,117.25,13,117.26,09:46:07.909777462
77,117.25,13,117.26,09:46:07.909918314
78,117.25,13,117.26,09:46:08.084296635
80,117.25,13,117.26,09:46:08.145627221
92,117.25,13,117.26,09:46:08.149548200
92,117.25,7,117.26,09:46:08.542915700
92,117.25,6,117.26,09:46:08.543098426
92,117.25,5,117.26,09:46:08.547351578
92,117.25,4,117.26,09:46:08.547510967
94,117.25,4,117.26,09:46:08.547819958
94,117.25,3,117.26,09:46:08.553102318
94,117.25,129,117.27,09:46:08.553102318
1,117.26,129,117.27,09:46:08.553371947
1,117.26,128,117.27,09:46:08.553371947
1,117.26,133,117.27,09:46:08.650478847
1,117.26,135,117.27,09:46:08.650552860
89,117.25,135,117.27,09:46:08.650921832
89,117.25,3,117.26,09:46:08.651195531
103,117.25,3,117.26,09:46:08.651270161
103,117.25,5,117.26,09:46:08.651456824
103,117.25,6,117.26,09:46:08.651456824
103,117.25,3,117.26,09:46:08.651523075
89,117.25,3,117.26,09:46:08.651607576
89,117.25,4,117.26,09:46:08.654882488
89,117.25,3,117.26,09:46:08.655244712
69,117.25,3,117.26,09:46:08.743621537
68,117.25,3,117.26,09:46:08.743690066
68,117.25,6,117.26,09:46:08.743796782
76,117.25,6,117.26,09:46:08.743863278
76,117.25,4,117.26,09:46:08.744767830
76,117.25,3,117.26,09:46:08.744767830
76,117.25,136,117.27,09:46:08.744767830
12,117.26,136,117.27,09:46:08.744767830
12,117.26,134,117.27,09:46:08.745011127
12,117.26,133,117.27,09:46:08.745136681
94,117.25,133,117.27,09:46:08.745257782
94,117.25,128,117.27,09:46:08.745257782
1,117.26,128,117.27,09:46:08.745405270
1,117.26,133,117.27,09:46:08.745616361
1,117.26,135,117.27,09:46:08.745688157
91,117.25,135,117.27,09:46:08.746380236
91,117.25,134,117.27,09:46:08.885262635
91,117.25,135,117.27,09:46:09.162717213
91,117.25,137,117.27,09:46:09.239930904
2,117.26,137,117.27,09:46:09.764614966
91,117.25,137,117.27,09:46:09.765061231
91,117.25,1,117.26,09:46:09.765322182
77,117.25,1,117.26,09:46:09.765489314
77,117.25,2,117.26,09:46:09.765489314
77,117.25,3,117.26,09:46:09.765566838
77,117.25,2,117.26,09:46:09.765728923
77,117.25,3,117.26,09:46:09.765887253
77,117.25,2,117.26,09:46:10.033027859
81,117.25,2,117.26,09:46:10.033312367
84,117.25,2,117.26,09:46:10.033395958
84,117.25,3,117.26,09:46:10.116978031
84,117.25,9,117.26,09:46:10.119185412
84,117.25,10,117.26,09:46:10.119258967
84,117.25,11,117.26,09:46:10.119370468
80,117.25,11,117.26,09:46:10.119448902
77,117.25,11,117.26,09:46:10.119448902
69,117.25,11,117.26,09:46:10.119525110
67,117.25,11,117.26,09:46:10.119688929
67,117.25,10,117.26,09:46:10.214269404
67,117.25,12,117.26,09:46:10.336168427
67,117.25,13,117.26,09:46:10.512509794
67,117.25,14,117.26,09:46:10.547102606
67,117.25,15,117.26,09:46:10.547314501
67,117.25,27,117.26,09:46:10.551099413
67,117.25,30,117.26,09:46:10.551168571
65,117.25,30,117.26,09:46:10.551269576
65,117.25,18,117.26,09:46:10.701547477
65,117.25,15,117.26,09:46:10.701605212
65,117.25,14,117.26,09:46:10.701752405
65,117.25,27,117.26,09:46:11.771693213
65,117.25,14,117.26,09:46:11.814786146
65,117.25,13,117.26,09:46:11.814955410
65,117.25,12,117.26,09:46:11.815118839
65,117.25,11,117.26,09:46:11.815219506
73,117.25,11,117.26,09:46:11.821057911
73,117.25,12,117.26,09:46:11.952293473
65,117.25,12,117.26,09:46:11.952444129
65,117.25,13,117.26,09:46:11.952599255
65,117.25,12,117.26,09:46:12.076571917
65,117.25,14,117.26,09:46:12.465508393
65,117.25,15,117.26,09:46:12.469956070
65,117.25,16,117.26,09:46:12.470021785
65,117.25,24,117.26,09:46:12.470142876
65,117.25,23,117.26,09:46:12.470243132
65,117.25,25,117.26,09:46:12.561734111
65,117.25,38,117.26,09:46:12.790676821
65,117.25,36,117.26,09:46:13.660267866
64,117.25,36,117.26,09:46:13.877213267
64,117.25,38,117.26,09:46:13.877213267
61,117.25,38,117.26,09:46:13.877213267
61,117.25,41,117.26,09:46:13.877213267
61,117.25,48,117.26,09:46:13.877354151
61,117.25,54,117.26,09:46:13.877377134
49,117.25,54,117.26,09:46:13.877377134
43,117.25,54,117.26,09:46:13.877377134
43,117.25,56,117.26,09:46:13.877377134
42,117.25,56,117.26,09:46:13.877377134
42,117.25,66,117.26,09:46:13.877377134
36,117.25,66,117.26,09:46:13.877377134
36,117.25,63,117.26,09:46:13.877708019
36,117.25,65,117.26,09:46:13.878565420
20,117.25,65,117.26,09:46:13.878565420
20,117.25,67,117.26,09:46:13.878911366
20,117.25,65,117.26,09:46:13.879111884
21,117.25,65,117.26,09:46:13.879216290
21,117.25,66,117.26,09:46:13.879412854
20,117.25,66,117.26,09:46:13.879505451
20,117.25,67,117.26,09:46:13.879596463
20,117.25,66,117.26,09:46:13.880804408
20,117.25,68,117.26,09:46:13.880969834
20,117.25,69,117.26,09:46:13.881042360
20,117.25,70,117.26,09:46:13.881285008
17,117.25,70,117.26,09:46:13.881741012
17,117.25,69,117.26,09:46:13.881986455
17,117.25,70,117.26,09:46:13.882803085
17,117.25,72,117.26,09:46:13.883933346
17,117.25,73,117.26,09:46:13.888690676
16,117.25,73,117.26,09:46:13.897916941
15,117.25,73,117.26,09:46:13.897916941
13,117.25,73,117.26,09:46:13.898220134
2,117.25,73,117.26,09:46:13.898220134
1,117.25,73,117.26,09:46:13.898350391
76,117.24,73,117.26,09:46:13.898473674
76,117.24,1,117.25,09:46:13.898626655
76,117.24,7,117.25,09:46:13.898626655
76,117.24,8,117.25,09:46:13.898936259
74,117.24,8,117.25,09:46:13.899024691
74,117.24,10,117.25,09:46:13.899165856
74,117.24,4,117.25,09:46:13.899165856
74,117.24,3,117.25,09:46:13.899461909
74,117.24,2,117.25,09:46:13.899461909
74,117.24,91,117.26,09:46:13.899461909
74,117.24,1,117.25,09:46:13.899617190
74,117.24,2,117.25,09:46:13.899746179
74,117.24,3,117.25,09:46:13.900080556
74,117.24,4,117.25,09:46:13.900513480
74,117.24,5,117.25,09:46:13.903105178
74,117.24,8,117.25,09:46:13.920180492
74,117.24,11,117.25,09:46:13.920270004
74,117.24,23,117.25,09:46:13.922632589
72,117.24,23,117.25,09:46:13.922806122
72,117.24,22,117.25,09:46:13.928163482
72,117.24,21,117.25,09:46:13.928478368
79,117.24,21,117.25,09:46:13.928950696
79,117.24,22,117.25,09:46:14.196469244
79,117.24,23,117.25,09:46:14.294629857
78,117.24,23,117.25,09:46:14.554499470
79,117.24,23,117.25,09:46:14.554761163
78,117.24,23,117.25,09:46:14.914943471
77,117.24,23,117.25,09:46:14.927187757
77,117.24,34,117.25,09:46:14.927308848
70,117.24,34,117.25,09:46:14.927379379
70,117.24,39,117.25,09:46:14.927459721
64,117.24,39,117.25,09:46:14.927678718
64,117.24,45,117.25,09:46:14.927779234
63,117.24,45,117.25,09:46:14.927779234
45,117.24,45,117.25,09:46:14.927866374
45,117.24,46,117.25,09:46:14.927932652
41,117.24,46,117.25,09:46:14.928005247
28,117.24,46,117.25,09:46:14.928488101
28,117.24,47,117.25,09:46:14.928488101
28,117.24,48,117.25,09:46:14.928488101
17,117.24,48,117.25,09:46:14.928563582
17,117.24,47,117.25,09:46:14.928672700
17,117.24,55,117.25,09:46:14.928875995
17,117.24,60,117.25,09:46:14.928892491
17,117.24,62,117.25,09:46:14.929040517
17,117.24,70,117.25,09:46:14.929226590
17,117.24,74,117.25,09:46:14.929412397
17,117.24,73,117.25,09:46:14.929495488
15,117.24,73,117.25,09:46:14.929510025
15,117.24,74,117.25,09:46:14.929524180
15,117.24,76,117.25,09:46:14.929524180
15,117.24,64,117.25,09:46:14.929646798
14,117.24,64,117.25,09:46:14.929661255
6,117.24,64,117.25,09:46:14.929661255
3,117.24,64,117.25,09:46:14.929679348
3,117.24,56,117.25,09:46:14.929679348
3,117.24,64,117.25,09:46:14.929983249
3,117.24,66,117.25,09:46:14.930005847
11,117.24,66,117.25,09:46:14.930096257
11,117.24,67,117.25,09:46:14.930096257
12,117.24,67,117.25,09:46:14.930113126
12,117.24,59,117.25,09:46:14.930194721
15,117.24,59,117.25,09:46:14.930266566
15,117.24,57,117.25,09:46:14.930628036
15,117.24,58,117.25,09:46:14.931645212
15,117.24,59,117.25,09:46:14.932210393
15,117.24,67,117.25,09:46:14.932553372
7,117.24,67,117.25,09:46:14.932553372
13,117.24,67,117.25,09:46:14.932729609
13,117.24,66,117.25,09:46:14.932931570
13,117.24,65,117.25,09:46:14.933216549
14,117.24,65,117.25,09:46:14.933300631
15,117.24,65,117.25,09:46:14.933372398
15,117.24,64,117.25,09:46:14.933447297
16,117.24,64,117.25,09:46:14.933520667
17,117.24,64,117.25,09:46:14.933670896
17,117.24,56,117.25,09:46:14.933747507
23,117.24,56,117.25,09:46:14.933924529
24,117.24,56,117.25,09:46:14.934012637
25,117.24,56,117.25,09:46:14.934345376
33,117.24,56,117.25,09:46:14.934669488
33,117.24,55,117.25,09:46:14.934751744
33,117.24,47,117.25,09:46:14.934944717
33,117.24,43,117.25,09:46:14.935033644
33,117.24,41,117.25,09:46:14.935224461
34,117.24,41,117.25,09:46:14.935519993
34,117.24,39,117.25,09:46:14.935519993
34,117.24,34,117.25,09:46:14.935593392
35,117.24,34,117.25,09:46:14.936141439
37,117.24,34,117.25,09:46:14.938488516
36,117.24,34,117.25,09:46:14.940519995
36,117.24,35,117.25,09:46:14.941317537
36,117.24,34,117.25,09:46:14.942194048
36,117.24,31,117.25,09:46:14.951152480
33,117.24,31,117.25,09:46:14.951152480
32,117.24,31,117.25,09:46:14.951257763
32,117.24,28,117.25,09:46:14.951257763
29,117.24,28,117.25,09:46:14.951272957
28,117.24,28,117.25,09:46:14.951272957
28,117.24,34,117.25,09:46:14.951406557
28,117.24,35,117.25,09:46:14.951492926
28,117.24,37,117.25,09:46:14.951507882
28,117.24,45,117.25,09:46:14.951507882
28,117.24,37,117.25,09:46:14.956789760
29,117.24,37,117.25,09:46:14.963793786
29,117.24,36,117.25,09:46:14.963862158
35,117.24,36,117.25,09:46:14.963980794
36,117.24,36,117.25,09:46:14.966435669
37,117.24,36,117.25,09:46:15.041803602
37,117.24,35,117.25,09:46:15.086681997
37,117.24,34,117.25,09:46:15.086697322
37,117.24,33,117.25,09:46:15.086697322
38,117.24,33,117.25,09:46:15.086946512
38,117.24,27,117.25,09:46:15.086946512
53,117.24,27,117.25,09:46:15.087044731
53,117.24,25,117.25,09:46:15.087044731
53,117.24,19,117.25,09:46:15.087058920
64,117.24,19,117.25,09:46:15.087281209
71,117.24,19,117.25,09:46:15.087372553
71,117.24,8,117.25,09:46:15.087372553
71,117.24,3,117.25,09:46:15.087372553
71,117.24,2,117.25,09:46:15.087710344
71,117.24,1,117.25,09:46:15.087710344
71,117.24,82,117.26,09:46:15.087710344
2,117.25,82,117.26,09:46:15.087710344
4,117.25,82,117.26,09:46:15.087803830
5,117.25,82,117.26,09:46:15.087803830
6,117.25,82,117.26,09:46:15.087803830
5,117.25,82,117.26,09:46:15.087939262
5,117.25,64,117.26,09:46:15.088235057
4,117.25,64,117.26,09:46:15.088253170
3,117.25,64,117.26,09:46:15.088253170
3,117.25,63,117.26,09:46:15.088253170
2,117.25,63,117.26,09:46:15.088423698
1,117.25,63,117.26,09:46:15.088423698
76,117.24,63,117.26,09:46:15.088423698
76,117.24,12,117.25,09:46:15.088423698
69,117.24,12,117.25,09:46:15.088517176
55,117.24,12,117.25,09:46:15.088810913
55,117.24,13,117.25,09:46:15.088810913
55,117.24,12,117.25,09:46:15.088825159
56,117.24,12,117.25,09:46:15.088963279
56,117.24,16,117.25,09:46:15.099813775
56,117.24,12,117.25,09:46:15.108169977
56,117.24,13,117.25,09:46:15.110950435
56,117.24,14,117.25,09:46:15.142088521
57,117.24,14,117.25,09:46:15.144836513
57,117.24,13,117.25,09:46:15.180156063
57,117.24,14,117.25,09:46:15.243018672
57,117.24,18,117.25,09:46:15.243110636
57,117.24,19,117.25,09:46:15.243110636
46,117.24,19,117.25,09:46:15.243490786
46,117.24,30,117.25,09:46:15.243490786
46,117.24,35,117.25,09:46:15.243572892
46,117.24,30,117.25,09:46:15.256430569
46,117.24,19,117.25,09:46:15.256495820
57,117.24,19,117.25,09:46:15.369983054
58,117.24,19,117.25,09:46:15.374307036
58,117.24,20,117.25,09:46:15.415109066
58,117.24,21,117.25,09:46:15.415490595
58,117.24,32,117.25,09:46:15.415839983
58,117.24,37,117.25,09:46:15.415953039
57,117.24,37,117.25,09:46:15.416144492
42,117.24,37,117.25,09:46:15.416614002
42,117.24,36,117.25,09:46:15.418487389
42,117.24,35,117.25,09:46:15.419628780
43,117.24,35,117.25,09:46:15.464759530
43,117.24,24,117.25,09:46:15.465005044
43,117.24,19,117.25,09:46:15.465005044
42,117.24,19,117.25,09:46:15.467649173
42,117.24,20,117.25,09:46:15.468116158
42,117.24,21,117.25,09:46:15.468179435
42,117.24,22,117.25,09:46:15.468179435
42,117.24,21,117.25,09:46:15.469180320
42,117.24,20,117.25,09:46:15.471468043
42,117.24,21,117.25,09:46:15.475756335
42,117.24,20,117.25,09:46:15.488148940
42,117.24,19,117.25,09:46:15.491962210
43,117.24,19,117.25,09:46:15.492341592
43,117.24,20,117.25,09:46:15.696837799
42,117.24,20,117.25,09:46:15.761893033
42,117.24,31,117.25,09:46:15.762004306
42,117.24,36,117.25,09:46:15.762085640
42,117.24,37,117.25,09:46:15.957732653
42,117.24,38,117.25,09:46:15.958011021
42,117.24,39,117.25,09:46:15.958748656
42,117.24,38,117.25,09:46:15.977798363
42,117.24,37,117.25,09:46:15.986050104
42,117.24,36,117.25,09:46:15.986193147
42,117.24,37,117.25,09:46:16.007626705
42,117.24,38,117.25,09:46:16.009441411
42,117.24,37,117.25,09:46:16.029170355
42,117.24,36,117.25,09:46:16.112562930
43,117.24,36,117.25,09:46:16.471999978
43,117.24,37,117.25,09:46:16.521576609
42,117.24,37,117.25,09:46:16.521816267
42,117.24,38,117.25,09:46:16.711223251
42,117.24,37,117.25,09:46:16.730949523
42,117.24,38,117.25,09:46:16.779148022
43,117.24,38,117.25,09:46:17.775078479
45,117.24,38,117.25,09:46:18.026042533
46,117.24,38,117.25,09:46:19.062524191
47,117.24,38,117.25,09:46:19.084070342
47,117.24,33,117.25,09:46:20.059931356
47,117.24,22,117.25,09:46:20.059991099
47,117.24,18,117.25,09:46:20.171272426
55,117.24,18,117.25,09:46:20.171577986
62,117.24,18,117.25,09:46:20.171667240
68,117.24,18,117.25,09:46:20.171958710
73,117.24,18,117.25,09:46:20.172083247
73,117.24,17,117.25,09:46:20.172542024
73,117.24,16,117.25,09:46:20.172542024
73,117.24,5,117.25,09:46:20.172697676
77,117.24,5,117.25,09:46:20.172992725
80,117.24,5,117.25,09:46:20.173064341
80,117.24,6,117.25,09:46:20.176244640
80,117.24,12,117.25,09:46:20.176926524
83,117.24,12,117.25,09:46:20.184117593
83,117.24,13,117.25,09:46:20.281723940
83,117.24,14,117.25,09:46:20.294181944
83,117.24,15,117.25,09:46:20.294245708
83,117.24,16,117.25,09:46:20.294312156
80,117.24,16,117.25,09:46:20.294412597
76,117.24,16,117.25,09:46:20.294480440
76,117.24,17,117.25,09:46:20.295046926
71,117.24,17,117.25,09:46:20.295222059
65,117.24,17,117.25,09:46:20.295290174
64,117.24,17,117.25,09:46:20.295418664
64,117.24,18,117.25,09:46:20.295491038
64,117.24,26,117.25,09:46:20.295728759
64,117.24,39,117.25,09:46:20.295728759
64,117.24,38,117.25,09:46:20.493928544
64,117.24,37,117.25,09:46:22.375848900
64,117.24,36,117.25,09:46:22.375848900
65,117.24,36,117.25,09:46:22.376065604
65,117.24,28,117.25,09:46:22.376257201
65,117.24,15,117.25,09:46:22.376319982
65,117.24,14,117.25,09:46:22.376521724
65,117.24,13,117.25,09:46:23.698695740
64,117.24,13,117.25,09:46:23.698695740
64,117.24,15,117.25,09:46:23.698902262
65,117.24,15,117.25,09:46:23.699039983
65,117.24,13,117.25,09:46:23.699202326
65,117.24,12,117.25,09:46:24.556614735
64,117.24,12,117.25,09:46:24.592512334
64,117.24,14,117.25,09:46:24.592588457
64,117.24,22,117.25,09:46:24.592725572
63,117.24,22,117.25,09:46:24.592869364
64,117.24,22,117.25,09:46:24.979428611
64,117.24,14,117.25,09:46:24.979684465
64,117.24,12,117.25,09:46:24.979758292
65,117.24,12,117.25,09:46:24.979758292
65,117.24,11,117.25,09:46:25.019787561
65,117.24,10,117.25,09:46:26.512678669
65,117.24,4,117.25,09:46:26.512678669
65,117.24,3,117.25,09:46:26.512793459
65,117.24,2,117.25,09:46:26.512793459
65,117.24,1,117.25,09:46:26.512793459
65,117.24,91,117.26,09:46:26.512884524
73,117.24,91,117.26,09:46:26.512963769
76,117.24,91,117.26,09:46:26.512982492
81,117.24,91,117.26,09:46:26.513406786
81,117.24,81,117.26,09:46:26.513406786
83,117.24,81,117.26,09:46:26.513426834
85,117.24,81,117.26,09:46:26.513490073
80,117.24,81,117.26,09:46:26.514092647
1,117.25,81,117.26,09:46:26.517511858
1,117.25,63,117.26,09:46:26.517990383
9,117.25,63,117.26,09:46:26.517990383
12,117.25,63,117.26,09:46:26.528719184
18,117.25,63,117.26,09:46:26.528948919
19,117.25,63,117.26,09:46:26.529017293
19,117.25,62,117.26,09:46:26.529166746
18,117.25,62,117.26,09:46:26.529314026
18,117.25,61,117.26,09:46:26.533751046
19,117.25,61,117.26,09:46:26.533974192
20,117.25,61,117.26,09:46:26.535226415
20,117.25,60,117.26,09:46:26.535712167
35,117.25,60,117.26,09:46:26.535766280
35,117.25,50,117.26,09:46:26.539471103
37,117.25,50,117.26,09:46:26.539702190
37,117.25,48,117.26,09:46:26.539702190
38,117.25,48,117.26,09:46:26.539869864
38,117.25,42,117.26,09:46:26.539917634
40,117.25,42,117.26,09:46:26.539987041
40,117.25,29,117.26,09:46:26.540099672
46,117.25,29,117.26,09:46:26.540507566
46,117.25,21,117.26,09:46:26.540507566
46,117.25,19,117.26,09:46:26.540769338
46,117.25,17,117.26,09:46:26.540859268
57,117.25,17,117.26,09:46:26.540913325
57,117.25,18,117.26,09:46:26.547274031
57,117.25,17,117.26,09:46:26.548570436
57,117.25,11,117.26,09:46:26.554510339
58,117.25,11,117.26,09:46:26.556827700
59,117.25,11,117.26,09:46:26.557691347
59,117.25,10,117.26,09:46:26.574986921
59,117.25,8,117.26,09:46:26.574986921
59,117.25,7,117.26,09:46:26.575131004
60,117.25,7,117.26,09:46:26.575406339
60,117.25,8,117.26,09:46:26.636786058
60,117.25,9,117.26,09:46:26.665100379
60,117.25,11,117.26,09:46:26.665231598
60,117.25,17,117.26,09:46:26.665301489
60,117.25,27,117.26,09:46:26.665875156
60,117.25,32,117.26,09:46:26.666029015
49,117.25,32,117.26,09:46:26.666381697
47,117.25,32,117.26,09:46:26.667314242
47,117.25,34,117.26,09:46:26.668733496
46,117.25,34,117.26,09:46:26.668958171
40,117.25,34,117.26,09:46:26.668958171
40,117.25,40,117.26,09:46:26.669034418
40,117.25,38,117.26,09:46:26.669034418
25,117.25,38,117.26,09:46:26.669150228
25,117.25,43,117.26,09:46:26.669225351
25,117.25,45,117.26,09:46:26.669288747
25,117.25,53,117.26,09:46:26.669421259
25,117.25,55,117.26,09:46:26.669486037
27,117.25,55,117.26,09:46:26.669598977
27,117.25,47,117.26,09:46:26.669743800
25,117.25,47,117.26,09:46:26.669848756
26,117.25,47,117.26,09:46:26.670044518
27,117.25,47,117.26,09:46:26.670119268
26,117.25,47,117.26,09:46:26.670419009
27,117.25,47,117.26,09:46:26.670984835
26,117.25,47,117.26,09:46:26.673077919
25,117.25,47,117.26,09:46:26.673180543
23,117.25,47,117.26,09:46:26.674312358
29,117.25,47,117.26,09:46:26.675160790
29,117.25,48,117.26,09:46:26.696839763
30,117.25,48,117.26,09:46:26.704272547
31,117.25,48,117.26,09:46:26.985358292
32,117.25,48,117.26,09:46:26.989463954
31,117.25,48,117.26,09:46:26.993216479
30,117.25,48,117.26,09:46:26.994269176
29,117.25,48,117.26,09:46:27.102774237
29,117.25,49,117.26,09:46:27.103089313
29,117.25,50,117.26,09:46:27.228279978
29,117.25,51,117.26,09:46:27.339233455
23,117.25,51,117.26,09:46:27.339542315
22,117.25,51,117.26,09:46:27.339542315
22,117.25,59,117.26,09:46:27.339798478
22,117.25,62,117.26,09:46:27.340012408
22,117.25,64,117.26,09:46:27.340234904
21,117.25,64,117.26,09:46:27.352014971
19,117.25,64,117.26,09:46:27.352126049
13,117.25,64,117.26,09:46:27.352126049
7,117.25,64,117.26,09:46:27.352150305
4,117.25,64,117.26,09:46:27.352150305
3,117.25,64,117.26,09:46:27.352150305
2,117.25,64,117.26,09:46:27.352537409
2,117.25,72,117.26,09:46:27.352653787
1,117.25,72,117.26,09:46:27.352676222
89,117.24,72,117.26,09:46:27.352676222
89,117.24,3,117.25,09:46:27.352676222
75,117.24,3,117.25,09:46:27.353152557
75,117.24,90,117.26,09:46:27.353152557
73,117.24,90,117.26,09:46:27.356831128
73,117.24,15,117.25,09:46:27.371841218
73,117.24,16,117.25,09:46:27.372053551
71,117.24,16,117.25,09:46:27.378488641
71,117.24,17,117.25,09:46:27.378594823
71,117.24,2,117.25,09:46:27.382357014
71,117.24,3,117.25,09:46:27.382542621
71,117.24,4,117.25,09:46:27.382689753
71,117.24,5,117.25,09:46:27.382770906
71,117.24,6,117.25,09:46:27.383383740
71,117.24,7,117.25,09:46:27.383534413
71,117.24,8,117.25,09:46:27.392520879
71,117.24,7,117.25,09:46:27.449837228
71,117.24,6,117.25,09:46:27.449904061
71,117.24,5,117.25,09:46:27.450170688
71,117.24,4,117.25,09:46:27.454622021
71,117.24,3,117.25,09:46:27.454622021
71,117.24,2,117.25,09:46:27.454716584
71,117.24,1,117.25,09:46:27.454737215
71,117.24,94,117.26,09:46:27.454737215
76,117.24,94,117.26,09:46:27.454928508
76,117.24,86,117.26,09:46:27.455028860
71,117.24,86,117.26,09:46:27.455849279
71,117.24,1,117.25,09:46:27.470413878
71,117.24,2,117.25,09:46:27.470591552
71,117.24,3,117.25,09:46:27.470672649
71,117.24,2,117.25,09:46:27.471641957
71,117.24,1,117.25,09:46:27.474365146
71,117.24,86,117.26,09:46:27.480926782
71,117.24,1,117.25,09:46:27.874459720
71,117.24,2,117.25,09:46:27.874564858
71,117.24,7,117.25,09:46:27.874786734
71,117.24,8,117.25,09:46:27.874786734
71,117.24,9,117.25,09:46:27.874945886
71,117.24,8,117.25,09:46:27.889977628
71,117.24,7,117.25,09:46:27.889977628
70,117.24,7,117.25,09:46:28.032674639
70,117.24,15,117.25,09:46:28.032882020
70,117.24,7,117.25,09:46:28.033531567
70,117.24,4,117.25,09:46:28.049652912
77,117.24,4,117.25,09:46:28.050004415
77,117.24,2,117.25,09:46:28.050153330
77,117.24,1,117.25,09:46:28.050153330
77,117.24,86,117.26,09:46:28.050153330
3,117.25,86,117.26,09:46:28.050153330
3,117.25,81,117.26,09:46:28.050269520
3,117.25,78,117.26,09:46:28.050287190
3,117.25,76,117.26,09:46:28.050287190
14,117.25,76,117.26,09:46:28.050287190
14,117.25,75,117.26,09:46:28.050572153
14,117.25,57,117.26,09:46:28.050572153
11,117.25,57,117.26,09:46:28.050572153
11,117.25,65,117.26,09:46:28.050999493
12,117.25,65,117.26,09:46:28.118907176
11,117.25,65,117.26,09:46:28.121920252
9,117.25,65,117.26,09:46:28.142300446
89,117.24,65,117.26,09:46:28.142630831
89,117.24,70,117.26,09:46:28.142880536
89,117.24,72,117.26,09:46:28.142996667
74,117.24,72,117.26,09:46:28.144657949
72,117.24,72,117.26,09:46:28.144726564
1,117.25,72,117.26,09:46:30.144249758
72,117.24,72,117.26,09:46:30.144842858
1,117.25,72,117.26,09:46:30.144928652
72,117.24,72,117.26,09:46:30.146732530
72,117.24,6,117.25,09:46:30.146747752
72,117.24,7,117.25,09:46:30.146998840
72,117.24,1,117.25,09:46:30.147995782
78,117.24,1,117.25,09:46:30.148318135
78,117.24,83,117.26,09:46:30.148547258
1,117.25,83,117.26,09:46:30.148614519
2,117.25,83,117.26,09:46:30.148693783
2,117.25,65,117.26,09:46:30.148779665
1,117.25,65,117.26,09:46:30.148937088
2,117.25,65,117.26,09:46:30.149165114
3,117.25,65,117.26,09:46:30.149165114
4,117.25,65,117.26,09:46:30.149273296
3,117.25,65,117.26,09:46:30.149484291
2,117.25,65,117.26,09:46:30.150228035
1,117.25,65,117.26,09:46:30.152743031
86,117.24,65,117.26,09:46:30.153194377
86,117.24,72,117.26,09:46:30.153499738
25,117.25,72,117.26,09:46:30.368921609
25,117.25,64,117.26,09:46:30.369772686
31,117.25,64,117.26,09:46:30.372241095
20,117.25,64,117.26,09:46:30.522491957
14,117.25,64,117.26,09:46:30.522664472
20,117.25,64,117.26,09:46:30.652807003
14,117.25,64,117.26,09:46:30.916508565
14,117.25,72,117.26,09:46:30.920914385
2,117.25,72,117.26,09:46:30.921183867
84,117.24,72,117.26,09:46:30.921387046
25,117.25,72,117.26,09:46:30.921387046
84,117.24,72,117.26,09:46:30.921631491
1,117.25,72,117.26,09:46:30.921631491
84,117.24,72,117.26,09:46:30.921736064
84,117.24,64,117.26,09:46:30.921736064
84,117.24,72,117.26,09:46:30.922003949
70,117.24,72,117.26,09:46:30.922021021
70,117.24,90,117.26,09:46:30.922134618
70,117.24,8,117.25,09:46:30.925667767
70,117.24,9,117.25,09:46:30.925834160
70,117.24,10,117.25,09:46:30.929334442
70,117.24,11,117.25,09:46:30.929699642
70,117.24,10,117.25,09:46:30.930621791
70,117.24,11,117.25,09:46:30.930985970
70,117.24,10,117.25,09:46:30.934903250
70,117.24,11,117.25,09:46:30.942953882
70,117.24,13,117.25,09:46:30.943134911
70,117.24,12,117.25,09:46:30.951346329
70,117.24,11,117.25,09:46:30.953602622
70,117.24,12,117.25,09:46:31.698337867
87,117.24,12,117.25,09:46:32.329707298
87,117.24,11,117.25,09:46:32.329970210
87,117.24,13,117.25,09:46:32.613671557
87,117.24,14,117.25,09:46:33.318479756
87,117.24,23,117.25,09:46:33.318884559
87,117.24,29,117.25,09:46:33.318900991
87,117.24,36,117.25,09:46:33.318900991
87,117.24,37,117.25,09:46:33.318967189
87,117.24,38,117.25,09:46:33.319251143
80,117.24,38,117.25,09:46:33.319251143
72,117.24,38,117.25,09:46:33.319251143
69,117.24,38,117.25,09:46:33.918568207
61,117.24,38,117.25,09:46:33.918679605
60,117.24,38,117.25,09:46:33.918679605
60,117.24,46,117.25,09:46:33.918765810
59,117.24,46,117.25,09:46:33.922444665
59,117.24,38,117.25,09:46:34.050129367
60,117.24,38,117.25,09:46:34.071774339
60,117.24,37,117.25,09:46:34.699151286
59,117.24,37,117.25,09:46:34.699151286
59,117.24,41,117.25,09:46:34.699425360
59,117.24,44,117.25,09:46:34.699425360
59,117.24,45,117.25,09:46:36.504158515
59,117.24,41,117.25,09:46:37.058918913
59,117.24,38,117.25,09:46:37.058918913
59,117.24,37,117.25,09:46:37.059106570
60,117.24,37,117.25,09:46:37.062934948
60,117.24,42,117.25,09:46:37.165612531
60,117.24,44,117.25,09:46:37.165710857
59,117.24,44,117.25,09:46:37.165829772
59,117.24,45,117.25,09:46:37.187076883
59,117.24,46,117.25,09:46:37.300739919
61,117.24,46,117.25,09:46:37.326532402
61,117.24,45,117.25,09:46:37.334361912
61,117.24,44,117.25,09:46:37.334538328
61,117.24,52,117.25,09:46:37.649506230
61,117.24,53,117.25,09:46:37.649656534
61,117.24,54,117.25,09:46:37.649805881
61,117.24,55,117.25,09:46:37.697372610
61,117.24,56,117.25,09:46:37.936859001
61,117.24,55,117.25,09:46:38.549147567
61,117.24,54,117.25,09:46:38.549281461
61,117.24,53,117.25,09:46:38.549535596
61,117.24,45,117.25,09:46:38.587417669
61,117.24,46,117.25,09:46:38.812744865
61,117.24,48,117.25,09:46:38.812808253
60,117.24,48,117.25,09:46:38.812879738
59,117.24,48,117.25,09:46:38.812879738
59,117.24,56,117.25,09:46:38.812984234
51,117.24,56,117.25,09:46:38.813154484
45,117.24,56,117.25,09:46:38.813222826
45,117.24,57,117.25,09:46:38.813857261
45,117.24,65,117.25,09:46:38.816798122
45,117.24,69,117.25,09:46:38.816979527
44,117.24,69,117.25,09:46:38.819491477
43,117.24,69,117.25,09:46:38.819576357
42,117.24,69,117.25,09:46:38.819576357
42,117.24,71,117.25,09:46:38.819576357
42,117.24,72,117.25,09:46:38.820670586
36,117.24,72,117.25,09:46:38.823137583
36,117.24,74,117.25,09:46:38.825368809
35,117.24,74,117.25,09:46:38.857627391
35,117.24,75,117.25,09:46:38.922513201
35,117.24,76,117.25,09:46:40.257628735
24,117.24,76,117.25,09:46:40.263665905
23,117.24,76,117.25,09:46:40.264157255
21,117.24,76,117.25,09:46:40.264157255
20,117.24,76,117.25,09:46:40.264157255
3,117.24,76,117.25,09:46:40.264157255
2,117.24,76,117.25,09:46:40.264157255
71,117.23,76,117.25,09:46:40.264157255
71,117.23,3,117.24,09:46:40.264413148
71,117.23,5,117.24,09:46:40.264588551
69,117.23,5,117.24,09:46:40.264703001
69,117.23,11,117.24,09:46:40.264890406
75,117.23,11,117.24,09:46:40.264923222
77,117.23,11,117.24,09:46:40.264944643
71,117.23,11,117.24,09:46:40.264990922
71,117.23,12,117.24,09:46:40.265013133
72,117.23,12,117.24,09:46:40.265013133
54,117.23,12,117.24,09:46:40.265013133
54,117.23,9,117.24,09:46:40.265078845
54,117.23,10,117.24,09:46:40.274706130
54,117.23,9,117.24,09:46:40.274899932
54,117.23,17,117.24,09:46:40.283847355
54,117.23,20,117.24,09:46:40.285733862
54,117.23,23,117.24,09:46:40.285733862
54,117.23,24,117.24,09:46:40.297944521
53,117.23,24,117.24,09:46:40.299416444
54,117.23,24,117.24,09:46:40.307194345
54,117.23,22,117.24,09:46:40.307695035
60,117.23,22,117.24,09:46:40.308433967
60,117.23,16,117.24,09:46:40.308630066
60,117.23,8,117.24,09:46:40.311616403
60,117.23,9,117.24,09:46:40.321145989
60,117.23,10,117.24,09:46:40.698010426
60,117.23,16,117.24,09:46:41.211938760
60,117.23,17,117.24,09:46:41.216028779
60,117.23,18,117.24,09:46:41.216309153
60,117.23,33,117.24,09:46:41.224686401
59,117.23,33,117.24,09:46:41.227633023
57,117.23,33,117.24,09:46:41.228618606
58,117.23,33,117.24,09:46:41.228791537
59,117.23,33,117.24,09:46:41.229034311
58,117.23,33,117.24,09:46:41.229325997
58,117.23,18,117.24,09:46:41.229405242
60,117.23,18,117.24,09:46:41.229652148
60,117.23,17,117.24,09:46:41.229828717
60,117.23,18,117.24,09:46:41.231252553
58,117.23,18,117.24,09:46:41.231321986
58,117.23,26,117.24,09:46:41.231633068
52,117.23,26,117.24,09:46:41.231793004
52,117.23,25,117.24,09:46:41.232969608
53,117.23,25,117.24,09:46:41.233041457
54,117.23,25,117.24,09:46:41.233259451
53,117.23,25,117.24,09:46:41.236027199
52,117.23,25,117.24,09:46:41.297513530
48,117.23,25,117.24,09:46:41.344376138
40,117.23,25,117.24,09:46:41.344565671
40,117.23,40,117.24,09:46:41.344644608
36,117.23,40,117.24,09:46:41.344644608
36,117.23,41,117.24,09:46:41.344902643
36,117.23,43,117.24,09:46:41.344902643
35,117.23,43,117.24,09:46:41.344902643
35,117.23,41,117.24,09:46:41.360715556
43,117.23,41,117.24,09:46:41.578750832
44,117.23,41,117.24,09:46:41.580141222
44,117.23,26,117.24,09:46:41.580303065
47,117.23,26,117.24,09:46:41.580447912
47,117.23,18,117.24,09:46:41.680319705
47,117.23,20,117.24,09:46:42.053781542
58,117.23,20,117.24,09:46:43.100933916
58,117.23,19,117.24,09:46:43.267740697
58,117.23,18,117.24,09:46:43.267807183
64,117.23,18,117.24,09:46:43.268247032
64,117.23,12,117.24,09:46:43.268247032
73,117.23,12,117.24,09:46:43.271777212
76,117.23,12,117.24,09:46:43.271917065
78,117.23,12,117.24,09:46:43.271983340
78,117.23,18,117.24,09:46:43.291626912
78,117.23,12,117.24,09:46:43.294055950
78,117.23,13,117.24,09:46:43.360110896
78,117.23,14,117.24,09:46:43.360270031
78,117.23,13,117.24,09:46:43.360452889
78,117.23,19,117.24,09:46:43.440976433
78,117.23,13,117.24,09:46:43.474734767
78,117.23,12,117.24,09:46:43.474883509
79,117.23,12,117.24,09:46:45.145028120
79,117.23,18,117.24,09:46:45.287319616
79,117.23,19,117.24,09:46:45.311463937
79,117.23,18,117.24,09:46:45.699480829
78,117.23,18,117.24,09:46:45.699480829
79,117.23,18,117.24,09:46:45.699714967
79,117.23,12,117.24,09:46:45.741971101
79,117.23,13,117.24,09:46:45.745426740
79,117.23,14,117.24,09:46:45.745994941
79,117.23,13,117.24,09:46:45.898917276
79,117.23,12,117.24,09:46:45.997036830
79,117.23,18,117.24,09:46:46.395351848
79,117.23,12,117.24,09:46:48.158291065
79,117.23,11,117.24,09:46:48.194249008
79,117.23,8,117.24,09:46:48.194339687
79,117.23,5,117.24,09:46:48.194339687
79,117.23,4,117.24,09:46:48.194453424
86,117.23,4,117.24,09:46:48.194640528
86,117.23,3,117.24,09:46:48.194778169
86,117.23,2,117.24,09:46:48.194778169
86,117.23,1,117.24,09:46:48.194778169
86,117.23,101,117.25,09:46:48.194778169
2,117.24,101,117.25,09:46:48.194778169
2,117.24,100,117.25,09:46:48.194905254
3,117.24,100,117.25,09:46:48.194905254
4,117.24,100,117.25,09:46:48.195049955
2,117.24,100,117.25,09:46:48.195280777
1,117.24,100,117.25,09:46:48.195298076
2,117.24,100,117.25,09:46:48.195703282
1,117.24,100,117.25,09:46:48.208400613
95,117.23,100,117.25,09:46:48.208400613
95,117.23,107,117.25,09:46:48.208400613
95,117.23,2,117.24,09:46:48.220001085
81,117.23,2,117.24,09:46:48.220145002
81,117.23,3,117.24,09:46:48.220224752
81,117.23,4,117.24,09:46:48.405165893
81,117.23,3,117.24,09:46:48.413261317
81,117.23,9,117.24,09:46:48.415744058
81,117.23,10,117.24,09:46:48.696621369
81,117.23,11,117.24,09:46:48.707699776
81,117.23,12,117.24,09:46:48.746124557
81,117.23,13,117.24,09:46:48.793725087
81,117.23,14,117.24,09:46:48.793992478
79,117.23,14,117.24,09:46:48.794338626
79,117.23,15,117.24,09:46:48.797389474
79,117.23,16,117.24,09:46:48.797531867
79,117.23,26,117.24,09:46:48.797632303
76,117.23,26,117.24,09:46:48.797632303
67,117.23,26,117.24,09:46:48.797632303
67,117.23,31,117.24,09:46:48.797726230
67,117.23,32,117.24,09:46:48.797726230
64,117.23,32,117.24,09:46:48.798030866
62,117.23,32,117.24,09:46:48.798030866
62,117.23,31,117.24,09:46:48.798065259
67,117.23,31,117.24,09:46:49.009801148
68,117.23,31,117.24,09:46:49.031530160
68,117.23,30,117.24,09:46:49.116563304
68,117.23,20,117.24,09:46:49.116644757
68,117.23,19,117.24,09:46:49.116644757
68,117.23,14,117.24,09:46:49.116712040
71,117.23,14,117.24,09:46:49.116712040
71,117.23,13,117.24,09:46:49.116822277
71,117.23,12,117.24,09:46:49.116992455
73,117.23,12,117.24,09:46:49.118636176
73,117.23,13,117.24,09:46:49.122611153
73,117.23,12,117.24,09:46:49.124763426
73,117.23,13,117.24,09:46:49.129210469
73,117.23,12,117.24,09:46:49.130861025
73,117.23,13,117.24,09:46:49.131029395
73,117.23,14,117.24,09:46:49.209550529
70,117.23,14,117.24,09:46:49.209761400
70,117.23,15,117.24,09:46:49.210089629
70,117.23,14,117.24,09:46:49.213646997
72,117.23,14,117.24,09:46:49.213775768
72,117.23,13,117.24,09:46:49.213856724
72,117.23,12,117.24,09:46:49.213988920
73,117.23,12,117.24,09:46:49.218123790
75,117.23,12,117.24,09:46:49.218412020
75,117.23,6,117.24,09:46:49.218753975
86,117.23,6,117.24,09:46:49.219009901
86,117.23,4,117.24,09:46:49.220650962
86,117.23,3,117.24,09:46:49.220746111
86,117.23,2,117.24,09:46:49.220773429
86,117.23,1,117.24,09:46:49.220773429
86,117.23,102,117.25,09:46:49.220773429
92,117.23,102,117.25,09:46:49.220835305
86,117.23,102,117.25,09:46:49.222098298
86,117.23,6,117.24,09:46:49.236508742
86,117.23,7,117.24,09:46:49.236762821
86,117.23,1,117.24,09:46:49.238493230
86,117.23,91,117.25,09:46:49.242526930
86,117.23,97,117.25,09:46:49.242697807
86,117.23,2,117.24,09:46:49.244533479
81,117.23,2,117.24,09:46:49.263533383
81,117.23,3,117.24,09:46:49.325451830
81,117.23,2,117.24,09:46:49.336704992
81,117.23,3,117.24,09:46:49.337343212
81,117.23,2,117.24,09:46:49.353277076
86,117.23,2,117.24,09:46:50.145974220
81,117.23,2,117.24,09:46:50.162059066
81,117.23,3,117.24,09:46:50.171934073
86,117.23,3,117.24,09:46:50.519745157
86,117.23,1,117.24,09:46:50.620001826
86,117.23,102,117.25,09:46:50.620001826
93,117.23,102,117.25,09:46:50.620243925
93,117.23,109,117.25,09:46:50.620378079
3,117.24,109,117.25,09:46:50.620505045
86,117.23,109,117.25,09:46:50.622214532
86,117.23,2,117.24,09:46:50.643468778
86,117.23,102,117.25,09:46:50.643941099
81,117.23,102,117.25,09:46:50.702832403
81,117.23,109,117.25,09:46:50.765390408
86,117.23,109,117.25,09:46:51.710586795
81,117.23,109,117.25,09:46:52.296366858
1,117.24,109,117.25,09:46:53.103008695
4,117.24,109,117.25,09:46:53.103283694
6,117.24,109,117.25,09:46:53.103283694
8,117.24,109,117.25,09:46:53.103428162
16,117.24,109,117.25,09:46:53.103443368
16,117.24,108,117.25,09:46:53.103443368
17,117.24,108,117.25,09:46:53.103590392
17,117.24,90,117.25,09:46:53.103763820
17,117.24,84,117.25,09:46:53.103836778
32,117.24,84,117.25,09:46:53.103908058
38,117.24,84,117.25,09:46:53.104054772
44,117.24,84,117.25,09:46:53.104136571
44,117.24,82,117.25,09:46:53.104381290
44,117.24,80,117.25,09:46:53.104381290
44,117.24,76,117.25,09:46:53.104653164
44,117.24,68,117.25,09:46:53.104653164
44,117.24,60,117.25,09:46:53.107817506
44,117.24,49,117.25,09:46:53.115453837
38,117.24,49,117.25,09:46:53.122976325
32,117.24,49,117.25,09:46:53.123118694
17,117.24,49,117.25,09:46:53.123288226
17,117.24,57,117.25,09:46:53.123359129
9,117.24,57,117.25,09:46:53.123525423
10,117.24,57,117.25,09:46:53.125091354
11,117.24,57,117.25,09:46:53.134780723
19,117.24,57,117.25,09:46:53.134972291
25,117.24,57,117.25,09:46:53.135108381
25,117.24,49,117.25,09:46:53.135265933
25,117.24,57,117.25,09:46:53.135927145
25,117.24,69,117.25,09:46:53.214872330
17,117.24,69,117.25,09:46:53.215130733
16,117.24,69,117.25,09:46:53.222584327
17,117.24,69,117.25,09:46:53.284236066
16,117.24,69,117.25,09:46:53.295377411
10,117.24,69,117.25,09:46:53.949171444
21,117.24,69,117.25,09:46:55.100576022
21,117.24,61,117.25,09:46:55.582466635
21,117.24,60,117.25,09:46:55.582551947
21,117.24,51,117.25,09:46:55.582569258
21,117.24,45,117.25,09:46:55.582569258
21,117.24,44,117.25,09:46:55.582569258
33,117.24,44,117.25,09:46:55.582771844
33,117.24,32,117.25,09:46:55.582771844
35,117.24,32,117.25,09:46:55.582859710
41,117.24,32,117.25,09:46:55.582859710
47,117.24,32,117.25,09:46:55.582981787
56,117.24,32,117.25,09:46:55.582981787
56,117.24,25,117.25,09:46:55.583011601
56,117.24,23,117.25,09:46:55.583011601
64,117.24,23,117.25,09:46:55.583011601
64,117.24,15,117.25,09:46:55.583011601
67,117.24,15,117.25,09:46:55.583011601
67,117.24,14,117.25,09:46:55.583011601
67,117.24,22,117.25,09:46:55.583073389
59,117.24,22,117.25,09:46:55.583149544
50,117.24,22,117.25,09:46:55.651763348
50,117.24,24,117.25,09:46:55.651908528
50,117.24,30,117.25,09:46:55.652078129
50,117.24,40,117.25,09:46:55.652224446
49,117.24,40,117.25,09:46:56.030910312
49,117.24,41,117.25,09:46:56.031093186
49,117.24,48,117.25,09:46:56.031179903
49,117.24,60,117.25,09:46:56.031366933
46,117.24,60,117.25,09:46:56.031457983
34,117.24,60,117.25,09:46:56.031457983
34,117.24,48,117.25,09:46:56.189487896
34,117.24,47,117.25,09:46:56.769917912
34,117.24,48,117.25,09:46:58.542884854
34,117.24,49,117.25,09:46:58.770817864
34,117.24,59,117.25,09:46:58.770957176
28,117.24,59,117.25,09:46:58.771097630
22,117.24,59,117.25,09:46:58.771192968
20,117.24,59,117.25,09:46:58.771334880
26,117.24,59,117.25,09:46:58.779624050
27,117.24,59,117.25,09:46:58.886243042
25,117.24,59,117.25,09:46:58.890053373
25,117.24,61,117.25,09:46:58.890823551
19,117.24,61,117.25,09:46:58.891080745
25,117.24,61,117.25,09:46:58.892228744
27,117.24,61,117.25,09:46:58.893585950
27,117.24,60,117.25,09:46:58.893585950
28,117.24,60,117.25,09:46:58.893865137
28,117.24,50,117.25,09:46:58.893984986
43,117.24,50,117.25,09:46:58.894060970
42,117.24,50,117.25,09:46:58.894137098
42,117.24,48,117.25,09:46:58.894205876
42,117.24,46,117.25,09:46:58.894279210
42,117.24,47,117.25,09:46:58.898535287
42,117.24,46,117.25,09:46:58.900074409
42,117.24,47,117.25,09:46:58.906688580
42,117.24,48,117.25,09:46:58.906840020
40,117.24,48,117.25,09:46:58.906949903
25,117.24,48,117.25,09:46:58.907075146
25,117.24,49,117.25,09:46:58.907075146
25,117.24,51,117.25,09:46:58.907253942
25,117.24,61,117.25,09:46:58.994610772
25,117.24,62,117.25,09:46:59.697308540
25,117.24,63,117.25,09:46:59.761379352
23,117.24,63,117.25,09:47:00.265377285
21,117.24,63,117.25,09:47:00.265377285
20,117.24,63,117.25,09:47:00.265469691
19,117.24,63,117.25,09:47:00.265488891
18,117.24,63,117.25,09:47:00.265488891
15,117.24,63,117.25,09:47:00.265488891
15,117.24,66,117.25,09:47:00.265587299
9,117.24,66,117.25,09:47:00.265678325
8,117.24,66,117.25,09:47:00.265763480
8,117.24,68,117.25,09:47:00.265840159
8,117.24,69,117.25,09:47:00.286382809
9,117.24,69,117.25,09:47:00.523808803
15,117.24,69,117.25,09:47:00.575766987
15,117.24,72,117.25,09:47:00.580512101
15,117.24,66,117.25,09:47:00.962804414
15,117.24,65,117.25,09:47:00.962804414
15,117.24,64,117.25,09:47:00.962975592
15,117.24,63,117.25,09:47:00.962989960
15,117.24,62,117.25,09:47:00.962989960
15,117.24,61,117.25,09:47:00.963004008
15,117.24,58,117.25,09:47:00.963004008
15,117.24,50,117.25,09:47:00.963018708
