price,volume,timestamp
117.25,16,09:45:00.005950889
117.25,8,09:45:00.006033334
117.25,1,09:45:00.006033334
117.25,3,09:45:00.006368885
117.25,22,09:45:00.010358489
117.25,19,09:45:00.045597469
117.25,1,09:45:00.045597469
117.25,11,09:45:00.263624755
117.25,6,09:45:00.264074214
117.25,1,09:45:00.264091782
117.25,4,09:45:02.145360371
117.25,1,09:45:02.145377430
117.25,8,09:45:02.145377430
117.25,2,09:45:02.145377430
117.25,1,09:45:02.145405910
117.26,1,09:45:02.150828638
117.26,2,09:45:02.150909690
117.26,3,09:45:02.150909690
117.26,1,09:45:02.151211889
117.26,1,09:45:02.151327198
117.26,1,09:45:02.151545310
117.26,1,09:45:02.151573188
117.26,3,09:45:02.151573188
117.26,5,09:45:02.151573188
117.26,3,09:45:02.152217729
117.26,1,09:45:02.152388717
117.26,2,09:45:02.152697941
117.26,1,09:45:02.469861851
117.26,1,09:45:02.469963102
117.25,2,09:45:02.469983963
117.25,1,09:45:02.469983963
117.25,4,09:45:02.469983963
117.25,13,09:45:04.104413977
117.25,2,09:45:04.104518549
117.25,18,09:45:04.104548238
117.25,4,09:45:04.104548238
117.25,8,09:45:04.104548238
117.25,6,09:45:04.104548238
117.25,12,09:45:04.104548238
117.25,1,09:45:04.104548238
117.25,1,09:45:05.044359040
117.25,8,09:45:05.044651223
117.25,17,09:45:05.045082975
117.25,1,09:45:05.375094455
117.26,8,09:45:07.771919485
117.26,1,09:45:07.771919485
117.26,1,09:45:07.771932476
117.26,1,09:45:07.771946640
117.26,1,09:45:07.771963404
117.26,2,09:45:07.772431705
117.26,1,09:45:07.869898919
117.26,1,09:45:08.040181533
117.26,1,09:45:15.948608756
117.26,1,09:45:15.948622551
117.26,7,09:45:15.948898602
117.26,1,09:45:15.948914119
117.26,13,09:45:15.948928381
117.26,5,09:45:15.948944090
117.26,2,09:45:15.948958894
117.26,3,09:45:15.948971844
117.26,3,09:45:15.948986413
117.26,2,09:45:15.949271942
117.26,1,09:45:15.949464676
117.26,1,09:45:15.949487511
117.26,1,09:45:15.950005677
117.26,1,09:45:16.046364390
117.26,2,09:45:16.046822142
117.26,1,09:45:16.046953850
117.26,5,09:45:16.046988307
117.26,16,09:45:16.046988307
117.26,4,09:45:16.046988307
117.26,1,09:45:16.046988307
117.26,1,09:45:17.051629609
117.26,1,09:45:17.051942079
117.26,2,09:45:17.562879394
117.26,1,09:45:17.563037559
117.26,1,09:45:17.563139573
117.26,1,09:45:18.445400402
117.26,1,09:45:18.445764503
117.26,1,09:45:18.446177355
117.26,6,09:45:18.453339135
117.26,2,09:45:18.453512501
117.26,2,09:45:19.387134186
117.26,6,09:45:19.387221571
117.26,1,09:45:19.833304017
117.25,5,09:45:25.072263609
117.25,1,09:45:25.452624540
117.25,7,09:45:25.452694193
117.26,7,09:45:27.243961947
117.26,2,09:45:27.243987566
117.26,1,09:45:27.243987566
117.26,1,09:45:31.707383744
117.26,17,09:45:31.707406598
117.26,1,09:45:31.707406598
117.26,5,09:45:31.707406598
117.26,2,09:45:31.708057633
117.26,4,09:45:31.708057633
117.25,1,09:45:33.034818166
117.25,2,09:45:33.225782212
117.26,4,09:45:34.582661724
117.26,1,09:45:34.582661724
117.26,5,09:45:34.582791471
117.26,1,09:45:34.582821225
117.26,2,09:45:34.582821225
117.26,1,09:45:38.308026723
117.26,2,09:45:38.308040908
117.26,4,09:45:38.308162982
117.26,1,09:45:38.308184579
117.26,2,09:45:38.308184579
117.25,2,09:45:38.389734625
117.25,2,09:45:38.390047760
117.25,1,09:45:38.390151626
117.25,1,09:45:38.390343837
117.25,2,09:45:38.390358276
117.25,1,09:45:38.390373120
117.25,11,09:45:38.390373120
117.25,1,09:45:38.390388813
117.25,2,09:45:38.422143598
117.25,1,09:45:38.965152918
117.25,1,09:45:38.965243775
117.25,1,09:45:38.965453221
117.26,1,09:45:39.017876249
117.26,1,09:45:39.026380413
117.26,6,09:45:39.026662198
117.26,1,09:45:39.026662198
117.26,1,09:45:39.707569132
117.26,3,09:45:39.707569132
117.26,3,09:45:39.820700291
117.25,1,09:45:42.047068285
117.25,1,09:45:42.047194042
117.25,2,09:45:42.047281610
117.25,8,09:45:42.047281610
117.25,1,09:45:42.047281610
117.25,1,09:45:42.420609341
117.25,4,09:45:42.446255203
117.25,1,09:45:42.706994635
117.26,1,09:45:45.519811590
117.26,1,09:45:46.900371434
117.26,2,09:45:46.900371434
117.26,2,09:45:46.900465205
117.26,1,09:45:46.900465205
117.26,1,09:45:46.943841356
117.26,4,09:45:46.943841356
117.26,1,09:45:46.964853465
117.26,1,09:45:46.986356447
117.26,2,09:45:46.986559903
117.26,1,09:45:46.986559903
117.26,1,09:45:47.038264805
117.26,1,09:45:47.355261493
117.26,25,09:45:50.041510934
117.26,9,09:45:50.042708856
117.26,16,09:45:54.528094990
117.26,8,09:45:56.064516783
117.26,1,09:45:56.064516783
117.26,16,09:45:56.064516783
117.26,1,09:45:57.751152732
117.26,1,09:45:58.369036752
117.26,1,09:45:58.369249292
117.26,1,09:45:58.369339524
117.25,1,09:46:00.759177980
117.25,6,09:46:00.759278194
117.25,4,09:46:00.759293893
117.25,1,09:46:01.038112364
117.26,2,09:46:06.785045599
117.26,4,09:46:06.785045599
117.26,1,09:46:06.785132914
117.26,6,09:46:06.785147704
117.26,1,09:46:06.785829661
117.26,6,09:46:06.785919976
117.26,8,09:46:06.785934635
117.26,1,09:46:06.786011870
117.26,2,09:46:07.147381627
117.26,5,09:46:07.147446840
117.26,1,09:46:08.553102318
117.26,3,09:46:08.553102318
117.26,1,09:46:08.650921832
117.26,3,09:46:08.744767830
117.26,1,09:46:08.744767830
117.26,2,09:46:08.744767830
117.26,12,09:46:08.745257782
117.26,1,09:46:08.746380236
117.26,2,09:46:09.765061231
117.26,1,09:46:10.033027859
117.25,1,09:46:13.897916941
117.25,2,09:46:13.898220134
117.25,11,09:46:13.898220134
117.25,1,09:46:13.898473674
117.25,1,09:46:13.899461909
117.25,2,09:46:13.899461909
117.25,1,09:46:13.928163482
117.25,1,09:46:13.928478368
117.24,1,09:46:14.929661255
117.24,8,09:46:14.929661255
117.24,3,09:46:14.929679348
117.24,3,09:46:14.951152480
117.24,1,09:46:14.951257763
117.24,3,09:46:14.951272957
117.24,1,09:46:14.951272957
117.25,1,09:46:15.086681997
117.25,1,09:46:15.086697322
117.25,1,09:46:15.087710344
117.25,1,09:46:15.087939262
117.25,1,09:46:15.088253170
117.25,1,09:46:15.088423698
117.25,1,09:46:15.088825159
117.24,1,09:46:23.698695740
117.25,1,09:46:26.512793459
117.25,1,09:46:26.512884524
117.25,1,09:46:27.352014971
117.25,2,09:46:27.352126049
117.25,3,09:46:27.352150305
117.25,1,09:46:27.352150305
117.25,6,09:46:27.352150305
117.25,1,09:46:27.352537409
117.25,1,09:46:27.352676222
117.25,1,09:46:27.454622021
117.25,1,09:46:27.454716584
117.25,1,09:46:27.454737215
117.25,1,09:46:27.471641957
117.25,1,09:46:27.480926782
117.24,1,09:46:28.032674639
117.25,3,09:46:28.049652912
117.25,1,09:46:28.050153330
117.25,2,09:46:28.050153330
117.25,2,09:46:28.142300446
117.25,1,09:46:30.144842858
117.25,1,09:46:30.146732530
117.25,6,09:46:30.147995782
117.25,1,09:46:30.148547258
117.25,1,09:46:30.153194377
117.25,11,09:46:30.522491957
117.25,12,09:46:30.921183867
117.25,2,09:46:30.921387046
117.25,25,09:46:30.921631491
117.25,1,09:46:30.921736064
117.24,1,09:46:34.699151286
117.24,11,09:46:40.263665905
117.24,1,09:46:40.264157255
117.24,2,09:46:40.264157255
117.24,17,09:46:40.264157255
117.23,1,09:46:45.699480829
117.24,1,09:46:48.194249008
117.24,3,09:46:48.194339687
117.24,1,09:46:48.194453424
117.24,1,09:46:48.194778169
117.24,1,09:46:48.208400613
117.24,2,09:46:49.220650962
117.24,1,09:46:49.220746111
117.24,1,09:46:49.220773429
117.24,2,09:46:50.620001826
117.24,1,09:46:50.620001826
117.24,2,09:46:50.643941099
117.24,1,09:46:53.295377411
117.25,8,09:46:55.582466635
117.25,1,09:46:55.582551947
117.25,6,09:46:55.582569258
117.25,1,09:46:55.582569258
117.25,9,09:46:55.582569258
117.24,1,09:46:56.030910312
117.24,2,09:47:00.265377285
117.24,1,09:47:00.265469691
117.24,1,09:47:00.265488891
117.24,3,09:47:00.265488891
117.25,6,09:47:00.962804414
117.25,1,09:47:00.962804414
117.25,1,09:47:00.962975592
117.25,1,09:47:00.962989960
117.25,3,09:47:00.963004008
117.25,1,09:47:00.963004008
117.25,10,09:47:00.963018708
117.25,6,09:47:00.963018708
117.25,8,09:47:00.963018708
117.25,1,09:47:00.963038456
117.25,7,09:47:00.963038456
117.25,2,09:47:00.963216824
117.25,10,09:47:00.963234235
117.25,1,09:47:00.963255201
117.25,1,09:47:00.963273252
117.25,3,09:47:00.963286872
117.25,2,09:47:00.963305304
117.25,1,09:47:00.963320897
117.25,3,09:47:00.963344355
117.25,1,09:47:00.963970273
117.25,1,09:47:00.964004621
117.25,1,09:47:01.059620911
117.25,3,09:47:01.618390785
117.25,1,09:47:01.618800049
117.24,1,09:47:17.014480895
117.25,1,09:47:17.538443224
117.25,1,09:47:17.538586289
117.25,31,09:47:17.538630183
117.25,2,09:47:17.538630183
117.25,3,09:47:17.538630183
117.25,1,09:47:17.538630183
117.25,1,09:47:17.538898004
117.25,1,09:47:20.540681279
117.25,1,09:47:20.540834719
117.25,14,09:47:20.540849238
117.25,1,09:47:20.540849238
117.25,1,09:47:20.540864319
117.25,11,09:47:20.540864319
117.25,2,09:47:20.540879218
117.25,5,09:47:20.540879218
117.25,1,09:47:20.540896169
117.25,7,09:47:20.540896169
117.25,2,09:47:20.540896169
117.25,1,09:47:20.541549317
117.25,1,09:47:20.541569260
117.25,1,09:47:20.549949634
117.25,1,09:47:20.566684978
117.24,1,09:47:24.029900164
117.24,2,09:47:27.015995314
117.24,1,09:47:27.150938133
117.24,1,09:47:27.206971671
117.24,8,09:47:27.207058221
117.24,6,09:47:27.587897314
117.24,1,09:47:27.588067880
117.24,1,09:47:27.588082117
117.24,1,09:47:27.588096735
117.25,6,09:47:27.588096735
117.25,1,09:47:27.588111298
117.25,1,09:47:27.588125993
117.25,8,09:47:27.588141173
117.25,11,09:47:27.588141173
117.25,3,09:47:27.588141173
117.25,6,09:47:27.588252843
117.25,14,09:47:27.588266696
117.25,6,09:47:27.588284265
117.25,1,09:47:27.588284265
117.25,1,09:47:27.588298018
117.25,2,09:47:27.588312699
117.25,2,09:47:27.588326827
117.25,1,09:47:27.588340680
117.25,18,09:47:27.588357371
117.25,1,09:47:27.588375564
117.25,3,09:47:27.588883879
117.25,4,09:47:27.589003409
117.24,1,09:47:37.015822983
117.24,8,09:47:37.040121534
117.24,3,09:47:37.040121534
117.24,1,09:47:40.260821334
117.24,1,09:47:40.260843412
117.24,6,09:47:40.260843412
117.24,2,09:47:40.260843412
117.24,11,09:47:40.261194254
117.24,1,09:47:42.027921343
117.24,1,09:47:42.028373250
117.24,3,09:47:42.028373250
117.24,1,09:47:42.028395909
117.24,1,09:47:47.015670238
117.24,1,09:47:51.032462285
117.24,23,09:47:51.141615103
117.24,1,09:47:51.141703833
117.24,1,09:47:51.141719251
117.24,1,09:47:51.142006011
117.24,3,09:47:51.142166476
117.24,1,09:47:51.142166476
117.24,2,09:47:51.142308342
117.24,4,09:47:51.142308342
117.24,9,09:47:51.142419589
117.24,1,09:47:51.142495224
117.24,10,09:47:51.255143343
117.24,1,09:47:57.016044550
117.24,3,09:48:05.687739521
117.24,1,09:48:07.015793235
117.24,3,09:48:15.051807090
117.24,1,09:48:17.015989212
117.24,1,09:48:19.037219269
117.24,3,09:48:26.426515802
117.24,1,09:48:26.426515802
117.24,2,09:48:26.426515802
117.24,1,09:48:26.426622713
117.24,2,09:48:26.426622713
117.24,1,09:48:26.427091882
117.24,1,09:48:26.427249040
117.24,4,09:48:26.427275507
117.24,2,09:48:26.427275507
117.24,1,09:48:26.427275507
117.24,6,09:48:26.427275507
117.24,1,09:48:26.427291433
117.24,5,09:48:26.427400873
117.24,3,09:48:26.427616949
117.24,8,09:48:26.427616949
117.24,1,09:48:26.427747667
117.24,2,09:48:26.439440413
117.24,1,09:48:26.439440413
117.24,2,09:48:26.439539305
117.24,1,09:48:26.486488597
117.23,1,09:48:27.015705914
117.24,1,09:48:30.902511796
117.24,1,09:48:30.902670110
117.24,2,09:48:30.902695384
117.24,1,09:48:30.902695384
117.24,3,09:48:30.902695384
117.24,1,09:48:30.902720821
117.24,4,09:48:30.902720821
117.24,2,09:48:30.902720821
117.24,1,09:48:30.903004065
117.25,2,09:48:34.107659138
117.25,2,09:48:34.107750571
117.25,1,09:48:34.107767557
117.25,1,09:48:34.108275604
117.25,8,09:48:34.108275604
117.25,1,09:48:34.362224982
117.25,2,09:48:35.026563858
117.25,1,09:48:43.214725479
117.25,6,09:48:43.214725479
117.25,3,09:48:43.214854106
117.25,16,09:48:43.214889624
117.25,2,09:48:43.214889624
117.25,1,09:48:43.214889624
117.25,8,09:48:43.214889624
117.25,2,09:48:43.214903601
117.25,1,09:48:44.596276381
117.25,1,09:48:46.033384560
117.25,1,09:48:47.016193416
117.25,1,09:48:47.016208962
117.25,1,09:48:57.015995615
117.25,1,09:49:04.336634398
117.25,2,09:49:04.336948279
117.25,1,09:49:04.336948279
117.25,1,09:49:04.337271280
117.25,2,09:49:04.337371319
117.25,4,09:49:04.337371319
117.25,2,09:49:04.337587594
117.25,1,09:49:07.015688055
117.25,1,09:49:07.029291184
117.25,16,09:49:07.029361778
117.25,1,09:49:07.029743936
117.25,9,09:49:07.029743936
117.25,5,09:49:07.029743936
117.25,3,09:49:07.029840064
117.25,1,09:49:07.029840064
117.25,2,09:49:07.029963875
117.25,2,09:49:07.051220092
117.25,2,09:49:07.051312937
117.25,10,09:49:07.070740922
117.25,1,09:49:07.070833549
117.25,6,09:49:11.460156579
117.25,1,09:49:14.036509212
117.25,1,09:49:17.015795692
117.25,3,09:49:21.823628541
117.25,3,09:49:21.823955532
117.25,2,09:49:21.824283216
117.25,9,09:49:21.824443737
117.25,1,09:49:21.824797721
117.25,2,09:49:21.824896091
117.25,2,09:49:21.845248450
117.25,2,09:49:21.845375999
117.25,1,09:49:27.015633968
117.25,2,09:49:31.850859198
117.25,1,09:49:31.850859198
117.25,1,09:49:37.016111225
117.26,1,09:49:41.792394533
117.26,1,09:49:41.792669876
117.26,9,09:49:41.792691173
117.26,1,09:49:41.792691173
117.26,2,09:49:41.792691173
117.26,1,09:49:41.792711329
117.26,3,09:49:41.792711329
117.26,6,09:49:41.792711329
117.26,1,09:49:41.792860411
117.26,1,09:49:41.792874254
117.26,1,09:49:41.792891329
117.26,1,09:49:41.793200846
117.26,1,09:49:41.793382791
117.26,2,09:49:41.793396522
117.26,1,09:49:41.793411393
117.26,2,09:49:41.793411393
117.26,2,09:49:41.793427636
117.26,1,09:49:41.793427636
117.26,1,09:49:41.793442938
117.26,1,09:49:41.793458996
117.26,1,09:49:41.793474865
117.26,2,09:49:41.793488529
117.26,1,09:49:41.817903070
117.26,1,09:49:41.827511815
117.26,1,09:49:41.834026446
117.26,2,09:49:41.834112533
117.26,1,09:49:41.889403616
117.26,1,09:49:42.035143248
117.27,1,09:49:43.314225253
117.27,1,09:49:43.314680833
117.27,1,09:49:43.314829844
117.27,1,09:49:43.314866760
117.27,2,09:49:43.314866760
117.27,5,09:49:43.314866760
117.28,2,09:49:45.116017343
117.27,6,09:49:48.166570787
117.27,4,09:49:48.166692663
117.27,1,09:49:48.166715079
117.27,14,09:49:48.166715079
117.27,17,09:49:48.166715079
117.27,2,09:49:48.166715079
117.27,1,09:49:48.166733575
117.27,2,09:49:48.168293515
117.27,3,09:49:48.168531493
117.27,1,09:49:48.283278333
117.27,16,09:49:48.800470286
117.27,6,09:49:48.800963211
117.27,7,09:49:49.422255778
117.27,1,09:49:49.505275993
117.26,15,09:49:52.702195351
117.26,1,09:49:52.702195351
117.26,10,09:49:52.702316519
117.26,1,09:49:52.702337792
117.26,5,09:49:52.702337792
117.26,12,09:49:52.702337792
117.26,3,09:49:52.702337792
117.26,1,09:49:52.702360278
117.27,2,09:49:52.759626328
117.27,3,09:49:52.791270892
117.27,1,09:49:52.831725305
117.27,1,09:49:52.831781987
117.27,1,09:49:55.220436465
117.27,8,09:49:55.220436465
117.27,3,09:49:55.220801544
117.27,2,09:49:55.220815220
117.27,11,09:49:55.220914731
117.27,1,09:49:55.220942529
117.28,1,09:49:55.303310270
117.28,7,09:49:55.303310270
117.28,2,09:49:55.344335301
117.28,2,09:49:55.345109435
117.27,1,09:49:55.414627721
117.27,4,09:49:56.076069194
117.27,1,09:49:56.076069194
117.27,1,09:49:56.076167165
117.27,1,09:49:56.076185095
117.27,10,09:49:56.076185095
117.27,3,09:49:56.076654189
117.27,2,09:49:56.076654189
117.27,1,09:49:56.077085018
117.27,8,09:49:56.077442092
117.28,2,09:49:56.151407617
117.28,1,09:49:56.158626043
117.28,2,09:49:56.162549726
117.28,1,09:49:56.162893080
117.28,1,09:49:56.163152510
117.28,1,09:49:56.166090739
117.28,7,09:49:56.166630482
117.28,3,09:49:56.166630482
117.28,1,09:49:56.167015385
117.28,6,09:49:56.167827796
117.28,2,09:49:56.168213894
117.28,1,09:49:56.169395203
117.28,1,09:49:56.208418968
117.28,1,09:49:56.208489781
117.28,1,09:49:56.208510475
117.28,2,09:49:56.208510475
117.28,2,09:49:56.232727049
117.28,3,09:49:56.255813940
117.28,1,09:49:56.291874834
117.27,1,09:50:00.280328802
117.28,11,09:50:02.995846667
117.28,1,09:50:02.995862072
117.28,3,09:50:02.995862072
117.28,1,09:50:02.996088622
117.28,4,09:50:02.996492574
117.28,4,09:50:02.996606455
117.28,1,09:50:02.996642666
117.28,2,09:50:02.996642666
117.28,1,09:50:02.996791092
117.28,1,09:50:02.996809642
117.28,1,09:50:02.996823091
117.28,1,09:50:02.996839326
117.28,1,09:50:02.997041568
117.28,2,09:50:02.997388591
117.28,3,09:50:02.997388591
117.28,1,09:50:02.997388591
117.28,1,09:50:02.997680528
117.28,3,09:50:02.997680528
117.28,8,09:50:02.997680528
117.28,1,09:50:02.997697843
117.28,1,09:50:02.998228386
117.28,1,09:50:02.998692283
117.28,1,09:50:02.998711903
117.28,1,09:50:03.008605400
117.28,6,09:50:03.017191418
117.28,8,09:50:03.053526155
117.28,1,09:50:03.055974425
117.28,2,09:50:03.056598134
117.28,1,09:50:03.056989567
117.28,1,09:50:03.066802987
117.28,1,09:50:03.184677435
117.28,1,09:50:04.897030348
117.27,1,09:50:11.032775828
117.28,3,09:50:12.526932235
117.28,5,09:50:12.527032270
117.28,4,09:50:12.527402554
117.28,1,09:50:12.527527142
117.28,4,09:50:12.527549075
117.28,1,09:50:12.527549075
117.28,7,09:50:12.527549075
117.28,1,09:50:12.550983909
117.28,1,09:50:12.564082597
117.28,1,09:50:12.564469816
117.28,1,09:50:12.564813559
117.28,3,09:50:12.568592100
117.28,6,09:50:12.589740142
117.28,1,09:50:13.458446427
117.28,9,09:50:13.458446427
117.28,1,09:50:14.071083905
117.28,2,09:50:14.071308626
117.28,1,09:50:14.071411227
117.28,2,09:50:14.071627093
117.28,1,09:50:14.071871725
117.28,2,09:50:14.072148215
117.29,8,09:50:16.589804863
117.29,3,09:50:16.589804863
117.29,1,09:50:16.589920440
117.29,3,09:50:16.589950479
117.29,1,09:50:16.589950479
117.29,6,09:50:16.589950479
117.29,1,09:50:16.590559393
117.29,1,09:50:17.557150626
117.29,1,09:50:17.557502664
117.29,1,09:50:33.599309299
117.28,1,09:50:39.029161521
117.28,4,09:50:39.029427006
117.28,3,09:50:39.029591867
117.28,2,09:50:39.029591867
117.28,1,09:50:39.029591867
117.28,1,09:50:39.029694954
117.28,1,09:50:39.029712043
117.28,1,09:50:39.055314910
117.28,1,09:50:39.153768610
117.28,2,09:50:39.185563323
117.28,2,09:50:39.196072077
117.28,2,09:50:40.579219584
117.28,1,09:50:40.579219584
117.28,1,09:50:40.651767041
117.28,1,09:50:41.531261212
117.28,6,09:50:47.533331028
117.28,1,09:50:47.533331028
117.28,1,09:50:47.533531034
117.28,3,09:50:47.533554715
117.28,1,09:50:47.533554715
117.29,6,09:50:48.026370074
117.29,1,09:50:48.026370074
117.29,1,09:50:48.026468983
117.29,1,09:50:48.026489581
117.29,5,09:50:48.026489581
117.29,3,09:50:48.026489581
117.29,6,09:50:48.026489581
117.28,6,09:50:59.819754191
117.28,2,09:50:59.820014546
117.28,4,09:50:59.820532203
117.28,1,09:50:59.820637163
117.28,1,09:50:59.820655393
117.28,2,09:50:59.820655393
117.27,6,09:51:00.047889435
117.27,10,09:51:00.047889435
117.27,4,09:51:00.047985333
117.27,1,09:51:00.047985333
117.27,2,09:51:00.048377143
117.27,1,09:51:00.048755419
117.27,1,09:51:00.049218407
117.27,5,09:51:00.065866264
117.27,3,09:51:00.066193109
117.27,1,09:51:00.066193109
117.27,1,09:51:00.144337196
117.26,2,09:51:01.070686741
117.27,2,09:51:01.778993740
117.27,3,09:51:01.779108706
117.27,1,09:51:01.779108706
117.27,3,09:51:01.779134625
117.27,8,09:51:01.779134625
117.27,7,09:51:01.779134625
117.27,1,09:51:01.779134625
117.27,1,09:51:01.779453717
117.27,1,09:51:01.779594817
117.27,2,09:51:01.779594817
117.27,1,09:51:01.779688046
117.27,2,09:51:01.779705486
117.28,8,09:51:02.279242673
117.28,3,09:51:02.279374276
117.28,3,09:51:02.279397130
117.28,6,09:51:02.279397130
117.28,1,09:51:02.279397130
117.27,8,09:51:02.661919134
117.27,1,09:51:02.661933720
117.27,1,09:51:02.661995093
117.28,6,09:51:02.783439897
117.28,11,09:51:02.783453464
117.28,3,09:51:02.783540066
117.28,2,09:51:02.783555592
117.28,1,09:51:02.783555592
117.28,11,09:51:03.314010803
117.28,1,09:51:03.314121103
117.28,1,09:51:03.314148342
117.28,2,09:51:03.314148342
117.28,8,09:51:03.314148342
117.28,3,09:51:03.314531510
117.28,1,09:51:05.193142829
117.28,8,09:51:05.193142829
117.28,1,09:51:05.193216541
117.28,1,09:51:05.193232701
117.28,1,09:51:07.486618863
117.27,1,09:51:15.138089811
117.27,7,09:51:15.161667032
117.27,1,09:51:15.161667032
117.27,1,09:51:15.161778245
117.27,6,09:51:15.161802236
117.27,4,09:51:15.161802236
117.27,1,09:51:15.161802236
117.27,3,09:51:15.161802236
117.27,2,09:51:15.161802236
117.27,1,09:51:15.165299222
117.27,1,09:51:15.367926919
117.27,1,09:51:15.368172522
117.27,6,09:51:15.368257788
117.27,1,09:51:17.032715958
117.27,5,09:51:18.472036817
117.27,11,09:51:20.262769324
117.27,9,09:51:22.916420722
117.27,1,09:51:22.916511637
117.27,2,09:51:23.007784958
117.26,8,09:51:23.995947032
117.26,1,09:51:23.996041075
117.26,2,09:51:23.996058499
117.26,1,09:51:23.996058499
117.25,6,09:51:25.227625274
117.25,16,09:51:25.228015101
117.25,1,09:51:25.263604796
117.25,1,09:51:25.263976819
117.25,1,09:51:25.265076869
117.24,2,09:51:27.399186692
117.24,1,09:51:27.399624430
117.24,2,09:51:27.399745061
117.24,8,09:51:27.399790186
117.24,7,09:51:27.399790186
117.24,3,09:51:27.399790186
117.25,1,09:51:29.386646944
117.24,8,09:51:29.575345022
117.24,1,09:51:29.575345022
117.24,1,09:51:29.576575549
117.24,3,09:51:29.576575549
117.24,2,09:51:29.592900318
117.24,4,09:51:29.592900318
117.24,3,09:51:29.592957755
117.24,1,09:51:29.592992091
117.24,6,09:51:29.593134043
117.24,1,09:51:29.593134043
117.24,4,09:51:29.595115606
117.24,1,09:51:29.595341741
117.24,3,09:51:29.597402440
117.24,2,09:51:29.597818344
117.24,2,09:51:29.605835038
117.24,1,09:51:35.172096472
117.24,3,09:51:35.172615787
117.24,1,09:51:35.172844721
117.24,1,09:51:35.172965569
117.24,1,09:51:35.173419661
117.24,2,09:51:35.173419661
117.24,1,09:51:35.173561677
117.24,3,09:51:35.174200499
117.24,4,09:51:35.174200499
117.24,1,09:51:35.424147747
117.24,7,09:51:35.424345895
117.24,2,09:51:35.424819449
117.24,1,09:51:38.551246798
117.24,1,09:51:38.551308818
117.24,3,09:51:38.551333836
117.24,1,09:51:38.551333836
117.24,8,09:51:38.551333836
117.24,1,09:51:38.552311403
117.24,10,09:51:39.418652110
117.24,1,09:51:39.418652110
117.24,2,09:51:39.436524542
117.24,1,09:51:39.436783562
117.24,1,09:51:39.465856388
117.24,10,09:51:39.530961094
117.24,9,09:51:39.531156780
117.24,9,09:51:40.266160317
117.24,16,09:51:40.266437843
117.24,1,09:51:40.266525625
117.24,1,09:51:40.266541299
117.24,6,09:51:40.266541299
117.25,2,09:51:41.920969097
117.25,1,09:51:41.921069500
117.25,1,09:51:41.921088537
117.25,1,09:51:41.922391917
117.24,20,09:51:42.493827547
117.24,1,09:51:42.493827547
117.24,3,09:51:42.493827547
117.24,6,09:51:42.493903975
117.24,17,09:51:42.493925047
117.24,1,09:51:42.493925047
117.24,3,09:51:42.494382791
117.23,1,09:51:50.029750641
117.23,1,09:51:53.022962211
117.23,6,09:51:53.022962211
117.23,2,09:51:53.023242169
117.23,6,09:51:53.023591846
117.24,13,09:51:54.162711426
117.24,3,09:51:54.162745422
117.24,1,09:51:54.162745422
117.24,2,09:51:54.162745422
117.24,1,09:51:54.163352799
117.24,1,09:51:54.163466479
117.24,1,09:51:54.163500094
117.24,1,09:51:54.163898001
117.24,1,09:51:54.164013112
117.23,12,09:51:57.242392790
117.23,1,09:51:57.242480182
117.23,3,09:51:57.242497158
117.23,1,09:51:57.242497158
117.23,2,09:51:57.242497158
117.23,6,09:51:57.242497158
117.24,1,09:51:57.984167975
117.24,6,09:51:57.984274797
117.24,1,09:51:57.984301300
117.24,6,09:51:57.984301300
117.24,3,09:51:57.984301300
117.24,4,09:51:59.033059897
117.24,13,09:52:08.377758216
117.24,2,09:52:08.377758216
117.23,1,09:52:23.035890561
117.23,11,09:52:23.047512820
117.23,2,09:52:23.047626426
117.23,1,09:52:23.047626426
117.23,13,09:52:23.047626426
117.23,1,09:52:23.047868813
117.23,6,09:52:23.047868813
117.23,6,09:52:23.048006657
117.23,2,09:52:23.048032010
117.23,5,09:52:23.048032010
117.23,3,09:52:23.048032010
117.23,1,09:52:23.048032010
117.23,2,09:52:23.048170938
117.23,1,09:52:23.048383719
117.23,2,09:52:23.048469599
117.23,2,09:52:23.049303648
117.23,1,09:52:23.049303648
117.23,3,09:52:23.049318182
117.23,1,09:52:23.049318182
117.23,2,09:52:23.058026406
117.23,1,09:52:23.060241022
117.23,1,09:52:23.060350462
117.23,5,09:52:23.060378711
117.23,1,09:52:23.060378711
117.23,3,09:52:23.070923409
117.23,1,09:52:23.071029705
117.23,1,09:52:23.071503081
117.23,6,09:52:23.113687096
117.23,3,09:52:23.441853964
117.24,2,09:52:31.433596697
117.24,1,09:52:31.433770617
117.24,1,09:52:31.433884252
117.24,1,09:52:31.433915330
117.24,2,09:52:31.433915330
117.24,1,09:52:31.433930665
117.24,1,09:52:31.434272124
117.24,1,09:52:31.530321964
117.24,1,09:52:56.045330456
117.25,2,09:53:01.467664944
117.25,1,09:53:01.467664944
117.25,1,09:53:01.467766327
117.25,1,09:53:01.467988109
117.25,1,09:53:01.468079585
117.25,1,09:53:01.468213889
117.25,1,09:53:01.468228402
117.25,3,09:53:01.468498128
117.25,2,09:53:01.468498128
117.25,1,09:53:01.468513648
117.25,8,09:53:01.468513648
117.25,3,09:53:01.468513648
117.25,1,09:53:01.468659561
117.25,1,09:53:01.468673276
117.25,1,09:53:01.468689306
117.25,4,09:53:01.468689306
117.25,1,09:53:01.468704979
117.25,1,09:53:01.469446591
117.25,8,09:53:01.469446591
117.25,4,09:53:01.469446591
117.25,3,09:53:01.469726569
117.25,1,09:53:01.475722168
117.25,1,09:53:02.039487555
117.25,1,09:53:03.097351791
117.25,1,09:53:03.097379806
117.25,3,09:53:03.097379806
117.25,1,09:53:03.097563060
117.25,1,09:53:03.097627214
117.25,1,09:53:03.097846910
117.25,5,09:53:03.103455261
117.24,3,09:53:20.279474440
117.24,1,09:53:20.279474440
117.24,14,09:53:20.279845349
117.24,1,09:53:20.279845349
117.24,1,09:53:20.279958930
117.24,6,09:53:20.279978725
117.24,1,09:53:20.279978725
117.24,1,09:53:20.279997615
117.23,1,09:53:29.041273180
117.23,1,09:53:39.497476143
117.23,2,09:53:39.497476143
117.23,3,09:53:39.497586280
117.23,1,09:53:39.497610562
117.23,25,09:53:39.497610562
117.23,7,09:53:39.497610562
117.23,17,09:53:39.497610562
117.23,2,09:53:39.497610562
117.23,5,09:53:39.497624767
117.23,1,09:53:39.531943873
117.23,1,09:53:40.182087731
117.23,2,09:53:42.813451754
117.23,25,09:53:42.813541799
117.23,1,09:53:42.813559374
117.23,6,09:53:42.813559374
117.23,3,09:53:42.813895520
117.23,3,09:53:42.814124255
117.23,1,09:53:42.814342425
117.23,2,09:53:42.835145862
117.23,1,09:53:47.206122264
117.23,5,09:54:01.826486982
117.23,6,09:54:01.826742274
117.23,1,09:54:01.826742274
117.23,1,09:54:01.826841814
117.23,1,09:54:02.035627280
117.23,2,09:54:02.035910929
117.22,1,09:54:07.028871668
117.22,4,09:54:07.028871668
117.22,3,09:54:07.028943957
117.22,5,09:54:07.028960078
117.22,1,09:54:07.029350056
117.22,2,09:54:07.029350056
117.22,1,09:54:07.029598685
117.22,4,09:54:07.090373666
117.22,3,09:54:07.090373666
117.22,4,09:54:07.090638012
117.22,1,09:54:11.230302094
117.23,2,09:54:17.065403644
117.23,1,09:54:17.167924068
117.23,6,09:54:17.168024311
117.23,2,09:54:17.168050405
117.23,1,09:54:17.168050405
117.23,4,09:54:17.168426462
117.23,1,09:54:17.168426462
117.23,2,09:54:17.192550583
117.23,1,09:54:17.194058297
117.24,1,09:54:21.391348204
117.24,3,09:54:21.391348204
117.24,2,09:54:21.391523372
117.24,1,09:54:21.391523372
117.24,8,09:54:23.458143355
117.24,3,09:54:23.458143355
117.24,1,09:54:23.458227198
117.24,8,09:54:23.459607907
117.24,1,09:54:23.459607907
117.24,1,09:54:23.460122313
117.24,1,09:54:23.460141635
117.24,1,09:54:23.460681935
117.23,1,09:54:35.046627087
117.23,1,09:55:08.045315805
117.24,1,09:55:18.079980575
117.24,2,09:55:18.080286657
117.24,1,09:55:18.080308311
117.24,2,09:55:18.080308311
117.24,1,09:55:18.080347249
117.24,3,09:55:18.080347249
117.24,2,09:55:18.080347249
117.24,2,09:55:18.103968049
117.24,1,09:55:18.105447287
117.24,1,09:55:22.511636963
117.24,7,09:55:22.511636963
117.24,4,09:55:22.511766487
117.24,2,09:55:22.511892972
117.24,3,09:55:22.511919664
117.24,1,09:55:22.511919664
117.24,2,09:55:22.511919664
117.24,1,09:55:22.511933974
117.24,12,09:55:22.512095647
117.24,5,09:55:22.512095647
117.24,1,09:55:22.512239625
117.24,1,09:55:22.512259642
117.24,1,09:55:22.523107044
117.24,1,09:55:22.523195987
117.24,2,09:55:22.523210573
117.24,1,09:55:22.541945186
117.23,1,09:55:23.708069638
117.23,1,09:55:23.708168287
117.23,2,09:55:26.667015147
117.23,1,09:55:26.667015147
117.23,1,09:55:26.667125986
117.23,1,09:55:26.667143196
117.23,1,09:55:26.667462760
117.23,1,09:55:26.693375169
117.23,1,09:55:32.297508124
117.23,1,09:55:32.297649477
117.23,1,09:55:32.297685487
117.23,8,09:55:32.297685487
117.23,3,09:55:32.297685487
117.23,4,09:55:32.297685487
117.23,2,09:55:32.297685487
117.23,1,09:55:32.298010725
117.23,1,09:55:32.298156783
117.23,1,09:55:32.826506400
117.23,1,09:55:32.826589443
117.23,1,09:55:32.826610008
117.23,3,09:55:32.826610008
117.23,6,09:55:32.826626728
117.23,3,09:55:32.826813678
117.23,1,09:55:32.848994653
117.23,1,09:55:32.850453039
117.24,7,09:55:33.258964199
117.24,1,09:55:33.258964199
117.24,4,09:55:33.259060829
117.24,1,09:55:33.259079524
117.24,2,09:55:33.259079524
117.24,3,09:55:33.259079524
117.24,5,09:55:33.259093940
117.24,5,09:55:36.373080211
117.24,1,09:55:36.373285737
117.24,1,09:55:36.373434041
117.24,4,09:55:36.373434041
117.24,1,09:55:36.373458169
117.24,1,09:55:37.162456243
117.24,4,09:55:37.162541651
117.24,1,09:55:37.170706336
117.24,1,09:55:37.173754030
117.24,1,09:55:37.173838913
117.23,4,09:55:38.214478698
117.23,1,09:55:38.214950381
117.23,2,09:55:38.214967293
117.23,1,09:55:38.215258570
117.23,1,09:55:38.215649171
117.23,1,09:55:38.215785628
117.23,1,09:55:38.216019273
117.23,1,09:55:38.216391375
117.23,1,09:55:38.216667442
117.23,1,09:55:38.216681532
117.23,7,09:55:38.216991138
117.23,1,09:55:38.216991138
117.23,3,09:55:38.298901598
117.23,4,09:55:38.298917312
117.23,2,09:55:38.298917312
117.23,3,09:55:38.299192548
117.23,7,09:55:38.299211281
117.23,1,09:55:40.275511503
117.23,1,09:55:40.275636572
117.23,1,09:55:40.275658002
117.23,2,09:55:40.275658002
117.23,4,09:55:40.275658002
117.23,4,09:55:40.276318959
117.23,6,09:55:40.276318959
117.23,7,09:55:40.276318959
117.22,1,09:55:42.034191936
117.23,1,09:55:43.945813163
117.23,1,09:55:43.945886078
117.23,1,09:56:08.329770703
117.23,2,09:56:08.331552820
117.23,1,09:56:08.331552820
117.23,1,09:56:08.331570106
117.23,1,09:56:08.331706849
117.23,6,09:56:08.331774145
117.23,3,09:56:08.331896756
117.23,1,09:56:08.331896756
117.23,1,09:56:08.332108628
117.23,1,09:56:08.332276842
117.23,1,09:56:08.332315530
117.23,3,09:56:08.332315530
117.23,2,09:56:08.332315530
117.23,1,09:56:08.332888690
117.23,5,09:56:08.332888690
117.23,1,09:56:08.343945908
117.23,1,09:56:12.694153200
117.23,3,09:56:12.807456564
117.23,1,09:56:12.807456564
117.23,3,09:56:12.807544504
117.23,8,09:56:12.807544504
117.23,1,09:56:12.821304109
117.23,1,09:56:12.821743140
117.23,1,09:56:13.121056523
117.23,4,09:56:13.121391003
117.23,1,09:56:13.121404456
117.23,1,09:56:13.121501611
117.22,1,09:56:17.086663821
117.23,2,09:56:17.415459351
117.23,2,09:56:17.415561652
117.23,1,09:56:17.415561652
117.23,1,09:56:17.730617499
117.23,2,09:56:17.948080533
117.23,3,09:56:17.948671506
117.22,1,09:56:23.268004153
117.22,6,09:56:23.268110076
117.22,3,09:56:23.268110076
117.22,4,09:56:23.593716189
117.23,2,09:56:49.989937479
117.22,1,09:56:52.046782486
117.23,12,09:56:55.772579145
117.23,3,09:56:55.772676082
117.23,3,09:56:55.772690715
117.23,2,09:56:55.772690715
117.23,6,09:56:55.783736922
117.23,1,09:56:55.783736922
117.23,1,09:56:55.783844070
117.23,1,09:56:55.783865913
117.23,3,09:56:55.783865913
117.23,4,09:56:55.783879519
117.23,2,09:56:55.794855118
117.23,1,09:56:55.794855118
117.23,7,09:56:55.794927060
117.22,8,09:56:56.094135958
117.22,1,09:56:56.094135958
117.22,20,09:56:56.094135958
117.22,1,09:56:56.094214636
117.22,1,09:57:00.440034931
117.22,2,09:57:01.523221933
117.22,1,09:57:11.042347420
117.22,1,09:57:11.042449279
117.22,3,09:57:11.042734061
117.22,2,09:57:11.042734061
117.22,6,09:57:11.042836305
117.22,1,09:57:11.042836305
117.22,1,09:57:11.043395280
117.22,1,09:57:11.043527843
117.22,11,09:57:11.043548607
117.22,1,09:57:11.043548607
117.22,1,09:57:11.139682509
117.23,1,09:57:12.945916787
117.23,3,09:57:12.946004259
117.23,6,09:57:12.946019091
117.23,14,09:57:12.946019091
117.23,1,09:57:14.054028244
117.23,1,09:57:14.054241517
117.22,1,09:57:17.803799867
117.22,1,09:57:17.803884299
117.23,1,09:57:18.405167752
117.23,3,09:57:18.405167752
117.23,1,09:57:18.405248824
117.23,1,09:57:19.565871717
117.23,1,09:57:23.856722887
117.23,1,09:57:23.866788704
117.23,1,09:57:23.867004112
117.23,1,09:57:23.867462777
117.23,2,09:57:23.867481622
117.23,1,09:57:23.867481622
117.23,1,09:57:23.880997593
117.23,1,09:57:23.907984624
117.23,1,09:57:26.032675105
117.24,2,09:57:36.193298046
117.24,2,09:57:36.193410301
117.24,8,09:57:36.193434301
117.24,2,09:57:36.193434301
117.24,1,09:57:36.193434301
117.24,3,09:57:36.193434301
117.24,2,09:57:36.193846619
117.24,1,09:57:36.193961429
117.24,1,09:57:36.194380400
117.24,12,09:57:36.194380400
117.24,5,09:57:36.195020397
117.24,1,09:57:36.195538528
117.24,5,09:57:36.195538528
117.24,1,09:57:36.206181611
117.24,1,09:57:36.219635422
117.24,1,09:57:37.417495040
117.24,1,09:57:37.417600033
117.24,6,09:57:37.419083728
117.24,3,09:57:37.419291107
117.24,1,09:57:38.767535354
117.23,2,09:57:45.984675700
117.23,1,09:57:54.686253170
117.24,2,09:58:00.005424006
117.24,1,09:58:00.005721126
117.24,2,09:58:00.005760594
117.24,4,09:58:00.005760594
117.24,1,09:58:00.005760594
117.24,3,09:58:00.005760594
117.24,3,09:58:00.006650629
117.24,1,09:58:01.035083163
117.24,4,09:58:03.853969025
117.24,2,09:58:03.854058667
117.24,1,09:58:03.854315174
117.24,1,09:58:03.854427495
117.24,7,09:58:03.854463088
117.24,3,09:58:03.854463088
117.24,1,09:58:03.854463088
117.24,2,09:58:03.854463088
117.24,1,09:58:03.854582868
117.25,1,09:58:04.001320237
117.24,1,09:58:04.628411716
117.23,1,09:58:11.415095888
117.23,1,09:58:11.709126804
117.23,1,09:58:11.991997758
117.23,16,09:58:11.992142288
117.23,1,09:58:11.992274876
117.23,2,09:58:11.992699402
117.23,6,09:58:12.029632708
117.23,9,09:58:12.029726480
117.23,3,09:58:12.031058883
117.23,1,09:58:12.038815882
117.23,1,09:58:17.358146381
117.23,2,09:58:17.683284524
117.23,1,09:58:17.683380965
117.23,1,09:58:20.686138025
117.23,6,09:58:20.686356195
117.23,4,09:58:20.686591481
117.22,1,09:58:21.238267978
117.23,1,09:58:21.474300119
117.23,1,09:58:22.108580915
117.23,1,09:58:22.325134127
117.23,4,09:58:22.679196586
117.23,1,09:58:28.686572002
117.23,5,09:58:29.477099562
117.23,1,09:58:29.607938050
117.23,1,09:58:30.254636936
117.23,9,09:58:30.793423139
117.23,1,09:58:32.626667457
117.23,1,09:58:35.043770464
117.22,1,09:58:45.048978239
117.23,1,09:58:46.439547700
117.23,3,09:58:46.439627892
117.23,1,09:58:46.440004281
117.23,2,09:58:46.440004281
117.23,1,09:58:46.440176380
117.23,1,09:58:46.440221952
117.23,2,09:58:46.440221952
117.23,3,09:58:46.440221952
117.23,1,09:58:46.467531041
117.23,9,09:58:50.627146790
117.23,1,09:58:50.627258207
117.24,1,09:58:50.695727479
117.23,3,09:58:50.736607431
117.23,4,09:58:50.736764810
117.24,1,09:58:54.766893984
117.24,1,09:58:54.766912106
117.24,1,09:58:54.767029952
117.24,2,09:58:54.767029952
117.24,1,09:58:55.063554403
117.24,1,09:59:01.937819993
117.24,4,09:59:01.937819993
117.24,1,09:59:02.495980877
117.24,3,09:59:02.495996413
117.24,1,09:59:02.985304242
117.24,11,09:59:03.361795961
117.24,4,09:59:03.362169129
117.24,5,09:59:04.940590672
117.24,1,09:59:07.418113059
117.23,1,09:59:10.038542391
117.23,1,09:59:10.573136048
117.23,4,09:59:10.573244047
117.23,1,09:59:10.595069430
117.23,1,09:59:10.776391822
117.23,4,09:59:10.776391822
117.23,2,09:59:10.790792556
117.23,1,09:59:18.412380386
117.24,1,09:59:21.003525626
117.24,1,09:59:23.227463555
117.24,2,09:59:23.227575516
117.24,1,09:59:23.227594448
117.24,1,09:59:23.227613058
117.24,1,09:59:23.228193536
117.24,4,09:59:23.228193536
117.24,1,09:59:23.284945010
117.24,1,09:59:23.643724956
117.24,10,09:59:23.658280541
117.24,6,09:59:23.675223539
117.24,8,09:59:23.688479759
117.24,7,09:59:23.701788820
117.24,6,09:59:23.715618373
117.24,2,09:59:23.715714840
117.24,9,09:59:23.729826541
117.24,5,09:59:23.744119777
117.25,1,09:59:32.320330182
117.25,2,09:59:32.320467318
117.25,1,09:59:32.320494367
117.25,2,09:59:32.320494367
117.25,6,09:59:32.320494367
117.25,7,09:59:32.320494367
117.25,2,09:59:32.325494174
117.25,1,09:59:32.325494174
117.23,1,09:59:41.831332711
117.23,1,09:59:41.964134657
117.23,1,09:59:41.964218368
117.23,4,09:59:41.985772891
117.23,2,09:59:41.985772891
117.23,1,09:59:44.045459530
117.23,2,09:59:46.499216105
117.23,1,09:59:46.499216105
117.23,1,09:59:52.764215496
117.23,2,09:59:52.764215496
117.22,1,09:59:52.822032962
117.22,1,09:59:59.503671429
117.22,8,09:59:59.503750513
117.23,1,10:00:00.004416815
117.24,1,10:00:00.008377331
117.24,2,10:00:00.008377331
117.24,1,10:00:00.008462476
117.25,2,10:00:00.009416725
117.25,1,10:00:00.009416725
117.25,1,10:00:00.009565293
117.26,1,10:00:00.009578610
117.26,1,10:00:00.009592331
117.26,1,10:00:00.009605928
117.26,2,10:00:00.009621973
117.26,1,10:00:00.009621973
117.27,1,10:00:00.009634699
117.27,1,10:00:00.009648206
117.27,1,10:00:00.010238922
117.28,1,10:00:00.010238922
117.29,1,10:00:00.010238922
117.3,1,10:00:00.010238922
117.35,1,10:00:00.011111647
117.27,18,10:00:00.012865055
117.31,8,10:00:00.022256423
117.33,26,10:00:00.022256423
117.3,2,10:00:00.022350983
117.3,1,10:00:00.022350983
117.36,1,10:00:00.025540457
117.29,1,10:00:00.052290457
117.29,2,10:00:00.052290457
117.29,4,10:00:00.052376639
117.28,2,10:00:00.052393059
117.28,1,10:00:00.052393059
117.33,1,10:00:00.076202471
117.33,5,10:00:00.076307174
117.33,8,10:00:00.076442195
117.29,1,10:00:00.318470239
117.29,19,10:00:00.318563003
117.35,3,10:00:01.700329643
117.35,1,10:00:01.730791137
117.37,1,10:00:01.816791749
117.38,2,10:00:01.857531394
117.38,2,10:00:01.862878773
117.39,1,10:00:01.870664180
117.39,1,10:00:01.875282574
117.38,1,10:00:01.878359679
117.38,2,10:00:01.878359679
117.38,3,10:00:01.878751246
117.37,6,10:00:01.879062683
117.38,1,10:00:01.920361001
117.37,1,10:00:01.958180034
117.37,1,10:00:02.116423429
117.37,1,10:00:02.285820378
117.37,1,10:00:02.426989583
117.36,2,10:00:02.458470042
117.36,1,10:00:02.458470042
117.35,1,10:00:02.466147041
117.35,2,10:00:02.466147041
117.34,1,10:00:02.466664484
117.34,4,10:00:02.467905059
117.34,2,10:00:02.468112393
117.33,1,10:00:02.468112393
117.33,1,10:00:02.468284108
117.33,4,10:00:02.468806667
117.31,1,10:00:02.869646237
117.34,1,10:00:02.880670995
117.34,1,10:00:02.908971364
117.34,1,10:00:02.931545864
117.34,1,10:00:02.954386480
117.34,1,10:00:03.000352420
117.3,1,10:00:03.366717271
117.29,1,10:00:03.370182914
117.31,1,10:00:03.403215937
117.3,1,10:00:03.908788334
117.3,1,10:00:03.931828366
117.31,1,10:00:03.932632695
117.31,8,10:00:03.933130401
117.31,2,10:00:03.933130401
117.31,6,10:00:04.005947242
117.29,2,10:00:04.051921996
117.3,1,10:00:04.149870820
117.27,1,10:00:05.175988788
117.27,2,10:00:05.175988788
117.26,1,10:00:05.182103366
117.25,1,10:00:05.187549294
117.25,1,10:00:05.188004963
117.25,2,10:00:05.188004963
117.25,1,10:00:05.636690107
117.25,2,10:00:05.636690107
117.25,9,10:00:05.636971992
117.26,1,10:00:05.643366760
117.26,23,10:00:05.647433081
117.25,1,10:00:05.676707770
117.24,1,10:00:05.686342521
117.27,1,10:00:05.700060970
117.28,1,10:00:05.701736377
117.26,1,10:00:05.726988589
117.26,1,10:00:05.727083383
117.27,10,10:00:05.727102308
117.28,1,10:00:05.766514660
117.27,1,10:00:05.774135366
117.29,1,10:00:05.795022438
117.27,2,10:00:05.920667080
117.27,1,10:00:05.920667080
117.27,1,10:00:05.924430398
117.29,1,10:00:05.991118004
117.28,2,10:00:05.992180520
117.27,1,10:00:06.043741824
117.26,1,10:00:06.045504633
117.25,1,10:00:06.073322065
117.24,3,10:00:06.217583271
117.24,1,10:00:06.217583271
117.24,4,10:00:06.220392380
117.25,1,10:00:06.406819564
117.27,1,10:00:06.468828153
117.22,1,10:00:06.475583882
117.23,2,10:00:06.475690147
117.21,1,10:00:06.476981611
117.21,4,10:00:06.477280639
117.21,3,10:00:06.477516229
117.21,11,10:00:06.477516229
117.21,6,10:00:06.477910632
117.21,1,10:00:06.477910632
117.21,4,10:00:06.477910632
117.2,1,10:00:06.478031972
117.2,8,10:00:06.478031972
117.2,3,10:00:06.478031972
117.19,1,10:00:06.478282806
117.18,1,10:00:06.479412323
117.18,3,10:00:06.479412323
117.22,1,10:00:06.481551278
117.22,2,10:00:06.481824093
117.23,2,10:00:06.482841293
117.23,1,10:00:06.482841293
117.22,1,10:00:06.490398154
117.21,1,10:00:06.541422843
117.21,2,10:00:06.543354513
117.21,1,10:00:06.543479550
117.21,2,10:00:06.554537115
117.21,1,10:00:06.554552222
117.22,1,10:00:06.580770529
117.22,2,10:00:06.580770529
117.23,2,10:00:06.581181285
117.23,1,10:00:06.581181285
117.23,2,10:00:06.723058437
117.23,1,10:00:06.789002222
117.24,1,10:00:06.803920443
117.22,1,10:00:06.918906126
117.22,1,10:00:06.919042133
117.21,1,10:00:06.919589736
117.2,1,10:00:06.920151315
117.19,1,10:00:06.921783142
117.2,2,10:00:06.931075488
117.2,1,10:00:06.931075488
117.2,1,10:00:06.932461264
117.2,1,10:00:06.932545420
117.17,1,10:00:06.932755318
117.18,2,10:00:06.934726184
117.17,1,10:00:06.944898489
117.18,2,10:00:06.950992611
117.18,1,10:00:06.950992611
117.19,1,10:00:06.952371490
117.19,2,10:00:06.952371490
117.19,1,10:00:06.952479132
117.19,5,10:00:06.952742155
117.18,1,10:00:06.952742155
117.19,2,10:00:06.958155886
117.19,1,10:00:06.958384377
117.19,6,10:00:06.958598017
117.18,2,10:00:06.958791207
117.2,1,10:00:06.958977850
117.2,1,10:00:06.958992048
117.2,1,10:00:06.959112899
117.2,1,10:00:06.959134479
117.19,1,10:00:06.959483202
117.18,2,10:00:06.959935525
117.19,1,10:00:06.960381570
117.19,2,10:00:06.963100560
117.19,1,10:00:06.963511542
117.18,1,10:00:06.963511542
117.19,2,10:00:06.965784183
117.19,1,10:00:06.965784183
117.18,1,10:00:06.967294550
117.19,1,10:00:06.973283224
117.19,1,10:00:06.973369814
117.19,6,10:00:06.973388473
117.19,1,10:00:06.975883886
117.19,1,10:00:06.979744892
117.19,1,10:00:06.980083659
117.19,1,10:00:06.980465383
117.2,1,10:00:06.981221588
117.2,1,10:00:06.981638306
117.2,1,10:00:06.984098078
117.2,2,10:00:06.997321472
117.2,1,10:00:07.004080695
117.2,1,10:00:07.020735069
117.2,1,10:00:07.020827775
117.21,1,10:00:07.080633579
117.21,3,10:00:07.080787380
117.21,10,10:00:07.080824238
117.21,1,10:00:07.080824238
117.22,1,10:00:07.081492477
117.22,1,10:00:07.081508115
117.22,1,10:00:07.081562692
117.23,1,10:00:07.082308384
117.23,1,10:00:07.082330547
117.23,1,10:00:07.082344518
117.24,1,10:00:07.083255823
117.24,1,10:00:07.083283534
117.23,2,10:00:07.083479781
117.23,2,10:00:07.083521845
117.23,1,10:00:07.083566859
117.23,2,10:00:07.084115851
117.23,14,10:00:07.084148260
117.25,1,10:00:07.084503319
117.25,1,10:00:07.084517373
117.25,1,10:00:07.084535866
117.26,1,10:00:07.084818139
117.26,1,10:00:07.084832337
117.26,2,10:00:07.085017207
117.26,1,10:00:07.085245012
117.26,35,10:00:07.085518825
117.27,1,10:00:07.086024675
117.27,1,10:00:07.086121850
117.28,1,10:00:07.086641199
117.28,2,10:00:07.086641199
117.28,4,10:00:07.087256289
117.28,12,10:00:07.087453390
117.24,1,10:00:07.089470675
117.24,2,10:00:07.089470675
117.23,1,10:00:07.090127881
117.23,2,10:00:07.090127881
117.23,1,10:00:07.090826533
117.23,5,10:00:07.090826533
117.24,2,10:00:07.101320256
117.25,1,10:00:07.104497124
117.26,1,10:00:07.108695252
117.27,2,10:00:07.111258122
117.27,1,10:00:07.111258122
117.28,1,10:00:07.127048640
117.29,1,10:00:07.128704384
117.29,1,10:00:07.130418798
117.28,7,10:00:07.141758424
117.28,4,10:00:07.141773950
117.27,1,10:00:07.142667409
117.27,1,10:00:07.142741751
117.29,1,10:00:07.152694684
117.29,3,10:00:07.153004199
117.27,1,10:00:07.154098254
117.27,1,10:00:07.154144753
117.27,1,10:00:07.154162253
117.26,1,10:00:07.154162253
117.27,2,10:00:07.158241411
117.28,1,10:00:07.158639652
117.28,1,10:00:07.159182053
117.27,2,10:00:07.159740288
117.27,1,10:00:07.159936646
117.27,2,10:00:07.166878112
117.27,1,10:00:07.166893068
117.27,2,10:00:07.167808694
117.29,1,10:00:07.168782535
117.28,1,10:00:07.169425262
117.27,1,10:00:07.172348069
117.26,3,10:00:07.224232307
117.26,1,10:00:07.224232307
117.25,4,10:00:07.259252864
117.24,8,10:00:07.297328541
117.24,5,10:00:07.297449533
117.26,1,10:00:07.956036319
117.26,1,10:00:07.978486066
117.25,1,10:00:07.994956360
117.24,1,10:00:08.049103465
117.24,1,10:00:08.049266824
117.24,4,10:00:08.049283605
117.23,1,10:00:08.049299957
117.23,2,10:00:08.049325349
117.23,1,10:00:08.049325349
117.23,12,10:00:08.049505292
117.24,1,10:00:08.091154284
117.24,2,10:00:08.091154284
117.26,1,10:00:08.108193652
117.26,1,10:00:08.150718070
117.25,1,10:00:08.246777022
117.26,1,10:00:08.272963754
117.27,1,10:00:08.272963754
117.24,1,10:00:08.318019895
117.23,1,10:00:08.556147462
117.22,1,10:00:09.068974007
117.22,1,10:00:09.069115789
117.21,1,10:00:09.076142942
117.21,3,10:00:09.076142942
117.21,1,10:00:09.076238428
117.2,2,10:00:09.099458990
117.2,1,10:00:09.099458990
117.2,1,10:00:09.099964720
117.21,1,10:00:09.353491005
117.22,1,10:00:09.355955842
117.23,1,10:00:09.370275132
117.23,2,10:00:09.370352783
117.23,4,10:00:09.424193984
117.23,3,10:00:09.424292249
117.21,1,10:00:09.565813647
117.18,1,10:00:11.611315194
117.17,1,10:00:11.611329588
117.17,1,10:00:11.611389847
117.17,1,10:00:11.924132121
117.15,1,10:00:11.933522859
117.16,1,10:00:12.011392067
117.17,1,10:00:12.097669044
117.18,1,10:00:12.767208886
117.18,1,10:00:12.767319385
117.19,1,10:00:13.279878085
117.2,1,10:00:13.446431756
117.2,1,10:00:13.457455953
117.19,1,10:00:13.461709491
117.19,1,10:00:13.530971821
117.19,1,10:00:13.836221403
117.19,1,10:00:14.201242030
117.2,1,10:00:14.293177778
117.2,1,10:00:14.304381106
117.19,1,10:00:14.559869279
117.21,1,10:00:14.932902756
117.21,1,10:00:15.025904256
117.21,1,10:00:15.267129116
117.21,1,10:00:15.267207195
117.19,1,10:00:15.892058004
117.19,1,10:00:15.983645120
117.2,1,10:00:15.983645120
117.19,1,10:00:15.983720947
117.2,1,10:00:16.361853610
117.21,1,10:00:16.615446653
117.21,1,10:00:16.615539680
117.21,1,10:00:17.168348126
117.2,1,10:00:18.096220464
117.2,1,10:00:18.096776145
117.2,1,10:00:18.104523962
117.2,18,10:00:19.368222015
117.2,2,10:00:19.368222015
117.2,5,10:00:19.368222015
117.2,4,10:00:19.368500223
117.2,1,10:00:19.368608837
117.2,5,10:00:19.369098769
117.2,5,10:00:19.369123073
117.2,5,10:00:19.369139239
117.2,5,10:00:19.369158197
117.2,16,10:00:19.369179025
117.2,1,10:00:19.369179025
117.19,1,10:00:19.473673741
117.2,16,10:00:19.473673741
117.19,1,10:00:19.473782609
117.18,2,10:00:19.473804712
117.18,1,10:00:19.473804712
117.19,1,10:00:19.473804712
117.19,2,10:00:19.473804712
117.18,3,10:00:19.473822843
117.18,11,10:00:19.474742512
117.18,32,10:00:19.474946154
117.18,1,10:00:19.474961527
117.18,25,10:00:19.474996614
117.19,2,10:00:19.475060169
117.19,1,10:00:19.480812943
117.19,1,10:00:19.480873179
117.18,1,10:00:19.508291557
117.18,2,10:00:19.508945580
117.18,1,10:00:19.659786010
117.17,1,10:00:19.720490310
117.17,1,10:00:19.720577337
117.17,1,10:00:19.720592169
117.17,1,10:00:19.722429445
117.17,4,10:00:19.724321424
117.17,1,10:00:19.941742416
117.17,1,10:00:19.941815782
117.16,1,10:00:21.026097982
117.15,1,10:00:21.847336248
117.15,1,10:00:21.848603460
117.15,1,10:00:21.888286711
117.14,2,10:00:22.118535992
117.14,1,10:00:22.119180837
117.14,3,10:00:22.191170046
117.13,1,10:00:22.483670497
117.13,1,10:00:22.483769969
117.13,1,10:00:22.483785348
117.13,2,10:00:22.485000678
117.13,1,10:00:22.487333588
117.13,1,10:00:22.821663298
117.14,4,10:00:23.477718217
117.14,1,10:00:23.477866777
117.14,4,10:00:23.477866777
117.14,2,10:00:23.479183890
117.14,1,10:00:23.479183890
117.14,2,10:00:23.479359656
117.13,1,10:00:25.073392865
117.13,1,10:00:25.073487953
117.13,1,10:00:25.073669408
117.13,4,10:00:25.073775059
117.13,1,10:00:25.073792646
117.12,2,10:00:25.082598140
117.12,8,10:00:25.082618796
117.12,6,10:00:25.084847714
117.12,7,10:00:25.084863182
117.12,1,10:00:25.085095639
117.11,1,10:00:25.095456735
117.11,1,10:00:25.095524636
117.11,1,10:00:25.095620166
117.11,2,10:00:25.095796655
117.11,1,10:00:25.156281686
117.11,2,10:00:25.156281686
117.11,4,10:00:25.156876862
117.11,2,10:00:25.157327729
117.12,1,10:00:25.169319969
117.12,1,10:00:25.223591136
117.12,2,10:00:25.223702448
117.12,1,10:00:25.225547698
117.11,1,10:00:25.864323234
117.11,1,10:00:25.864417281
117.11,1,10:00:25.864432836
117.11,2,10:00:25.864432836
117.11,1,10:00:25.878134816
117.11,1,10:00:25.901206564
117.1,1,10:00:25.977062929
117.1,2,10:00:25.977062929
117.1,2,10:00:25.998370573
117.1,2,10:00:25.998455152
117.1,1,10:00:25.999272067
117.1,1,10:00:25.999631315
117.1,2,10:00:25.999756172
117.11,1,10:00:26.011886443
117.11,1,10:00:26.024977845
117.11,1,10:00:26.426990725
117.11,1,10:00:26.450546751
117.11,1,10:00:26.463556244
117.11,1,10:00:26.521240405
117.1,1,10:00:26.917030821
117.1,1,10:00:26.989010920
117.09,2,10:00:27.032190053
117.09,2,10:00:27.032997147
117.09,4,10:00:27.033918615
117.09,9,10:00:27.034021542
117.09,1,10:00:27.044625851
117.09,7,10:00:27.052373457
117.09,4,10:00:27.052631194
117.09,1,10:00:27.089895600
117.09,1,10:00:27.130961733
117.08,1,10:00:27.425961944
117.08,1,10:00:27.426480780
117.08,2,10:00:27.426480780
117.08,1,10:00:27.426681989
117.08,1,10:00:27.427465397
117.09,2,10:00:27.439288757
117.08,10,10:00:27.440540042
117.08,1,10:00:27.440540042
117.08,2,10:00:27.440624542
117.09,1,10:00:29.119180302
117.09,4,10:00:29.119331482
117.09,9,10:00:29.119821719
117.09,1,10:00:29.119962013
117.09,16,10:00:29.119962013
117.09,8,10:00:29.119962013
117.09,6,10:00:29.119976461
117.09,13,10:00:29.119976461
117.09,1,10:00:29.120841583
117.09,2,10:00:29.120879763
117.09,37,10:00:29.120895456
117.09,1,10:00:29.120910809
117.09,1,10:00:29.120924482
117.09,1,10:00:29.120942351
117.1,1,10:00:29.122946599
117.1,1,10:00:29.122961636
117.1,2,10:00:29.122961636
117.1,1,10:00:29.175334318
117.11,1,10:00:30.147876691
117.11,1,10:00:30.148116034
117.11,1,10:00:30.148487015
117.11,4,10:00:30.148829000
117.11,1,10:00:30.148829000
117.11,1,10:00:30.149647403
117.11,14,10:00:30.149647403
117.12,1,10:00:30.161453440
117.11,1,10:00:30.204847327
117.12,1,10:00:30.972709509
117.12,1,10:00:30.973280740
117.12,1,10:00:30.974021591
117.13,1,10:00:30.990179419
117.13,3,10:00:30.998697921
117.12,3,10:00:31.005409189
117.12,2,10:00:31.010054113
117.12,1,10:00:31.035149315
117.12,1,10:00:31.101917501
117.12,1,10:00:31.164421423
117.12,1,10:00:31.164493682
117.11,1,10:00:31.208141386
117.11,13,10:00:31.208242764
117.11,2,10:00:31.208242764
117.11,6,10:00:31.220957074
117.12,1,10:00:31.397084219
117.12,3,10:00:31.397084219
117.12,1,10:00:31.397312427
117.12,1,10:00:31.397327173
117.12,1,10:00:31.397340872
117.13,4,10:00:31.397355336
117.13,1,10:00:31.397370002
117.13,4,10:00:31.397384034
117.13,1,10:00:31.397384034
117.13,2,10:00:31.397398292
117.13,1,10:00:31.397398292
117.13,23,10:00:31.398114698
117.13,7,10:00:31.398130861
117.13,11,10:00:31.398130861
117.13,7,10:00:31.398275204
117.13,12,10:00:31.398292663
117.13,7,10:00:31.398308167
117.13,4,10:00:31.398323159
117.12,1,10:00:31.407461549
117.12,1,10:00:31.920475893
117.11,1,10:00:32.246964654
117.11,15,10:00:32.246964654
117.11,6,10:00:32.246964654
117.12,1,10:00:32.429209656
117.12,1,10:00:32.767613024
117.13,1,10:00:33.142289116
117.13,1,10:00:33.142484792
117.13,1,10:00:33.142575954
117.12,1,10:00:33.313535266
117.12,1,10:00:33.643717474
117.12,4,10:00:33.895907250
117.12,1,10:00:33.895984342
117.12,1,10:00:33.933424516
117.13,1,10:00:34.275769776
117.14,1,10:00:35.048768908
117.14,1,10:00:35.202252039
117.13,1,10:00:36.370013755
117.13,4,10:00:36.370013755
117.14,1,10:00:37.178871312
117.14,1,10:00:37.740117487
117.14,1,10:00:37.740495593
117.14,1,10:00:37.951807395
117.14,1,10:00:38.881934585
117.14,1,10:00:39.034845685
117.15,2,10:00:39.569465555
117.15,1,10:00:39.569465555
117.15,1,10:00:39.569556902
117.15,1,10:00:39.610826119
117.16,1,10:00:39.676951083
117.16,1,10:00:39.677477713
117.16,1,10:00:39.708031861
117.16,1,10:00:40.603275377
117.17,1,10:00:40.953970816
117.17,1,10:00:40.954017242
117.17,3,10:00:40.956094600
117.17,1,10:00:41.016506360
117.16,1,10:00:42.554668135
117.16,3,10:00:42.554682154
117.16,1,10:00:42.554775242
117.16,9,10:00:42.554852682
117.16,1,10:00:43.623663090
117.17,1,10:00:44.204536573
117.17,1,10:00:44.204669424
117.17,3,10:00:44.204705191
117.17,4,10:00:44.204705191
117.18,1,10:00:44.205444745
117.18,1,10:00:44.205470272
117.18,2,10:00:44.205470272
117.18,1,10:00:44.250082165
117.18,7,10:00:44.359619355
117.18,1,10:00:44.360293761
117.18,1,10:00:45.020960663
117.18,1,10:00:46.020154043
117.19,1,10:00:46.541734506
117.19,1,10:00:46.541900838
117.2,1,10:00:46.579735137
117.19,1,10:00:46.586814270
117.2,1,10:00:46.665284417
117.21,1,10:00:47.657201306
117.21,1,10:00:47.736556232
117.22,1,10:00:48.029572723
117.22,1,10:00:48.072493413
117.22,1,10:00:48.284565284
117.22,1,10:00:48.406172803
117.22,2,10:00:48.406172803
117.22,3,10:00:48.663522566
117.21,1,10:00:49.416901440
117.21,2,10:00:49.416901440
117.21,2,10:00:49.417004204
117.21,1,10:00:49.417151023
117.2,1,10:00:49.533286015
117.2,1,10:00:50.280489451
117.2,1,10:00:50.295232424
117.2,1,10:00:50.940853425
117.19,1,10:00:51.764464295
117.19,1,10:00:51.764667290
117.19,1,10:00:52.839140252
117.19,1,10:00:52.839224121
117.2,3,10:00:53.921588608
117.2,2,10:00:53.921588608
117.2,1,10:00:53.921680042
117.2,1,10:00:53.921701882
117.2,2,10:00:53.922409939
117.19,1,10:00:54.129547523
117.19,1,10:00:54.129641524
117.19,1,10:00:54.129660238
117.19,4,10:00:54.130113248
117.19,2,10:00:54.980193439
117.19,1,10:00:54.980295977
117.19,1,10:00:55.533016483
117.19,5,10:00:55.533016483
117.2,2,10:00:55.966538147
117.22,1,10:00:56.704249172
117.22,1,10:00:58.444656828
117.22,2,10:00:58.444656828
117.22,1,10:00:58.444783551
117.22,2,10:00:58.444783551
117.21,1,10:00:59.085060668
117.22,1,10:01:00.334688242
117.22,2,10:01:00.334874694
117.22,1,10:01:00.334971832
117.22,2,10:01:00.357755552
117.23,1,10:01:01.745485196
117.23,2,10:01:01.745485196
117.23,6,10:01:01.745485196
117.23,2,10:01:01.745559404
117.23,2,10:01:01.769339751
117.23,1,10:01:03.034210755
117.24,1,10:01:03.226421111
117.24,1,10:01:03.226504231
117.23,1,10:01:04.318324906
117.23,2,10:01:04.318390634
117.23,1,10:01:04.563811400
117.23,2,10:01:04.563908095
117.23,1,10:01:04.563908095
117.23,1,10:01:04.676258691
117.23,1,10:01:04.676539603
117.23,1,10:01:04.677060255
117.23,1,10:01:04.678226894
117.23,1,10:01:05.778633665
117.23,1,10:01:05.778714526
117.23,2,10:01:05.778714526
117.23,1,10:01:05.797820655
117.23,4,10:01:05.827298322
117.23,1,10:01:05.827298322
117.23,1,10:01:05.918740155
117.24,1,10:01:06.524069625
117.24,1,10:01:06.524501068
117.24,1,10:01:06.524773464
117.24,1,10:01:06.525287761
117.24,1,10:01:06.525502852
117.24,1,10:01:06.525519508
117.24,2,10:01:06.525519508
117.24,1,10:01:06.525797630
117.24,1,10:01:06.527164412
117.24,2,10:01:06.527625286
117.24,1,10:01:06.527968911
117.25,2,10:01:06.538153808
117.25,1,10:01:06.538153808
117.26,1,10:01:06.545831229
117.26,1,10:01:06.545902538
117.26,6,10:01:06.546088791
117.26,4,10:01:06.546088791
117.26,1,10:01:06.546883001
117.26,1,10:01:06.547977860
117.25,1,10:01:06.550611595
117.25,3,10:01:06.550611595
117.25,2,10:01:06.550611595
117.26,1,10:01:06.601313485
117.26,3,10:01:06.602055379
117.26,5,10:01:06.602055379
117.26,2,10:01:06.602055379
117.26,1,10:01:06.602055379
117.27,1,10:01:06.624807844
117.27,1,10:01:06.628569360
117.26,1,10:01:06.631360942
117.27,2,10:01:06.643714452
117.27,1,10:01:06.643714452
117.27,1,10:01:06.643809649
117.27,1,10:01:06.643827620
117.28,2,10:01:06.718480165
117.28,1,10:01:06.719361713
117.28,8,10:01:06.739468624
117.29,1,10:01:06.769224651
117.29,3,10:01:06.769302254
117.29,1,10:01:06.775598953
117.29,1,10:01:07.087415589
117.29,13,10:01:07.100346414
117.29,1,10:01:07.103518651
117.29,1,10:01:07.103588231
117.29,2,10:01:07.103799714
117.29,2,10:01:07.104442612
117.29,1,10:01:07.128850032
117.3,1,10:01:07.235193845
117.3,1,10:01:07.235413856
117.3,6,10:01:07.235413856
117.3,3,10:01:07.331475981
117.3,2,10:01:07.446114804
117.3,1,10:01:07.446241145
117.31,3,10:01:07.464846881
117.31,1,10:01:07.465385501
117.31,2,10:01:07.465385501
117.31,3,10:01:07.465549702
117.31,4,10:01:07.465728151
117.31,3,10:01:07.465728151
117.31,1,10:01:07.465728151
117.31,1,10:01:07.465749543
117.31,3,10:01:07.465749543
117.31,3,10:01:07.485751187
117.31,1,10:01:07.567098344
117.31,1,10:01:07.567154888
117.31,1,10:01:07.794089998
117.31,2,10:01:07.794425889
117.31,6,10:01:07.794818705
117.31,1,10:01:07.794818705
117.31,1,10:01:07.795365953
117.31,1,10:01:07.849511099
117.31,1,10:01:07.940161140
117.31,2,10:01:07.940161140
117.32,1,10:01:08.116346107
117.32,2,10:01:08.116449240
117.32,3,10:01:08.191376449
117.32,1,10:01:08.899203104
117.33,2,10:01:09.006816960
117.33,2,10:01:09.329506389
117.33,1,10:01:09.329506389
117.32,1,10:01:10.455895753
117.32,2,10:01:10.455895753
117.31,1,10:01:10.458044110
117.31,1,10:01:12.324789416
117.31,1,10:01:13.013639090
117.3,1,10:01:14.759023179
117.31,4,10:01:14.759843006
117.31,3,10:01:14.759928832
117.3,2,10:01:15.590248118
117.3,1,10:01:15.590696306
117.3,25,10:01:15.590696306
117.3,8,10:01:15.590696306
117.3,1,10:01:15.590807442
117.3,1,10:01:15.591548812
117.3,1,10:01:15.651257844
117.3,2,10:01:15.651257844
117.3,4,10:01:15.651530867
117.3,1,10:01:15.651530867
117.31,1,10:01:15.761198769
117.32,1,10:01:15.770694506
117.3,1,10:01:15.772514728
117.3,4,10:01:15.772514728
117.31,4,10:01:15.772514728
117.31,1,10:01:15.772514728
117.32,1,10:01:15.801864894
117.31,5,10:01:15.820621350
117.31,6,10:01:15.820738003
117.3,1,10:01:15.905620765
117.32,1,10:01:16.012629292
117.32,5,10:01:16.012775081
117.32,1,10:01:16.012807837
117.32,4,10:01:16.012807837
117.32,2,10:01:16.012807837
117.31,1,10:01:16.192719613
117.31,4,10:01:16.192719613
117.31,3,10:01:16.192785367
117.31,1,10:01:16.508432666
117.31,2,10:01:16.577650746
117.31,4,10:01:16.580322257
117.33,1,10:01:17.534216068
117.33,5,10:01:17.535618963
117.33,3,10:01:17.535618963
117.33,1,10:01:17.538341277
117.33,1,10:01:17.538409591
117.33,1,10:01:17.538805303
117.33,1,10:01:17.538928451
117.33,1,10:01:17.538969831
117.33,1,10:01:17.539939062
117.33,1,10:01:17.570649479
117.33,2,10:01:17.597330120
117.33,1,10:01:17.606299620
117.32,2,10:01:17.820500508
117.32,4,10:01:17.820877906
117.32,1,10:01:17.820877906
117.32,2,10:01:17.820877906
117.32,6,10:01:17.820877906
117.33,4,10:01:17.821338699
117.33,2,10:01:17.821338699
117.33,4,10:01:17.821451343
117.33,4,10:01:17.821465429
117.33,7,10:01:17.821482043
117.33,2,10:01:17.821499525
117.33,1,10:01:18.475541298
117.33,1,10:01:19.215875163
117.33,6,10:01:19.215875163
117.34,1,10:01:19.334508974
117.34,1,10:01:19.335147655
117.35,1,10:01:19.374819736
117.35,2,10:01:19.374888791
117.35,1,10:01:19.375390532
117.35,2,10:01:19.375943101
117.35,6,10:01:19.376864960
117.35,1,10:01:19.678809851
117.35,1,10:01:19.687259460
117.35,3,10:01:19.687259460
117.35,1,10:01:19.687777216
117.35,1,10:01:19.695384810
117.35,1,10:01:19.750961797
117.35,2,10:01:19.773783423
117.35,1,10:01:19.860523645
117.35,1,10:01:19.989575316
117.35,7,10:01:19.989575316
117.35,2,10:01:19.990223590
117.35,2,10:01:19.990250285
117.35,1,10:01:20.002486657
117.35,1,10:01:20.002581665
117.35,1,10:01:20.047281070
117.35,3,10:01:20.257683683
117.35,1,10:01:20.257683683
117.35,2,10:01:20.257683683
117.35,2,10:01:20.630888922
117.35,2,10:01:20.630973884
117.35,1,10:01:20.630988396
117.35,1,10:01:20.886522316
117.35,1,10:01:20.886994598
117.35,1,10:01:20.887448738
117.34,1,10:01:21.371206597
117.34,4,10:01:21.371206597
117.34,4,10:01:21.371281088
117.33,1,10:01:21.371302505
117.33,4,10:01:21.371302505
117.34,2,10:01:21.371302505
117.34,1,10:01:21.371302505
117.34,1,10:01:21.556812929
117.34,1,10:01:21.730658683
117.34,1,10:01:22.329090767
117.34,1,10:01:22.765160744
117.34,1,10:01:22.765556188
117.33,1,10:01:22.814739433
117.34,5,10:01:23.309125449
117.34,1,10:01:23.330350882
117.34,4,10:01:23.330830850
117.34,3,10:01:23.330830850
117.34,1,10:01:23.375698386
117.33,1,10:01:24.288934900
117.33,1,10:01:24.289026308
117.33,1,10:01:24.289045031
117.32,4,10:01:24.318830118
117.32,1,10:01:24.318830118
117.32,1,10:01:24.421250807
117.31,1,10:01:24.759554876
117.31,2,10:01:24.759554876
117.31,1,10:01:25.317635447
117.3,1,10:01:25.872904172
117.3,1,10:01:25.873314588
117.29,3,10:01:25.907737405
117.29,1,10:01:25.907737405
117.29,1,10:01:25.907816182
117.3,1,10:01:26.275169120
117.29,2,10:01:27.366894013
117.29,3,10:01:27.366984992
117.28,1,10:01:27.367025228
117.29,1,10:01:27.367025228
117.29,2,10:01:27.367025228
117.29,1,10:01:28.034900192
117.3,1,10:01:28.159665553
117.3,1,10:01:28.182637092
117.31,5,10:01:28.550165914
117.31,1,10:01:28.550165914
117.31,14,10:01:28.550257614
117.31,1,10:01:28.550257614
117.31,5,10:01:29.110123370
117.31,1,10:01:29.110421316
117.31,1,10:01:29.352629387
117.31,5,10:01:29.691889854
117.31,1,10:01:29.691889854
117.31,3,10:01:29.692824660
117.31,5,10:01:29.701667357
117.31,1,10:01:29.701667357
117.31,1,10:01:29.719341113
117.31,4,10:01:29.770778428
117.31,1,10:01:29.780149507
117.31,1,10:01:29.780236010
117.31,2,10:01:30.197970310
117.3,5,10:01:30.768639256
117.3,1,10:01:30.768655918
117.3,2,10:01:30.768739906
117.3,1,10:01:30.768761723
117.3,5,10:01:30.768761723
117.31,6,10:01:31.534192831
117.31,5,10:01:31.534301263
117.31,2,10:01:31.534301263
117.31,1,10:01:31.534448424
117.31,1,10:01:31.537396907
117.32,2,10:01:31.686562604
117.32,1,10:01:31.686562604
117.32,9,10:01:31.686706096
117.32,5,10:01:31.687251096
117.32,1,10:01:31.687276744
117.32,7,10:01:31.687276744
117.33,7,10:01:31.851461059
117.33,16,10:01:31.851461059
117.33,1,10:01:32.032580800
117.34,1,10:01:32.070338034
117.34,4,10:01:32.070338034
117.34,4,10:01:32.070756240
117.33,1,10:01:32.935635482
117.33,1,10:01:33.999637518
117.33,1,10:01:33.999928218
117.33,1,10:01:34.010806543
117.33,6,10:01:35.138493785
117.33,6,10:01:35.138601808
117.33,1,10:01:35.138618182
117.32,1,10:01:36.301499116
117.32,1,10:01:36.301592674
117.32,7,10:01:36.301612018
117.32,6,10:01:36.301612018
117.32,1,10:01:36.302203698
117.32,2,10:01:36.302332831
117.32,1,10:01:36.302359922
117.32,3,10:01:36.416889830
117.32,1,10:01:36.799985068
117.32,1,10:01:36.810777901
117.31,1,10:01:36.842523849
117.31,1,10:01:36.842739513
117.31,1,10:01:36.843080828
117.31,2,10:01:36.843257810
117.31,1,10:01:36.867991120
117.32,1,10:01:38.224435660
117.31,1,10:01:40.141658135
117.31,6,10:01:40.141737069
117.31,1,10:01:40.141753219
117.31,5,10:01:40.250303985
117.31,1,10:01:40.597710503
117.31,1,10:01:42.924952019
117.31,1,10:01:42.924970380
117.31,1,10:01:43.056367295
117.3,1,10:01:43.545764709
117.3,2,10:01:43.805362778
117.29,1,10:01:43.914711747
117.29,2,10:01:44.323284221
117.29,5,10:01:44.323402707
117.29,1,10:01:44.323433663
117.29,8,10:01:44.323433663
117.29,7,10:01:44.323433663
117.29,2,10:01:44.323433663
117.3,2,10:01:45.344971352
117.3,1,10:01:45.344971352
117.29,1,10:01:45.600578832
117.29,1,10:01:47.213222135
117.29,1,10:01:47.213309127
117.29,1,10:01:47.213326449
117.29,6,10:01:47.217688103
117.29,1,10:01:47.325541228
117.28,3,10:01:48.366880086
117.28,2,10:01:48.366880086
117.3,1,10:01:48.537027929
117.3,13,10:01:48.537052623
117.31,1,10:01:49.519646399
117.31,1,10:01:49.777490258
117.3,1,10:01:50.982738592
117.3,1,10:01:50.982814902
117.3,1,10:01:50.982829817
117.3,1,10:01:50.982930426
117.3,1,10:01:51.014942637
117.29,1,10:01:51.961250792
117.29,1,10:01:53.041885160
117.29,1,10:01:53.042146706
117.29,1,10:01:53.824503125
117.28,1,10:01:54.080825104
117.28,1,10:01:54.083686075
117.28,1,10:01:55.383081452
117.27,1,10:01:55.744262676
117.27,3,10:01:56.103644257
117.27,3,10:01:56.103731172
117.27,3,10:01:56.103755399
117.27,1,10:01:56.147162613
117.26,1,10:01:57.015083639
117.26,1,10:01:58.279655694
117.26,2,10:01:58.279726686
117.26,1,10:02:01.021865313
117.26,2,10:02:01.021946932
117.26,1,10:02:01.137190877
117.27,4,10:02:01.902418153
117.27,1,10:02:01.902418153
117.26,2,10:02:02.114353972
117.26,1,10:02:02.114353972
117.26,1,10:02:02.114460689
117.26,2,10:02:02.114483195
117.26,1,10:02:02.114483195
117.26,5,10:02:02.114483195
117.27,1,10:02:02.266147680
117.26,1,10:02:04.948708546
117.26,2,10:02:07.481438689
117.26,1,10:02:07.563387400
117.25,1,10:02:08.031559385
117.25,6,10:02:08.031559385
117.25,1,10:02:08.145178800
117.25,3,10:02:08.145178800
117.26,2,10:02:08.549981928
117.26,1,10:02:08.549999639
117.26,1,10:02:12.264151222
117.26,1,10:02:12.264239442
117.26,1,10:02:13.386345396
117.25,3,10:02:13.407714058
117.24,2,10:02:13.544955049
117.24,1,10:02:13.780255812
117.24,5,10:02:13.780358500
117.24,1,10:02:13.780358500
117.24,4,10:02:13.781187597
117.24,6,10:02:14.110398470
117.24,1,10:02:14.110494818
117.23,2,10:02:14.110515052
117.23,8,10:02:14.110515052
117.23,4,10:02:14.110515052
117.24,2,10:02:15.210979734
117.24,1,10:02:15.232544027
117.24,1,10:02:15.332756306
117.25,6,10:02:16.029425830
117.25,1,10:02:16.029444035
117.25,9,10:02:16.029444035
117.25,20,10:02:16.029495142
117.25,1,10:02:16.029495142
117.25,6,10:02:16.041153632
117.25,8,10:02:16.041955321
117.25,2,10:02:16.052373738
117.25,1,10:02:16.052373738
117.25,1,10:02:16.052934147
117.25,3,10:02:16.052934147
117.26,1,10:02:16.863777302
117.26,1,10:02:16.864256812
117.27,4,10:02:16.906159738
117.27,1,10:02:16.906159738
117.27,5,10:02:17.808023722
117.27,1,10:02:17.808338225
117.27,2,10:02:17.808338225
117.27,1,10:02:18.044009373
117.28,1,10:02:18.972874941
117.28,1,10:02:18.973199073
117.29,1,10:02:19.226360495
117.29,2,10:02:19.226360495
117.29,1,10:02:19.227238658
117.29,1,10:02:20.398205215
117.28,1,10:02:20.732634227
117.28,1,10:02:21.050425288
117.28,6,10:02:21.050425288
117.28,6,10:02:21.050507275
117.28,6,10:02:21.050535842
117.28,2,10:02:21.050535842
117.29,1,10:02:21.491329158
117.29,1,10:02:22.974439047
117.29,1,10:02:22.974669982
117.29,1,10:02:25.010021350
117.29,1,10:02:25.010036140
117.28,1,10:02:27.526123489
117.28,1,10:02:28.892304935
117.28,1,10:02:28.892755409
117.28,1,10:02:28.892936020
117.27,1,10:02:29.507778695
117.27,1,10:02:30.431053415
117.27,1,10:02:30.431435085
117.27,1,10:02:30.431546163
117.27,1,10:02:30.882206197
117.27,6,10:02:30.882269810
117.28,1,10:02:31.273277624
117.28,2,10:02:31.273688324
117.28,1,10:02:31.273715249
117.27,5,10:02:32.642562222
117.27,1,10:02:32.642562222
117.27,1,10:02:34.398890435
117.27,1,10:02:34.665853978
117.27,1,10:02:34.665948570
117.27,1,10:02:34.665964323
117.27,4,10:02:34.665964323
117.27,1,10:02:35.595783976
117.27,2,10:02:35.595955195
117.27,1,10:02:35.595978769
117.26,6,10:02:37.023584411
117.26,1,10:02:37.023584411
117.26,4,10:02:37.023666530
117.26,1,10:02:37.023683803
117.27,1,10:02:37.756241204
117.27,2,10:02:37.756261159
117.27,1,10:02:37.756261159
117.27,2,10:02:37.756737872
117.28,4,10:02:37.759049764
117.28,1,10:02:37.759669666
117.28,1,10:02:37.760470708
117.28,6,10:02:37.760470708
117.29,1,10:02:37.792579572
117.29,1,10:02:37.835344609
117.29,1,10:02:37.835636646
117.28,1,10:02:41.236122060
117.28,5,10:02:41.236194460
117.28,1,10:02:41.803132100
117.27,1,10:02:41.891604450
117.27,3,10:02:42.276122348
117.27,6,10:02:42.276264085
117.27,1,10:02:42.276287320
117.27,2,10:02:42.276287320
117.27,5,10:02:42.276287320
117.27,6,10:02:42.276287320
117.27,15,10:02:42.276305471
117.27,2,10:02:42.276305471
117.27,6,10:02:42.990193728
117.27,1,10:02:42.990213297
117.27,3,10:02:42.990213297
117.27,7,10:02:42.992234582
117.27,1,10:02:43.037584028
117.27,1,10:02:43.473441889
117.27,1,10:02:43.486575150
117.27,1,10:02:43.487310922
117.27,1,10:02:43.752119136
117.27,6,10:02:43.752119136
117.27,1,10:02:45.545423400
117.27,1,10:02:45.545437774
117.27,6,10:02:45.545437774
117.27,1,10:02:45.545531047
117.27,1,10:02:45.545556388
117.27,1,10:02:48.081241643
117.27,1,10:02:48.373537499
117.27,1,10:02:51.866435479
117.28,1,10:02:55.762032873
117.28,1,10:02:55.762122124
117.27,1,10:02:56.312528348
117.27,1,10:02:56.312544802
117.27,1,10:02:58.315854022
117.27,1,10:02:58.697421144
117.28,1,10:02:59.953305356
117.27,6,10:03:00.170292268
117.27,6,10:03:00.170306486
117.27,1,10:03:00.170398566
117.27,1,10:03:00.170420688
117.27,6,10:03:00.170420688
117.27,1,10:03:00.329210480
117.28,1,10:03:00.916908937
117.29,1,10:03:02.479717179
117.29,6,10:03:02.479717179
117.29,2,10:03:02.479717179
117.29,1,10:03:04.541588159
117.29,1,10:03:04.667751664
117.28,1,10:03:05.088352657
117.28,2,10:03:05.088392533
117.28,1,10:03:05.088392533
117.28,4,10:03:05.088720830
117.27,1,10:03:06.253191275
117.27,4,10:03:06.253191275
117.27,1,10:03:06.253304135
117.27,1,10:03:06.253334119
117.27,1,10:03:06.614151656
117.27,4,10:03:06.614151656
117.27,1,10:03:07.046923111
117.27,1,10:03:08.726760896
117.26,1,10:03:09.017949127
117.26,6,10:03:09.322801830
117.26,1,10:03:09.322906652
117.26,6,10:03:09.322932140
117.26,5,10:03:09.322932140
117.26,2,10:03:09.322932140
117.26,19,10:03:09.322932140
117.26,1,10:03:09.408716027
117.26,1,10:03:10.177204002
117.26,1,10:03:10.177705636
117.27,1,10:03:10.878510995
117.26,1,10:03:11.819567769
117.26,1,10:03:11.820102351
117.27,1,10:03:13.746998409
117.26,1,10:03:14.591490649
117.26,1,10:03:15.413527517
117.26,2,10:03:15.413527517
117.26,1,10:03:15.646734501
117.27,1,10:03:17.848251272
117.27,2,10:03:17.848406293
117.27,3,10:03:17.848865339
117.27,2,10:03:17.848865339
117.27,1,10:03:17.849057467
117.27,1,10:03:17.871318599
117.27,1,10:03:18.576218043
117.27,1,10:03:18.576932302
117.27,1,10:03:19.687596626
117.27,1,10:03:20.790759178
117.27,1,10:03:20.791069677
117.26,1,10:03:24.786873584
117.26,1,10:03:24.787042859
117.26,1,10:03:24.787060456
117.26,6,10:03:24.787060456
117.26,2,10:03:24.787075480
117.26,4,10:03:24.787075480
117.26,1,10:03:24.787089541
117.26,1,10:03:24.787102814
117.26,2,10:03:24.787118468
117.26,6,10:03:24.787118468
117.26,5,10:03:24.787118468
117.26,5,10:03:24.787131982
117.27,6,10:03:24.788092634
117.27,3,10:03:24.788198439
117.27,6,10:03:24.788221287
117.27,1,10:03:24.788221287
117.27,1,10:03:24.788658679
117.26,1,10:03:24.811705915
117.27,1,10:03:24.850384548
117.26,2,10:03:25.174021361
117.26,1,10:03:25.174021361
117.26,1,10:03:25.174127540
117.26,3,10:03:25.174144871
117.26,1,10:03:25.174144871
117.27,1,10:03:26.706409486
117.27,1,10:03:26.758426963
117.28,4,10:03:26.928511724
117.28,1,10:03:26.929155550
117.28,1,10:03:26.929304276
117.28,4,10:03:26.929587848
117.28,1,10:03:26.929925899
117.28,1,10:03:28.878980223
117.28,4,10:03:28.879373131
117.28,1,10:03:28.879373131
117.28,1,10:03:29.005625278
117.28,1,10:03:30.273130048
117.28,1,10:03:30.273233020
117.28,1,10:03:30.478844405
117.27,1,10:03:32.044958376
117.28,1,10:03:32.192267163
117.28,1,10:03:33.837586176
117.28,1,10:03:34.023999696
117.29,1,10:03:34.134344266
117.29,2,10:03:34.134344266
117.29,3,10:03:34.134436605
117.29,3,10:03:34.134703443
117.29,1,10:03:34.184339502
117.29,1,10:03:34.751727766
117.28,1,10:03:35.346456619
117.28,1,10:03:35.346566868
117.28,4,10:03:35.346606472
117.28,1,10:03:35.346606472
117.28,5,10:03:35.346606472
117.28,6,10:03:35.346606472
117.28,2,10:03:35.346606472
117.28,3,10:03:35.347362692
117.28,6,10:03:35.347362692
117.29,1,10:03:36.548926569
117.28,1,10:03:37.265171535
117.28,1,10:03:37.265304518
117.28,4,10:03:37.265333145
117.28,1,10:03:37.265333145
117.28,5,10:03:37.265333145
117.28,2,10:03:37.265333145
117.28,6,10:03:37.265333145
117.29,6,10:03:38.754060254
117.29,1,10:03:38.754531844
117.29,1,10:03:38.907491270
117.29,8,10:03:41.312377855
117.29,1,10:03:42.325668548
117.29,1,10:03:42.954690141
117.29,1,10:03:42.965594786
117.29,1,10:03:43.942871140
117.28,1,10:03:45.347752715
117.28,2,10:03:45.348139461
117.28,1,10:03:45.348139461
117.28,1,10:03:46.287873577
117.28,1,10:03:46.488796399
117.28,1,10:03:46.489106725
117.28,1,10:03:46.924136755
117.28,1,10:03:47.217115070
117.28,1,10:03:47.564516344
117.28,1,10:03:47.885884503
117.28,1,10:03:48.792973128
117.28,1,10:03:48.793063671
117.28,1,10:03:48.793081661
117.27,1,10:03:48.793081661
117.27,1,10:03:48.877801879
117.27,1,10:03:48.877815399
117.27,1,10:03:48.877872355
117.28,6,10:03:49.018470968
117.28,1,10:03:49.018470968
117.28,1,10:03:49.018533954
117.28,1,10:03:49.534725743
117.27,5,10:03:50.100871320
117.27,1,10:03:50.100871320
117.27,1,10:03:50.100977374
117.27,8,10:03:50.101015205
117.27,1,10:03:50.101015205
117.27,7,10:03:50.101015205
117.27,6,10:03:50.101015205
117.28,1,10:03:50.984916205
117.28,1,10:03:50.987323870
117.28,1,10:03:51.063097157
117.29,1,10:03:51.406635686
117.29,1,10:03:51.407088598
117.29,1,10:03:51.756492422
117.29,1,10:03:51.776332829
117.29,1,10:03:52.276097905
117.29,1,10:03:54.466018522
117.29,3,10:03:54.771425183
117.29,1,10:03:54.771788165
117.29,1,10:03:57.040285767
117.3,1,10:03:57.780685656
117.3,1,10:03:57.780772268
117.3,1,10:03:57.780787080
117.29,1,10:03:58.231023929
117.29,1,10:03:58.231435253
117.29,6,10:04:00.143986603
117.29,1,10:04:00.143986603
117.29,2,10:04:00.144193447
117.29,1,10:04:00.144193447
117.29,1,10:04:00.144207608
117.29,1,10:04:00.144313297
117.29,1,10:04:00.165726432
117.3,1,10:04:01.155193136
117.3,3,10:04:01.155193136
117.3,4,10:04:01.155270780
117.3,2,10:04:01.313389189
117.3,1,10:04:03.810858021
117.3,1,10:04:03.810971899
117.3,1,10:04:03.810988007
117.3,1,10:04:03.811085270
117.3,8,10:04:04.020275273
117.3,1,10:04:04.020817814
117.29,7,10:04:04.501039708
117.29,3,10:04:04.501039708
117.29,1,10:04:04.501158921
117.29,9,10:04:04.501174666
117.29,1,10:04:04.501174666
117.29,7,10:04:04.501174666
117.29,2,10:04:04.501191814
117.29,3,10:04:06.972228140
117.29,1,10:04:06.972302171
117.3,3,10:04:10.792000729
117.3,1,10:04:10.792125382
117.3,1,10:04:10.792165100
117.3,3,10:04:10.792165100
117.3,1,10:04:10.950392135
117.3,1,10:04:12.433077768
117.29,2,10:04:12.449704546
117.29,1,10:04:12.507931288
117.29,2,10:04:12.507931288
117.29,2,10:04:12.514562836
117.29,6,10:04:12.566083229
117.29,1,10:04:12.566083229
117.29,1,10:04:12.572386840
117.29,2,10:04:12.572557483
117.29,1,10:04:14.339309393
117.29,1,10:04:14.339732912
117.29,1,10:04:14.339755377
117.28,1,10:04:14.340476665
117.28,1,10:04:14.340497312
117.28,6,10:04:14.340497312
117.29,1,10:04:14.350585375
117.29,1,10:04:16.438238479
117.29,1,10:04:16.438337074
117.29,2,10:04:16.438352085
117.29,1,10:04:16.507491452
117.29,3,10:04:16.507801218
117.29,1,10:04:17.878689143
117.29,1,10:04:18.100360926
117.28,1,10:04:20.536901616
117.28,1,10:04:20.537019632
117.28,1,10:04:20.537051690
117.28,5,10:04:20.537051690
117.28,2,10:04:20.537051690
117.28,6,10:04:20.537051690
117.28,1,10:04:20.537511014
117.28,1,10:04:20.537618176
117.28,1,10:04:21.045107318
117.28,1,10:04:21.121751386
117.28,1,10:04:21.122257171
117.28,2,10:04:21.122257171
117.28,1,10:04:21.240378664
117.28,1,10:04:21.241130462
117.28,1,10:04:21.272996699
117.28,1,10:04:21.273181605
117.28,1,10:04:21.273268964
117.28,1,10:04:21.277280194
117.28,1,10:04:21.277512206
117.28,1,10:04:21.277533736
117.27,1,10:04:22.034583999
117.27,1,10:04:22.443096892
117.27,5,10:04:22.443096892
117.27,2,10:04:22.443096892
117.27,1,10:04:22.443112101
117.27,1,10:04:22.444081253
117.27,1,10:04:22.445159187
117.27,1,10:04:22.445186340
117.27,1,10:04:22.455071372
117.27,1,10:04:22.455087385
117.27,6,10:04:22.455087385
117.27,1,10:04:23.336962171
117.27,1,10:04:24.531944366
117.27,1,10:04:24.532225232
117.27,2,10:04:24.532225232
117.27,1,10:04:24.532639761
117.27,5,10:04:26.279105150
117.26,1,10:04:26.600533134
117.26,2,10:04:26.600533134
117.26,1,10:04:26.600654223
117.26,7,10:04:26.600725609
117.26,1,10:04:26.600725609
117.26,6,10:04:26.600725609
117.26,1,10:04:27.065982451
117.26,7,10:04:27.103251600
117.26,1,10:04:27.103730162
117.26,1,10:04:27.127666381
117.26,2,10:04:27.128088419
117.26,1,10:04:27.128088419
117.27,1,10:04:30.846535558
117.27,1,10:04:30.846873524
117.27,1,10:04:30.846960849
117.27,1,10:04:30.846991023
117.27,1,10:04:31.804301633
117.27,1,10:04:31.804316858
117.27,2,10:04:31.804609687
117.27,1,10:04:31.814927097
117.27,1,10:04:35.031766253
117.27,1,10:04:35.037115081
117.27,1,10:04:35.824848978
117.27,1,10:04:35.824928449
117.27,1,10:04:36.608828593
117.27,1,10:04:37.129710008
117.26,1,10:04:37.166556670
117.27,1,10:04:37.174741788
117.26,1,10:04:37.563781820
117.26,6,10:04:37.988711944
117.26,2,10:04:37.988711944
117.26,6,10:04:37.988821710
117.26,1,10:04:37.988843426
117.26,6,10:04:37.988843426
117.26,3,10:04:37.988843426
117.26,4,10:04:37.988860344
117.26,1,10:04:47.031416716
117.26,1,10:04:50.805000399
117.26,2,10:04:50.805135243
117.26,1,10:04:50.805159925
117.26,4,10:04:50.805159925
117.26,7,10:04:50.805176468
117.26,1,10:04:50.805782602
117.26,1,10:04:50.805941006
117.26,2,10:04:50.805941006
117.26,1,10:04:50.816574001
117.26,5,10:04:56.222890242
117.26,1,10:04:56.222995454
117.26,1,10:04:56.223042542
117.26,1,10:04:58.021448952
117.26,1,10:04:58.021462641
117.26,3,10:04:58.021585399
117.26,1,10:04:58.021616513
117.26,2,10:04:58.021616513
117.26,7,10:04:58.021616513
117.26,1,10:04:58.474571574
117.26,2,10:04:58.622870451
117.26,2,10:04:58.622969878
117.27,1,10:05:04.003890523
117.27,1,10:05:04.004009816
117.27,1,10:05:04.004025237
117.27,2,10:05:04.004025237
117.27,1,10:05:04.004108165
117.26,1,10:05:04.658264657
117.26,3,10:05:04.658309652
117.26,5,10:05:04.658309652
117.26,1,10:05:04.658309652
117.26,2,10:05:04.658309652
117.26,6,10:05:04.658309652
117.26,1,10:05:04.660554300
117.26,1,10:05:04.660874436
117.26,1,10:05:04.661203788
117.26,1,10:05:04.866254770
117.26,1,10:05:07.844847089
117.26,1,10:05:07.855531447
117.26,2,10:05:07.855802495
117.26,1,10:05:07.855802495
117.26,1,10:05:08.187783365
117.26,1,10:05:11.345825126
117.26,1,10:05:11.345855173
117.26,6,10:05:11.345855173
117.26,3,10:05:11.345855173
117.26,1,10:05:11.345890729
117.25,1,10:05:11.434253203
117.26,4,10:05:12.220977235
117.26,1,10:05:12.696521480
117.25,1,10:05:13.264939970
117.26,1,10:05:14.019412940
117.26,1,10:05:14.023489274
117.26,1,10:05:14.023505126
117.26,1,10:05:14.049555800
117.26,3,10:05:14.049918894
117.27,1,10:05:14.111620038
117.27,1,10:05:14.111635519
117.27,6,10:05:14.660439985
117.27,1,10:05:14.660789808
117.27,1,10:05:15.039169453
117.27,1,10:05:15.159359433
117.27,1,10:05:15.159586347
117.27,1,10:05:16.584335461
117.27,3,10:05:16.584488913
117.26,1,10:05:16.584516875
117.27,1,10:05:16.584516875
117.26,2,10:05:16.584516875
117.26,3,10:05:16.584516875
117.27,6,10:05:16.584516875
117.26,5,10:05:16.584535921
117.26,6,10:05:16.584535921
117.26,1,10:05:16.584535921
117.27,1,10:05:16.755431902
117.26,1,10:05:17.525225010
117.26,1,10:05:17.525357791
117.26,2,10:05:17.525380645
117.26,1,10:05:17.525380645
117.26,3,10:05:17.525380645
117.26,1,10:05:17.526339508
117.26,1,10:05:17.526802702
117.26,2,10:05:17.527772621
117.26,1,10:05:17.527772621
117.26,2,10:05:17.527947911
117.26,1,10:05:17.741097297
117.26,1,10:05:17.962062446
117.26,1,10:05:18.252375181
117.26,3,10:05:18.252375181
117.26,1,10:05:19.532991542
117.26,1,10:05:22.019631969
117.26,1,10:05:22.019736893
117.26,1,10:05:22.020551689
117.26,1,10:05:25.631125015
117.26,1,10:05:25.631215773
117.26,1,10:05:25.631669508
117.26,1,10:05:26.234611786
117.26,1,10:05:26.234693194
117.26,1,10:05:27.663039703
117.26,1,10:05:27.663222291
117.26,1,10:05:27.663325723
117.26,1,10:05:27.663371530
117.25,4,10:05:27.969875313
117.25,6,10:05:27.969901325
117.25,1,10:05:27.969901325
117.25,3,10:05:27.969901325
117.25,9,10:05:27.969901325
117.25,2,10:05:27.969901325
117.25,1,10:05:27.970552877
117.25,2,10:05:27.970552877
117.25,1,10:05:27.970728404
117.25,2,10:05:27.970728404
117.25,3,10:05:27.971663529
117.26,1,10:05:31.603675007
117.26,6,10:05:31.603883224
117.27,1,10:05:33.376169943
117.27,16,10:05:33.376577412
117.27,1,10:05:33.376577412
117.27,2,10:05:33.376577412
117.27,6,10:05:33.376747255
117.27,7,10:05:33.376778775
117.27,1,10:05:33.376778775
117.27,1,10:05:33.376793396
117.27,1,10:05:33.377124688
117.27,2,10:05:33.377124688
117.27,1,10:05:33.377138496
117.27,2,10:05:33.377315626
117.27,14,10:05:33.377333479
117.27,1,10:05:33.377359789
117.27,1,10:05:33.414596329
117.27,1,10:05:33.463607452
117.27,3,10:05:33.465052641
117.27,1,10:05:36.287635149
117.27,2,10:05:36.287635149
117.27,1,10:05:36.287705386
117.27,1,10:05:36.298375790
117.27,6,10:05:39.912704533
117.27,1,10:05:39.912790258
117.27,1,10:05:39.912810821
117.27,6,10:05:39.912810821
117.27,1,10:05:39.913345234
117.27,1,10:05:41.659232055
117.27,2,10:05:41.659232055
117.27,2,10:05:45.241426701
117.28,1,10:05:45.607998779
117.28,1,10:05:45.608155202
117.28,1,10:05:45.608170541
117.28,3,10:05:45.608200151
117.28,1,10:05:45.632016504
117.28,1,10:05:45.654181866
117.28,1,10:05:45.906074757
117.28,1,10:05:45.906091496
117.29,1,10:05:46.319615132
117.29,1,10:05:46.324669426
117.29,16,10:05:46.324945025
117.29,1,10:05:46.325056331
117.29,2,10:05:46.336494401
117.29,1,10:05:46.336494401
117.29,3,10:05:46.336494401
117.29,1,10:05:46.337393216
117.29,1,10:05:46.337410694
117.29,1,10:05:46.348584648
117.29,1,10:05:46.348609921
117.29,3,10:05:46.348609921
117.29,1,10:05:46.348881272
117.29,6,10:05:46.359528018
117.29,6,10:05:46.359838146
117.29,1,10:05:46.390898860
117.29,5,10:05:46.439652143
117.29,2,10:05:46.440048395
117.29,12,10:05:46.440791713
117.29,1,10:05:47.706630240
117.29,24,10:05:47.706630240
117.29,1,10:05:47.717475312
117.29,3,10:05:47.717475312
117.29,1,10:05:48.038456776
117.29,1,10:05:48.122480054
117.29,1,10:05:48.122864796
117.29,1,10:05:48.123384868
117.29,1,10:05:48.123742792
117.29,3,10:05:48.123860267
117.29,1,10:05:50.014096310
117.29,1,10:05:50.014449844
117.29,5,10:05:50.014449844
117.29,1,10:05:50.466622190
117.29,1,10:05:52.961217961
117.29,1,10:05:52.961485078
117.29,7,10:05:52.961485078
117.29,1,10:05:52.972151684
117.29,1,10:05:53.099187162
117.29,2,10:05:53.099269456
117.29,1,10:05:53.099283911
117.28,4,10:05:53.827887261
117.28,1,10:05:53.829076435
117.28,1,10:05:53.829113094
117.28,1,10:05:53.829130537
117.28,5,10:05:53.829130537
117.28,3,10:05:53.829163536
117.28,1,10:05:53.829163536
117.28,1,10:05:53.829178563
117.28,1,10:05:53.829192054
117.28,1,10:05:53.829425955
117.28,1,10:05:53.992582055
117.28,6,10:05:53.992665933
117.29,1,10:05:56.412104400
117.29,5,10:05:56.412381536
117.29,6,10:05:56.412476198
117.29,1,10:05:56.412494448
117.3,1,10:05:58.873196582
117.3,1,10:05:58.873291989
117.3,1,10:05:58.873308280
117.3,1,10:06:00.018991068
117.3,1,10:06:00.019079588
117.3,1,10:06:00.020117147
117.31,1,10:06:00.850564914
117.31,2,10:06:00.850935144
117.31,23,10:06:00.851173538
117.31,8,10:06:00.851545947
117.31,2,10:06:00.851545947
117.31,1,10:06:00.852780681
117.31,1,10:06:00.858771495
117.31,1,10:06:00.858785895
117.31,1,10:06:01.375165646
117.31,1,10:06:01.375184158
117.31,2,10:06:01.375184158
117.31,5,10:06:01.375347713
117.31,3,10:06:01.375347713
117.31,2,10:06:01.376160250
117.31,1,10:06:01.376382954
117.32,3,10:06:02.047553984
117.32,3,10:06:02.164091242
117.32,1,10:06:02.164177524
117.32,1,10:06:02.356461552
117.32,1,10:06:02.356545332
117.32,1,10:06:02.671654557
117.32,2,10:06:02.860074234
117.32,1,10:06:02.860074234
117.32,2,10:06:02.860159658
117.32,1,10:06:03.125040140
117.32,1,10:06:03.136442816
117.33,1,10:06:04.030713798
117.33,1,10:06:04.030888582
117.33,1,10:06:04.030970950
117.33,1,10:06:04.030994181
117.33,1,10:06:04.031760162
117.33,1,10:06:04.032346271
117.33,1,10:06:04.034870188
117.33,1,10:06:04.053916371
117.33,1,10:06:04.100344646
117.33,1,10:06:04.100445661
117.33,2,10:06:04.100469740
117.33,4,10:06:04.100875980
117.33,1,10:06:04.100875980
117.32,1,10:06:06.472472907
117.32,1,10:06:06.472539537
117.32,1,10:06:06.472768839
117.32,2,10:06:06.472876311
117.32,3,10:06:07.549960275
117.32,2,10:06:07.549960275
117.31,1,10:06:10.485977767
117.31,7,10:06:10.486085069
117.31,7,10:06:10.486102720
117.31,1,10:06:10.486102720
117.31,1,10:06:11.163310610
117.31,1,10:06:11.163776472
117.31,1,10:06:11.163889496
117.31,1,10:06:11.164889693
117.31,1,10:06:11.164982823
117.31,3,10:06:11.164999485
117.3,1,10:06:12.285585476
117.3,1,10:06:12.285601418
117.31,1,10:06:16.630383408
117.31,2,10:06:16.630514806
117.31,6,10:06:16.630514806
117.31,1,10:06:16.630514806
117.31,2,10:06:16.630528211
117.31,4,10:06:16.630728489
117.31,2,10:06:16.630741596
117.31,1,10:06:16.630912384
117.31,1,10:06:16.630928099
117.31,2,10:06:16.654470448
117.31,2,10:06:16.655520869
117.31,1,10:06:17.337517207
117.31,2,10:06:17.337623097
117.31,2,10:06:17.337950313
117.31,1,10:06:17.542904751
117.31,4,10:06:17.543003346
117.31,2,10:06:17.543020299
117.31,2,10:06:17.939224780
117.31,2,10:06:17.939343919
117.3,1,10:06:17.939380713
117.31,1,10:06:17.939380713
117.31,6,10:06:17.939380713
117.31,10,10:06:17.939380713
117.31,1,10:06:17.977935944
117.31,1,10:06:18.043215408
117.31,1,10:06:20.028273114
117.31,1,10:06:20.677775135
117.31,1,10:06:22.311861405
117.31,1,10:06:22.311946441
117.31,6,10:06:22.311964551
117.3,1,10:06:24.758688972
117.3,4,10:06:24.758688972
117.3,2,10:06:24.758688972
117.3,1,10:06:24.761390195
117.3,1,10:06:24.761508348
117.3,2,10:06:24.761508348
117.3,1,10:06:24.766330588
117.3,1,10:06:25.865165133
117.3,1,10:06:25.865250333
117.3,1,10:06:25.865588823
117.29,1,10:06:28.078503671
117.29,2,10:06:28.078600557
117.29,1,10:06:28.078600557
117.29,6,10:06:28.079445820
117.29,1,10:06:28.079609055
117.29,1,10:06:29.053872111
117.29,1,10:06:29.054764971
117.29,1,10:06:30.689003727
117.29,2,10:06:30.689269545
117.29,1,10:06:30.731524147
117.29,1,10:06:30.731686806
117.29,1,10:06:30.731877824
117.28,1,10:06:32.440755043
117.28,1,10:06:32.440778166
117.28,1,10:06:32.992227656
117.28,2,10:06:32.992313246
117.28,1,10:06:39.647655144
117.28,1,10:06:39.647727845
117.28,1,10:06:39.648597313
117.28,1,10:06:39.648631447
117.28,5,10:06:39.648654407
117.28,1,10:06:39.649402301
117.28,1,10:06:39.649781574
117.28,3,10:06:39.649781574
117.28,1,10:06:39.798956999
117.27,1,10:06:40.669264521
117.27,1,10:06:40.669285474
117.27,1,10:06:40.685213573
117.27,1,10:06:40.714999744
117.27,2,10:06:41.055212313
117.27,1,10:06:41.055306777
117.27,1,10:06:41.055336332
117.27,6,10:06:41.055336332
117.27,6,10:06:41.696146463
117.27,1,10:06:41.696146463
117.26,3,10:06:42.007934012
117.27,1,10:06:43.271008196
117.27,1,10:06:43.271127491
117.27,1,10:06:43.272331916
117.27,1,10:06:43.274713649
117.27,1,10:06:45.895492673
117.27,2,10:06:45.895492673
117.26,1,10:06:45.895563914
117.26,1,10:06:45.895579780
117.26,1,10:06:49.673238584
117.26,1,10:06:49.673345275
117.26,1,10:06:49.673366482
117.26,2,10:06:49.673366482
117.26,2,10:06:49.673380529
117.26,4,10:06:49.673441995
117.26,1,10:06:49.673456219
117.26,1,10:06:49.673868616
117.27,1,10:06:49.738486692
117.27,2,10:06:49.738486692
117.27,2,10:06:49.738557278
117.27,1,10:06:49.804645808
117.26,1,10:06:53.034640921
117.26,1,10:06:55.200956282
117.26,1,10:06:55.201064163
117.26,7,10:06:55.201081020
117.26,3,10:06:55.201081020
117.26,1,10:06:55.201081020
117.26,1,10:06:55.255730038
117.25,1,10:06:56.531659294
117.25,1,10:06:57.884272989
117.25,1,10:06:57.884499533
117.25,2,10:06:57.884499533
117.25,9,10:06:57.885361868
117.25,1,10:06:57.885761057
117.25,1,10:06:57.886272168
117.25,1,10:06:57.919760272
117.25,6,10:06:57.924392217
117.25,1,10:06:59.268142155
117.24,6,10:07:05.012613267
117.24,4,10:07:05.012630531
117.24,2,10:07:07.251250632
117.24,1,10:07:07.251328458
117.24,1,10:07:07.251356836
117.24,1,10:07:07.251859466
117.24,5,10:07:07.252026138
117.24,2,10:07:07.252149738
117.24,2,10:07:07.252165158
117.24,1,10:07:07.252558074
117.24,1,10:07:07.253337874
117.24,1,10:07:11.594428069
117.24,6,10:07:11.594671719
117.24,4,10:07:11.594671719
117.24,2,10:07:11.594778026
117.24,3,10:07:11.594828276
117.24,2,10:07:11.594828276
117.24,4,10:07:11.594828276
117.25,1,10:07:24.702635370
117.25,1,10:07:25.173430452
117.25,1,10:07:25.173518539
117.25,1,10:07:25.173536895
117.25,3,10:07:25.173536895
117.24,1,10:07:26.034352327
117.25,1,10:07:27.210572717
117.25,1,10:07:28.692012747
117.25,1,10:07:28.692027463
117.25,1,10:07:28.692398983
117.25,1,10:07:29.254446507
117.25,1,10:07:29.254746273
117.25,2,10:07:29.254846517
117.25,1,10:07:29.254846517
117.25,5,10:07:29.254846517
117.25,1,10:07:30.364484150
117.25,1,10:07:33.199879445
117.25,2,10:07:33.199879445
117.26,1,10:07:36.321906678
117.26,1,10:07:36.322268758
117.25,1,10:07:37.835178547
117.25,1,10:07:37.835197411
117.25,1,10:07:40.430180976
117.25,3,10:07:40.430267850
117.25,1,10:07:40.472128609
117.26,2,10:07:52.353232230
117.26,4,10:07:52.353317410
117.26,2,10:07:52.353332680
117.26,1,10:07:52.353934853
117.26,2,10:07:52.354501780
117.27,1,10:07:57.271670249
117.26,1,10:08:00.282935306
117.26,6,10:08:00.282954256
117.26,1,10:08:00.282954256
117.26,2,10:08:00.283243088
117.26,1,10:08:00.283243088
117.25,1,10:08:00.473511943
117.25,1,10:08:04.884618256
117.25,1,10:08:04.884647792
117.25,4,10:08:04.884647792
117.25,2,10:08:04.884647792
117.25,2,10:08:06.565922460
117.25,1,10:08:06.566149059
117.25,1,10:08:06.566253630
117.25,1,10:08:06.566271150
117.24,5,10:08:13.360150087
117.24,1,10:08:13.360150087
117.24,1,10:08:13.360243031
117.24,1,10:08:13.360261424
117.24,6,10:08:13.360724709
117.24,1,10:08:13.371164488
117.24,1,10:08:14.291610701
117.24,2,10:08:14.291925523
117.24,1,10:08:14.970515051
117.24,1,10:08:17.664258584
117.24,2,10:08:18.700401355
117.24,1,10:08:18.700683435
117.23,1,10:08:31.039960894
117.24,2,10:08:31.179668545
117.24,1,10:08:31.179758913
117.24,2,10:08:31.179784404
117.24,1,10:08:31.179784404
117.24,1,10:08:31.917492161
117.24,1,10:08:31.917602587
117.24,1,10:08:31.917709025
117.24,1,10:08:31.918021025
117.24,2,10:08:31.918021025
117.24,1,10:08:31.942332535
117.23,1,10:08:44.276781605
117.23,4,10:08:44.276781605
117.23,1,10:08:44.276875516
117.23,1,10:08:44.277430507
117.23,1,10:08:44.277448491
117.23,1,10:08:44.278988851
117.23,2,10:08:44.279146067
117.23,1,10:08:44.279146067
117.23,2,10:08:44.386675348
117.23,3,10:08:44.386675348
117.23,1,10:08:47.869578314
117.23,1,10:08:47.870353993
117.23,9,10:08:47.870353993
117.23,3,10:08:47.870765382
117.23,4,10:08:47.871088817
117.23,6,10:08:47.871115460
117.23,1,10:08:47.871115460
117.23,3,10:08:47.871115460
117.23,1,10:08:47.882070198
117.23,1,10:08:47.903119279
117.22,6,10:08:50.458428657
117.22,4,10:08:50.458504695
117.22,1,10:08:50.458523988
117.22,5,10:08:50.572072118
117.23,1,10:08:51.542056447
117.23,1,10:08:51.542070915
117.23,6,10:08:51.542085286
117.23,6,10:08:51.542099232
117.23,1,10:08:51.542113801
117.23,1,10:08:51.542127011
117.23,2,10:08:51.542141731
117.23,1,10:08:51.542141731
117.23,1,10:08:51.542156851
117.23,1,10:08:51.542175180
117.23,1,10:08:51.542189186
117.23,2,10:08:51.542203014
117.23,1,10:08:51.542216687
117.23,1,10:08:51.542241126
117.23,2,10:08:51.565870692
117.23,1,10:08:51.570965180
117.22,2,10:08:52.234121911
117.22,4,10:08:52.234353174
117.22,1,10:08:52.234831452
117.22,2,10:08:52.234831452
117.23,6,10:08:54.437466444
117.23,1,10:08:54.437480443
117.23,2,10:08:54.437787289
117.23,1,10:08:54.437802245
117.23,6,10:08:54.437802245
117.23,9,10:08:54.437827564
117.23,1,10:08:54.437827564
117.23,6,10:08:54.437827564
117.23,3,10:08:54.437827564
117.23,2,10:08:54.437827564
117.23,14,10:08:54.437849222
117.23,1,10:08:54.437849222
117.23,6,10:08:54.453513315
117.23,2,10:08:54.453513315
117.23,2,10:08:54.454004501
117.23,1,10:08:54.635764285
117.23,1,10:08:54.636043309
117.23,1,10:08:54.648900630
117.23,5,10:08:54.648994892
117.23,2,10:08:54.648994892
117.23,1,10:08:54.663536769
117.23,3,10:08:54.663657962
117.23,1,10:08:54.663680922
117.23,6,10:08:54.663680922
117.23,2,10:08:54.663680922
117.23,5,10:08:54.663680922
117.23,1,10:08:54.663694583
117.23,2,10:08:54.679570462
117.23,2,10:08:54.679591159
117.23,11,10:08:54.679591159
117.23,3,10:08:54.694378278
117.23,1,10:08:54.694378278
117.23,1,10:08:54.694732908
117.22,2,10:08:55.706909489
117.22,6,10:08:55.707557191
117.22,2,10:08:55.707557191
117.22,1,10:08:55.707620507
117.22,1,10:08:55.729319575
117.22,1,10:08:55.739490200
117.22,1,10:08:56.116218721
117.22,1,10:09:00.600676144
117.22,1,10:09:00.600893884
117.22,1,10:09:00.601069819
117.22,1,10:09:00.601194748
117.22,1,10:09:01.294434364
117.22,1,10:09:01.356784552
117.22,1,10:09:01.376914034
117.22,8,10:09:01.432477232
117.22,1,10:09:01.486363708
117.22,1,10:09:02.215595247
117.22,4,10:09:03.847270690
117.22,1,10:09:03.847340360
117.21,1,10:09:04.040093317
117.22,1,10:09:15.144364139
117.22,1,10:09:15.144461208
117.22,1,10:09:15.144812573
117.22,2,10:09:15.144946582
117.22,1,10:09:15.171321622
117.22,1,10:09:15.171401807
117.22,1,10:09:15.205095451
117.22,1,10:09:15.441335602
117.23,1,10:09:16.640903521
117.23,2,10:09:16.641794522
117.23,1,10:09:16.642046868
117.23,1,10:09:16.642628882
117.23,1,10:09:16.642922934
117.22,1,10:09:16.701829706
117.22,6,10:09:16.964307015
117.22,1,10:09:16.964387870
117.22,1,10:09:19.912772137
117.22,2,10:09:19.912885493
117.22,3,10:09:19.912901161
117.22,2,10:09:19.913264444
117.22,1,10:09:19.947259487
117.22,1,10:09:37.044813433
117.23,1,10:09:39.129399286
117.23,1,10:09:39.129483317
117.23,1,10:09:39.129498741
117.23,2,10:09:39.129498741
117.22,1,10:09:40.201721426
117.22,2,10:09:40.201721426
117.22,1,10:09:40.201800472
117.22,6,10:09:40.201823662
117.22,1,10:09:40.201823662
117.22,2,10:09:40.201823662
117.22,1,10:09:40.212526852
117.22,6,10:09:40.376698750
117.22,1,10:09:40.563636396
117.22,1,10:09:42.578545562
117.22,4,10:09:42.578545562
117.22,2,10:09:42.578662855
117.22,11,10:09:42.578662855
117.22,2,10:09:42.579374679
117.22,1,10:09:42.579388798
117.22,6,10:09:42.579403844
117.22,12,10:09:42.579403844
117.22,10,10:09:42.579417309
117.22,4,10:09:42.579499927
117.22,1,10:09:42.579514308
117.22,2,10:09:42.579531780
117.22,1,10:09:42.579531780
117.22,4,10:09:42.588633386
117.22,1,10:09:42.601269577
117.22,1,10:09:42.658299776
117.22,3,10:09:42.788813767
117.22,3,10:09:42.788935793
117.22,1,10:09:42.823173142
117.22,2,10:09:43.981487099
117.22,1,10:09:43.981566676
117.23,1,10:09:45.821467777
117.23,6,10:09:45.821467777
117.23,2,10:09:45.821467777
117.22,3,10:09:49.512202510
117.22,2,10:09:49.512215559
117.22,1,10:09:49.512291188
117.22,1,10:09:49.512322173
117.22,3,10:09:49.512851063
117.22,1,10:09:49.512851063
117.22,1,10:09:49.588705218
117.21,1,10:09:51.248397402
117.23,2,10:09:51.945499467
117.23,10,10:09:51.945513922
117.23,1,10:09:51.945736811
117.23,1,10:09:51.945751739
117.23,1,10:09:51.945765067
117.23,1,10:09:51.945779019
117.22,1,10:09:56.052723357
117.22,7,10:09:56.052827955
117.22,6,10:09:56.052850922
117.22,1,10:09:56.052850922
117.22,2,10:09:56.052850922
117.22,4,10:09:56.052850922
117.23,3,10:10:00.960618374
117.23,1,10:10:03.950218189
117.23,10,10:10:03.950301984
117.23,3,10:10:03.950316445
117.23,4,10:10:03.950383595
117.23,1,10:10:03.950803722
117.23,15,10:10:03.950803722
117.23,19,10:10:03.950803722
117.24,6,10:10:04.369680199
117.24,1,10:10:04.369680199
117.24,2,10:10:04.370277094
117.24,6,10:10:04.370298522
117.24,3,10:10:04.370298522
117.24,1,10:10:04.370298522
117.24,25,10:10:04.370333216
117.24,1,10:10:04.370333216
117.24,2,10:10:04.370333216
117.24,3,10:10:04.370333216
117.24,10,10:10:06.017093733
117.24,2,10:10:06.017093733
117.24,3,10:10:06.017108268
117.24,1,10:10:06.017108268
117.24,1,10:10:06.017123064
117.24,1,10:10:06.017141154
117.24,6,10:10:06.017141154
117.24,1,10:10:06.017156006
117.24,6,10:10:06.017156006
117.24,1,10:10:06.017170427
117.24,7,10:10:06.017170427
117.24,1,10:10:06.017183889
117.24,16,10:10:06.017198609
117.24,4,10:10:06.017444181
117.24,2,10:10:06.017444181
117.24,1,10:10:06.017462872
117.24,3,10:10:06.077217773
117.23,3,10:10:07.889131566
117.23,3,10:10:07.890026612
117.23,1,10:10:07.890026612
117.23,1,10:10:07.890148420
117.23,1,10:10:07.890174260
117.23,1,10:10:07.890543005
117.23,1,10:10:07.934388046
117.23,1,10:10:10.173927673
117.23,1,10:10:10.174029065
117.23,2,10:10:10.174049942
117.23,3,10:10:10.174049942
117.23,3,10:10:10.398355041
117.23,1,10:10:10.398369210
117.23,3,10:10:10.398576778
117.23,2,10:10:10.398590407
117.23,1,10:10:10.398603840
117.23,1,10:10:10.398619228
117.23,1,10:10:10.398633884
117.23,1,10:10:10.399128509
117.23,1,10:10:10.399160446
117.22,1,10:10:12.639777260
117.22,10,10:10:12.783601206
117.22,3,10:10:12.783694498
117.22,3,10:10:12.783710624
117.22,1,10:10:12.783710624
117.22,1,10:10:12.783970579
117.22,3,10:10:12.784117262
117.22,1,10:10:12.962959464
117.22,1,10:10:12.963228266
117.22,1,10:10:13.930944239
117.22,3,10:10:22.000231148
117.22,3,10:10:26.206391541
117.22,2,10:10:26.206509189
117.22,2,10:10:26.206534889
117.22,1,10:10:26.206534889
117.22,6,10:10:26.206534889
117.22,3,10:10:26.206534889
117.22,1,10:10:26.206938197
117.22,1,10:10:26.207468996
117.22,3,10:10:26.207505483
117.22,1,10:10:26.207505483
117.22,1,10:10:26.207536401
117.22,6,10:10:26.207578193
117.22,3,10:10:26.207592122
117.22,1,10:10:26.207607651
117.22,1,10:10:26.217239136
117.22,1,10:10:26.228535715
117.22,1,10:10:27.132242500
117.22,3,10:10:27.132606807
117.22,1,10:10:27.132714207
117.22,1,10:10:27.132741669
117.21,1,10:10:27.174733842
117.21,1,10:10:27.175055394
117.21,2,10:10:27.175460543
117.21,1,10:10:27.175496373
117.2,3,10:10:32.664886623
117.2,4,10:10:32.664900943
117.2,1,10:10:32.851103740
117.2,1,10:10:32.851190898
117.2,6,10:10:32.851212441
117.2,2,10:10:32.851212441
117.2,10,10:10:34.568993385
117.19,1,10:10:34.756702900
117.19,7,10:10:34.756702900
117.19,3,10:10:34.756702900
117.19,1,10:10:34.756718228
117.18,1,10:10:34.980295785
117.18,1,10:10:34.980543305
117.18,3,10:10:34.980543305
