price,volume,timestamp
107.8594,50,08:10:00.289081272
107.8594,5,08:10:02.055318706
107.875,27,08:10:07.201326126
107.875,288,08:10:07.679711013
107.875,357,08:10:07.680068780
107.875,1,08:10:07.682371390
107.875,1,08:10:07.683876363
107.875,6,08:10:07.685914050
107.875,5,08:10:07.686192747
107.875,9,08:10:07.686336913
107.875,44,08:10:07.835645958
107.875,45,08:10:07.835935820
107.875,4,08:10:07.836349230
107.875,1,08:10:07.836385624
107.875,5,08:10:07.836502651
107.875,4,08:10:07.836647518
107.875,6,08:10:07.836793070
107.875,1,08:10:07.836852732
107.875,1,08:10:07.836937012
107.875,25,08:10:07.837222157
107.875,1,08:10:07.837764942
107.875,5,08:10:07.837858247
107.875,1,08:10:07.839915875
107.875,61,08:10:07.840006834
107.875,2,08:10:07.840072166
107.875,2,08:10:07.841315260
107.875,25,08:10:08.026721765
107.875,1,08:10:08.027040353
107.875,1,08:10:08.027161764
107.875,12,08:10:08.686384725
107.875,1,08:10:08.686435197
107.875,14,08:10:08.686694460
107.875,1,08:10:08.687790466
107.875,23,08:10:08.689074210
107.875,5,08:10:08.689601021
107.875,12,08:10:08.689747971
107.875,1,08:10:08.689832786
107.875,1,08:10:08.689859775
107.875,3,08:10:08.690127313
107.875,3,08:10:08.690204729
107.875,2,08:10:08.690230714
107.875,1,08:10:08.690284454
107.875,9,08:10:08.690312275
107.875,9,08:10:08.690382066
107.875,6,08:10:08.690536384
107.875,39,08:10:08.690717437
107.875,1,08:10:08.691016598
107.875,17,08:10:08.692351262
107.875,33,08:10:08.692759452
107.875,1,08:10:08.693076365
107.875,1,08:10:08.693280542
107.875,1,08:10:08.693395597
107.875,5,08:10:08.693452007
107.875,1,08:10:08.694082484
107.875,1,08:10:08.694164614
107.875,38,08:10:08.695206385
107.875,1,08:10:08.695859300
107.875,1,08:10:08.696489448
107.875,1,08:10:08.696510943
107.875,3,08:10:08.721296258
107.875,44,08:10:08.729957669
107.875,1,08:10:08.730063447
107.875,1,08:10:08.730106135
107.875,3,08:10:08.730251988
107.875,1,08:10:08.730575224
107.875,25,08:10:09.101225951
107.875,1,08:10:09.101360930
107.875,2,08:10:09.101409209
107.875,50,08:10:09.101516046
107.875,1,08:10:09.101582518
107.875,45,08:10:09.101840997
107.875,8,08:10:09.102677112
107.875,1,08:10:09.102810722
107.875,1,08:10:09.102836633
107.875,1,08:10:09.102853020
107.875,44,08:10:09.102996844
107.875,11,08:10:09.103083691
107.875,1,08:10:09.103246920
107.875,1,08:10:09.103495920
107.875,1,08:10:09.103523105
107.875,1,08:10:09.103761157
107.875,2,08:10:09.725552855
107.875,10,08:10:09.766167658
107.875,4,08:10:12.245486788
107.875,4,08:10:14.765473907
107.875,1,08:10:15.701845162
107.875,1,08:10:15.702061608
107.875,4,08:10:17.265508765
107.875,400,08:10:19.888271882
107.875,1,08:10:19.889194092
107.875,1,08:10:19.889785042
107.875,1,08:10:19.889906674
107.875,1,08:10:19.889978800
107.875,1,08:10:19.890030897
107.875,1,08:10:19.890099820
107.875,1,08:10:19.890138723
107.875,1,08:10:19.890194856
107.875,1,08:10:19.890218059
107.875,1,08:10:19.890269401
107.875,1,08:10:19.890309238
107.875,1,08:10:19.890392063
107.875,1,08:10:19.890469036
107.875,1,08:10:19.890534027
107.875,1,08:10:19.890602918
107.875,1,08:10:19.890643347
107.875,1,08:10:19.890704158
107.875,1,08:10:19.890736734
107.875,1,08:10:19.890839693
107.875,1,08:10:19.890868463
107.875,2,08:10:19.891060642
107.875,1,08:10:19.891076909
107.875,1,08:10:19.892995283
107.875,3,08:10:19.893492199
107.875,1,08:10:19.905580011
107.875,1,08:10:22.405579297
107.875,3,08:10:22.743994273
107.875,1,08:10:22.744272919
107.875,39,08:10:22.744673459
107.875,6,08:10:22.744936545
107.875,7,08:10:22.745000040
107.875,1,08:10:22.745098750
107.875,1,08:10:22.746376843
107.875,1,08:10:22.746405916
107.875,1,08:10:22.747750644
107.875,1,08:10:22.748418744
107.875,1,08:10:22.791494483
107.875,5,08:10:22.791703568
107.875,22,08:10:22.791990841
107.875,21,08:10:22.792180672
107.875,1,08:10:22.792508996
107.875,5,08:10:22.792558107
107.875,23,08:10:22.793520561
107.875,1,08:10:22.794165032
107.875,80,08:10:23.794073148
107.875,10,08:10:23.813594710
107.875,20,08:10:23.817038777
107.875,1,08:10:23.817257436
107.875,52,08:10:23.817451086
107.875,1,08:10:23.817526204
107.875,1,08:10:23.817622373
107.875,1,08:10:23.817728442
107.875,1,08:10:23.817877593
107.875,2,08:10:23.818069053
107.875,1,08:10:23.818529997
107.875,10,08:10:23.818732581
107.875,1,08:10:23.818816685
107.875,15,08:10:23.820579175
107.875,1,08:10:23.820803906
107.875,12,08:10:23.837638696
107.875,1,08:10:23.837860016
107.875,1,08:10:23.837952789
107.875,1,08:10:23.838090286
107.875,88,08:10:30.308277535
107.875,90,08:10:30.308426049
107.875,29,08:10:30.308530812
107.875,45,08:10:30.308619394
107.875,90,08:10:30.308641746
107.875,1,08:10:30.308780932
107.875,1,08:10:30.309919890
107.875,19,08:10:30.310063189
107.875,109,08:10:30.310150900
107.875,4,08:10:30.310241669
107.875,1,08:10:30.310536853
107.875,1,08:10:30.315487234
107.875,1,08:10:30.316073499
107.875,2,08:10:30.325506400
107.875,4,08:10:45.256667528
107.875,1,08:10:45.256852975
107.875,19,08:10:45.256905424
107.875,1,08:10:45.256998927
107.875,1,08:10:45.257207456
107.875,1,08:10:45.257238055
107.875,1,08:10:45.257273780
107.875,1,08:10:45.257309858
107.875,1,08:10:45.257423943
107.875,45,08:10:45.257675839
107.875,1,08:10:45.257809023
107.875,1,08:10:45.257877121
107.875,19,08:10:45.257923838
107.875,2,08:10:45.257961852
107.875,3,08:10:45.258034909
107.875,1,08:10:45.258144835
107.875,1,08:10:45.258183409
107.875,1,08:10:45.258229361
107.875,21,08:10:45.258478771
107.875,1,08:10:45.258522966
107.875,5,08:10:45.258945699
107.875,1,08:10:45.259818805
107.875,1,08:10:45.259924170
107.875,1,08:10:45.260200364
107.875,4,08:10:45.282360856
107.875,7,08:10:48.502655556
107.875,2,08:10:49.803108884
107.875,9,08:11:09.045433194
107.8594,169,08:11:16.793859312
107.875,45,08:11:39.017572958
107.875,44,08:11:39.017673952
107.875,1,08:11:39.019337544
107.875,1,08:11:39.019663390
107.875,1,08:11:39.019895106
107.875,1,08:11:39.019919508
107.875,1,08:11:39.020013205
107.875,2,08:11:39.020043462
107.875,19,08:11:39.020110993
107.875,1,08:11:39.020129390
107.875,2,08:11:39.021522702
107.875,1,08:11:39.021922982
107.8594,1,08:11:43.904651956
107.8594,10,08:11:43.908019135
107.875,96,08:11:51.615216364
107.875,27,08:11:52.797026091
107.875,1,08:11:52.797273679
107.875,1,08:11:52.797353632
107.875,1,08:11:52.797420235
107.875,1,08:11:52.797454457
107.875,1,08:11:52.797477949
107.875,1,08:11:52.797520128
107.875,1,08:11:52.797560199
107.875,1,08:11:52.797595463
107.875,1,08:11:52.797638197
107.875,1,08:11:52.797670995
107.875,1,08:11:52.797743429
107.875,1,08:11:52.797780806
107.875,1,08:11:52.797815078
107.875,1,08:11:52.797894498
107.875,18,08:11:52.797944636
107.875,1,08:11:52.798004449
107.875,1,08:11:52.798027870
107.875,1,08:11:52.798106611
107.875,1,08:11:52.798131822
107.875,1,08:11:52.798209934
107.875,74,08:11:52.798496658
107.875,1,08:11:52.805562783
107.875,9,08:11:53.415362556
107.875,9,08:11:53.415640302
107.875,1,08:11:53.415781124
107.875,3,08:11:53.424547582
107.875,1,08:11:53.424682299
107.875,1,08:11:53.424751923
107.875,1,08:11:53.424916637
107.875,33,08:11:53.425203329
107.875,9,08:11:53.425324149
107.875,10,08:11:53.425460193
107.875,5,08:11:53.426015942
107.875,24,08:11:53.426946386
107.875,69,08:11:53.427250159
107.875,5,08:11:53.427291555
107.875,1,08:11:53.427747548
107.875,1,08:11:53.428120365
107.875,7,08:11:53.428309016
107.875,1,08:11:53.429007993
107.875,1,08:11:53.444446756
107.875,1,08:11:53.444701753
107.875,3,08:11:53.468115196
107.875,1,08:11:53.468373777
107.875,1,08:12:00.100335648
107.875,44,08:12:02.042939081
107.875,90,08:12:02.043191894
107.875,1,08:12:02.044047952
107.875,1,08:12:02.044175911
107.875,1,08:12:02.044201335
107.875,35,08:12:02.044248549
107.875,24,08:12:02.044386065
107.875,1,08:12:02.044430863
107.875,1,08:12:02.044465660
107.875,1,08:12:02.044499885
107.875,1,08:12:02.044542731
107.875,1,08:12:02.044580300
107.875,1,08:12:02.044614243
107.875,1,08:12:02.044645821
107.875,1,08:12:02.044669581
107.875,1,08:12:02.044718456
107.875,1,08:12:02.044743449
107.875,1,08:12:02.044779975
107.875,1,08:12:02.044816346
107.875,1,08:12:02.044851131
107.875,1,08:12:02.044891221
107.875,1,08:12:02.044925324
107.875,1,08:12:02.044959914
107.875,1,08:12:02.044989729
107.875,1,08:12:02.045029826
107.875,1,08:12:02.045064107
107.875,1,08:12:02.045101673
107.875,1,08:12:02.045137516
107.875,1,08:12:02.045205656
107.875,2,08:12:02.045292608
107.875,42,08:12:02.045896381
107.875,3,08:12:02.046127489
107.875,1,08:12:02.046163455
107.875,1,08:12:02.046200427
107.875,1,08:12:02.046264718
107.875,1,08:12:02.046302469
107.875,9,08:12:02.046366886
107.875,4,08:12:02.046483874
107.875,13,08:12:02.046600590
107.875,4,08:12:02.047227912
107.875,1,08:12:02.047929849
107.875,6,08:12:02.048879414
107.875,2,08:12:02.049331407
107.875,1,08:12:02.049443037
107.875,1,08:12:02.049646001
107.875,5,08:12:02.049734401
107.875,4,08:12:02.049779359
107.875,1,08:12:02.049813986
107.875,1,08:12:02.050006329
107.875,1,08:12:02.050059325
107.875,7,08:12:02.064661162
107.875,1,08:12:02.066158774
107.875,1,08:12:02.066243879
107.875,1,08:12:48.266275461
107.8906,5,08:13:03.468845472
107.8906,1,08:13:04.645953212
107.8906,1319,08:13:15.134262140
107.8906,1,08:13:15.135999840
107.8906,1,08:13:15.136088099
107.8906,4,08:13:15.136487701
107.8906,1,08:13:15.137853505
107.8906,19,08:13:15.137873973
107.8906,2,08:13:15.138354385
107.8906,90,08:13:15.138387525
107.8906,1,08:13:15.138444098
107.8906,1,08:13:15.138469916
107.8906,1,08:13:15.138613731
107.8906,44,08:13:15.138665086
107.8906,1,08:13:15.138748668
107.8906,9,08:13:15.138808615
107.8906,1,08:13:15.138849022
107.8906,13,08:13:15.138958110
107.8906,15,08:13:15.139009087
107.8906,34,08:13:15.139030789
107.8906,9,08:13:15.139069267
107.8906,9,08:13:15.139128964
107.8906,14,08:13:15.139166488
107.8906,1,08:13:15.139209801
107.8906,14,08:13:15.139251799
107.8906,1,08:13:15.139295694
107.8906,458,08:13:15.139892058
107.8906,1,08:13:15.141273228
107.8906,1,08:13:15.142465364
107.8906,119,08:13:15.145274624
107.8906,1,08:13:15.149252055
107.8906,44,08:13:15.149383362
107.8906,6,08:13:15.149398537
107.8906,2,08:13:15.149461035
107.8906,9,08:13:15.155062486
107.8906,6,08:13:15.168752695
107.8906,1,08:13:15.213924101
107.8906,2,08:13:15.279438621
107.8906,2,08:13:15.284719057
107.8906,1,08:13:15.358372646
107.8906,5,08:13:16.126335670
107.8906,5,08:13:16.314413431
107.8906,1,08:13:16.883527523
107.8906,2,08:13:30.297722946
107.8906,20,08:13:31.088029167
107.9063,331,08:13:53.844609661
107.9063,19,08:13:53.845788862
107.9063,1,08:13:53.845832255
107.9063,1,08:13:53.845875827
107.9063,15,08:13:53.845901504
107.9063,27,08:13:53.846107223
107.9063,1,08:13:53.846107223
107.9063,1,08:13:53.846136527
107.9063,1,08:13:53.846171609
107.9063,1,08:13:53.846227869
107.9063,26,08:13:53.846357436
107.9063,1,08:13:53.846357436
107.9063,1,08:13:53.846426884
107.9063,2,08:13:53.846509257
107.9063,1,08:13:53.846551069
107.9063,5,08:13:53.846685618
107.9063,74,08:13:53.847125161
107.9063,1,08:13:53.847172432
107.9063,1,08:13:53.847318841
107.9063,2,08:13:53.847325776
107.9063,1,08:13:53.847380916
107.9063,3,08:13:53.847380916
107.9063,44,08:13:53.847438427
107.9063,44,08:13:53.847491894
107.9063,8,08:13:53.847552878
107.9063,1,08:13:53.847587141
107.9063,1,08:13:53.847605087
107.9063,1,08:13:53.847627836
107.9063,24,08:13:53.847733458
107.9063,1,08:13:53.847756671
107.9063,1,08:13:53.847769484
107.9063,1,08:13:53.847799561
107.9063,1,08:13:53.847815731
107.9063,1,08:13:53.847844116
107.9063,1,08:13:53.847866865
107.9063,1,08:13:53.847891362
107.9063,1,08:13:53.847915004
107.9063,1,08:13:53.847942879
107.9063,1,08:13:53.847962905
107.9063,1,08:13:53.847981158
107.9063,1,08:13:53.848009469
107.9063,1,08:13:53.848036033
107.9063,19,08:13:53.848105852
107.9063,1,08:13:53.848138288
107.9063,26,08:13:53.848270633
107.9063,12,08:13:53.848325972
107.9063,1,08:13:53.848380031
107.9063,6,08:13:53.848453321
107.9063,45,08:13:53.848621329
107.9063,2,08:13:53.848840434
107.9063,2,08:13:53.848968990
107.9063,2,08:13:53.848998975
107.9063,2,08:13:53.849125546
107.9063,2,08:13:53.849137941
107.9063,2,08:13:53.849224758
107.9063,1,08:13:53.849224758
107.9063,1,08:13:53.849278292
107.9063,1,08:13:53.850451199
107.9063,5,08:13:53.851002557
107.9063,45,08:13:53.851215256
107.9063,32,08:13:53.851465325
107.9063,4,08:13:53.851506987
107.9063,9,08:13:53.851527733
107.9063,10,08:13:53.851690207
107.9063,2,08:13:53.851870632
107.9063,8,08:13:53.851946954
107.9063,125,08:13:53.852291355
107.9063,2,08:13:53.852553385
107.9063,5,08:13:53.853185005
107.9063,3,08:13:53.853412945
107.9063,1,08:13:53.853729294
107.9063,1,08:13:53.853830522
107.9063,2,08:13:53.854404917
107.9063,2,08:13:53.854487453
107.9063,1,08:13:53.854647082
107.9063,1,08:13:53.854695675
107.9063,5,08:13:53.855641883
107.9063,1,08:13:53.855890451
107.9063,1,08:13:53.857115247
107.9063,2,08:13:53.857266076
107.9063,1,08:13:53.857589647
107.9063,1,08:13:53.857626720
107.9063,1,08:13:53.857752057
107.9063,1,08:13:53.859108747
107.9063,44,08:13:53.859269560
107.9063,1,08:13:53.859520428
107.9063,4,08:13:53.859668879
107.9063,2,08:13:53.860019133
107.9063,1,08:13:53.860716782
107.9063,1,08:13:53.860904581
107.9063,1,08:13:53.860931231
107.9063,3,08:13:53.861077881
107.9063,1,08:13:53.861098240
107.9063,1,08:13:53.861128899
107.9063,1,08:13:53.861145249
107.9063,1,08:13:53.861171892
107.9063,1,08:13:53.861195419
107.9063,1,08:13:53.861225675
107.9063,1,08:13:53.861242661
107.9063,1,08:13:53.861261497
107.9063,1,08:13:53.861292653
107.9063,1,08:13:53.861323021
107.9063,1,08:13:53.861339496
107.9063,1,08:13:53.861364347
107.9063,1,08:13:53.861389996
107.9063,1,08:13:53.861415769
107.9063,1,08:13:53.861436800
107.9063,3,08:13:53.862166209
107.9063,1,08:13:53.862430257
107.9063,1,08:13:53.862506984
107.9063,1,08:13:53.862614119
107.9063,5,08:13:54.602984891
107.9063,2,08:13:59.938845737
107.9063,1,08:14:03.963185785
107.9219,12,08:14:11.046852906
107.9063,5,08:14:16.857356140
107.9063,3,08:14:16.878098932
107.9063,2,08:14:19.213517054
107.9063,2,08:14:19.213546145
107.9063,1,08:14:19.213583632
107.9063,2,08:14:19.213919252
107.9063,1,08:14:19.214654754
107.9063,13,08:14:19.214677792
107.9063,5,08:14:19.214701805
107.9063,4,08:14:19.214742569
107.9063,87,08:14:19.214802446
107.9063,7,08:14:19.214871363
107.9063,1,08:14:19.214987823
107.9063,3,08:14:19.215022159
107.9063,2,08:14:19.215053181
107.9063,38,08:14:19.215135279
107.9063,3,08:14:19.215184537
107.9063,100,08:14:19.215504000
107.9063,45,08:14:19.216011983
107.9063,19,08:14:19.216118460
107.9063,1,08:14:19.216171664
107.9063,1,08:14:19.217230544
107.9063,1,08:14:19.217831113
107.9063,13,08:14:19.218156598
107.9063,25,08:14:19.218276632
107.9063,2,08:14:19.218508266
107.9063,2,08:14:19.219273734
107.9063,26,08:14:19.219422383
107.9063,3,08:14:19.219449318
107.9063,1,08:14:19.220446947
107.9063,1,08:14:19.220881689
107.9063,1,08:14:19.220924058
107.9063,45,08:14:19.226029351
107.9063,45,08:14:19.226111481
107.9063,44,08:14:19.226373752
107.9063,1,08:14:19.226583132
107.9063,1,08:14:19.245681620
107.9063,1,08:14:27.901899104
107.9219,150,08:14:43.669221404
107.9219,1,08:14:44.089513607
107.9063,13,08:14:46.959301121
107.9063,49,08:14:52.063455162
107.9063,1,08:15:06.328918178
107.9219,50,08:15:06.841228569
107.9219,50,08:15:11.186474727
107.9063,25,08:15:20.284584394
107.9063,3,08:15:20.284648577
107.9063,28,08:15:20.308592917
107.9063,19,08:15:20.381584672
107.9063,22,08:15:20.406598835
107.9063,3,08:15:20.407539273
107.9063,25,08:15:21.037005168
107.9063,7,08:15:21.309189881
107.9063,400,08:15:21.310257839
107.9063,1,08:15:21.312362630
107.9063,1,08:15:21.312449809
107.9063,1,08:15:21.312503983
107.9063,1,08:15:21.312866070
107.9063,293,08:15:21.313185440
107.9063,1,08:15:21.314863240
107.9063,1,08:15:21.314931328
107.9063,1,08:15:21.315016056
107.9063,19,08:15:21.315033717
107.9063,2,08:15:21.315052649
107.9063,1,08:15:21.315071587
107.9063,14,08:15:21.315141624
107.9063,1,08:15:21.315592125
107.9063,1300,08:15:22.589169939
107.9063,669,08:15:22.589525031
107.9063,1,08:15:22.589558737
107.9063,19,08:15:22.589630440
107.9063,1,08:15:22.589677588
107.9063,1,08:15:22.589738946
107.9063,1,08:15:22.589809524
107.9063,1,08:15:22.590036671
107.9063,240,08:15:22.590069455
107.9063,1,08:15:22.590107626
107.9063,1,08:15:22.590133200
107.9063,1,08:15:22.590158123
107.9063,1,08:15:22.590181781
107.9063,1,08:15:22.590201848
107.9063,1,08:15:22.590240006
107.9063,1,08:15:22.590266646
107.9063,3,08:15:22.593554072
107.9063,1,08:15:22.593624385
107.9063,5,08:15:22.593664731
107.9063,5,08:15:22.593845247
107.9063,4,08:15:22.593892745
107.9063,11,08:15:22.593962129
107.9063,1,08:15:22.594037110
107.9063,1,08:15:22.594058979
107.9063,1,08:15:22.594099495
107.9063,45,08:15:22.594516646
107.9063,45,08:15:22.594715386
107.9063,1,08:15:22.595312502
107.9063,2,08:15:22.597864999
107.9063,1,08:15:22.597897508
107.9063,1,08:15:22.598049380
107.9063,2,08:15:22.598168035
107.9063,1,08:15:22.598347226
107.9063,4,08:15:22.599806823
107.9063,5,08:15:22.603508078
107.9063,4,08:15:22.653524910
107.9063,1,08:15:22.653718801
107.9063,1,08:15:22.653797248
107.9063,4,08:15:22.897344839
107.9063,1,08:15:22.897543000
107.9063,1,08:15:22.897598667
107.9063,3,08:15:23.205478199
107.9063,1,08:15:23.205659182
107.9063,1,08:15:23.205720098
107.9063,1,08:15:23.205775475
107.9063,1,08:15:23.205809844
107.9063,3,08:15:23.405431024
107.9063,1,08:15:23.405646874
107.9063,1,08:15:23.405711691
107.9063,100,08:15:24.117581574
107.9063,1,08:15:24.118007820
107.9063,1,08:15:24.118061911
107.9063,4,08:15:24.118198669
107.9063,1,08:15:24.118314370
107.9063,43,08:15:24.118571256
107.9063,1,08:15:24.119046782
107.9063,1,08:15:24.119071566
107.9063,1,08:15:24.119099976
107.9063,1,08:15:24.119121964
107.9063,3,08:15:27.247332048
107.9063,2,08:15:28.413781658
107.9063,1,08:15:28.414216758
107.9063,1,08:15:28.414243149
107.9063,2,08:15:28.414356213
107.9063,29,08:15:28.414396454
107.9063,10,08:15:28.414740330
107.9063,90,08:15:28.414899149
107.9063,48,08:15:28.415007788
107.9063,48,08:15:28.415074736
107.9063,1,08:15:28.415452130
107.9063,144,08:15:28.415705175
107.9063,29,08:15:28.416126687
107.9063,1,08:15:28.416290064
107.9063,1,08:15:28.416328781
107.9063,1,08:15:28.416373851
107.9063,1,08:15:28.416414517
107.9063,1,08:15:28.416504609
107.9063,1,08:15:28.416550434
107.9063,1,08:15:28.416593081
107.9063,1,08:15:28.416627671
107.9063,1,08:15:28.416709596
107.9063,4,08:15:28.416817655
107.9063,1,08:15:28.416883276
107.9063,2,08:15:28.416951975
107.9063,2,08:15:28.417014203
107.9063,1,08:15:28.417045449
107.9063,1,08:15:28.417250046
107.9063,2,08:15:28.417250046
107.9063,9,08:15:28.417295328
107.9063,1,08:15:28.417468199
107.9063,1,08:15:28.417512520
107.9063,1,08:15:28.417542278
107.9063,20,08:15:28.417574560
107.9063,18,08:15:28.417617636
107.9063,1,08:15:28.417654834
107.9063,141,08:15:28.417725248
107.9063,1,08:15:28.417751229
107.9063,13,08:15:28.417776823
107.9063,1,08:15:28.417816245
107.9063,1,08:15:28.417839605
107.9063,1,08:15:28.417869388
107.9063,1,08:15:28.417902282
107.9063,1,08:15:28.417929015
107.9063,1,08:15:28.417953422
107.9063,1,08:15:28.417984078
107.9063,1,08:15:28.418015164
107.9063,1,08:15:28.418075008
107.9063,1,08:15:28.418107192
107.9063,1,08:15:28.418137803
107.9063,1,08:15:28.418172831
107.9063,1,08:15:28.418215431
107.9063,3,08:15:28.418254673
107.9063,1,08:15:28.418326587
107.9063,5,08:15:28.418355804
107.9063,76,08:15:28.418567629
107.9063,1,08:15:28.418567629
107.9063,1,08:15:28.418985254
107.9063,1,08:15:28.419024743
107.9063,1,08:15:28.419100479
107.9063,1,08:15:28.419248251
107.9063,5,08:15:28.419605897
107.9063,1,08:15:28.477783324
107.9063,19,08:15:28.478015917
107.9063,1,08:15:28.478071285
107.9063,1,08:15:28.478133472
107.9063,93,08:15:28.478431414
107.9063,1,08:15:28.479026268
107.9063,3,08:15:28.479674863
107.9063,3,08:15:28.480027299
107.9063,1,08:15:28.480146677
107.9063,24,08:15:28.484505537
107.9063,6,08:15:28.552886677
107.9063,2,08:15:28.565021514
107.9063,26,08:15:28.652777832
107.9063,1,08:15:28.652967304
107.9063,27,08:15:28.812339424
107.9063,1,08:15:29.161649404
107.9063,247,08:15:29.506424085
107.9063,18,08:15:29.525365425
107.9063,719,08:15:36.044767012
107.9063,2,08:15:36.046540481
107.9063,2,08:15:36.050174430
107.9063,4,08:15:36.053478851
107.9063,25,08:15:37.083685001
107.9063,25,08:15:37.104658763
107.9063,50,08:15:37.104873810
107.9063,25,08:15:37.126702443
107.9063,1,08:15:37.126912508
107.9063,25,08:15:37.147719351
107.9063,25,08:15:37.168673407
107.9063,25,08:15:37.190668037
107.9063,25,08:15:37.211700920
107.9063,25,08:15:37.232720080
107.9063,25,08:15:37.253704114
107.9063,25,08:15:37.274705060
107.9063,50,08:15:38.138147731
107.9219,10,08:15:38.337779175
107.9219,6,08:15:48.503898284
107.9219,3,08:15:51.906652605
107.9063,1,08:15:59.439333903
107.9063,100,08:16:17.473984676
107.9063,1,08:16:38.874615930
107.9063,1,08:16:45.628998715
107.9219,1,08:17:01.551032387
107.9219,39,08:17:02.401128202
107.9063,5,08:17:12.702706992
107.9063,50,08:17:20.031974330
107.9063,11,08:17:37.440940523
107.9219,27,08:17:49.763963051
107.9063,60,08:18:01.503841609
107.9219,1,08:18:36.133047049
107.9063,800,08:18:42.090391732
107.9063,1,08:18:42.092405369
107.9063,1,08:18:42.092941873
107.9063,1,08:18:42.094679416
107.9063,2,08:18:42.095030069
107.9063,1,08:18:42.095076447
107.9063,1,08:18:42.095120970
107.9063,2,08:18:42.095531057
107.9063,10,08:18:42.095578957
107.9063,1,08:18:42.095657422
107.9063,1,08:18:42.095858399
107.9063,530,08:18:42.096143864
107.9063,1,08:18:42.099747364
107.9063,1,08:18:42.099808674
107.9063,88,08:18:42.102536907
107.9063,22,08:18:42.103712317
107.9063,1,08:18:42.103783419
107.9063,2,08:18:42.104619270
107.9063,74,08:18:42.104938895
107.9063,10,08:18:42.105071833
107.9063,6,08:18:42.105276630
107.9063,2,08:18:42.105353316
107.9063,1,08:18:42.105615417
107.9063,143,08:18:42.105705704
107.9063,1,08:18:42.105869903
107.9063,20,08:18:42.106078480
107.9063,2,08:18:42.106972005
107.9063,1,08:18:42.107075546
107.9063,2,08:18:42.107577288
107.9063,2,08:18:42.107653001
107.9063,2,08:18:42.107696781
107.9063,4,08:18:42.107749189
107.9063,3,08:18:42.107969443
107.9063,3,08:18:42.108004976
107.9063,4,08:18:42.108032065
107.9063,44,08:18:42.108072360
107.9063,45,08:18:42.108096425
107.9063,1,08:18:42.108147711
107.9063,4,08:18:42.108174758
107.9063,5,08:18:42.108516702
107.9063,4,08:18:42.108625123
107.9063,16,08:18:42.108675917
107.9063,1,08:18:42.108912915
107.9063,1,08:18:42.108986137
107.9063,52,08:18:42.109105820
107.9063,42,08:18:42.109144615
107.9063,38,08:18:42.109176456
107.9063,2,08:18:42.109300471
107.9063,1,08:18:42.109510293
107.9063,1,08:18:42.109539378
107.9063,5,08:18:42.109710502
107.9063,1,08:18:42.109999755
107.9063,1,08:18:42.110077142
107.9063,1,08:18:42.110458245
107.9063,1,08:18:42.111633161
107.9063,1,08:18:42.111999754
107.9063,44,08:18:42.112165709
107.9063,1,08:18:42.112202407
107.9063,4,08:18:42.112243985
107.9063,2,08:18:42.112434157
107.9063,18,08:18:42.112505051
107.9063,10,08:18:42.112692373
107.9063,1,08:18:42.113616455
107.9063,1,08:18:42.113644930
107.9063,1,08:18:42.113836687
107.9063,1,08:18:42.113910967
107.9063,19,08:18:42.122714536
107.9063,1,08:18:42.122940073
107.9063,4,08:18:42.138981830
107.9063,2,08:18:42.147977406
107.9063,44,08:18:42.163642617
107.9063,1,08:18:42.164004135
107.9063,1,08:18:42.164100742
107.9063,1,08:18:42.164140051
107.9063,1,08:18:42.164244693
107.9063,44,08:18:42.164444995
107.9063,1,08:18:42.164627485
107.9063,1,08:18:42.164755468
107.9063,39,08:18:42.164821725
107.9063,1,08:18:42.164857394
107.9063,28,08:18:42.164954070
107.9063,2,08:18:42.165923838
107.9063,44,08:18:42.922982005
107.9063,52,08:18:42.923882695
107.9063,1,08:18:42.923953701
107.9063,6,08:18:42.924003218
107.9063,21,08:18:42.924037514
107.9063,1,08:18:42.924063722
107.9063,1,08:18:42.924118785
107.9063,1,08:18:42.924193379
107.9063,4,08:18:42.924229463
107.9063,38,08:18:42.924278750
107.9063,1,08:18:42.924319132
107.9063,45,08:18:42.924435570
107.9063,1,08:18:42.925066859
107.9063,1,08:18:42.931642281
107.9063,1,08:18:43.251877749
107.9063,2,08:18:43.251919279
107.9063,1,08:18:43.252002248
107.9063,65,08:18:43.252464711
107.9063,3,08:18:43.271393602
107.9063,1,08:18:43.271635056
107.9063,1,08:18:43.271678708
107.9063,20,08:18:43.271888444
107.9063,1,08:18:43.271931325
107.9063,1,08:18:43.271970272
107.9063,1,08:18:43.272001467
107.9063,1,08:18:43.272035394
107.9063,1,08:18:43.272058566
107.9063,1,08:18:43.272099072
107.9063,1,08:18:43.272121885
107.9063,1,08:18:43.272181362
107.9063,1,08:18:43.272211048
107.9063,16,08:18:43.272252591
107.9063,1,08:18:43.272283167
107.9063,1,08:18:43.272370636
107.9063,9,08:18:43.272505589
107.9063,47,08:18:43.272612464
107.9063,48,08:18:43.272811746
107.9063,1,08:18:43.272858643
107.9063,1,08:18:43.272977714
107.9063,2,08:18:43.280018595
107.9063,2,08:18:43.280227441
107.9063,1,08:18:43.282707734
107.9063,5,08:18:43.282999583
107.9063,15,08:18:43.283160169
107.9063,1,08:18:43.283192777
107.9063,1,08:18:43.283232243
107.9063,1,08:18:43.283273720
107.9063,3,08:18:43.283320104
107.9063,3,08:18:43.283861411
107.9063,1,08:18:43.283928161
107.9063,1,08:18:43.291336253
107.9063,11,08:18:43.310077565
107.9063,8,08:18:43.311088888
107.9063,1,08:18:43.311528145
107.9063,3,08:18:43.311562013
107.9063,1,08:18:43.311615282
107.9063,2,08:18:43.311658487
107.9063,6,08:18:43.311752815
107.9063,1,08:18:43.312035796
107.9063,4,08:18:43.334549984
107.9063,1,08:18:43.334758008
107.9063,1,08:18:43.563640204
107.9063,1,08:18:43.563864148
107.9063,1,08:18:43.563985555
107.9063,44,08:18:44.316287774
107.9063,19,08:18:44.316501064
107.9063,21,08:18:44.316632907
107.9063,1,08:18:44.317711712
107.9063,20,08:18:44.319136407
107.9063,8,08:18:44.319312109
107.9063,1,08:18:44.319810494
107.9063,1,08:18:44.320159934
107.9063,2,08:18:44.342405134
107.9063,1,08:18:44.342483050
107.9063,23,08:18:44.342725602
107.9063,1,08:18:44.343308231
107.9063,6,08:18:44.362566058
107.9063,1,08:18:44.362763822
107.9063,20,08:18:44.365457108
107.9063,1,08:18:44.365684953
107.9063,1,08:18:48.942766656
107.9063,1,08:18:48.942994360
107.9063,1,08:18:52.633173701
107.9063,44,08:18:52.633496264
107.9063,2,08:18:52.633593188
107.9063,44,08:18:52.633757066
107.9063,8,08:18:52.633992969
107.9063,1,08:18:52.634991895
107.9063,55,08:18:54.810228022
107.9063,1,08:18:54.943024125
107.9063,2,08:18:54.943135103
107.9063,4,08:18:54.943414385
107.9063,1,08:18:54.943491907
107.9063,1,08:18:54.943552336
107.9063,2,08:18:54.943606004
107.9063,1,08:18:54.943667827
107.9063,1,08:18:54.943843955
107.9063,85,08:18:54.944261983
107.9063,20,08:18:54.945079170
107.9063,1,08:18:54.946646879
107.9063,1,08:18:54.946689769
107.9063,1,08:18:54.946705076
107.9063,1,08:18:54.946726621
107.9063,52,08:18:54.946758936
107.9063,2,08:18:54.946796418
107.9063,1,08:18:54.946827347
107.9063,1,08:18:54.947326131
107.9063,1,08:18:54.947409342
107.9063,1,08:18:54.947599765
107.9063,1,08:18:54.947718645
107.9063,1,08:18:54.948220367
107.9063,1,08:18:54.955561465
107.9063,4,08:18:54.958117577
107.9063,2,08:18:54.958293229
107.9063,2,08:18:54.960065063
107.9063,1,08:18:54.960166473
107.9063,1,08:18:54.960214410
107.9063,1,08:18:56.969040740
107.9063,2,08:18:56.969130179
107.9063,11,08:18:56.969283138
107.9063,1,08:18:56.969328541
107.9063,1,08:18:56.969435366
107.9063,1,08:18:56.969482944
107.9063,4,08:18:56.969599833
107.9063,1,08:18:56.969642245
107.9063,1,08:18:56.969722874
107.9063,1,08:18:56.969747338
107.9063,1,08:18:56.969787515
107.9063,1,08:18:56.969826713
107.9063,1,08:18:56.969887710
107.9063,1,08:18:56.970276778
107.9063,2,08:18:56.981514885
107.9063,11,08:18:56.981793100
107.9063,4,08:18:57.008088781
107.9063,6,08:18:57.008397567
107.9063,1,08:18:57.008433513
107.9063,1,08:18:57.008464784
107.9063,1,08:18:57.008519010
107.9063,1,08:18:57.009022470
107.9063,4,08:18:57.010262280
107.9063,1,08:18:57.010428943
107.9063,1,08:18:57.010474848
107.9063,1,08:18:57.010545214
107.9063,6,08:18:57.010611613
107.9063,1,08:18:57.010961747
107.9063,3,08:19:00.085601063
107.9063,1,08:19:00.085831231
107.9063,137,08:19:00.086317055
107.9063,1,08:19:00.086465960
107.9063,2,08:19:00.086503799
107.9063,1,08:19:00.086536710
107.9063,1,08:19:00.086565016
107.9063,1,08:19:00.086595598
107.9063,1,08:19:00.086624015
107.9063,1,08:19:00.086652649
107.9063,1,08:19:00.086687734
107.9063,1,08:19:00.086715409
107.9063,1,08:19:00.086745761
107.9063,1,08:19:00.086781698
107.9063,1,08:19:00.086810960
107.9063,1,08:19:00.086842185
107.9063,1,08:19:00.086880695
107.9063,1,08:19:00.086911576
107.9063,1,08:19:00.086944054
107.9063,1,08:19:00.086975929
107.9063,1,08:19:00.087000429
107.9063,1,08:19:00.087032493
107.9063,1,08:19:00.087075941
107.9063,1,08:19:00.087107922
107.9063,1,08:19:00.087146580
107.9063,1,08:19:00.087182525
107.9063,1,08:19:00.087212059
107.9063,1,08:19:00.087325485
107.9063,1,08:19:00.087389922
107.9063,1,08:19:00.088059385
107.9063,10,08:19:00.687629021
107.9063,1,08:19:00.687687514
107.9063,6,08:19:00.687813584
107.9063,11,08:19:00.687935539
107.9063,1,08:19:00.687964932
107.9063,1,08:19:00.688031863
107.9063,15,08:19:00.688427741
107.9063,10,08:19:00.688513736
107.9063,2,08:19:00.689332837
107.9063,1,08:19:00.689639762
107.9063,57,08:19:00.690238641
107.9063,8,08:19:00.690423611
107.9063,1,08:19:00.691225515
107.9063,1,08:19:00.691371163
107.9219,1,08:19:20.238315185
107.9219,50,08:19:22.493814210
107.9219,714,08:19:31.346310215
107.9219,1,08:19:31.346367595
107.9219,234,08:19:31.349438570
107.9219,200,08:19:31.353747206
107.9219,1,08:19:31.353897981
107.9219,19,08:19:31.353950980
107.9219,6,08:19:31.354456415
107.9219,5,08:19:31.354456415
107.9219,5,08:19:31.354482911
107.9219,9,08:19:31.354536391
107.9219,24,08:19:31.354718467
107.9219,321,08:19:31.354993062
107.9219,1,08:19:31.366513665
107.9219,1,08:19:49.020082732
107.9219,12,08:19:49.021393640
107.9219,1,08:19:49.023777081
107.9219,1,08:19:49.023821898
107.9219,3,08:19:49.026207254
107.9219,12,08:19:49.026243851
107.9375,1,08:19:49.634034213
107.9375,1,08:19:49.634051020
107.9375,2,08:19:49.634051020
107.9375,1,08:19:49.714615689
107.9219,1,08:19:50.687584639
107.9219,1,08:19:54.000494140
107.9219,1,08:19:57.313659899
107.9375,34,08:19:59.134416562
107.9375,4,08:19:59.245126048
107.9219,1,08:20:00.006012093
107.9219,43,08:20:00.014122945
107.9219,7,08:20:00.023734102
107.9219,6,08:20:00.035276207
107.9219,7,08:20:00.038658486
107.9219,4,08:20:00.041090058
107.9375,1,08:20:00.154625895
107.9219,3,08:20:00.334594087
107.9219,5,08:20:00.405557865
107.9219,1,08:20:00.651162382
107.9219,4,08:20:00.923884987
107.9219,1,08:20:07.252589380
107.9219,1,08:20:10.565578169
107.9375,5,08:20:11.933068245
107.9219,75,08:20:12.210974555
107.9219,1,08:20:12.265482515
107.9219,8,08:20:12.726052561
107.9219,1,08:20:13.878689305
107.9219,146,08:20:16.610082892
107.9219,1,08:20:16.610162285
107.9219,1319,08:20:16.610941802
107.9219,1,08:20:16.613501751
107.9219,1,08:20:16.613939238
107.9219,1,08:20:16.614491185
107.9219,146,08:20:16.615648581
107.9219,19,08:20:16.615712039
107.9219,1,08:20:16.615737104
107.9219,1,08:20:16.615953896
107.9219,41,08:20:16.616014243
107.9219,1,08:20:16.619646281
107.9219,1,08:20:16.620167690
107.9219,6,08:20:16.620306029
107.9219,8,08:20:16.620394892
107.9219,1,08:20:16.620474458
107.9219,1,08:20:16.620536856
107.9219,1,08:20:16.620784931
107.9219,1,08:20:16.621129409
107.9219,1,08:20:16.621195845
107.9219,1,08:20:16.621327448
107.9219,16,08:20:16.621657548
107.9219,1,08:20:16.621815695
107.9219,1,08:20:16.639862791
107.9219,2,08:20:16.641158583
107.9219,13,08:20:16.879534952
107.9063,1,08:20:17.190944941
107.9219,14,08:20:17.512833646
107.9219,1,08:20:17.513264838
107.9219,28,08:20:17.513651211
107.9219,1,08:20:17.513874750
107.9219,1,08:20:17.514100798
107.9219,7,08:20:17.514208745
107.9219,37,08:20:17.514247616
107.9219,1,08:20:17.514271447
107.9219,8,08:20:17.514318456
107.9219,2,08:20:17.514400714
107.9219,1,08:20:17.514454270
107.9219,4,08:20:17.514894087
107.9219,1,08:20:17.515104689
107.9219,1,08:20:17.689262446
107.9219,5,08:20:17.694238244
107.9219,79,08:20:17.708779055
107.9219,1,08:20:17.708915168
107.9219,1,08:20:17.708983738
107.9219,174,08:20:17.709384508
107.9219,1,08:20:17.709666882
107.9219,1,08:20:17.709700063
107.9219,1,08:20:17.710551738
107.9219,1,08:20:17.710590465
107.9219,1,08:20:17.710662921
107.9219,1,08:20:17.710680422
107.9219,2,08:20:17.710700112
107.9219,1,08:20:17.710731386
107.9219,1,08:20:17.710826111
107.9219,1,08:20:17.710841363
107.9219,1,08:20:17.710865501
107.9219,1,08:20:17.710882852
107.9219,2,08:20:17.711075301
107.9219,125,08:20:17.711305374
107.9219,1,08:20:17.712260157
107.9219,3,08:20:17.714338278
107.9219,1,08:20:17.719076652
107.9063,1,08:20:17.770492657
107.9219,6,08:20:17.804004717
107.9219,1,08:20:17.804291535
107.9219,1,08:20:17.804548464
107.9219,100,08:20:19.632169959
107.9219,4,08:20:21.220404229
107.9219,20,08:20:21.220822896
107.9219,1,08:20:21.220929049
107.9219,1,08:20:21.220988333
107.9219,1,08:20:21.221114822
107.9219,14,08:20:21.221349749
107.9219,6,08:20:21.221449073
107.9219,69,08:20:21.221661880
107.9219,88,08:20:21.221974040
107.9219,1,08:20:21.222686579
107.9219,1,08:20:21.223028785
107.9219,38,08:20:21.224285597
107.9219,1,08:20:21.225166089
107.9219,8,08:20:21.225254449
107.9219,1,08:20:21.225284517
107.9219,1,08:20:21.226353700
107.9219,1,08:20:21.226786240
107.9219,44,08:20:21.729469127
107.9219,31,08:20:21.729703564
107.9219,90,08:20:21.729906416
107.9219,2,08:20:21.729955758
107.9219,137,08:20:21.730180444
107.9219,138,08:20:21.730561847
107.9219,1,08:20:21.732793172
107.9219,1,08:20:21.747300703
107.9219,1,08:20:24.100479945
107.9063,4,08:20:25.074224796
107.9063,1,08:20:29.250875994
107.9219,2,08:20:30.008235575
107.9219,100,08:20:31.276137171
107.9063,200,08:20:38.778719788
107.9063,4,08:20:42.006293408
107.9063,1,08:20:43.695568314
107.9219,150,08:20:44.046321322
107.9063,30,08:20:46.506645645
107.9063,1,08:20:47.008682228
107.9219,1,08:20:49.496269279
107.9063,1,08:20:50.320999391
107.9063,1,08:20:53.634215419
107.9063,1,08:20:56.972673451
107.9063,7,08:21:00.278625923
107.9063,1,08:21:03.572956369
107.9063,4,08:21:04.491317287
107.9219,6,08:21:04.980304833
107.9219,1,08:21:04.984766295
107.9219,1,08:21:04.984790987
107.9219,1,08:21:04.984826203
107.9219,4,08:21:04.985000172
107.9219,1,08:21:04.986588489
107.9063,3,08:21:05.731740162
107.9219,1,08:21:05.842927482
107.9063,1,08:21:06.886176959
107.9063,1,08:21:10.199248156
107.9063,5,08:21:11.587802330
107.9063,1,08:21:13.512691100
107.9063,1,08:21:15.706917428
107.9219,1,08:21:16.020343368
107.9063,1,08:21:16.826088102
107.9063,1,08:21:17.241508545
107.9063,1,08:21:20.138291594
107.9063,1,08:21:23.451468241
107.9063,1,08:21:26.789983478
107.9063,1,08:21:33.390334244
107.9063,475,08:21:35.464394690
107.9063,5,08:21:35.644071273
107.9063,1,08:21:36.703548823
107.9219,11,08:21:38.755944439
107.9063,1,08:21:40.016685110
107.9219,1,08:21:43.076791091
107.9063,1,08:21:43.329855534
107.9063,30,08:21:44.007128877
107.9219,1,08:21:45.690826058
107.9063,1,08:21:46.641941776
107.9219,6,08:21:47.033603582
107.9063,12,08:21:47.037616028
107.9063,1,08:21:49.955184801
107.9063,5,08:21:50.289302361
107.9219,5,08:21:50.297892947
107.9063,1,08:21:53.293725674
107.9063,2,08:21:56.077716432
107.9063,1,08:21:59.894108624
107.9063,1,08:22:03.207244793
107.9219,1,08:22:05.109175127
107.9063,1,08:22:06.520554324
107.9063,4,08:22:06.596081455
107.9063,1,08:22:07.221580598
107.9063,1,08:22:09.833532245
107.9063,24,08:22:11.136970195
107.9219,1,08:22:11.345095639
107.9063,14,08:22:11.357939139
107.9063,14,08:22:12.263897537
107.9063,14,08:22:12.280335526
107.9063,1,08:22:13.146951797
107.9063,24,08:22:13.285097676
107.9063,1,08:22:16.459094450
107.9219,2,08:22:16.880041479
107.9063,24,08:22:17.215017386
107.9063,14,08:22:17.215186894
107.9063,24,08:22:18.185424901
107.9063,14,08:22:18.185729467
107.9063,13,08:22:19.207367593
107.9063,21,08:22:19.224764737
107.9063,1,08:22:19.772308702
107.9063,1,08:22:20.171101293
107.9063,44,08:22:20.171922475
107.9063,45,08:22:20.172269941
107.9063,2,08:22:20.172850315
107.9063,1,08:22:20.173223928
107.9063,1,08:22:20.173243269
107.9063,7,08:22:20.174219049
107.9063,1,08:22:20.174355055
107.9063,1,08:22:20.174409136
107.9063,339,08:22:20.174766166
107.9063,2,08:22:20.175323590
107.9063,4,08:22:20.175386986
107.9063,1,08:22:20.175405332
107.9063,2,08:22:20.175648758
107.9063,26,08:22:20.175959211
107.9063,1,08:22:20.176138864
107.9063,1,08:22:20.176177549
107.9063,1,08:22:20.176260031
107.9063,1,08:22:20.176331181
107.9063,1,08:22:20.176393304
107.9063,1,08:22:20.176463907
107.9063,1,08:22:20.176528929
107.9063,2,08:22:20.176619597
107.9063,1,08:22:20.176715506
107.9063,175,08:22:20.176921145
107.9063,8,08:22:20.177598701
107.9063,2,08:22:20.177895210
107.9063,12,08:22:20.178287169
107.9063,1,08:22:20.178331874
107.9063,2,08:22:20.178342513
107.9063,24,08:22:20.179033030
107.9063,21,08:22:20.179551560
107.9063,1,08:22:20.179886408
107.9063,1,08:22:20.179915788
107.9063,1,08:22:20.179941058
107.9063,4,08:22:20.179970732
107.9063,20,08:22:20.179989696
107.9063,12,08:22:20.180009149
107.9063,1,08:22:20.180039205
107.9063,4,08:22:20.180321607
107.9063,1,08:22:20.180395599
107.9063,1,08:22:20.180930903
107.9063,2,08:22:20.181009970
107.9063,1,08:22:20.181424301
107.9063,1,08:22:20.181516230
107.9063,4,08:22:20.181728755
107.9063,2,08:22:20.181784650
107.9063,6,08:22:20.181824977
107.9063,5,08:22:20.181878109
107.9063,1,08:22:20.182203661
107.9063,1,08:22:20.182670122
107.9063,6,08:22:20.184295319
107.9063,7,08:22:20.200067221
107.9063,1,08:22:20.200114966
107.9063,11,08:22:20.261835057
107.9063,24,08:22:20.296584817
107.9063,4,08:22:20.400313636
107.9063,25,08:22:20.404032338
107.9063,1,08:22:20.404247494
107.9063,14,08:22:20.404378358
107.9063,1,08:22:20.404592096
107.9063,3,08:22:20.405525306
107.9063,25,08:22:20.420558389
107.9063,1,08:22:20.420806407
107.9063,5,08:22:20.470763206
107.9063,25,08:22:20.602196819
107.9063,1,08:22:20.602433199
107.9063,24,08:22:20.618703011
107.9063,1,08:22:20.618931102
107.9063,1,08:22:20.833711273
107.9063,30,08:22:20.833976555
107.9063,3,08:22:20.834104478
107.9063,4,08:22:20.834136084
107.9063,1,08:22:20.834218041
107.9063,2,08:22:20.834353661
107.9063,14,08:22:21.029019951
107.9063,1,08:22:21.029231130
107.9063,25,08:22:21.045508383
107.9063,8,08:22:21.345919058
107.9063,1,08:22:21.346133363
107.9063,2,08:22:22.884491403
107.9063,9,08:22:22.884978664
107.9063,1,08:22:22.885019379
107.9063,12,08:22:22.885051845
107.9063,1,08:22:22.885255146
107.9063,2,08:22:22.885435764
107.9063,1,08:22:22.885453361
107.9063,1,08:22:22.885486242
107.9063,3,08:22:22.885512016
107.9063,4,08:22:22.885708708
107.9063,4,08:22:22.925534210
107.9063,3,08:22:22.951488643
107.9063,1,08:22:23.110733882
107.9063,1,08:22:25.445558878
107.9063,1,08:22:26.707657629
107.9063,1,08:22:29.710939855
107.9063,700,08:22:32.879698905
107.9063,1,08:22:32.994446162
107.9063,1,08:22:33.024134059
107.9063,1,08:22:33.899235737
107.9063,4,08:22:34.087505269
107.9063,1,08:22:34.153942105
107.9063,1,08:22:36.337481102
107.9063,1,08:22:39.650612540
107.9063,1186,08:22:40.999019771
107.9063,7,08:22:41.001018515
107.9063,2,08:22:41.005189713
107.9063,1,08:22:41.007998867
107.9063,6,08:22:41.008308387
107.9063,6,08:22:41.008676276
107.9063,6,08:22:41.009505237
107.9063,2,08:22:41.009635998
107.9063,14,08:22:41.012863970
107.9063,5,08:22:41.013170277
107.9063,2,08:22:41.015662519
107.9063,10,08:22:41.018217886
107.9063,6,08:22:41.023093139
107.9063,70,08:22:41.035333328
107.9063,101,08:22:41.035775433
107.9063,1,08:22:41.036564322
107.9063,7,08:22:41.037650721
107.9063,3,08:22:41.037728371
107.8906,30,08:22:41.507691446
107.8906,1,08:22:42.963809849
107.8906,1,08:22:46.276008303
107.8906,1,08:22:49.614455471
107.8906,1,08:22:56.214719468
107.8906,1,08:22:59.527879206
107.8906,5,08:23:00.635190619
107.8906,1,08:23:02.841160396
107.9063,19,08:23:04.919088531
107.9063,339,08:23:04.920036560
107.9063,1,08:23:04.921523620
107.9063,832,08:23:04.921773007
107.9063,1,08:23:04.922642225
107.9063,1,08:23:04.923636706
107.9063,1,08:23:04.924141731
107.9063,2,08:23:04.929428045
107.9063,44,08:23:04.930033923
107.9063,45,08:23:04.930481516
107.9063,5,08:23:04.933069875
107.9063,90,08:23:04.933093844
107.9063,88,08:23:04.933123508
107.9063,53,08:23:04.934027936
107.9063,52,08:23:04.934078332
107.9063,1,08:23:04.934094811
107.9063,1,08:23:04.934117599
107.9063,30,08:23:04.934321133
107.9063,3,08:23:04.934371677
107.9063,3,08:23:04.934506852
107.9063,2,08:23:04.934888561
107.9063,5,08:23:04.935831275
107.9063,2,08:23:04.936133566
107.9063,1,08:23:04.936214630
107.9063,2,08:23:04.936628852
107.9063,2,08:23:04.937168320
107.9063,1,08:23:04.937214448
107.9063,9,08:23:04.937330950
107.9063,35,08:23:04.938228168
107.9063,1,08:23:04.938719697
107.9063,1,08:23:04.938792867
107.9063,2,08:23:04.938914524
107.9063,2,08:23:04.953003131
107.9063,1,08:23:04.953052607
107.9063,1,08:23:04.953199516
107.9063,1,08:23:04.953258566
107.8906,11,08:23:05.020391508
107.9063,1,08:23:05.118574591
107.8906,4,08:23:05.180034078
107.8906,1,08:23:05.381960850
107.9063,436,08:23:07.302006708
107.9063,12,08:23:07.307696761
107.9063,12,08:23:07.307881635
107.9063,2,08:23:07.333282144
107.9063,1,08:23:10.846795116
107.9063,2,08:23:10.847249551
107.9063,1,08:23:10.847427516
107.9063,1,08:23:10.847452134
107.9063,2,08:23:10.847472807
107.9063,2,08:23:10.847578847
107.9063,22,08:23:10.847854753
107.9063,1,08:23:10.847919308
107.9063,40,08:23:10.848240128
107.9063,20,08:23:10.849066118
107.9063,1,08:23:10.849355859
107.9063,1,08:23:10.849400685
107.9063,1,08:23:10.849436529
107.9063,1,08:23:10.849530598
107.9063,7,08:23:10.849584199
107.9063,1,08:23:10.849602910
107.9063,11,08:23:10.849737585
107.9063,5,08:23:10.849775268
107.9063,1,08:23:10.849794845
107.9063,1,08:23:10.849847567
107.9063,1,08:23:10.849998800
107.9063,1,08:23:10.850008742
107.9063,5,08:23:10.850066033
107.9063,1,08:23:10.850578347
107.9063,1,08:23:10.850827392
107.9063,13,08:23:10.851252674
107.9063,36,08:23:10.851722085
107.9063,1,08:23:10.851757366
107.9063,2,08:23:10.851788621
107.9063,14,08:23:10.851823953
107.9063,4,08:23:10.851848862
107.9063,1,08:23:10.851934352
107.9063,12,08:23:10.851934352
107.9063,1,08:23:10.852388464
107.9063,1,08:23:10.852494715
107.9063,1,08:23:10.852523288
107.9063,1,08:23:10.852767297
107.9063,1,08:23:10.853105454
107.9063,1,08:23:10.854169645
107.9063,1,08:23:10.854319370
107.9063,35,08:23:10.856482773
107.9063,4,08:23:10.857816736
107.9063,41,08:23:11.464142445
107.9063,5,08:23:11.464961139
107.9063,1,08:23:11.465100310
107.9063,1,08:23:11.465145652
107.9063,4,08:23:11.465212856
107.9063,1,08:23:11.465339521
107.9063,3,08:23:11.465775165
107.9063,1,08:23:11.465808244
107.9063,1,08:23:11.465828651
107.9063,1,08:23:11.466291233
107.9063,6,08:23:11.868452445
107.9063,1,08:23:11.868696530
107.9063,1,08:23:11.868748220
107.9063,1,08:23:11.868900611
107.9063,5,08:23:11.877667763
107.9063,1,08:23:13.231927581
107.9063,1,08:23:13.232265745
107.9063,5,08:23:13.317287672
107.9063,1,08:23:13.317538955
107.9063,4,08:23:13.317926015
107.9063,7,08:23:13.319181983
107.9063,1,08:23:13.319337928
107.9063,1,08:23:13.319386716
107.9063,18,08:23:13.319600056
107.9063,3,08:23:13.319670012
107.9063,1,08:23:13.321160480
107.9063,4,08:23:16.483543986
107.9063,1,08:23:16.483811627
107.9063,1,08:23:16.483882195
107.9063,69,08:23:16.484305561
107.9063,1,08:23:16.486839951
107.9063,4,08:23:16.488472780
107.9063,1,08:23:16.488589985
107.9063,2,08:23:17.018294407
107.9063,1,08:23:18.488346517
107.9063,3,08:23:24.782297537
107.9063,1,08:23:24.782685488
107.9063,1,08:23:24.782755842
107.9063,1,08:23:24.782860868
107.9063,8,08:23:24.783008896
107.9063,1,08:23:24.783093960
107.9063,1,08:23:24.783173065
107.9063,55,08:23:24.783335552
107.9063,1,08:23:24.783384567
107.9063,1,08:23:24.783410878
107.9063,1,08:23:24.783447924
107.9063,1,08:23:24.783480258
107.9063,1,08:23:24.783521206
107.9063,1,08:23:24.783560795
107.9063,1,08:23:24.783580241
107.9063,1,08:23:24.783603455
107.9063,1,08:23:24.783641325
107.9063,1,08:23:24.783678526
107.9063,1,08:23:24.783705716
107.9063,1,08:23:24.783738894
107.9063,1,08:23:24.783761999
107.9063,1,08:23:24.783792492
107.9063,1,08:23:24.783825895
107.9063,1,08:23:24.783869227
107.9063,1,08:23:24.784507237
107.9063,1,08:23:24.804092674
107.9063,1,08:23:25.274304700
107.9063,1,08:23:25.274404151
107.9063,1,08:23:25.274577902
107.9063,1,08:23:25.274715549
107.9063,3,08:23:25.886162359
107.9063,4,08:23:25.886412617
107.9063,1,08:23:25.886459828
107.9063,1,08:23:25.886530014
107.9063,1,08:23:25.887145105
107.9063,2,08:23:25.887206197
107.9063,1,08:23:25.887278702
107.9063,3,08:23:25.887331038
107.9063,1,08:23:25.887870707
107.9063,13,08:23:25.888705521
107.9063,5,08:23:25.889252293
107.9063,1,08:23:25.889365086
107.9063,1,08:23:27.705533563
107.9063,3,08:23:27.705595289
107.9063,6,08:23:27.705703416
107.9063,1,08:23:27.705728962
107.9063,13,08:23:27.705890896
107.9063,5,08:23:30.183785547
107.9063,791,08:23:34.105351669
107.9063,5,08:23:34.111575484
107.9063,3,08:23:34.112275546
107.9063,7,08:23:34.158833552
107.9063,6,08:23:39.007070244
107.9063,1,08:23:45.935867376
107.9063,1,08:23:52.536074990
107.9063,1,08:23:55.849174906
107.9063,1,08:23:59.162455710
107.9063,1,08:24:02.475611754
107.9063,1,08:24:05.787793835
107.9063,1,08:24:09.101067760
107.9063,5,08:24:11.011375945
107.9063,1,08:24:11.558623761
107.9063,23,08:24:12.108102094
107.9063,5,08:24:12.108143001
107.9063,100,08:24:12.108298528
107.9063,2,08:24:12.108434883
107.9063,4,08:24:12.108462128
107.9063,6,08:24:12.108534821
107.9063,14,08:24:12.108569929
107.9063,33,08:24:12.108670900
107.9063,3,08:24:12.108723647
107.9063,1,08:24:12.108776742
107.9063,1,08:24:12.108882735
107.9063,2,08:24:12.108954509
107.9063,14,08:24:12.109147594
107.9063,5,08:24:12.109233609
107.9063,4,08:24:12.109508559
107.9063,6,08:24:12.109664859
107.9063,3,08:24:12.109842431
107.9063,1,08:24:12.110023913
107.9063,1,08:24:12.110127018
107.9063,19,08:24:12.110279160
107.9063,8,08:24:12.110369520
107.9063,1,08:24:12.110501331
107.9063,1,08:24:12.110606315
107.9063,1,08:24:12.111217675
107.9063,59,08:24:12.111929712
107.9063,18,08:24:12.111986115
107.9063,15,08:24:12.112141107
107.9063,17,08:24:12.112317063
107.9063,2,08:24:12.112395701
107.9063,1,08:24:12.112493301
107.9063,1,08:24:12.112546331
107.9063,1,08:24:12.112758217
107.9063,10,08:24:12.113005375
107.9063,1,08:24:12.113033858
107.9063,1,08:24:12.113259034
107.9063,1,08:24:12.113561818
107.9063,1,08:24:12.113603438
107.9063,36,08:24:12.114000300
107.9063,2,08:24:12.114096101
107.9063,1,08:24:12.115100755
107.9063,2,08:24:12.115173735
107.9063,1,08:24:12.115611107
107.9063,359,08:24:12.116243258
107.9063,25,08:24:12.118894037
107.9063,2,08:24:12.118969767
107.9063,25,08:24:12.119256883
107.9063,70,08:24:12.119687561
107.9063,44,08:24:12.119781136
107.9063,12,08:24:12.119884342
107.9063,2,08:24:12.121414005
107.9063,169,08:24:12.121648319
107.9063,1,08:24:12.122552687
107.9063,1,08:24:12.122950835
107.9063,1,08:24:12.123040376
107.9063,1,08:24:12.124009276
107.9063,1,08:24:12.124032301
107.9063,259,08:24:12.125517351
107.9063,1,08:24:12.126032753
107.9063,1,08:24:12.126052917
107.9063,1,08:24:12.126126088
107.9063,1,08:24:12.126165840
107.9063,4,08:24:12.126195736
107.9063,5,08:24:12.127010181
107.9063,1,08:24:12.127081220
107.9063,1,08:24:12.127897348
107.9063,1,08:24:12.128524369
107.9063,1,08:24:12.128930187
107.9063,1,08:24:12.130420164
107.9063,1,08:24:12.167275877
107.9063,34,08:24:12.181138753
107.9063,1,08:24:12.181483652
107.9063,1,08:24:12.181936951
107.9063,1,08:24:12.186656726
107.9063,9,08:24:12.325609118
107.9063,1,08:24:12.414202390
107.9063,7,08:24:12.772707255
107.9063,45,08:24:12.773113263
107.9063,1,08:24:12.773183831
107.9063,1,08:24:12.773641245
107.9063,1,08:24:12.773697396
107.9063,4,08:24:12.773821130
107.9063,45,08:24:12.774050607
107.9063,2,08:24:12.774474375
107.9063,1,08:24:12.774507710
107.9063,1,08:24:12.774577638
107.9063,1,08:24:12.774630989
107.9063,1,08:24:12.774670463
107.9063,1,08:24:12.774696661
107.9063,1,08:24:12.774745766
107.9063,5,08:24:12.774811691
107.9063,1,08:24:12.774981771
107.9063,1,08:24:12.775110344
107.9063,2,08:24:12.775513052
107.9063,2,08:24:12.775793902
107.9063,82,08:24:12.776574584
107.9063,1,08:24:12.777476417
107.9063,1,08:24:12.777571137
107.9063,1,08:24:12.777679170
107.9063,1,08:24:12.780463887
107.9063,1,08:24:13.145495183
107.9063,1,08:24:13.164364791
107.9063,1,08:24:15.752792552
107.8906,97,08:24:16.680183192
107.9063,383,08:24:16.680183192
107.9063,33,08:24:16.684929470
107.9063,166,08:24:16.685627487
107.9063,1,08:24:16.688947707
107.9063,1,08:24:16.689020336
107.9063,359,08:24:16.689694874
107.9063,375,08:24:16.689989930
107.9063,1,08:24:16.690786688
107.9063,1,08:24:16.690877410
107.9063,2,08:24:16.691160757
107.9063,1,08:24:16.691314702
107.9063,1,08:24:16.692133825
107.9063,1,08:24:16.692159708
107.9063,4,08:24:16.692208938
107.9063,1,08:24:16.692253934
107.9063,1,08:24:16.692612120
107.9063,4,08:24:16.692642149
107.9063,1,08:24:16.693918722
107.9063,1,08:24:16.694042194
107.9063,1,08:24:16.694441930
107.9063,1,08:24:16.695182895
107.9063,1,08:24:16.695204784
107.9063,1,08:24:16.695261710
107.9063,1,08:24:16.695332066
107.9063,1,08:24:16.695394595
107.9063,1,08:24:16.695623339
107.9063,1,08:24:16.695637817
107.9063,15,08:24:16.709342418
107.9063,4,08:24:17.461987512
107.9063,210,08:24:23.559038785
107.9063,1,08:24:23.559413691
107.9063,1,08:24:23.559461841
107.9063,1,08:24:23.559536584
107.9063,1,08:24:23.560636865
107.9063,1,08:24:23.561673340
107.8906,1,08:24:25.666260696
107.8906,1,08:24:27.930600572
107.8906,1,08:24:28.979318319
107.8906,1,08:24:32.292617430
107.9063,2,08:24:34.869174135
107.9063,7,08:24:34.870523789
107.9063,1,08:24:34.871100252
107.9063,1,08:24:34.871410667
107.9063,4,08:24:34.871530951
107.9063,1,08:24:34.871717438
107.9063,2,08:24:34.871827158
107.9063,1,08:24:34.871864637
107.9063,40,08:24:34.872023790
107.9063,1,08:24:34.873766990
107.9063,1,08:24:34.874060439
107.9063,45,08:24:34.877904509
107.9063,44,08:24:34.878058109
107.9063,1,08:24:34.878174448
107.9063,7,08:24:34.878221287
107.9063,1,08:24:34.878338255
107.9063,1,08:24:34.878392232
107.9063,1,08:24:34.878456578
107.9063,15,08:24:34.878456578
107.9063,37,08:24:34.878664003
107.9063,4,08:24:34.878794693
107.9063,81,08:24:34.879054289
107.9063,5,08:24:34.879334730
107.9063,19,08:24:34.879363166
107.9063,1,08:24:34.879392149
107.9063,80,08:24:34.879623184
107.9063,1,08:24:34.879779936
107.9063,44,08:24:34.879994824
107.9063,55,08:24:34.880162968
107.9063,3,08:24:34.880277632
107.9063,1,08:24:34.883187051
107.9063,6,08:24:34.912982182
107.9063,1,08:24:34.913198017
107.9063,7,08:24:35.044804309
107.9063,10,08:24:35.182071474
107.9063,7,08:24:36.506705968
107.9063,1,08:24:39.020711925
107.9063,1,08:24:39.020985607
107.9063,50,08:24:44.034223963
107.9063,40,08:24:44.866001630
107.9063,1,08:24:44.866302545
107.9063,1,08:24:44.866358193
107.9063,1,08:24:44.866422383
107.9063,1,08:24:44.866451104
107.9063,1,08:24:44.866522603
107.9063,1,08:24:44.866550188
107.9063,1,08:24:44.866616185
107.9063,1,08:24:44.866648830
107.9063,1,08:24:44.866719832
107.9063,1,08:24:44.866750848
107.9063,1,08:24:44.866820104
107.9063,1,08:24:44.866846399
107.9063,1,08:24:44.866917782
107.9063,1,08:24:44.866925844
107.9063,1,08:24:44.866979618
107.9063,1,08:24:44.867008792
107.9063,1,08:24:44.867092567
107.9063,1,08:24:44.867139967
107.9063,1,08:24:44.867719360
107.9063,1,08:24:44.867816191
107.9063,1,08:24:44.868216471
107.9063,2,08:24:44.869003668
107.9063,2,08:24:44.869042728
107.9063,4,08:24:44.870131425
107.9063,1,08:24:44.870321806
107.9063,3,08:24:44.957016306
107.9063,4,08:24:44.957195004
107.9063,2,08:24:44.957320817
107.9063,6,08:24:44.957443582
107.9063,2,08:24:44.957586711
107.9063,1,08:24:44.957779096
107.9063,109,08:24:44.958597687
107.9063,5,08:24:44.959811098
107.9063,1,08:24:44.960300794
107.9063,1,08:24:44.960479201
107.9063,1,08:24:44.960552504
107.9063,1,08:24:44.961262807
107.9063,1,08:24:44.961380592
107.9063,1,08:24:44.961401866
107.9063,1,08:24:44.961695814
107.9063,38,08:24:44.961887472
107.9063,1,08:24:44.962125557
107.9063,3,08:24:44.962322534
107.9063,1,08:24:44.962525770
107.9063,1,08:24:44.963182788
107.9063,1,08:24:44.963215208
107.9063,1,08:24:44.963493259
107.9063,1,08:24:44.963533877
107.9063,10,08:24:44.976998007
107.9063,1,08:24:44.977211016
107.9063,1,08:24:44.977254946
107.9063,11,08:24:44.977291700
107.9063,1,08:24:44.977471639
107.9063,29,08:24:44.994607343
107.9063,14,08:24:45.007378493
107.9063,1,08:24:45.007783638
107.9063,2,08:24:45.145139832
107.9063,1,08:24:45.145338648
107.9063,1,08:24:45.145400016
107.9063,1,08:24:45.145468965
107.9063,13,08:24:45.964609595
107.9063,1,08:24:45.978257662
107.9063,1,08:24:58.821650286
107.9219,1,08:25:00.010773445
107.9219,13,08:25:00.010787781
107.9219,2,08:25:00.352804021
107.9063,1,08:25:02.134703929
107.9219,200,08:25:04.387565026
107.9063,1,08:25:05.422847012
107.9063,4,08:25:05.946166183
107.9063,1,08:25:08.760268036
107.9063,5,08:25:10.188056686
107.9063,1,08:25:12.048283154
107.9219,1,08:25:15.010107894
107.9219,45,08:25:15.345427436
107.9219,44,08:25:15.345452397
107.9219,31,08:25:15.346114244
107.9219,1,08:25:15.347681997
107.9219,2,08:25:15.348016420
107.9219,1,08:25:15.348092991
107.9219,5,08:25:15.348442166
107.9219,1,08:25:15.348870594
107.9219,2,08:25:15.349133444
107.9219,1,08:25:15.350464671
107.9219,10,08:25:15.350551895
107.9219,42,08:25:15.350799800
107.9219,1,08:25:15.350837645
107.9219,3,08:25:15.350998150
107.9219,2,08:25:15.351202529
107.9219,4,08:25:15.353210226
107.9219,21,08:25:15.355263183
107.9219,1,08:25:15.357771285
107.9219,2,08:25:15.358007997
107.9219,44,08:25:15.364257406
107.9219,31,08:25:15.364312322
107.9219,48,08:25:15.364713646
107.9219,48,08:25:15.364755080
107.9219,96,08:25:15.364815584
107.9219,48,08:25:15.364851840
107.9219,48,08:25:15.364909825
107.9219,16,08:25:15.366937665
107.9219,5,08:25:15.366986760
107.9219,1,08:25:15.367020537
107.9219,1,08:25:15.367076087
107.9219,7,08:25:15.367469772
107.9219,2,08:25:15.367532125
107.9219,1,08:25:15.367569153
107.9219,12,08:25:15.367599086
107.9219,2,08:25:15.367708673
107.9219,1,08:25:15.368347198
107.9219,2,08:25:15.370038336
107.9219,1,08:25:15.370385936
107.9219,12,08:25:15.372817544
107.9219,2,08:25:15.373475291
107.9219,2,08:25:15.373742961
107.9219,1,08:25:15.373763473
107.9219,2,08:25:15.373991394
107.9219,1,08:25:15.374220097
107.9219,1,08:25:15.375257465
107.9219,24,08:25:15.377267990
107.9219,1,08:25:15.377710935
107.9219,1,08:25:15.378729720
107.9219,1,08:25:15.439039460
107.9219,4,08:25:15.452889234
107.9219,200,08:25:17.151016159
107.9219,1,08:25:17.151463052
107.9219,88,08:25:17.151779522
107.9219,45,08:25:17.152036318
107.9219,16,08:25:17.152101542
107.9219,2,08:25:17.152808800
107.9219,1,08:25:17.152900566
107.9219,2,08:25:17.153183732
107.9219,48,08:25:17.153548274
107.9219,1,08:25:17.153867180
107.9219,48,08:25:17.153905629
107.9219,45,08:25:17.154100324
107.9219,32,08:25:17.154514156
107.9219,48,08:25:17.154662390
107.9219,1,08:25:17.154730887
107.9219,98,08:25:17.154970866
107.9219,15,08:25:17.155391963
107.9219,1,08:25:17.155981021
107.9219,669,08:25:17.161859235
107.9219,1,08:25:17.163605540
107.9219,1,08:25:17.163942308
107.9219,1,08:25:17.164010079
107.9219,17,08:25:17.164533133
107.9219,1,08:25:17.164706877
107.9219,5,08:25:17.165433644
107.9219,3,08:25:17.165506519
107.9219,1,08:25:17.165632557
107.9219,19,08:25:17.167494156
107.9219,16,08:25:17.167784658
107.9219,1,08:25:17.168592526
107.9219,10,08:25:17.789459633
107.9219,1,08:25:17.789665816
107.9219,45,08:25:17.790215527
107.9219,6,08:25:17.790381686
107.9219,45,08:25:17.790426452
107.9219,3,08:25:17.790549908
107.9219,11,08:25:17.790689677
107.9219,1,08:25:17.790836141
107.9219,1,08:25:17.790922465
107.9219,1,08:25:17.790994629
107.9219,1,08:25:17.791036483
107.9219,1,08:25:17.791055578
107.9219,1,08:25:17.791087525
107.9219,1,08:25:17.791115602
107.9219,1,08:25:17.791130080
107.9219,1,08:25:17.791158720
107.9219,1,08:25:17.791175568
107.9219,145,08:25:17.791384027
107.9219,1,08:25:17.791506352
107.9219,19,08:25:17.791537246
107.9219,1,08:25:17.791580284
107.9219,1,08:25:17.791610422
107.9219,1,08:25:17.791642343
107.9219,1,08:25:17.791665741
107.9219,1,08:25:17.791694516
107.9219,1,08:25:17.791733173
107.9219,1,08:25:17.791763145
107.9219,1,08:25:17.791796700
107.9219,1,08:25:17.791856170
107.9219,1,08:25:17.791882123
107.9219,1,08:25:17.791907823
107.9219,1,08:25:17.791939638
107.9219,1,08:25:17.791970192
107.9219,1,08:25:17.792027243
107.9219,1,08:25:17.792062664
107.9219,1,08:25:17.792130828
107.9219,1,08:25:17.792231823
107.9219,1,08:25:17.792271872
107.9219,1,08:25:17.792645035
107.9219,64,08:25:17.792769309
107.9219,1,08:25:17.793009656
107.9219,44,08:25:17.793833862
107.9219,24,08:25:17.793953057
107.9219,1,08:25:17.794332867
107.9219,1,08:25:17.794985779
107.9219,12,08:25:17.795003911
107.9219,1,08:25:17.795101923
107.9219,122,08:25:17.795600448
107.9219,1,08:25:17.795782237
107.9219,25,08:25:17.795984740
107.9219,5,08:25:17.796010440
107.9219,1,08:25:17.796036988
107.9219,1,08:25:17.796202319
107.9219,2,08:25:17.796900820
107.9219,11,08:25:17.798032129
107.9219,13,08:25:17.798268617
107.9219,1,08:25:17.798655639
107.9219,123,08:25:17.798734620
107.9219,1,08:25:17.799691512
107.9219,1,08:25:17.800392999
107.9219,1,08:25:17.800542288
107.9219,1,08:25:17.800657251
107.9219,4,08:25:17.800692979
107.9219,1,08:25:17.802316647
107.9219,1,08:25:17.802370597
107.9219,1,08:25:17.803309541
107.9219,175,08:25:17.803507004
107.9219,1,08:25:17.803707568
107.9219,1,08:25:17.804690474
107.9219,1,08:25:17.805608650
107.9219,53,08:25:17.806613303
107.9219,26,08:25:17.806761908
107.9219,5,08:25:17.806933329
107.9219,1,08:25:17.807059501
107.9219,1,08:25:17.807500265
107.9219,1,08:25:17.807576977
107.9219,1,08:25:17.807605327
107.9219,1,08:25:17.807629798
107.9219,10,08:25:17.808234753
107.9219,1,08:25:17.808520222
107.9219,2,08:25:17.808649793
107.9219,1,08:25:17.809656699
107.9219,2,08:25:17.810082426
107.9219,1,08:25:17.810110875
107.9219,1,08:25:17.810698544
107.9219,1,08:25:17.811057486
107.9219,33,08:25:17.815781248
107.9219,1,08:25:17.816161557
107.9219,24,08:25:17.867308530
107.9219,1,08:25:17.867438683
107.9219,1,08:25:17.867587848
107.9219,1,08:25:17.867626597
107.9219,1,08:25:17.867692992
107.9219,1,08:25:17.867816393
107.9219,1,08:25:17.867877610
107.9219,1,08:25:17.867919108
107.9219,1,08:25:17.867960901
107.9219,1,08:25:17.867999039
107.9219,1,08:25:17.868029127
107.9219,1,08:25:17.868062119
107.9219,1,08:25:17.868125221
107.9219,1,08:25:17.868182212
107.9219,1,08:25:17.868205360
107.9219,1,08:25:17.868240334
107.9219,1,08:25:17.868278940
107.9219,1,08:25:17.868343095
107.9219,1,08:25:17.868380071
107.9219,1,08:25:17.868409399
107.9219,1,08:25:17.868446185
107.9219,1,08:25:17.868485708
107.9219,1,08:25:17.868559285
107.9219,2,08:25:27.239406967
107.9219,5,08:25:29.504330996
107.9375,1,08:25:30.010802145
107.9375,1,08:25:30.010815652
107.9219,5,08:25:31.007140718
107.9375,1,08:25:45.011030573
107.9219,1,08:25:45.586121538
107.9219,1,08:25:49.779506570
107.9219,750,08:25:56.886323319
107.9219,24,08:25:57.030027291
107.9219,44,08:25:57.121418859
107.9219,48,08:25:57.122201090
107.9219,90,08:25:57.122494869
107.9219,48,08:25:57.122916962
107.9219,48,08:25:57.123699642
107.9219,20,08:25:57.123699642
107.9219,48,08:25:57.124166538
107.9219,48,08:25:57.124354810
107.9219,88,08:25:57.124486537
107.9219,1,08:25:57.124607686
107.9219,2,08:25:57.124766975
107.9219,1,08:25:57.125214571
107.9219,19,08:25:57.125244153
107.9219,1,08:25:57.125278627
107.9219,2,08:25:57.125468989
107.9219,2,08:25:57.125595354
107.9219,90,08:25:57.125650091
107.9219,42,08:25:57.125676798
107.9219,1,08:25:57.125961402
107.9219,1,08:25:57.126201004
107.9219,112,08:25:57.126274730
107.9219,1,08:25:57.126551912
107.9219,3,08:25:57.126651369
107.9219,9,08:25:57.126651369
107.9219,2,08:25:57.126686202
107.9219,9,08:25:57.126714129
107.9219,1,08:25:57.126745947
107.9219,4,08:25:57.126774632
107.9219,21,08:25:57.126811541
107.9219,10,08:25:57.126986636
107.9219,1,08:25:57.127239665
107.9219,1,08:25:57.127344825
107.9219,21,08:25:57.127383835
107.9219,1,08:25:57.127408472
107.9219,1,08:25:57.127701576
107.9219,31,08:25:57.127792117
107.9219,1,08:25:57.127792117
107.9219,1,08:25:57.127830463
107.9219,1,08:25:57.128044904
107.9219,1,08:25:57.128211845
107.9219,1,08:25:57.128247522
107.9219,1,08:25:57.128317037
107.9219,2,08:25:57.128366821
107.9219,4,08:25:57.128424863
107.9219,2,08:25:57.128475146
107.9219,125,08:25:57.128661294
107.9219,15,08:25:57.128812241
107.9219,1,08:25:57.128833509
107.9219,20,08:25:57.128882038
107.9219,1,08:25:57.129201020
107.9219,88,08:25:57.129415767
107.9219,2,08:25:57.129720131
107.9219,2,08:25:57.129757696
107.9219,1,08:25:57.129908625
107.9219,2,08:25:57.129993801
107.9219,2,08:25:57.130043367
107.9219,1,08:25:57.130043367
107.9219,1,08:25:57.130285207
107.9219,19,08:25:57.130313615
107.9219,3,08:25:57.130333709
107.9219,1,08:25:57.130440283
107.9219,18,08:25:57.130513878
107.9219,1,08:25:57.131400697
107.9219,1,08:25:57.131589680
107.9219,1,08:25:57.131676001
107.9219,8,08:25:57.132023736
107.9219,1,08:25:57.132050473
107.9219,1,08:25:57.132076374
107.9219,1,08:25:57.132096912
107.9219,1,08:25:57.132118394
107.9219,1,08:25:57.132142849
107.9219,1,08:25:57.132174168
107.9219,1,08:25:57.132198968
107.9219,1,08:25:57.132213939
107.9219,1,08:25:57.132240534
107.9219,1,08:25:57.132261437
107.9219,1,08:25:57.132284340
107.9219,1,08:25:57.132308772
107.9219,1,08:25:57.132336347
107.9219,1,08:25:57.132368550
107.9219,1,08:25:57.132398822
107.9219,1,08:25:57.132424035
107.9219,1,08:25:57.132459576
107.9219,1,08:25:57.132480123
107.9219,1,08:25:57.132535180
107.9219,1,08:25:57.132561350
107.9219,1,08:25:57.132734278
107.9219,1,08:25:57.132765846
107.9219,1,08:25:57.132857775
107.9219,1,08:25:57.132881376
107.9219,1,08:25:57.132916656
107.9219,1,08:25:57.133007347
107.9219,4,08:25:57.133102260
107.9219,110,08:25:57.133164271
107.9219,4,08:25:57.133237486
107.9219,2,08:25:57.133286580
107.9219,1,08:25:57.133370201
107.9219,37,08:25:57.133701389
107.9219,5,08:25:57.133743009
107.9219,1,08:25:57.134133645
107.9219,1,08:25:57.134434435
107.9219,1,08:25:57.136415465
107.9219,1,08:25:57.137188128
107.9219,123,08:25:57.137398705
107.9219,24,08:25:57.139499199
107.9219,1,08:25:57.140283657
107.9219,14,08:25:57.142120478
107.9219,1,08:25:57.142342370
107.9219,1,08:25:57.193013409
107.9219,395,08:25:57.193405186
107.9219,1,08:25:57.193612976
107.9219,1,08:25:57.193637952
107.9219,1,08:25:57.194388911
107.9219,1,08:25:57.194578534
107.9219,1,08:25:57.194613022
107.9219,1,08:25:57.194633994
107.9219,1,08:25:57.194651451
107.9219,1,08:25:57.194684152
107.9219,1,08:25:57.194699539
107.9219,1,08:25:57.194722262
107.9219,1,08:25:57.194742470
107.9219,1,08:25:57.194767952
107.9219,1,08:25:57.194964879
107.9219,1,08:25:57.194983061
107.9219,1,08:25:57.195004249
107.9219,1,08:25:57.195030530
107.9219,1,08:25:57.195080548
107.9219,1,08:25:57.195100439
107.9219,1,08:25:57.195121096
107.9219,1,08:25:57.195148684
107.9219,1,08:25:57.195295576
107.9219,1,08:25:57.195315381
107.9219,1,08:25:57.195337779
107.9219,1,08:25:57.195365965
107.9219,8,08:25:57.195435752
107.9219,1,08:25:57.195606399
107.9219,1,08:25:57.195661368
107.9219,1,08:25:57.195685490
107.9219,1,08:25:57.195756699
107.9219,1,08:25:57.195846403
107.9219,88,08:25:57.195884784
107.9219,47,08:25:57.195923356
107.9219,16,08:25:57.195997820
107.9219,3,08:25:57.196010567
107.9219,4,08:25:57.196219400
107.9219,1,08:25:57.196299938
107.9219,1,08:25:57.196375787
107.9219,1,08:25:57.196403576
107.9219,1,08:25:57.196705553
107.9219,1,08:25:57.231657568
107.9219,24,08:25:57.367111367
107.9219,1,08:25:57.367357634
107.9219,11,08:25:57.605332773
107.9219,1,08:25:57.605558096
107.9219,24,08:25:58.344712631
107.9219,1,08:25:58.344942793
107.9219,338,08:25:58.345628330
107.9219,1,08:25:58.346183602
107.9219,5,08:25:58.346378131
107.9219,4,08:25:58.346605217
107.9219,1,08:25:58.346677493
107.9219,1,08:25:58.347119217
107.9219,1,08:25:58.347136155
107.9219,1,08:25:58.347161580
107.9219,1,08:25:58.347180361
107.9219,1,08:25:58.347200205
107.9219,1,08:25:58.347223223
107.9219,1,08:25:58.347245707
107.9219,1,08:25:58.347271454
107.9219,1,08:25:58.347311375
107.9219,1,08:25:58.347347958
107.9219,1,08:25:58.347370221
107.9219,1,08:25:58.347387591
107.9219,1,08:25:58.347404600
107.9219,1,08:25:58.347435445
107.9219,1,08:25:58.347457381
107.9219,1,08:25:58.347480604
107.9219,1,08:25:58.347499683
107.9219,1,08:25:58.347545735
107.9219,1,08:25:58.347708103
107.9219,1,08:25:58.347724529
107.9219,1,08:25:58.347776917
107.9219,1,08:25:58.347842259
107.9219,1,08:25:58.347870563
107.9219,1,08:25:58.347900324
107.9219,2,08:25:58.347987782
107.9219,1,08:25:58.348021821
107.9219,218,08:25:58.348044846
107.9219,1,08:25:58.348148573
107.9219,65,08:25:58.348148573
107.9219,5,08:25:58.348728076
107.9219,1,08:25:58.349387990
107.9219,1,08:25:58.349479214
107.9219,1,08:25:58.349496744
107.9219,29,08:25:58.349683423
107.9219,43,08:25:58.349841570
107.9219,1,08:25:58.350346636
107.9219,4,08:25:58.350691197
107.9219,1,08:25:58.350860912
107.9219,4,08:25:58.350938690
107.9219,38,08:25:58.350994441
107.9219,4,08:25:58.351022970
107.9219,1,08:25:58.351114207
107.9219,19,08:25:58.351148089
107.9219,5,08:25:58.351183552
107.9219,29,08:25:58.351203636
107.9219,20,08:25:58.351230536
107.9219,1,08:25:58.352264144
107.9219,1,08:25:58.352378024
107.9219,1,08:25:58.352489054
107.9219,1,08:25:58.352771655
107.9219,1,08:25:58.353130776
107.9219,1,08:25:58.353169378
107.9219,1,08:25:58.353268308
107.9219,2,08:25:58.353735354
107.9219,38,08:25:58.355069122
107.9219,1,08:25:58.356645637
107.9219,7,08:25:58.356823324
107.9219,4,08:25:58.376583777
107.9219,1,08:25:58.380587845
107.9219,1,08:25:58.405259654
107.9219,88,08:25:58.825405102
107.9219,45,08:25:58.825442139
107.9219,31,08:25:58.825682464
107.9219,48,08:25:58.825914287
107.9219,45,08:25:58.825951280
107.9219,48,08:25:58.825970477
107.9219,48,08:25:58.826114461
107.9219,48,08:25:58.826182625
107.9219,2,08:25:58.827220880
107.9219,1,08:25:58.827523475
107.9219,4,08:25:58.827550214
107.9219,1,08:25:58.828429490
107.9219,1,08:25:58.829359064
107.9219,1,08:25:58.829635260
107.9219,1,08:25:58.838042909
107.9219,24,08:25:59.349764915
107.9219,1,08:25:59.349978408
107.9375,1,08:26:00.012892851
107.9219,4,08:26:00.085581665
107.9219,3,08:26:00.125426536
107.9219,24,08:26:00.354326033
107.9219,1,08:26:00.354559158
107.9219,1,08:26:00.356860165
107.9219,1,08:26:00.385322713
107.9219,100,08:26:00.397769463
107.9219,1,08:26:00.398061252
107.9219,3,08:26:00.398096756
107.9219,1,08:26:00.398138428
107.9219,1,08:26:00.398171452
107.9219,1,08:26:00.398193923
107.9219,1,08:26:00.398226618
107.9219,1,08:26:00.398251482
107.9219,1,08:26:00.398283877
107.9219,1,08:26:00.398308095
107.9219,1,08:26:00.398368998
107.9219,1,08:26:00.398397546
107.9219,1,08:26:00.398423258
107.9219,1,08:26:00.398453695
107.9219,1,08:26:00.398525642
107.9219,1,08:26:00.398537882
107.9219,1,08:26:00.398576055
107.9219,1,08:26:00.398602200
107.9219,1,08:26:00.398637763
107.9219,1,08:26:00.398691767
107.9219,6,08:26:00.398716039
107.9219,1,08:26:00.398716039
107.9219,1,08:26:00.398803011
107.9219,10,08:26:00.398898257
107.9219,1,08:26:00.398941551
107.9219,1,08:26:00.399163593
107.9219,32,08:26:01.374800030
107.9219,1,08:26:01.375047049
107.9219,1,08:26:01.375173470
107.9219,1,08:26:01.375266183
107.9219,1,08:26:05.007256478
107.9219,1,08:26:05.007344634
107.9219,1,08:26:05.007640003
107.9219,1,08:26:05.007767272
107.9219,1,08:26:05.008509163
107.9219,25,08:26:06.425585566
107.9219,1,08:26:06.425831162
107.9219,5,08:26:10.398512731
107.9219,2,08:26:13.025589650
107.9219,3,08:26:14.467698940
107.9219,1,08:26:14.729389753
107.9375,1,08:26:15.012284496
107.9219,10,08:26:16.687827428
107.9219,10,08:26:19.157947416
107.9219,44,08:26:29.365322639
107.9219,1,08:26:29.365712484
107.9219,45,08:26:29.365888344
107.9219,1,08:26:29.366086844
107.9219,1,08:26:29.366200894
107.9219,1,08:26:29.366217547
107.9219,2,08:26:29.366231141
107.9219,1,08:26:29.366242159
107.9219,47,08:26:29.366294467
107.9219,79,08:26:29.366583510
107.9219,1,08:26:29.369816999
107.9219,8,08:26:29.373591744
107.9219,1,08:26:30.012334016
107.9219,3,08:26:30.278414989
107.9219,1,08:26:30.278440378
107.9219,19,08:26:30.278490489
107.9219,55,08:26:30.278859385
107.9219,1,08:26:30.279511905
107.9219,10,08:26:30.279709716
107.9219,20,08:26:30.279923596
107.9219,1,08:26:30.280039278
107.9219,1,08:26:30.280576479
107.9219,72,08:26:30.280766153
107.9219,1,08:26:30.280851199
107.9219,24,08:26:30.281467211
107.9219,67,08:26:30.284096896
107.9219,1,08:26:30.284217590
107.9219,6,08:26:30.284420460
107.9219,12,08:26:30.284685263
107.9219,1,08:26:30.284722845
107.9219,23,08:26:30.285131726
107.9219,4,08:26:30.300768941
107.9219,100,08:26:30.919040769
107.9219,110,08:26:31.342280293
107.9219,1,08:26:31.345017628
107.9219,1,08:26:31.346465338
107.9219,1,08:26:31.346696366
107.9219,2,08:26:31.369624457
107.9063,3,08:26:32.001662408
107.9219,2,08:26:35.028128821
107.9219,3,08:26:35.031665219
107.9219,3,08:26:35.040386230
107.9219,1,08:26:36.912454399
107.9219,11,08:26:39.980899436
107.9219,1,08:26:45.012867760
107.9063,4,08:26:46.296825030
107.9063,1,08:26:46.662765711
107.9219,2,08:26:52.102434203
107.9219,33,08:26:52.273432890
107.9219,1,08:26:52.274702128
107.9219,1,08:26:52.274820995
107.9219,1,08:26:52.275737224
107.9219,1,08:26:52.275786239
107.9219,1,08:26:52.790557468
107.9063,8,08:26:59.183300160
107.9219,1,08:27:00.013020345
107.9219,43,08:27:00.984379383
107.9219,1,08:27:00.984721367
107.9219,1,08:27:00.985687280
107.9219,1,08:27:00.985743967
107.9219,1,08:27:00.985863495
107.9219,1,08:27:00.986076345
107.9219,1,08:27:00.987077139
107.9219,1,08:27:00.987131162
107.9219,1,08:27:00.987179381
107.9219,30,08:27:00.987273674
107.9219,146,08:27:00.987712720
107.9219,3,08:27:00.990746269
107.9219,2,08:27:01.606061448
107.9219,22,08:27:01.606341243
107.9219,1,08:27:01.606470049
107.9219,3,08:27:01.606702994
107.9219,9,08:27:01.606722444
107.9219,1,08:27:01.606764365
107.9219,84,08:27:01.606844197
107.9219,1,08:27:01.607670428
107.9219,1,08:27:01.607711634
107.9219,1,08:27:01.607767896
107.9219,2,08:27:01.832885692
107.9375,1,08:27:15.014053976
107.9219,3,08:27:16.356873472
107.9219,8,08:27:16.484243076
107.9219,1,08:27:16.765502784
107.9375,10,08:27:23.939815912
107.9375,1,08:27:23.984391786
107.9375,1,08:27:30.014653791
107.9375,64,08:27:34.878328379
107.9219,50,08:27:35.281297646
107.9219,4,08:27:39.404926392
107.9375,1,08:27:45.013286717
107.9219,1,08:27:49.364850505
107.9219,110,08:27:56.458803610
107.9375,1,08:27:57.396703500
107.9375,1,08:27:58.005061408
107.9219,4,08:27:58.579885681
107.9375,1,08:28:00.015165497
107.9375,1,08:28:01.125472833
107.9219,3,08:28:01.125549933
107.9375,1,08:28:01.597082813
107.9219,50,08:28:02.143562263
107.9375,27,08:28:05.556119500
107.9375,1,08:28:08.155271604
107.9219,25,08:28:09.354413866
107.9219,2,08:28:13.025720627
107.9375,1,08:28:15.015784716
107.9219,4,08:28:15.254559331
107.9375,1,08:28:16.057109653
107.9375,16,08:28:24.605767297
107.9219,5,08:28:26.163942412
107.9375,1,08:28:30.015456117
107.9219,50,08:28:31.412262235
107.9219,1,08:28:31.436371678
107.9219,4,08:28:32.200435924
107.9219,200,08:28:37.406668137
107.9219,400,08:28:38.195372625
107.9219,1,08:28:38.195987662
107.9219,1,08:28:38.196795908
107.9219,7,08:28:38.197301403
107.9219,1,08:28:38.198933638
107.9219,3,08:28:38.199085193
107.9219,2,08:28:38.199623230
107.9219,39,08:28:38.199678299
107.9219,48,08:28:38.199738108
107.9219,1,08:28:38.199829604
107.9219,1,08:28:38.200210000
107.9219,1,08:28:38.201024602
107.9219,2,08:28:38.201064606
107.9219,15,08:28:38.201671466
107.9219,1,08:28:38.201704427
107.9219,1,08:28:38.201745125
107.9219,17,08:28:38.201827459
107.9219,3,08:28:38.201898165
107.9219,1,08:28:38.202587797
107.9219,1,08:28:38.203750359
107.9219,4,08:28:38.203901776
107.9219,1,08:28:38.204162665
107.9219,1,08:28:38.241205381
107.9219,1,08:28:38.322832486
107.9219,1,08:28:39.261547887
107.9219,4,08:28:40.962081097
107.9375,1,08:28:41.691835995
107.9219,6,08:28:43.407649425
107.9219,5,08:28:44.328296435
107.9219,220,08:28:44.470953898
107.9219,1,08:28:44.471362092
107.9219,1,08:28:44.471468357
107.9219,1,08:28:44.471541702
107.9219,1,08:28:44.471606017
107.9219,1,08:28:44.471681372
107.9219,1,08:28:44.471704317
107.9219,28,08:28:44.471780078
107.9219,1,08:28:44.471818943
107.9219,1,08:28:44.471834246
107.9219,1,08:28:44.471881281
107.9219,1,08:28:44.471935787
107.9219,1,08:28:44.471967231
107.9219,1,08:28:44.472000428
107.9219,1,08:28:44.472066000
107.9219,1,08:28:44.472126744
107.9219,1,08:28:44.472164102
107.9219,1,08:28:44.472254481
107.9219,1,08:28:44.472284856
107.9219,1,08:28:44.472315301
107.9219,1,08:28:44.472368311
107.9219,28,08:28:44.472509095
107.9219,1,08:28:44.472705793
107.9219,1,08:28:44.472843687
107.9219,90,08:28:44.473072274
107.9219,1,08:28:44.473406217
107.9219,7,08:28:44.473948615
107.9219,7,08:28:44.474011432
107.9219,16,08:28:44.474089194
107.9219,3,08:28:44.475002226
107.9219,1,08:28:44.475742933
107.9219,68,08:28:44.476032759
107.9219,19,08:28:44.476420716
107.9219,1,08:28:44.476954454
107.9219,1,08:28:44.477414729
107.9219,1,08:28:44.477454839
107.9219,1,08:28:44.477724742
107.9219,1,08:28:44.477746374
107.9219,1,08:28:44.478136005
107.9219,1,08:28:44.478245949
107.9219,4,08:28:44.478278385
107.9219,3,08:28:44.525612641
107.9063,8,08:28:44.538174804
107.9063,1,08:28:44.646012470
107.9219,1,08:28:45.015395595
107.9219,31,08:28:46.406563444
107.9219,10,08:28:46.406999827
107.9219,1,08:28:46.407166186
107.9219,2,08:28:46.407335818
107.9219,72,08:28:46.407715329
107.9219,1,08:28:46.407941385
107.9219,1,08:28:46.407973735
107.9219,1,08:28:46.408001905
107.9219,1,08:28:46.408031448
107.9219,1,08:28:46.408063190
107.9219,1,08:28:46.409665347
107.9219,1,08:28:46.410556981
107.9219,1,08:28:46.410603251
107.9219,1,08:28:46.411444429
107.9219,1,08:28:46.411725925
107.9219,1,08:28:46.411775924
107.9219,2,08:28:46.412079001
107.9219,8,08:28:46.412488808
107.9219,1,08:28:46.413295654
107.9219,3,08:28:46.419221249
107.9219,10,08:28:46.419590792
107.9219,1,08:28:46.420509748
107.9219,19,08:28:46.426477592
107.9219,1,08:28:46.427872053
107.9063,1,08:28:47.899503752
107.9219,399,08:28:48.088858731
107.9219,13,08:28:48.093006107
107.9219,1,08:28:48.093428890
107.9219,1,08:28:48.093505023
107.9219,1,08:28:50.849402548
107.9219,31,08:28:50.849716740
107.9219,62,08:28:50.850429395
107.9219,81,08:28:50.873380612
107.9219,1,08:28:50.873542350
107.9219,1,08:28:50.873596553
107.9219,1,08:28:50.873668218
107.9219,1,08:28:50.873967795
107.9219,1,08:28:50.874056046
107.9219,25,08:28:50.874092773
107.9219,7,08:28:50.874163031
107.9219,1,08:28:50.874205102
107.9219,3,08:28:50.874262735
107.9219,1,08:28:50.874298374
107.9219,1,08:28:50.874321943
107.9219,1,08:28:50.874380066
107.9219,12,08:28:50.874533256
107.9219,1,08:28:50.874568582
107.9219,1,08:28:50.874597791
107.9219,1,08:28:50.874633079
107.9219,1,08:28:50.874666849
107.9219,1,08:28:50.874691800
107.9219,1,08:28:50.874732728
107.9219,1,08:28:50.875680758
107.9219,12,08:28:50.876072193
107.9219,1,08:28:50.876251633
107.9219,1,08:28:50.877160707
107.9219,5,08:28:51.166054969
107.9219,15,08:28:51.166086933
107.9375,9,08:28:55.081067715
107.9219,2,08:28:58.027474597
107.9375,1,08:29:00.015260340
107.9219,6,08:29:00.085692065
107.9375,1,08:29:00.085725321
107.9219,3,08:29:00.095206350
107.9375,2,08:29:00.491903480
107.9375,1,08:29:00.497016124
107.9375,2,08:29:00.563440303
107.9375,2,08:29:00.618328039
107.9375,2,08:29:00.747843344
107.9375,2,08:29:01.245560921
107.9219,4,08:29:01.823764986
107.9375,1,08:29:02.922932198
107.9375,1,08:29:12.879212021
107.9219,1,08:29:13.025637564
107.9375,3,08:29:13.465700086
107.9375,1,08:29:15.015872244
107.9219,2,08:29:15.032924124
107.9219,7,08:29:15.715502486
107.9219,7,08:29:15.715598481
107.9219,7,08:29:15.715683210
107.9219,7,08:29:15.715778188
107.9219,174,08:29:15.716795181
107.9219,1,08:29:15.717007361
107.9219,1,08:29:15.717036290
107.9219,2,08:29:15.717324462
107.9219,1,08:29:15.717357429
107.9219,34,08:29:15.717374105
107.9219,1,08:29:15.717403596
107.9219,1,08:29:15.717434112
107.9219,1,08:29:15.717488693
107.9219,1,08:29:15.717539775
107.9219,1,08:29:15.717562365
107.9219,1,08:29:15.717615347
107.9219,1,08:29:15.717651640
107.9219,1,08:29:15.717678741
107.9219,1,08:29:15.717725203
107.9219,1,08:29:15.717727414
107.9219,1,08:29:15.717793214
107.9219,2,08:29:15.717813237
107.9219,1,08:29:15.717833244
107.9219,1,08:29:15.717882659
107.9219,1,08:29:15.717889174
107.9219,1,08:29:15.717910605
107.9219,1,08:29:15.717944039
107.9219,1,08:29:15.717985070
107.9219,1,08:29:15.718021581
107.9219,8,08:29:15.718063098
107.9219,6,08:29:15.718215235
107.9219,21,08:29:15.718285396
107.9219,4,08:29:15.718777874
107.9219,1,08:29:15.719274313
107.9219,13,08:29:15.719745055
107.9219,82,08:29:15.719971149
107.9219,41,08:29:15.720471719
107.9219,24,08:29:15.720836788
107.9219,11,08:29:15.721924841
107.9063,6,08:29:16.240146873
107.9219,40,08:29:19.383650946
107.9219,1,08:29:19.383811340
107.9219,1,08:29:19.383845791
107.9063,11,08:29:20.105655010
107.9219,2,08:29:20.260973184
107.9219,1,08:29:20.261239305
107.9063,16,08:29:20.274633876
107.9219,10,08:29:21.020731655
107.9219,23,08:29:21.022013143
107.9219,26,08:29:21.022429023
107.9219,6,08:29:21.022779216
107.9219,5,08:29:21.023072540
107.9219,5,08:29:21.023394930
107.9219,4,08:29:21.024984393
107.9063,250,08:29:23.154537808
107.9219,368,08:29:23.804952613
107.9219,83,08:29:23.810681978
107.9219,5,08:29:23.813470755
107.9219,4,08:29:23.813541310
107.9219,1,08:29:23.813611552
107.9219,5,08:29:23.813755838
107.9219,26,08:29:23.814028343
107.9219,25,08:29:23.814398930
107.9219,20,08:29:23.814530258
107.9219,1,08:29:23.814744620
107.9219,1,08:29:23.814801553
107.9219,1,08:29:23.815069910
107.9219,4,08:29:23.815277611
107.9219,5,08:29:23.816319193
107.9219,1,08:29:23.816664470
107.9219,1,08:29:23.817396911
107.9219,4,08:29:23.817931865
107.9219,16,08:29:24.929648123
107.9219,10,08:29:24.930434132
107.9219,1,08:29:24.930933723
107.9219,21,08:29:24.931114070
107.9219,1,08:29:24.931237972
107.9219,17,08:29:24.931388030
107.9219,49,08:29:25.516414946
107.9219,32,08:29:25.517629873
107.9219,2,08:29:25.517922401
107.9219,4,08:29:25.517958240
107.9219,1,08:29:25.517994980
107.9219,1,08:29:25.518079859
107.9219,1,08:29:25.518107329
107.9219,1,08:29:25.518139630
107.9219,1,08:29:25.518182569
107.9219,1,08:29:25.518227568
107.9219,1,08:29:25.518255402
107.9219,1,08:29:25.518297339
107.9219,1,08:29:25.518331711
107.9219,1,08:29:25.518380829
107.9219,1,08:29:25.518411466
107.9219,1,08:29:25.518437534
107.9219,1,08:29:25.518466440
107.9219,17,08:29:25.798947408
107.9219,5,08:29:25.799131636
107.9219,5,08:29:25.799473541
107.9219,1,08:29:25.799929208
107.9219,1,08:29:25.799975090
107.9219,6,08:29:25.817537392
107.9219,26,08:29:25.826052334
107.9219,12,08:29:25.835575056
107.9219,1,08:29:25.835872836
107.9219,1,08:29:25.835919733
107.9219,3,08:29:25.854384690
107.9219,1,08:29:25.854591552
107.9219,2,08:29:25.855273244
107.9219,20,08:29:25.867046000
107.9219,1,08:29:25.867922533
107.9063,9,08:29:30.005922711
107.9063,2,08:29:30.005929840
107.9219,3,08:29:30.006006620
107.9219,1,08:29:30.006247207
107.9219,1,08:29:30.015647518
107.9219,20,08:29:32.114769623
107.9219,60,08:29:35.345782782
107.9219,5,08:29:35.349182563
107.9219,28,08:29:35.349502484
107.9219,4,08:29:37.169774166
107.9219,1,08:29:37.170341738
107.9219,16,08:29:39.972103759
107.9219,38,08:29:39.973747488
107.9219,1,08:29:39.973970052
107.9219,1,08:29:39.974012044
107.9219,1,08:29:39.974042092
107.9219,1,08:29:39.974079059
107.9219,1,08:29:40.521914696
107.9219,1,08:29:42.806450296
107.9219,1,08:29:42.807072803
107.9219,1,08:29:42.807196737
107.9219,1,08:29:42.807224934
107.9219,1,08:29:42.807296887
107.9219,1,08:29:42.807320072
107.9219,1,08:29:42.807372375
107.9219,1,08:29:42.807404846
107.9219,1,08:29:42.807757299
107.9219,1,08:29:42.807822075
107.9219,1,08:29:42.807856683
107.9219,1,08:29:42.807919703
107.9219,1,08:29:42.807953297
107.9219,1,08:29:42.807978564
107.9219,1,08:29:42.808006309
107.9219,1,08:29:42.808038294
107.9219,1,08:29:42.808092317
107.9219,14,08:29:42.808127899
107.9219,1,08:29:42.808163167
107.9219,1,08:29:44.165429814
107.9219,1,08:29:44.165637002
107.9219,1,08:29:44.165684110
107.9219,1,08:29:44.165820043
107.9219,1,08:29:45.017958997
107.9219,13,08:29:46.577046558
107.9219,2,08:29:46.577086546
107.9063,16,08:29:51.849610376
107.9063,2,08:29:51.917060230
107.9219,1,08:29:55.491673271
107.9219,1,08:29:55.492024144
107.9219,1,08:29:56.058405638
107.9063,14,08:29:57.116080031
107.9063,20,08:29:57.117338310
107.9063,33,08:29:57.118591634
107.9063,9,08:29:57.118930530
107.9063,1,08:29:57.120946206
107.9063,1,08:29:57.120968719
107.9063,1,08:29:57.120993378
107.9063,1,08:29:57.121037914
107.9063,1,08:29:57.121086145
107.9063,2,08:29:57.121148425
107.9063,1,08:29:57.121182653
107.9063,2,08:29:57.121283624
107.9063,246,08:29:57.121497504
107.9063,1,08:29:57.124301970
107.9063,5,08:29:57.125576133
107.9063,8,08:29:57.128907224
107.9063,4,08:29:57.133898512
107.9063,2,08:29:57.134227632
107.9063,3,08:29:57.164364954
107.9063,8,08:29:57.165471572
107.9063,2,08:29:57.193873453
107.8906,2,08:29:57.959997898
107.9063,1,08:29:58.019733611
107.5469,1,08:31:13.154278386
107.5469,1,08:31:13.154386592
107.5469,4,08:31:13.154494156
107.5469,1,08:31:13.154651635
107.5469,1,08:31:13.154791499
107.5469,20,08:31:13.156729902
107.5469,8,08:31:13.157067740
107.5469,1,08:31:13.157668467
107.5469,26,08:31:13.157781214
107.5469,12,08:31:13.157825704
107.5469,1,08:31:13.158052286
107.5469,1,08:31:13.158192503
107.5469,1,08:31:13.158267819
107.5469,6,08:31:13.158534980
107.5469,1,08:31:13.159182708
107.5469,1,08:31:13.161560423
107.5469,1,08:31:13.161854103
107.5469,1,08:31:13.162253896
107.5469,6,08:31:13.209641730
107.5469,14,08:31:13.232477169
107.5469,1,08:31:13.232642125
107.5469,15,08:31:13.232705778
107.5469,7,08:31:13.233367595
107.5469,1,08:31:13.233842044
107.5469,7,08:31:13.234102446
107.5469,1,08:31:13.234344278
107.5469,23,08:31:13.234473368
107.5469,1,08:31:13.234536253
107.5469,1,08:31:13.234878542
107.5469,1,08:31:13.234922395
107.5469,2,08:31:13.234979705
107.5469,16,08:31:13.235283800
107.5469,8,08:31:13.235563297
107.5469,10,08:31:13.235915122
107.5469,1,08:31:13.236161758
107.5469,1,08:31:13.236366427
107.5469,39,08:31:13.296235939
107.5469,1,08:31:13.296306219
107.5469,31,08:31:13.296444097
107.5469,250,08:31:13.306577632
107.5469,17,08:31:13.307167065
107.5469,1,08:31:13.307226122
107.5469,1,08:31:13.307436856
107.5469,2,08:31:14.246600586
107.5469,1,08:31:14.570804190
107.5469,1,08:31:14.571774958
107.5469,24,08:31:14.581040174
107.5469,1,08:31:14.581342485
107.5469,5,08:31:14.850947881
107.5469,1,08:31:14.896732187
107.5469,1,08:31:14.944621443
107.5469,3,08:31:14.998179599
107.5469,1,08:31:14.998463423
107.5469,1,08:31:14.998561073
107.5469,1,08:31:14.998620831
107.5469,1,08:31:14.998668934
107.5469,1,08:31:14.998767497
107.5469,1,08:31:14.998803241
107.5469,1,08:31:14.998841895
107.5469,1,08:31:14.998877540
107.5469,1,08:31:14.998914693
107.5469,1,08:31:14.998968044
107.5469,1,08:31:14.999048238
107.5469,1,08:31:14.999085209
107.5469,1,08:31:14.999111951
107.5469,1,08:31:14.999142297
107.5469,1,08:31:14.999182365
107.5469,1,08:31:14.999226600
107.5469,1,08:31:14.999285417
107.5469,1,08:31:14.999714658
107.5469,4,08:31:14.999809478
107.5469,1,08:31:15.000054761
107.5469,1,08:31:15.044818853
107.5469,1,08:31:15.095239273
107.5469,4,08:31:15.150650196
107.5469,2,08:31:15.204611383
107.5469,2,08:31:15.247498788
107.5469,3,08:31:15.263590288
107.5469,1,08:31:15.323737195
107.5313,150,08:31:15.364765110
107.5313,13,08:31:15.364785674
107.5469,1,08:31:15.373426190
107.5469,4,08:31:15.426608164
107.5469,5,08:31:15.472956151
107.5469,3,08:31:15.528172185
107.5469,5,08:31:15.589605791
107.5469,7,08:31:15.622233006
107.5469,4,08:31:15.637592490
107.5469,5,08:31:15.687546242
107.5469,2,08:31:15.748827765
107.5469,5,08:31:15.755334136
107.5469,2,08:31:15.812576182
107.5469,30,08:31:16.279852500
107.5469,50,08:31:16.909696330
107.5469,208,08:31:16.910480217
107.5469,1,08:31:16.911476689
107.5469,1,08:31:16.911660273
107.5469,1,08:31:16.911722290
107.5469,2,08:31:16.912665369
107.5469,1,08:31:16.912697756
107.5469,1,08:31:16.912732499
107.5469,1,08:31:16.912872771
107.5469,10,08:31:16.913499734
107.5469,5,08:31:16.913706621
107.5469,8,08:31:16.914240427
107.5469,1,08:31:16.914303315
107.5469,50,08:31:16.932200621
107.5469,6,08:31:16.944454035
107.5469,1,08:31:17.343074128
107.5469,106,08:31:17.343267268
107.5469,15,08:31:17.344163305
107.5469,4,08:31:17.345543509
107.5469,1,08:31:17.346137508
107.5469,13,08:31:17.346161218
107.5469,1,08:31:17.346515068
107.5469,1,08:31:17.347143758
107.5469,5,08:31:17.347236727
107.5469,1,08:31:17.347876910
107.5469,6,08:31:17.354920069
107.5313,184,08:31:19.003146505
107.5313,9,08:31:19.011754864
107.5313,14,08:31:21.474026084
107.5313,1,08:31:21.474293994
107.5313,1,08:31:22.313895956
107.5313,137,08:31:22.313979049
107.5313,41,08:31:22.314074110
107.5313,1,08:31:22.314142847
107.5313,1,08:31:22.314470694
107.5313,1,08:31:22.314780598
107.5313,1,08:31:22.314867038
107.5313,27,08:31:22.315002180
107.5313,1,08:31:22.315049276
107.5313,6,08:31:22.315113773
107.5313,3,08:31:22.315175335
107.5313,5,08:31:22.315260351
107.5313,1,08:31:22.315750333
107.5313,1,08:31:22.316084506
107.5313,256,08:31:22.317406839
107.5313,1,08:31:22.318751263
107.5313,68,08:31:22.319816833
107.5313,1,08:31:22.322284106
107.5313,5,08:31:22.324989286
107.5313,9,08:31:22.503647897
107.5313,1,08:31:22.516558832
107.5313,53,08:31:22.517182598
107.5313,4,08:31:22.518347735
107.5313,9,08:31:22.518371751
107.5313,1,08:31:22.519068031
107.5313,1,08:31:22.519116054
107.5313,18,08:31:22.553695542
107.5313,9,08:31:22.553770576
107.5313,1,08:31:22.554037990
107.5313,4,08:31:22.622219253
107.5313,20,08:31:22.622421667
107.5313,1,08:31:22.622848101
107.5469,150,08:31:22.830021417
107.5313,1,08:31:23.004505584
107.5313,1,08:31:23.004554782
107.5313,250,08:31:23.243446618
107.5313,1,08:31:23.244061686
107.5313,1,08:31:23.244521264
107.5313,1,08:31:23.244574996
107.5469,2,08:31:24.281624407
107.5469,34,08:31:24.282438196
107.5469,55,08:31:24.283283096
107.5469,146,08:31:24.359183553
107.5469,9,08:31:24.458461132
107.5469,11,08:31:24.467223782
107.5469,1,08:31:24.467956754
107.5469,2,08:31:24.468988061
107.5469,1,08:31:24.644088680
107.5469,27,08:31:24.644344266
107.5469,1,08:31:24.644431340
107.5469,1,08:31:24.644532403
107.5469,1,08:31:24.644583298
107.5469,3,08:31:24.644622287
107.5469,1,08:31:24.644879569
107.5469,1,08:31:24.645072319
107.5469,1,08:31:24.645088595
107.5469,60,08:31:24.645633300
107.5469,1,08:31:24.646230643
107.5469,3,08:31:24.646263844
107.5469,28,08:31:24.647993776
107.5469,19,08:31:24.648535658
107.5469,16,08:31:24.648619065
107.5469,1,08:31:24.648641526
107.5469,25,08:31:24.648689220
107.5469,1,08:31:24.648790294
107.5469,1,08:31:24.648971728
107.5469,1,08:31:24.649192114
107.5469,1,08:31:24.649526085
107.5469,1,08:31:24.650265022
107.5469,200,08:31:24.799620101
107.5469,1,08:31:24.800087098
107.5469,15,08:31:24.800134590
107.5469,8,08:31:24.800168188
107.5469,1,08:31:24.800250663
107.5469,1,08:31:24.800352598
107.5469,4,08:31:24.800413014
107.5469,1,08:31:24.800446510
107.5469,1,08:31:24.800540570
107.5469,1,08:31:24.800581668
107.5469,7,08:31:24.800714496
107.5469,1,08:31:24.800814538
107.5469,1,08:31:24.801278655
107.5469,10,08:31:25.078554313
107.5469,2,08:31:25.553242954
107.5313,100,08:31:25.846463883
107.5313,50,08:31:26.066225717
107.5313,1,08:31:26.066398818
107.5313,16,08:31:26.588337795
107.5313,200,08:31:26.856345801
107.5313,1,08:31:26.856915800
107.5313,1,08:31:26.857214209
107.5313,1,08:31:26.857248907
107.5313,1,08:31:26.857380894
107.5313,1,08:31:26.857406814
107.5313,1,08:31:26.857455903
107.5313,1,08:31:26.857483382
107.5313,1,08:31:26.857557931
107.5313,1,08:31:26.857582072
107.5313,1,08:31:26.857613308
107.5313,1,08:31:26.857648323
107.5313,1,08:31:26.857685447
107.5313,1,08:31:26.857732763
107.5313,1,08:31:26.857783583
107.5313,1,08:31:26.857834151
107.5313,1,08:31:26.857864094
107.5313,1,08:31:26.857898571
107.5313,1,08:31:26.857930025
107.5313,1,08:31:26.857993633
107.5313,1,08:31:26.858044225
107.5313,1,08:31:26.858466442
107.5313,4,08:31:26.869171070
107.5313,2,08:31:28.335103831
107.5313,120,08:31:28.356533003
107.5469,25,08:31:28.776950974
107.5469,25,08:31:28.797931057
107.5469,25,08:31:28.818943568
107.5469,25,08:31:29.446457227
107.5469,25,08:31:29.467461162
107.5469,50,08:31:29.467999484
107.5469,1,08:31:29.468912670
107.5469,18,08:31:29.469436088
107.5469,25,08:31:29.488796827
107.5469,1,08:31:29.489015688
107.5469,4,08:31:29.491577051
107.5469,25,08:31:29.510357483
107.5469,98,08:31:29.513736040
107.5469,1,08:31:29.516141564
107.5469,1,08:31:29.516283663
107.5469,1,08:31:29.516476707
107.5469,8,08:31:29.516920931
107.5469,1,08:31:29.516971123
107.5469,5,08:31:29.519348813
107.5469,1,08:31:29.524619082
107.5469,9,08:31:29.615540441
107.5469,8,08:31:29.615627684
107.5469,3,08:31:29.743038816
107.5625,4,08:31:30.650924849
107.5469,100,08:31:30.713365856
107.5469,359,08:31:31.134851655
107.5469,4,08:31:31.136872447
107.5469,185,08:31:31.140036782
107.5469,180,08:31:31.140733526
107.5469,9,08:31:31.141029424
107.5469,1,08:31:31.142586430
107.5469,1,08:31:31.142658480
107.5469,1,08:31:31.142836989
107.5469,12,08:31:31.143667722
107.5469,1,08:31:31.144089965
107.5469,1,08:31:31.144143540
107.5469,1,08:31:31.145192560
107.5469,1,08:31:31.146453171
107.5469,4,08:31:31.148357145
107.5469,188,08:31:31.148853114
107.5469,1,08:31:31.149008579
107.5469,1,08:31:31.149321836
107.5469,1,08:31:31.149420709
107.5469,2,08:31:31.149441589
107.5469,3,08:31:31.149465074
107.5469,1,08:31:31.149757093
107.5469,20,08:31:31.150360013
107.5469,2,08:31:31.150400754
107.5469,1,08:31:31.150638634
107.5469,1,08:31:31.150693787
107.5469,20,08:31:31.191926260
107.5469,43,08:31:31.192318095
107.5469,1,08:31:31.193340419
107.5469,1,08:31:31.193754571
107.5469,25,08:31:31.380539914
107.5469,18,08:31:31.387754257
107.5469,1,08:31:31.387873000
107.5469,1,08:31:31.387923164
107.5469,1,08:31:31.387964112
107.5469,1,08:31:31.388070232
107.5469,1,08:31:31.388100742
107.5469,1,08:31:31.388151917
107.5469,1,08:31:31.388209848
107.5469,1,08:31:31.388246082
107.5469,1,08:31:31.388312762
107.5469,1,08:31:31.388367294
107.5469,1,08:31:31.388438710
107.5469,1,08:31:31.388516641
107.5469,1,08:31:31.388549752
107.5469,1,08:31:31.388600966
107.5469,1,08:31:31.388628884
107.5469,1,08:31:31.388662122
107.5469,1,08:31:31.388681816
107.5469,1,08:31:31.388715756
107.5469,1,08:31:31.388757123
107.5469,1,08:31:31.388780247
107.5469,1,08:31:31.388815191
107.5469,19,08:31:31.389199279
107.5469,10,08:31:31.389314391
107.5469,1,08:31:31.389515730
107.5469,3,08:31:31.389985189
107.5469,4,08:31:31.390067251
107.5469,5,08:31:31.390846352
107.5469,1,08:31:31.390948783
107.5469,1,08:31:31.391012883
107.5469,20,08:31:31.391165286
107.5469,1,08:31:31.391234478
107.5469,1,08:31:31.391669309
107.5469,1,08:31:31.392367845
107.5469,2,08:31:31.392571952
107.5469,2,08:31:31.412244039
107.5469,2,08:31:31.762118056
107.5469,150,08:31:31.970174581
107.5469,1,08:31:31.970421159
107.5469,7,08:31:31.970646758
107.5469,23,08:31:32.155767678
107.5469,68,08:31:32.261432762
107.5469,31,08:31:32.261904285
107.5469,1,08:31:32.262057260
107.5469,1,08:31:32.262235879
107.5469,1,08:31:32.262311218
107.5469,15,08:31:32.262472309
107.5469,150,08:31:33.325723823
107.5469,100,08:31:33.383410090
107.5469,1,08:31:33.384531940
107.5469,36,08:31:33.384661802
107.5469,1,08:31:33.384685642
107.5469,1,08:31:33.384713624
107.5469,1,08:31:33.384759167
107.5469,3,08:31:33.384759167
107.5469,1,08:31:33.384806195
107.5469,1,08:31:33.384834868
107.5469,1,08:31:33.384867083
107.5469,1,08:31:33.384887051
107.5469,1,08:31:33.385222524
107.5469,1,08:31:33.385272828
107.5469,1,08:31:33.385321012
107.5469,1,08:31:33.385399641
107.5469,1,08:31:33.385431142
107.5469,1,08:31:33.385461309
107.5469,1,08:31:33.385870489
107.5469,1,08:31:33.385925718
107.5469,1,08:31:33.385960731
107.5469,1,08:31:33.386047106
107.5469,1,08:31:33.386081437
107.5469,1,08:31:33.386111667
107.5469,1,08:31:33.386185384
107.5469,1,08:31:33.386241645
107.5469,5,08:31:33.386415584
107.5469,1,08:31:33.386596292
107.5469,1,08:31:33.386634446
107.5469,1,08:31:33.386795525
107.5469,1,08:31:33.413034506
107.5625,400,08:31:33.916985333
107.5625,1,08:31:33.917527740
107.5625,1,08:31:33.917589537
107.5625,75,08:31:33.917768597
107.5625,1,08:31:33.917824915
107.5625,2,08:31:33.922146023
107.5625,1,08:31:33.922688725
107.5625,1,08:31:33.941921739
107.5625,1,08:31:33.989735734
107.5625,38,08:31:33.990090854
107.5625,26,08:31:33.990379325
107.5625,1,08:31:33.990418986
107.5625,2,08:31:33.990446599
107.5625,5,08:31:33.990843225
107.5625,21,08:31:33.991743527
107.5625,21,08:31:33.991836816
107.5625,1,08:31:33.992039173
107.5625,1,08:31:33.992226904
107.5625,1,08:31:33.993115658
107.5625,33,08:31:33.993278115
107.5625,1,08:31:33.993595463
107.5625,1,08:31:33.994006860
107.5625,1,08:31:33.994129525
107.5625,1,08:31:33.994292606
107.5625,1,08:31:33.994321746
107.5625,1,08:31:33.994348393
107.5625,1,08:31:33.994381319
107.5625,1,08:31:33.994437160
107.5625,1,08:31:33.994458735
107.5625,1,08:31:33.994496243
107.5625,1,08:31:33.994564183
107.5625,1,08:31:33.994625393
107.5625,1,08:31:33.994645397
107.5625,1,08:31:33.994676278
107.5625,1,08:31:33.994698960
107.5625,1,08:31:33.994757627
107.5625,1,08:31:33.994821648
107.5625,1,08:31:33.994855865
107.5625,1,08:31:33.994925214
107.5625,1,08:31:34.007860982
107.5625,2,08:31:34.025806533
107.5625,14,08:31:34.026105653
107.5625,1,08:31:34.026926114
107.5625,1,08:31:34.026974813
107.5625,28,08:31:34.027382571
107.5625,1,08:31:34.027581823
107.5625,39,08:31:34.027743996
107.5625,1,08:31:34.027951392
107.5625,1,08:31:34.049020277
107.5625,3,08:31:34.156155149
107.5625,2,08:31:34.156593193
107.5625,1,08:31:35.016648088
107.5781,440,08:31:35.640855862
107.5781,1,08:31:35.647680166
107.5781,1,08:31:35.647821921
107.5781,1,08:31:35.647988793
107.5781,2,08:31:35.648556834
107.5781,1,08:31:35.648648252
107.5781,7,08:31:35.649467572
107.5781,4,08:31:35.649690715
107.5781,52,08:31:35.649805246
107.5781,46,08:31:35.649833306
107.5781,1,08:31:35.650016072
107.5781,1,08:31:35.650053318
107.5781,1,08:31:35.650099337
107.5781,1,08:31:35.650164379
107.5781,5,08:31:35.650194258
107.5781,14,08:31:35.650349612
107.5781,5,08:31:35.650665361
107.5781,1,08:31:35.653290937
107.5781,5,08:31:35.653687138
107.5781,8,08:31:35.655989175
107.5781,1,08:31:35.656263640
107.5781,314,08:31:35.656951632
107.5781,1,08:31:35.657919626
107.5781,1,08:31:35.658194755
107.5781,1,08:31:35.659020844
107.5781,1,08:31:35.659060927
107.5781,1,08:31:35.659117768
107.5781,7,08:31:35.659254174
107.5781,4,08:31:35.659320879
107.5781,5,08:31:35.659755644
107.5781,1,08:31:35.671697306
107.5781,25,08:31:35.672178574
107.5781,2,08:31:35.676490133
107.5781,200,08:31:35.679049317
107.5781,8,08:31:35.744754860
107.5781,48,08:31:35.745529032
107.5781,2,08:31:35.834725363
107.5781,50,08:31:35.835000696
107.5781,1,08:31:35.835250276
107.5781,1,08:31:35.835323093
107.5781,1,08:31:35.835349292
107.5781,1,08:31:35.835432477
107.5781,13,08:31:35.835665436
107.5781,13,08:31:35.835927149
107.5781,1,08:31:35.835998960
107.5781,8,08:31:35.836061662
107.5781,1,08:31:35.836166381
107.5781,2,08:31:35.836295619
107.5781,18,08:31:35.837147133
107.5781,2,08:31:35.837211527
107.5781,1,08:31:35.837347041
107.5781,26,08:31:35.837687710
107.5781,1,08:31:35.838105828
107.5781,6,08:31:35.918136480
107.5781,63,08:31:35.919244134
107.5781,50,08:31:35.919520972
107.5781,1,08:31:35.920901291
107.5781,1,08:31:35.921031607
107.5781,1,08:31:35.921075620
107.5781,1,08:31:35.921147033
107.5781,1,08:31:35.921180538
107.5781,1,08:31:35.921261295
107.5781,1,08:31:35.921292392
107.5781,1,08:31:35.921324252
107.5781,1,08:31:35.921358602
107.5781,1,08:31:35.921390462
107.5781,1,08:31:35.921437874
107.5781,1,08:31:35.921469785
107.5781,1,08:31:35.921499149
107.5781,1,08:31:35.921532151
107.5781,1,08:31:35.921568145
107.5781,1,08:31:35.921594677
107.5781,1,08:31:35.921643104
107.5781,1,08:31:35.921716235
107.5781,1,08:31:35.921783068
107.5781,1,08:31:35.922199358
107.5781,35,08:31:35.922363374
107.5781,1,08:31:35.922420162
107.5781,29,08:31:35.923274887
107.5781,1,08:31:35.924163353
107.5781,1,08:31:35.924958524
107.5781,1,08:31:35.924988233
