price,volume,timestamp
108.0469,68,08:00:00.029650886
108.0469,1,08:00:00.029853638
108.0469,56,08:00:00.030169031
108.0469,52,08:00:00.031955508
108.0469,1,08:00:00.032651509
108.0469,1,08:00:00.033005081
108.0469,1,08:00:00.033039322
108.0469,1,08:00:00.033059620
108.0469,2,08:00:00.033087041
108.0469,62,08:00:00.033159554
108.0469,1,08:00:00.033255865
108.0469,1,08:00:00.033620303
108.0469,1,08:00:00.033987395
108.0469,1,08:00:00.034701055
108.0469,18,08:00:00.038668616
108.0469,2,08:00:00.038896070
108.0469,45,08:00:00.039072336
108.0469,4,08:00:00.040137615
108.0469,7,08:00:00.041150051
108.0469,1,08:00:00.156076944
108.0469,12,08:00:00.308952803
108.0469,25,08:00:00.309230392
108.0469,1,08:00:00.309271538
108.0469,1,08:00:00.309465722
108.0469,1,08:00:00.309539509
108.0469,4,08:00:00.775524821
108.0469,1,08:00:00.775719472
108.0469,41,08:00:00.775831873
108.0469,41,08:00:00.776074874
108.0469,1,08:00:00.776116234
108.0469,1,08:00:00.776159653
108.0469,8,08:00:00.778361496
108.0469,1,08:00:00.778662027
108.0469,84,08:00:02.133780023
108.0469,10,08:00:02.143109360
108.0469,1,08:00:02.143329646
108.0469,1,08:00:02.143455806
108.0469,1,08:00:02.157608017
108.0313,250,08:00:02.414772920
108.0469,2,08:00:15.054983596
108.0469,7,08:00:15.057734802
108.0469,1,08:00:15.980376765
108.0469,4,08:00:16.751126818
108.0469,25,08:00:32.112228529
108.0469,39,08:00:59.634090006
108.0469,26,08:00:59.636311635
108.0469,39,08:00:59.636569535
108.0469,103,08:00:59.636620154
108.0469,44,08:00:59.636729068
108.0469,38,08:00:59.636920553
108.0469,19,08:00:59.637044188
108.0469,38,08:00:59.637253081
108.0469,44,08:00:59.637485105
108.0469,38,08:00:59.638206966
108.0469,34,08:00:59.638565310
108.0469,1,08:00:59.640633674
108.0469,645,08:00:59.643527684
108.0469,1,08:00:59.645477954
108.0469,1,08:00:59.646737848
108.0469,1,08:00:59.648590426
108.0469,1,08:00:59.648763860
108.0469,40,08:00:59.648835097
108.0469,50,08:00:59.648898493
108.0469,1,08:00:59.648927137
108.0469,2,08:00:59.649051776
108.0469,59,08:00:59.649080321
108.0469,83,08:00:59.649183661
108.0469,1,08:00:59.649237323
108.0469,2,08:00:59.649280219
108.0469,1,08:00:59.651536540
108.0469,3,08:00:59.651615914
108.0469,1,08:00:59.651680437
108.0469,2,08:00:59.651743763
108.0469,16,08:00:59.651816690
108.0469,20,08:00:59.651959326
108.0469,3,08:00:59.652293634
108.0469,1,08:00:59.652597105
108.0469,16,08:00:59.652746264
108.0469,1,08:00:59.652787259
108.0469,7,08:00:59.652881646
108.0469,20,08:00:59.652983343
108.0469,2,08:00:59.653080575
108.0469,8,08:00:59.653791629
108.0469,1,08:00:59.653922364
108.0469,1,08:00:59.653984122
108.0469,3,08:00:59.654003748
108.0469,1,08:00:59.654122525
108.0469,1,08:00:59.654194722
108.0469,1,08:00:59.654416486
108.0469,1,08:00:59.654465475
108.0469,50,08:00:59.655469956
108.0469,4,08:00:59.655538201
108.0469,16,08:00:59.656364096
108.0469,1,08:00:59.656632771
108.0469,1,08:00:59.658228316
108.0469,3,08:00:59.658515845
108.0469,1,08:00:59.658778263
108.0469,1,08:00:59.658861139
108.0469,1,08:00:59.659192579
108.0469,1,08:00:59.659247325
108.0469,38,08:00:59.659853744
108.0469,1,08:00:59.660343104
108.0469,1,08:00:59.679080060
108.0469,3,08:00:59.691875313
108.0469,5,08:00:59.706545739
108.0469,2,08:00:59.706568111
108.0469,2,08:00:59.706673905
108.0469,1,08:00:59.706733800
108.0469,1,08:00:59.706778064
108.0469,7,08:00:59.808078386
108.0469,54,08:00:59.842618820
108.0469,1,08:00:59.843064705
108.0469,1,08:00:59.843153884
108.0469,1,08:00:59.843506109
108.0469,1,08:00:59.843780348
108.0469,1,08:00:59.885903339
108.0469,13,08:00:59.888975167
108.0469,1,08:00:59.889147775
108.0469,1,08:00:59.889223863
108.0469,1,08:00:59.889291215
108.0469,1,08:00:59.889338221
108.0469,79,08:00:59.890302890
108.0469,2,08:00:59.891696777
108.0469,78,08:00:59.892492038
108.0469,1,08:00:59.892909026
108.0469,2,08:00:59.892942063
108.0469,8,08:00:59.892978166
108.0469,3,08:00:59.893465350
108.0469,1,08:00:59.893489524
108.0469,7,08:00:59.899682631
108.0469,5,08:00:59.899888606
108.0469,2,08:00:59.900746466
108.0469,55,08:00:59.901213899
108.0469,1,08:00:59.901438448
108.0469,1,08:00:59.901467860
108.0469,1,08:00:59.901511228
108.0469,4,08:00:59.901622809
108.0469,1,08:00:59.902016972
108.0469,49,08:00:59.923269351
108.0469,1,08:00:59.924562456
108.0469,1,08:00:59.924701972
108.0469,1,08:00:59.925202897
108.0469,1,08:00:59.925232565
108.0469,4,08:00:59.925257750
108.0469,1,08:00:59.925276738
108.0469,10,08:00:59.925317917
108.0469,1,08:00:59.925474385
108.0469,1,08:00:59.925512941
108.0469,1,08:00:59.925534126
108.0469,1,08:00:59.925853947
108.0469,1,08:00:59.926477233
108.0469,1,08:00:59.931834339
108.0469,14,08:00:59.932744469
108.0469,1,08:00:59.933199820
108.0469,1,08:01:01.165494340
108.0469,461,08:01:01.166104889
108.0469,8,08:01:01.378129637
108.0469,140,08:01:07.020794961
108.0469,9,08:01:07.022229937
108.0469,1,08:01:07.022749087
108.0469,10,08:01:07.023721070
108.0469,3,08:01:07.024576509
108.0469,6,08:01:07.025263275
108.0469,3,08:01:07.025375940
108.0469,78,08:01:07.025815027
108.0469,1,08:01:07.026365252
108.0469,1,08:01:07.026475975
108.0469,1,08:01:07.026544130
108.0469,1,08:01:07.026576383
108.0469,1,08:01:07.026599266
108.0469,1,08:01:07.026625228
108.0469,1,08:01:07.026662954
108.0469,1,08:01:07.026698420
108.0469,1,08:01:07.026730392
108.0469,1,08:01:07.026755901
108.0469,3,08:01:07.026861016
108.0469,1,08:01:07.026861016
108.0469,1,08:01:07.026893634
108.0469,1,08:01:07.026926274
108.0469,77,08:01:07.027149514
108.0469,1,08:01:07.027585120
108.0469,2,08:01:07.029167959
108.0469,1,08:01:07.029196935
108.0469,12,08:01:07.029246507
108.0469,2,08:01:07.029279964
108.0469,4,08:01:07.029310982
108.0469,1,08:01:07.029375380
108.0469,63,08:01:07.029641059
108.0469,1,08:01:07.029696977
108.0469,1,08:01:07.029801437
108.0469,7,08:01:07.030195819
108.0469,8,08:01:07.030277581
108.0469,1,08:01:07.031886323
108.0469,2,08:01:07.053485800
108.0469,1,08:01:07.053692167
108.0469,1,08:01:07.053755067
108.0469,1,08:01:07.053896628
108.0469,3,08:01:07.053965660
108.0469,7,08:01:07.116038988
108.0469,1,08:01:07.116200732
108.0469,2,08:01:07.116267786
108.0469,41,08:01:07.124776133
108.0469,1,08:01:07.125010679
108.0469,41,08:01:07.125307552
108.0469,1,08:01:07.125351393
108.0469,1,08:01:07.125460361
108.0469,4,08:01:07.125574356
108.0469,1,08:01:07.125574356
108.0469,4,08:01:07.125600143
108.0469,1,08:01:07.125636779
108.0469,1,08:01:07.125694172
108.0469,5,08:01:07.125728968
108.0469,5,08:01:07.126459114
108.0469,5,08:01:07.126697720
108.0469,1,08:01:07.126877371
108.0469,6,08:01:07.127922753
108.0469,1,08:01:07.128129265
108.0469,1,08:01:07.128316988
108.0469,1,08:01:07.128369831
108.0469,14,08:01:07.128583131
108.0313,2,08:01:07.363559983
108.0469,50,08:01:07.764403885
108.0313,89,08:01:08.859172358
108.0313,1,08:01:08.859782732
108.0313,1,08:01:08.861397065
108.0313,62,08:01:08.922377775
108.0313,2,08:01:08.922653142
108.0313,20,08:01:08.922829565
108.0313,2,08:01:08.923042071
108.0313,1,08:01:08.923120067
108.0313,5,08:01:08.923283567
108.0313,5,08:01:08.923309587
108.0313,1,08:01:08.923354657
108.0313,1,08:01:08.923393883
108.0313,7,08:01:08.923413784
108.0313,3,08:01:08.923452830
108.0313,1,08:01:08.923527780
108.0313,2,08:01:08.923741007
108.0313,6,08:01:08.923777776
108.0313,74,08:01:08.923852331
108.0313,44,08:01:08.923973249
108.0313,44,08:01:08.924369192
108.0313,16,08:01:08.924608031
108.0313,1,08:01:08.926368087
108.0313,1,08:01:08.926703368
108.0313,1,08:01:08.929162031
108.0313,1,08:01:08.954944582
108.0313,1,08:01:08.955354872
108.0313,20,08:01:08.956444846
108.0313,22,08:01:08.956485877
108.0313,1,08:01:08.956666588
108.0313,4,08:01:08.956692869
108.0313,1,08:01:08.956721267
108.0313,1,08:01:08.956771137
108.0313,37,08:01:08.956880926
108.0313,1,08:01:08.957155698
108.0313,1,08:01:08.957300981
108.0313,1,08:01:08.957425931
108.0313,1,08:01:08.957663318
108.0313,2,08:01:08.966409350
108.0313,7,08:01:08.966886832
108.0313,1,08:01:08.967737774
108.0313,10,08:01:11.465976154
108.0313,4,08:01:11.466513821
108.0313,1,08:01:11.466568805
108.0313,1,08:01:11.466627921
108.0313,1,08:01:11.466650135
108.0313,1,08:01:11.466681976
108.0313,29,08:01:11.466705138
108.0313,3,08:01:11.466741497
108.0313,35,08:01:11.466782067
108.0313,1,08:01:11.466831013
108.0313,50,08:01:11.467088010
108.0313,1,08:01:11.467207718
108.0313,1,08:01:11.467397843
108.0313,1,08:01:11.467478657
108.0313,1,08:01:11.467555231
108.0313,2,08:01:11.468826189
108.0313,1,08:01:11.469004839
108.0313,31,08:01:11.469905222
108.0313,1,08:01:11.470349675
108.0313,38,08:01:11.470429091
108.0313,1,08:01:11.470510706
108.0313,1,08:01:11.470575376
108.0313,1,08:01:11.470595140
108.0313,1,08:01:11.470618750
108.0313,1,08:01:11.470707275
108.0313,1,08:01:11.470749431
108.0313,1,08:01:11.470826312
108.0313,5,08:01:11.470863257
108.0313,3,08:01:11.470911693
108.0313,1,08:01:11.471124414
108.0313,2,08:01:11.471830272
108.0313,1,08:01:11.472116031
108.0313,1,08:01:11.472464957
108.0313,9,08:01:11.475247630
108.0313,5,08:01:11.476234078
108.0313,255,08:01:16.261897659
108.0313,1,08:01:16.262435034
108.0313,1,08:01:16.263191628
108.0313,37,08:01:16.264197251
108.0313,1,08:01:16.264514906
108.0313,1,08:01:16.264615442
108.0313,10,08:01:16.264638611
108.0313,1,08:01:16.265517905
108.0313,1,08:01:16.265705102
108.0313,1,08:01:16.265975450
108.0313,22,08:01:28.995754118
108.0313,1,08:01:28.996021916
108.0313,1,08:01:28.996105530
108.0313,80,08:01:30.466652436
108.0313,1,08:01:30.466885150
108.0313,1,08:01:30.466979454
108.0313,26,08:01:30.467053413
108.0313,1,08:01:30.467085574
108.0313,1,08:01:30.467117050
108.0313,1,08:01:30.467184872
108.0313,1,08:01:30.467220131
108.0313,1,08:01:30.467249888
108.0313,1,08:01:30.467282513
108.0313,1,08:01:30.467368261
108.0313,1,08:01:30.467404025
108.0313,1,08:01:30.467436580
108.0313,1,08:01:30.467470366
108.0313,1,08:01:30.467511106
108.0313,1,08:01:30.467544399
108.0313,1,08:01:30.467582682
108.0313,1,08:01:30.467609220
108.0313,1,08:01:30.467645758
108.0313,1,08:01:30.467680028
108.0313,1,08:01:30.467721580
108.0313,1,08:01:30.467785418
108.0313,1,08:01:30.467820952
108.0313,1,08:01:30.468028013
108.0313,71,08:01:30.468174320
108.0313,1,08:01:30.468210074
108.0313,7,08:01:30.468422654
108.0313,1,08:01:30.468444642
108.0313,2,08:01:30.468544644
108.0313,2,08:01:30.468579930
108.0313,5,08:01:30.468623218
108.0313,2,08:01:30.468657276
108.0313,1,08:01:30.468688583
108.0313,1,08:01:30.468729169
108.0313,9,08:01:30.468780706
108.0313,1,08:01:30.468896654
108.0313,1,08:01:30.469051537
108.0313,12,08:01:30.469117509
108.0313,1,08:01:30.469176361
108.0313,1,08:01:30.469654983
108.0313,1,08:01:30.470144378
108.0313,1,08:01:30.470298106
108.0313,72,08:01:30.475518688
108.0313,58,08:01:30.763801813
108.0313,1,08:01:30.764095861
108.0313,6,08:01:30.764177235
108.0313,8,08:01:30.845292761
108.0313,39,08:01:33.020587905
108.0313,14,08:01:33.020934360
108.0313,200,08:01:37.079304938
108.0313,200,08:01:39.066992980
108.0313,1,08:01:39.647099013
108.0313,3,08:01:39.647457221
108.0313,1,08:01:39.647582139
108.0313,6,08:01:39.737180241
108.0313,4,08:01:39.737278275
108.0313,1,08:01:39.737393977
108.0156,1,08:01:40.432423068
108.0156,2334,08:01:44.421190717
108.0156,2,08:01:44.433526077
108.0156,25,08:01:44.439675444
108.0156,5,08:01:44.440491454
108.0156,1,08:01:44.440853829
108.0156,166,08:01:44.441084706
108.0156,186,08:01:44.442085728
108.0156,27,08:01:44.442248744
108.0156,166,08:01:44.442322793
108.0156,1,08:01:44.443847326
108.0156,187,08:01:44.446354739
108.0,2,08:01:44.451884965
108.0156,1,08:01:44.455184196
108.0156,1,08:01:44.455670191
108.0156,1,08:01:44.455761988
108.0156,1,08:01:44.455906295
108.0156,1,08:01:44.456067344
108.0156,7,08:01:44.456150530
108.0156,1,08:01:44.456176191
108.0156,2,08:01:44.456235914
108.0156,45,08:01:44.456309899
108.0156,15,08:01:44.456342030
108.0156,1,08:01:44.458726256
108.0156,7,08:01:44.458839810
108.0156,1,08:01:44.458882259
108.0156,1,08:01:44.462931908
108.0156,1,08:01:44.466602881
108.0156,3,08:01:44.481186112
108.0156,5,08:01:44.481344762
108.0156,1,08:01:44.481406782
108.0156,7,08:01:44.481612630
108.0156,1,08:01:44.481654026
108.0156,1,08:01:44.481676826
108.0156,5,08:01:44.484303990
108.0156,12,08:01:44.484613679
108.0156,1,08:01:44.484818326
108.0156,2,08:01:44.502389320
108.0156,2,08:01:44.502698148
108.0156,1,08:01:44.502772588
108.0156,1,08:01:44.503041284
108.0156,7,08:01:44.503261965
108.0156,1,08:01:44.503602077
108.0156,1,08:01:44.512181257
108.0156,2,08:01:44.512399220
108.0156,10,08:01:44.512720103
108.0156,1,08:01:44.512823592
108.0156,1,08:01:44.512888315
108.0156,13,08:01:44.513056807
108.0156,20,08:01:44.513495469
108.0156,1,08:01:44.514616186
108.0156,6,08:01:44.538668034
108.0156,5,08:01:44.538728802
108.0156,7,08:01:44.539505740
108.0156,1,08:01:44.539612699
108.0156,1,08:01:44.539659003
108.0156,1,08:01:44.539704125
108.0156,1,08:01:44.539733367
108.0156,1,08:01:44.539801224
108.0156,1,08:01:44.539831996
108.0156,1,08:01:44.539847017
108.0156,1,08:01:44.539939200
108.0156,1,08:01:44.539955488
108.0156,1,08:01:44.539979540
108.0156,1,08:01:44.540009087
108.0156,1,08:01:44.540080238
108.0156,1,08:01:44.540125742
108.0156,1,08:01:44.540194400
108.0156,1,08:01:44.540267323
108.0156,1,08:01:44.540297942
108.0156,1,08:01:44.540330175
108.0156,2,08:01:44.540397898
108.0156,20,08:01:44.540581649
108.0156,18,08:01:44.541227473
108.0156,1,08:01:44.541857941
108.0156,1,08:01:44.542914045
108.0156,1,08:01:44.570747060
108.0156,57,08:01:44.571124991
108.0156,15,08:01:44.572161402
108.0156,1,08:01:44.572284579
108.0156,1,08:01:44.573042652
108.0156,7,08:01:44.597789665
108.0156,1,08:01:44.598089824
108.0156,2,08:01:44.598142622
108.0156,6,08:01:44.765791355
108.0156,1,08:01:44.766024090
108.0156,1,08:01:45.022583645
108.0156,4,08:01:45.593539787
108.0156,1,08:01:46.354771044
108.0313,179,08:01:50.238597252
108.0313,4,08:01:50.241247539
108.0313,6,08:01:50.374474991
108.0313,2,08:01:55.320172401
108.0313,109,08:01:55.683172015
108.0469,3,08:01:55.858655721
108.0469,10,08:02:08.074596925
108.0469,1,08:02:37.277099973
108.0313,18,08:02:47.096430785
108.0313,5,08:02:55.302965026
108.0313,1,08:02:55.303041261
108.0313,1,08:02:55.303208048
108.0313,2,08:02:55.303509117
108.0313,1,08:02:55.303819507
108.0313,422,08:02:55.304223237
108.0313,2,08:02:55.305279357
108.0313,1,08:02:55.305354335
108.0313,1,08:02:55.305452863
108.0313,1,08:02:55.305503400
108.0313,1,08:02:55.306014073
108.0313,1,08:02:55.306034978
108.0313,16,08:02:55.306154438
108.0313,160,08:02:55.306539050
108.0313,36,08:02:55.309884279
108.0313,41,08:02:55.312746922
108.0313,41,08:02:55.312777302
108.0313,2,08:02:55.468223213
108.0313,5,08:02:55.468270084
108.0313,10,08:02:57.079472132
108.0313,10,08:03:08.080705332
108.0313,354,08:03:08.179998072
108.0313,44,08:03:08.180753240
108.0313,4,08:03:08.184931967
108.0313,1,08:03:08.185263139
108.0313,1,08:03:08.185301561
108.0313,1,08:03:08.185626944
108.0313,35,08:03:08.205584927
108.0313,50,08:03:08.211604248
108.0313,1,08:03:12.380717338
108.0313,103,08:03:14.662884981
108.0313,4,08:03:14.663149064
108.0313,5,08:03:14.663187266
108.0313,1,08:03:14.663270445
108.0313,50,08:03:14.663592506
108.0313,1,08:03:14.663647417
108.0313,13,08:03:14.663735427
108.0313,7,08:03:14.663779940
108.0313,1,08:03:14.663812738
108.0313,1,08:03:14.663896819
108.0313,1,08:03:14.663920704
108.0313,1,08:03:14.663954526
108.0313,1,08:03:14.663987301
108.0313,1,08:03:14.664020989
108.0313,1,08:03:14.664055754
108.0313,1,08:03:14.664098712
108.0313,1,08:03:14.664134428
108.0313,1,08:03:14.664169134
108.0313,1,08:03:14.664198204
108.0313,1,08:03:14.664232660
108.0313,1,08:03:14.664264910
108.0313,1,08:03:14.664308629
108.0313,1,08:03:14.664337184
108.0313,1,08:03:14.664368941
108.0313,1,08:03:14.664387633
108.0313,1,08:03:14.664412488
108.0313,1,08:03:14.664435538
108.0313,1,08:03:14.664457522
108.0313,1,08:03:14.664481385
108.0313,1,08:03:14.664515514
108.0313,2,08:03:14.664560343
108.0313,1,08:03:14.664606460
108.0313,30,08:03:14.665570646
108.0313,14,08:03:14.665613798
108.0313,1,08:03:14.665719292
108.0313,4,08:03:14.665786016
108.0313,3,08:03:14.665856165
108.0313,1,08:03:14.666062691
108.0313,1,08:03:14.666459127
108.0313,1,08:03:14.666477233
108.0313,2,08:03:14.666647157
108.0313,1,08:03:14.667257159
108.0313,1,08:03:14.669207243
108.0313,100,08:03:15.681117611
108.0313,1,08:03:15.681471894
108.0313,78,08:03:15.681737855
108.0313,1,08:03:15.681763177
108.0313,38,08:03:15.681797644
108.0313,38,08:03:15.681885138
108.0313,1,08:03:15.682293239
108.0313,8,08:03:15.682449443
108.0313,1,08:03:15.682472068
108.0313,2,08:03:15.682584671
108.0313,1,08:03:15.682602547
108.0313,3,08:03:15.682689506
108.0313,1,08:03:15.682776579
108.0313,1,08:03:15.682790756
108.0313,1,08:03:15.683148379
108.0313,22,08:03:15.683354930
108.0313,1,08:03:15.683585267
108.0313,1,08:03:15.683657944
108.0313,3,08:03:15.683777697
108.0313,4,08:03:15.684479083
108.0313,1,08:03:15.684546931
108.0313,3,08:03:15.684929423
108.0313,1,08:03:15.685014337
108.0313,1,08:03:15.685614713
108.0313,41,08:03:15.687046429
108.0313,41,08:03:15.687068132
108.0313,244,08:03:16.548335948
108.0313,117,08:03:19.218778307
108.0313,1,08:03:19.218955735
108.0313,1,08:03:19.218979684
108.0313,1,08:03:19.219008939
108.0313,1,08:03:19.219035036
108.0313,1,08:03:19.219068256
108.0313,1,08:03:19.219099068
108.0313,1,08:03:19.219128467
108.0313,1,08:03:19.219166036
108.0313,1,08:03:19.219188034
108.0313,1,08:03:19.219220290
108.0313,1,08:03:19.219257619
108.0313,1,08:03:19.219287021
108.0313,1,08:03:19.219314599
108.0313,1,08:03:19.219345343
108.0313,1,08:03:19.219375830
108.0313,1,08:03:19.219443355
108.0313,1,08:03:19.219470874
108.0313,1,08:03:19.219502300
108.0313,1,08:03:19.219570278
108.0313,1,08:03:19.219608103
108.0313,4,08:03:19.219681970
108.0313,1,08:03:19.219709875
108.0313,2,08:03:19.219709875
108.0313,30,08:03:19.219852082
108.0313,1,08:03:19.220680550
108.0313,1,08:03:19.222614362
108.0313,18,08:03:19.223567236
108.0313,20,08:03:19.223593992
108.0313,1,08:03:19.223706618
108.0313,1,08:03:19.223774939
108.0313,1,08:03:19.223852576
108.0313,2,08:03:19.223938127
108.0313,1,08:03:19.224055517
108.0313,1,08:03:19.224143392
108.0313,23,08:03:19.564977368
108.0313,1,08:03:19.566898898
108.0313,5,08:03:20.053140291
108.0313,1,08:03:20.053383490
108.0313,20,08:03:20.053551745
108.0313,1,08:03:20.053719621
108.0313,1,08:03:20.053834899
108.0313,1,08:03:20.054095843
108.0313,5,08:03:20.054390470
108.0313,34,08:03:20.054790161
108.0156,200,08:03:20.458898954
108.0156,3,08:03:41.989506857
108.0313,434,08:03:46.384580100
108.0313,1,08:03:46.385135865
108.0313,1,08:03:46.385275615
108.0313,1,08:03:46.385302503
108.0313,1,08:03:46.385323458
108.0313,4,08:03:46.385341631
108.0313,1,08:03:46.385364556
108.0313,1,08:03:46.385399134
108.0313,1,08:03:46.385426827
108.0313,1,08:03:46.385442850
108.0313,1,08:03:46.385466796
108.0313,1,08:03:46.385487840
108.0313,1,08:03:46.385514573
108.0313,1,08:03:46.385534928
108.0313,1,08:03:46.385554382
108.0313,1,08:03:46.385587759
108.0313,1,08:03:46.385614754
108.0313,1,08:03:46.385632143
108.0313,1,08:03:46.385657910
108.0313,1,08:03:46.385676375
108.0313,1,08:03:46.385699892
108.0313,1,08:03:46.385722590
108.0313,1,08:03:46.385742549
108.0313,1,08:03:46.385763215
108.0313,1,08:03:46.385787280
108.0313,44,08:03:46.385808246
108.0313,5,08:03:46.385976134
108.0313,46,08:03:46.386150417
108.0313,1,08:03:46.386174827
108.0313,64,08:03:46.386198738
108.0313,2,08:03:46.386272960
108.0313,1,08:03:46.386309133
108.0313,7,08:03:46.386355892
108.0313,1,08:03:46.386389247
108.0313,6,08:03:46.388697450
108.0313,39,08:03:46.389119177
108.0313,19,08:03:46.389292492
108.0313,1,08:03:46.389792153
108.0313,1,08:03:46.389884700
108.0313,1,08:03:46.389908361
108.0313,1,08:03:46.389933690
108.0313,1,08:03:46.389954039
108.0313,1,08:03:46.389974519
108.0313,1,08:03:46.390000484
108.0313,1,08:03:46.390014178
108.0313,1,08:03:46.390043717
108.0313,1,08:03:46.390060598
108.0313,1,08:03:46.390083670
108.0313,1,08:03:46.390109238
108.0313,1,08:03:46.390128558
108.0313,1,08:03:46.390150411
108.0313,1,08:03:46.390179016
108.0313,1,08:03:46.390204229
108.0313,1,08:03:46.390222435
108.0313,1,08:03:46.390242102
108.0313,1,08:03:46.390269616
108.0313,1,08:03:46.390285428
108.0313,1,08:03:46.390310305
108.0313,1,08:03:46.390337643
108.0313,4,08:03:46.390419776
108.0313,1,08:03:46.391048397
108.0313,1,08:03:46.391807353
108.0313,1,08:03:46.392145872
108.0156,7,08:04:01.801661815
108.0156,54,08:04:01.827414090
108.0156,14,08:04:01.863365050
108.0156,1,08:04:01.867992500
108.0156,7,08:04:01.897358604
108.0156,51,08:04:01.929542900
108.0156,31,08:04:01.962110527
108.0156,9,08:04:01.998685404
108.0156,2,08:04:07.376344834
108.0156,5,08:04:07.377975550
108.0156,1,08:04:07.378081029
108.0156,1,08:04:07.378228408
108.0156,157,08:04:07.378373070
108.0156,5,08:04:07.378485568
108.0156,2,08:04:07.378501689
108.0156,2,08:04:07.378518688
108.0156,2,08:04:07.378688651
108.0156,32,08:04:07.378731538
108.0156,68,08:04:07.378917865
108.0156,72,08:04:07.379105135
108.0156,1,08:04:07.379552371
108.0156,1,08:04:07.379642244
108.0156,1,08:04:07.379730309
108.0156,1,08:04:07.379789888
108.0156,1,08:04:07.379844517
108.0156,1,08:04:07.379890143
108.0156,1,08:04:07.379963720
108.0156,1,08:04:07.380027145
108.0156,1,08:04:07.380113089
108.0156,1,08:04:07.380160856
108.0156,1,08:04:07.380220896
108.0156,6,08:04:07.380346040
108.0156,1,08:04:07.380387885
108.0156,1,08:04:07.380418404
108.0156,5,08:04:07.380615204
108.0156,18,08:04:07.380848186
108.0156,5,08:04:07.380970402
108.0156,56,08:04:07.381122405
108.0156,30,08:04:07.381363344
108.0156,2,08:04:07.382684520
108.0156,18,08:04:07.382784221
108.0156,1,08:04:07.383215955
108.0156,4,08:04:07.384410513
108.0156,12,08:04:07.384790534
108.0156,2,08:04:07.384892077
108.0156,2,08:04:07.385747657
108.0156,150,08:04:09.363949144
108.0156,1,08:04:09.364248748
108.0156,1,08:04:09.364290530
108.0156,1,08:04:09.364363829
108.0156,1,08:04:09.364467005
108.0156,1,08:04:09.365209598
108.0156,111,08:04:09.367026762
108.0156,1,08:04:09.367763324
108.0156,3,08:04:09.369745941
108.0156,72,08:04:09.369863677
108.0156,3,08:04:09.370061374
108.0156,2,08:04:09.370240440
108.0156,1,08:04:09.371342120
108.0156,1,08:04:09.371955051
108.0156,2,08:04:09.371988229
108.0156,1,08:04:09.372011948
108.0156,52,08:04:09.372054412
108.0156,1,08:04:09.372078355
108.0156,1,08:04:09.372100574
108.0156,41,08:04:09.372181791
108.0156,1,08:04:09.373702113
108.0156,1,08:04:09.373868885
108.0156,41,08:04:09.374232550
108.0156,1,08:04:09.375461160
108.0156,9,08:04:09.375862633
108.0156,9,08:04:09.375985916
108.0156,39,08:04:09.716241916
108.0156,1,08:04:09.716703999
108.0156,1,08:04:09.716749584
108.0156,10,08:04:09.716981790
108.0156,1,08:04:09.717105978
108.0156,2,08:04:09.717268251
108.0156,1,08:04:09.717336927
108.0156,5,08:04:09.717536832
108.0156,9,08:04:09.718879281
108.0156,1,08:04:09.719028424
108.0156,4,08:04:09.719057538
108.0156,1,08:04:09.719159447
108.0156,1,08:04:09.719353646
108.0156,3,08:04:09.720103601
108.0156,95,08:04:09.722046964
108.0156,5,08:04:09.722081055
108.0156,1,08:04:09.723156257
108.0156,2,08:04:09.723374034
108.0156,1,08:04:09.723888851
108.0156,1,08:04:09.723922142
108.0156,30,08:04:09.724027516
108.0156,1,08:04:09.724428693
108.0156,1,08:04:09.724542900
108.0156,1,08:04:09.725072315
108.0156,1,08:04:09.725101228
108.0156,1,08:04:09.726139336
108.0156,1,08:04:09.726759213
108.0156,2,08:04:09.727820153
108.0156,2,08:04:09.728001933
108.0156,1,08:04:09.728087842
108.0156,2,08:04:09.728506090
108.0156,1,08:04:09.729244854
108.0156,2,08:04:09.730311397
108.0156,2,08:04:09.730358233
108.0156,31,08:04:09.833176601
108.0156,1,08:04:09.833389723
108.0156,1,08:04:09.833514554
108.0156,6,08:04:09.872438108
108.0156,51,08:04:10.507856967
108.0156,16,08:04:11.395258966
108.0156,1,08:04:11.395500952
108.0156,1,08:04:11.395598261
108.0156,48,08:04:11.395981883
108.0156,1,08:04:11.397857547
108.0156,1,08:04:11.398378039
108.0156,44,08:04:14.209118155
108.0156,56,08:04:14.209382417
108.0156,5,08:04:14.210349547
108.0156,20,08:04:14.397646669
108.0156,1,08:04:14.397763913
108.0156,1,08:04:14.397805216
108.0156,1,08:04:14.397846593
108.0156,1,08:04:14.397888158
108.0156,1,08:04:14.397915321
108.0156,1,08:04:14.397954298
108.0156,1,08:04:14.397986730
108.0156,1,08:04:14.398018609
108.0156,1,08:04:14.398042856
108.0156,1,08:04:14.398105584
108.0156,1,08:04:14.398172888
108.0156,1,08:04:14.398231733
108.0156,1,08:04:14.398296157
108.0156,1,08:04:14.398358601
108.0156,1,08:04:14.398425885
108.0156,1,08:04:14.398506942
108.0156,4,08:04:14.398586355
108.0156,21,08:04:14.398699964
108.0156,1,08:04:14.398878262
108.0156,5,08:04:14.399540042
108.0156,1,08:04:14.399676255
108.0156,8,08:04:14.399870516
108.0156,18,08:04:14.400261582
108.0156,1,08:04:14.401077273
108.0156,1,08:04:14.401095260
108.0156,1,08:04:14.401268057
108.0156,3,08:04:14.406007935
108.0156,1,08:04:14.406220494
108.0156,2,08:04:14.406299407
108.0156,3,08:04:30.665590182
108.0156,6,08:04:30.665851620
108.0156,6,08:04:30.665925414
108.0156,6,08:04:31.042756326
108.0156,1,08:04:31.042945236
108.0156,2,08:04:31.043029007
108.0156,1,08:04:31.043074410
108.0156,1,08:04:31.043238064
108.0156,1,08:04:31.043375238
108.0156,2,08:04:33.165557219
108.0156,1,08:04:33.165768074
108.0,150,08:04:40.330380207
108.0,26,08:04:46.544881761
108.0,1,08:04:54.257498173
108.0,2,08:04:57.144354855
108.0156,2,08:04:57.422107456
108.0156,150,08:05:07.379720688
108.0156,1,08:05:08.856250106
108.0,9,08:05:17.744003994
108.0,7,08:05:32.388801279
108.0156,1,08:05:32.655447682
108.0,6,08:05:33.885367604
108.0,3,08:05:37.998634920
108.0,5,08:05:38.266387398
108.0156,1,08:05:39.229527617
108.0,4,08:05:42.968382522
108.0156,5,08:05:48.578790203
108.0,6,08:05:51.974590478
108.0156,1,08:05:56.628220660
108.0156,41,08:06:00.561852287
108.0,7,08:06:01.205257418
108.0156,41,08:06:01.205557024
108.0,54,08:06:01.228838649
108.0,2,08:06:01.529927399
108.0,14,08:06:01.580307165
108.0,8,08:06:01.583610937
108.0,51,08:06:01.585285988
108.0,32,08:06:01.600124569
108.0,9,08:06:01.603218245
108.0156,2,08:06:02.690046480
108.0156,2,08:06:04.804303724
108.0,1,08:06:15.383416083
108.0156,2,08:06:16.003535095
108.0156,30,08:06:20.851391576
108.0156,1,08:06:28.959938953
108.0,100,08:06:29.433714607
108.0,1,08:06:30.513853897
108.0,1,08:06:30.515251381
108.0,2,08:06:30.515421128
108.0,2,08:06:30.515539457
108.0,1,08:06:30.516386665
108.0,1,08:06:30.516464487
108.0,1,08:06:30.516560467
108.0,1,08:06:30.516672779
108.0,2,08:06:30.516818644
108.0,2,08:06:30.517387898
108.0,1,08:06:30.517408285
108.0,2,08:06:30.517668034
108.0,109,08:06:30.518030192
108.0,2,08:06:30.518958428
108.0,4,08:06:30.519159415
108.0,1,08:06:30.519180577
108.0,1,08:06:30.519558047
108.0,2,08:06:30.520234953
108.0,2,08:06:30.521381408
108.0,2,08:06:30.521769109
108.0,2,08:06:30.523123649
108.0,26,08:06:30.524352307
108.0,1,08:06:30.524501061
108.0,17,08:06:30.524742881
108.0,2,08:06:30.524812479
108.0,78,08:06:30.525032653
108.0,26,08:06:30.525157468
108.0,1,08:06:30.525182797
108.0,2,08:06:30.525255278
108.0,1,08:06:30.525306607
108.0,1,08:06:30.525396414
108.0,1,08:06:30.525398753
108.0,1,08:06:30.525442825
108.0,1,08:06:30.525514093
108.0,1,08:06:30.525594318
108.0,1,08:06:30.525597838
108.0,1,08:06:30.525663197
108.0,1,08:06:30.525678180
108.0,1,08:06:30.525727627
108.0,1,08:06:30.525755800
108.0,1,08:06:30.525776089
108.0,1,08:06:30.525820809
108.0,1,08:06:30.525877400
108.0,1,08:06:30.525971844
108.0,2,08:06:30.525971844
108.0,38,08:06:30.526110460
108.0,53,08:06:30.526260399
108.0,44,08:06:30.526408709
108.0,242,08:06:30.526592525
108.0,1,08:06:30.527125684
108.0,18,08:06:30.527311106
108.0,4,08:06:30.529528353
108.0,123,08:06:30.531574308
108.0,2,08:06:30.916421982
108.0,2,08:06:30.916609148
108.0,1,08:06:30.916678157
108.0,1,08:06:30.917047185
108.0,39,08:06:30.917746745
108.0,1,08:06:30.918030350
108.0,2,08:06:30.918119245
108.0,8,08:06:30.918209195
108.0,39,08:06:30.918357564
108.0,1,08:06:30.918434828
108.0,1,08:06:30.918482097
108.0,1,08:06:30.918590317
108.0,44,08:06:30.918875222
108.0,39,08:06:30.918962869
108.0,5,08:06:30.919010009
108.0,1,08:06:30.919130786
108.0,3,08:06:30.919160200
108.0,3,08:06:30.919263460
108.0,1,08:06:30.919288552
108.0,39,08:06:30.919305852
108.0,1,08:06:30.919328121
108.0,50,08:06:30.919416324
108.0,7,08:06:30.919737659
108.0,5,08:06:30.919796434
108.0,77,08:06:30.920014214
108.0,39,08:06:30.920291816
108.0,2,08:06:30.920335592
108.0,1,08:06:30.920382488
108.0,1,08:06:30.920403592
108.0,34,08:06:30.920534919
108.0,3,08:06:30.921025544
108.0,19,08:06:30.935132374
108.0,2,08:06:30.935168842
108.0,1,08:06:30.935193940
108.0,1,08:06:30.935228396
108.0,1,08:06:31.027581689
108.0,44,08:06:32.027571509
108.0,78,08:06:32.027781574
108.0,1,08:06:32.028118010
108.0,3,08:06:32.028525598
108.0,8,08:06:32.028681960
108.0,1,08:06:32.028941370
108.0,2,08:06:32.029133553
108.0,10,08:06:32.029359513
108.0,16,08:06:32.029466834
108.0,3,08:06:32.030846266
108.0,1,08:06:32.034279250
108.0,10,08:06:32.034361748
108.0,1,08:06:32.035068764
108.0,1,08:06:32.035092128
108.0,4,08:06:32.035115658
108.0,4,08:06:32.035139034
108.0,3,08:06:32.035167489
108.0,1,08:06:32.035777879
108.0,48,08:06:32.035838671
108.0,1,08:06:32.037776061
108.0,1,08:06:32.038314279
108.0,1,08:06:32.039101995
108.0,1,08:06:32.039260855
108.0,1,08:06:32.039279438
108.0,1,08:06:32.039374490
108.0,1,08:06:32.039611118
108.0,1,08:06:32.040490730
108.0,1,08:06:32.330298460
108.0,1,08:06:32.330854343
108.0,107,08:06:32.331249343
108.0,1,08:06:32.331901110
108.0,1,08:06:32.331929488
108.0,1,08:06:32.334180656
108.0,16,08:06:32.334237256
108.0,1,08:06:32.334378901
108.0,3,08:06:32.335043989
108.0,2,08:06:32.335170881
108.0,1,08:06:32.336445096
108.0,2,08:06:32.336520307
108.0,1,08:06:32.336564689
108.0,1,08:06:32.336610984
108.0,1,08:06:32.336634831
108.0,11,08:06:32.336742702
108.0,1,08:06:32.336778869
108.0,1,08:06:32.336985026
108.0,2,08:06:32.337114950
108.0,39,08:06:32.337318230
108.0,4,08:06:32.337348400
108.0,1,08:06:32.337518750
108.0,1,08:06:32.338202943
108.0,1,08:06:32.338862249
108.0,1,08:06:32.338930269
108.0,4,08:06:32.338978104
108.0,1,08:06:32.339356972
108.0,2,08:06:32.340319036
108.0,1,08:06:32.340381611
108.0,3,08:06:32.340724427
108.0,36,08:06:32.340948233
108.0,1,08:06:32.341089154
108.0,1,08:06:32.341927376
108.0,1,08:06:32.342174466
108.0,3,08:06:32.342198815
108.0,1,08:06:32.342539702
108.0,1,08:06:32.342678908
108.0,1,08:06:32.343249800
108.0,41,08:06:32.344371739
108.0,41,08:06:32.344724367
108.0,1,08:06:32.344939661
108.0,1,08:06:32.345148689
108.0,37,08:06:32.345284045
108.0,5,08:06:32.345326776
108.0,1,08:06:32.345360009
108.0,1,08:06:32.345768599
108.0,1,08:06:32.345789531
108.0,1,08:06:32.346328118
108.0,1,08:06:32.346563236
108.0,56,08:06:32.347863425
108.0,1,08:06:32.348797882
108.0,1,08:06:32.348816725
108.0,8,08:06:32.355456419
108.0,1,08:06:32.411324754
108.0,1,08:06:33.827977323
108.0,1,08:06:33.828023765
108.0,3,08:06:33.829011797
108.0,1,08:06:33.829112725
108.0,1,08:06:33.829261512
108.0,1,08:06:33.829378343
108.0,1,08:06:33.829665795
108.0,21,08:06:33.829770165
108.0,13,08:06:33.830211751
108.0,5,08:06:33.830627513
108.0,4,08:06:33.831504651
108.0,10,08:06:33.831658449
108.0,1,08:06:33.831915187
108.0,5,08:06:33.831946407
108.0,1,08:06:33.832281249
108.0,1,08:06:33.832303557
108.0,7,08:06:33.832331398
108.0,4,08:06:33.832391193
108.0,1,08:06:33.833176781
108.0,1,08:06:33.833193652
108.0,1,08:06:33.833242615
108.0,5,08:06:33.833339504
108.0,10,08:06:33.833471818
108.0,1,08:06:33.834206901
108.0,1,08:06:33.834439383
108.0,1,08:06:33.834673835
108.0,1,08:06:33.834862351
108.0,3,08:06:33.835139435
108.0,1,08:06:33.835262222
108.0,1,08:06:33.835503196
108.0,38,08:06:33.835615512
108.0,1,08:06:33.836351556
108.0,1,08:06:33.836451689
108.0,1,08:06:33.836468796
108.0,1,08:06:33.836492109
108.0,44,08:06:33.836782364
108.0,16,08:06:33.837055090
108.0,3,08:06:33.837090418
108.0,17,08:06:33.837139510
108.0,40,08:06:33.837258931
108.0,2,08:06:33.838092762
108.0,1,08:06:33.839283359
108.0,1,08:06:33.839640815
108.0,19,08:06:33.839666528
108.0,1,08:06:33.840673089
108.0,5,08:06:33.840694776
108.0,2,08:06:33.840913654
108.0,1,08:06:33.840970817
108.0,1,08:06:33.841186632
108.0,3,08:06:33.841416038
108.0,14,08:06:33.842008630
108.0,1,08:06:33.842198965
108.0,1,08:06:33.842215900
108.0,1,08:06:33.842307426
108.0,1,08:06:33.842373040
108.0,21,08:06:33.842467464
108.0,10,08:06:33.844062280
108.0,1,08:06:33.844248016
108.0,8,08:06:33.845220080
108.0,1,08:06:33.845631903
108.0,1,08:06:33.845903271
108.0,1,08:06:33.846728542
108.0,1,08:06:33.846951996
108.0,1,08:06:33.847128125
108.0,1,08:06:33.847218030
108.0,1,08:06:33.848165547
108.0,52,08:06:33.848385791
108.0,13,08:06:33.849088180
108.0,1,08:06:33.849431691
108.0,1,08:06:33.849457698
108.0,1,08:06:33.849509174
108.0,1,08:06:33.849677130
108.0,1,08:06:33.849698871
108.0,37,08:06:33.849769771
108.0,3,08:06:33.850757225
108.0,1,08:06:33.851213455
108.0,1,08:06:33.917761486
108.0,7,08:06:33.918077194
108.0,2,08:06:33.919059701
108.0,1,08:06:33.919145101
108.0,1,08:06:33.919390338
108.0,7,08:06:33.920017982
108.0,1,08:06:33.920203740
108.0,2,08:06:33.920263888
108.0,1,08:06:33.948977520
108.0,1,08:06:33.949172609
108.0,10,08:06:34.021696430
108.0,50,08:06:36.374575844
108.0,9,08:06:38.224796476
108.0,8,08:06:41.960521007
108.0,2,08:06:43.339576775
108.0,4,08:06:46.002260022
108.0,5,08:06:50.745594530
108.0,1,08:06:52.151253053
108.0156,10,08:06:55.092620447
108.0,5,08:06:57.318577248
108.0,4,08:07:02.093781053
108.0,3,08:07:06.894711418
108.0,100,08:07:08.665511993
108.0,4,08:07:10.883334973
108.0156,27,08:07:11.567498200
108.0,3,08:07:16.056467529
108.0,3,08:07:20.293995354
108.0,13,08:07:22.336453894
108.0,10,08:07:23.769036982
108.0,1,08:07:24.123790446
108.0,3,08:07:24.396884844
108.0,4,08:07:30.191331402
108.0,3,08:07:35.202730744
108.0,2,08:07:40.107183124
108.0,1,08:07:40.107481286
108.0,3,08:07:40.136456843
108.0,2,08:07:43.901176090
108.0156,1,08:07:44.509026283
108.0,3,08:07:49.035949365
108.0,2,08:07:52.490529279
108.0,50,08:07:56.110738601
108.0,3,08:07:58.953935230
108.0156,11,08:08:00.256295330
108.0,2,08:08:04.318761260
108.0156,4,08:08:05.020651827
108.0156,4,08:08:05.020842547
108.0156,1,08:08:05.021322186
108.0156,2,08:08:09.817829752
108.0,3,08:08:10.951028285
108.0,1,08:08:14.017462511
108.0156,1,08:08:15.258131213
108.0,2,08:08:17.592040711
108.0,1,08:08:21.185907671
108.0,2,08:08:26.413092351
108.0156,30,08:08:27.977965928
108.0,2,08:08:30.811734680
108.0,1,08:08:34.289845302
108.0,2,08:08:40.919528273
108.0,1,08:08:44.169940294
108.0156,30,08:08:46.139044878
108.0,2,08:08:46.885748766
108.0156,1,08:08:47.819447983
108.0,1,08:08:49.410576207
108.0,1,08:08:52.004819467
108.0156,18,08:08:54.344592432
108.0156,41,08:08:54.354420598
108.0156,41,08:08:54.354449302
108.0156,218,08:08:54.357361294
108.0156,1,08:08:54.358311703
108.0156,1,08:08:54.358747491
108.0156,2,08:08:54.358821346
108.0156,1,08:08:54.358955297
108.0156,1,08:08:54.359667289
108.0156,690,08:08:54.363548737
108.0156,38,08:08:54.364967930
108.0156,482,08:08:54.365704137
108.0156,6,08:08:54.369541498
108.0156,7,08:08:54.369576509
108.0156,2,08:08:54.369984047
108.0156,1,08:08:54.371326775
108.0156,4,08:08:54.372671068
108.0156,72,08:08:54.374232651
108.0156,20,08:08:54.379350824
108.0156,39,08:08:54.379369343
108.0156,5,08:08:54.379586346
108.0156,40,08:08:54.379640306
108.0156,40,08:08:54.379687103
108.0156,40,08:08:54.379955874
108.0156,1,08:08:54.379987682
108.0156,40,08:08:54.380046729
108.0156,20,08:08:54.380082404
108.0156,1,08:08:54.380111112
108.0156,72,08:08:54.380126933
108.0156,1,08:08:54.380151506
108.0156,1,08:08:54.380175580
108.0156,1,08:08:54.380197843
108.0156,1,08:08:54.380219143
108.0156,1,08:08:54.380237383
108.0156,1,08:08:54.380257921
108.0156,1,08:08:54.380284177
108.0156,1,08:08:54.380307161
108.0156,1,08:08:54.380320198
108.0156,29,08:08:54.380350928
108.0156,1,08:08:54.380978998
108.0156,1,08:08:54.381195694
108.0156,1,08:08:54.381219230
108.0156,16,08:08:54.381373883
108.0156,1,08:08:54.381428943
108.0156,1,08:08:54.381617341
108.0156,1,08:08:54.382039115
108.0156,1,08:08:54.382309377
108.0156,2,08:08:54.382445811
108.0156,2,08:08:54.382509611
108.0156,1,08:08:54.383340313
108.0156,22,08:08:54.438619288
108.0156,74,08:08:54.438923400
108.0156,3,08:08:54.440263110
108.0156,6,08:08:54.440444301
108.0156,6,08:08:54.440539051
108.0156,1,08:08:54.441094550
108.0156,60,08:08:54.441132935
108.0156,100,08:08:54.441269284
108.0156,2,08:08:54.441332782
108.0156,1,08:08:54.441546050
108.0156,19,08:08:54.441592006
108.0156,6,08:08:54.441624286
108.0156,3,08:08:54.441728707
108.0156,2,08:08:54.442680199
108.0156,3,08:08:54.455321281
108.0156,1,08:08:54.455532342
108.0156,1,08:08:54.455612900
108.0156,41,08:08:54.455746477
108.0156,41,08:08:54.455853110
108.0156,1,08:08:54.456002348
108.0156,1,08:08:54.456099064
108.0156,3,08:08:54.774561908
108.0156,3,08:08:55.038485476
108.0156,6,08:08:55.386084904
108.0156,4,08:08:55.386312195
108.0156,2,08:08:56.001254783
108.0156,1,08:08:56.609205697
108.0156,4,08:08:56.885514025
108.0156,50,08:08:58.127936727
108.0156,1,08:08:58.128175608
108.0156,1,08:08:58.128215582
108.0156,1,08:08:58.128610310
108.0156,1,08:08:58.128821588
108.0156,2,08:08:58.129308216
108.0156,1,08:08:58.129690176
108.0156,31,08:08:58.129842237
108.0156,18,08:08:58.130125580
108.0156,9,08:08:58.130315467
108.0156,18,08:08:58.130462240
108.0156,20,08:08:58.130518993
108.0156,3,08:08:58.131579138
108.0156,2,08:08:58.131625034
108.0156,1,08:08:58.131648606
108.0156,1,08:08:58.131679794
108.0156,1,08:08:58.132017605
108.0156,2,08:08:58.132093232
108.0156,1,08:08:58.132720810
108.0156,1,08:08:58.132747729
108.0156,1,08:08:58.133401137
108.0156,18,08:08:58.134095122
108.0156,1,08:08:58.134667051
108.0313,2,08:08:59.671716109
108.0156,1,08:09:00.088992498
108.0156,4,08:09:00.168591075
108.0156,4,08:09:00.168821111
108.0156,1,08:09:00.169053346
108.0156,44,08:09:00.177862301
108.0156,1,08:09:00.178036522
108.0156,1,08:09:00.178102066
108.0156,9,08:09:00.178150143
108.0156,1,08:09:00.178189940
108.0156,1,08:09:00.178234562
108.0156,19,08:09:00.178308236
108.0156,1,08:09:00.178416709
108.0156,26,08:09:00.178473005
108.0156,112,08:09:00.178714741
108.0156,41,08:09:00.475135147
108.0156,1,08:09:00.475414843
108.0156,41,08:09:00.475770914
108.0156,1,08:09:00.475844269
108.0156,1,08:09:00.476036510
108.0156,1,08:09:00.476074075
108.0156,4,08:09:00.476345479
108.0156,6,08:09:00.476388443
108.0156,1,08:09:00.476476390
108.0156,98,08:09:00.476723655
108.0156,7,08:09:00.476817072
108.0156,12,08:09:00.476889288
108.0156,1,08:09:00.477014276
108.0156,1,08:09:00.477045701
108.0156,1,08:09:00.477078268
108.0156,1,08:09:00.477111622
108.0156,1,08:09:00.477152893
108.0156,1,08:09:00.477182289
108.0156,1,08:09:00.477237683
108.0156,1,08:09:00.478517443
108.0156,1,08:09:00.478708938
108.0156,1,08:09:00.478756241
108.0156,3,08:09:00.478822604
108.0156,1,08:09:00.479060510
108.0156,1,08:09:00.479205626
108.0156,41,08:09:00.677393583
108.0156,41,08:09:00.677461819
108.0156,1,08:09:00.677790660
108.0156,1,08:09:00.677919168
108.0156,1,08:09:00.678337666
108.0156,1,08:09:01.125536759
108.0156,7,08:09:01.385137181
108.0156,1,08:09:01.385201922
108.0156,10,08:09:01.385248758
108.0156,1,08:09:01.385413746
108.0156,34,08:09:01.385768061
108.0156,2,08:09:01.756772634
108.0156,1,08:09:01.756966541
108.0156,1,08:09:01.757009784
108.0156,6,08:09:02.576728675
108.0156,12,08:09:02.576881791
108.0156,1,08:09:02.578377530
108.0156,1,08:09:02.578514723
108.0156,1,08:09:02.578562074
108.0156,1,08:09:02.578612757
108.0156,1,08:09:02.578994634
108.0156,3,08:09:02.579030324
108.0156,16,08:09:02.579079852
108.0156,10,08:09:02.599638845
108.0156,1,08:09:02.599772905
108.0156,1,08:09:02.599818052
108.0156,1,08:09:02.599859229
108.0156,1,08:09:02.599895665
108.0156,1,08:09:02.599936943
108.0156,1,08:09:02.600031985
108.0156,1,08:09:02.600065327
108.0156,1,08:09:02.600098924
108.0156,1,08:09:02.600134309
108.0156,1,08:09:02.600170947
108.0156,1,08:09:02.600198576
108.0156,1,08:09:02.600270694
108.0156,1,08:09:02.600366965
108.0156,1,08:09:02.600399337
108.0156,1,08:09:02.600432985
108.0156,1,08:09:02.600474074
108.0156,1,08:09:02.600508135
108.0156,1,08:09:02.600542239
108.0156,1,08:09:02.600581666
108.0156,9,08:09:02.600612864
108.0156,1,08:09:02.600647175
108.0156,1,08:09:02.600713663
108.0156,17,08:09:02.600770384
108.0156,11,08:09:02.600826248
108.0156,12,08:09:03.308002333
108.0156,1,08:09:03.308287990
108.0156,69,08:09:03.961234067
108.0156,1,08:09:03.965236522
108.0156,1,08:09:03.997567767
108.0156,1,08:09:03.997687597
108.0156,1,08:09:04.243099511
108.0156,1,08:09:04.243270164
108.0156,1,08:09:04.243330194
108.0156,71,08:09:04.243508837
108.0156,3,08:09:04.243580916
108.0156,4,08:09:04.245440745
108.0156,8,08:09:04.289480201
108.0156,1,08:09:04.289813843
108.0156,1,08:09:04.522840199
108.0156,39,08:09:10.196631669
108.0156,39,08:09:10.196875162
108.0156,10,08:09:10.197001807
108.0156,1,08:09:10.207903480
108.0156,1,08:09:17.572147376
108.0156,1,08:09:17.572602704
108.0156,76,08:09:17.572935721
108.0156,1,08:09:17.573332498
108.0156,4,08:09:17.575142230
108.0,2,08:09:21.023056858
108.0156,2,08:09:57.434026979
108.0156,2,08:10:14.747291778
108.0156,1,08:10:29.372705313
108.0156,22,08:10:31.804729720
108.0156,9,08:10:31.808500289
108.0,100,08:10:34.225345512
108.0156,14,08:10:34.229220566
108.0156,22,08:10:36.877815126
108.0156,7,08:10:38.712736825
108.0156,1,08:10:39.430485989
108.0156,22,08:10:41.940550616
108.0156,20,08:10:46.754145346
108.0,1,08:10:47.907886922
108.0156,660,08:10:50.528646556
108.0313,10,08:10:53.090638269
108.0313,2,08:10:53.266778271
108.0313,13,08:10:54.278032361
108.0313,2,08:10:54.281614101
108.0313,83,08:10:54.281791615
108.0313,3,08:10:54.281830649
108.0313,1,08:10:54.281999808
108.0313,1,08:10:54.282181357
108.0313,1,08:10:54.282277644
108.0313,2,08:10:54.282593428
108.0313,108,08:10:54.282688618
108.0313,1,08:10:54.282759896
108.0313,2,08:10:54.282830653
108.0313,4,08:10:54.282898587
108.0313,1,08:10:54.283049141
108.0313,1,08:10:54.283088808
108.0313,1,08:10:54.283178036
108.0313,2,08:10:54.283465876
108.0313,20,08:10:54.283971786
108.0313,41,08:10:54.284234083
108.0313,7,08:10:54.284685667
108.0313,41,08:10:54.284791741
108.0313,1,08:10:54.284856735
108.0313,1,08:10:54.285053271
108.0313,1,08:10:54.285112641
108.0313,1,08:10:54.285162108
108.0313,1,08:10:54.285190250
108.0313,1,08:10:54.285272760
108.0313,1,08:10:54.285622309
108.0313,1,08:10:54.285670816
108.0313,1,08:10:54.288687725
108.0313,165,08:10:54.290361765
108.0313,5,08:10:54.290661214
108.0313,1,08:10:54.290708854
108.0313,1,08:10:54.290752032
108.0313,50,08:10:54.290828309
108.0313,52,08:10:54.290884534
108.0313,30,08:10:54.291137198
108.0313,1,08:10:54.308418049
108.0313,507,08:10:54.791502850
108.0313,2,08:10:55.822591336
108.0313,50,08:11:23.153669250
108.0313,2,08:11:25.739061050
108.0156,1,08:11:36.208448111
108.0156,153,08:11:36.208915179
108.0156,1,08:11:36.209111862
108.0156,1,08:11:36.209650471
108.0156,1,08:11:36.209758240
108.0156,2,08:11:36.209977838
108.0156,1,08:11:36.210000664
108.0156,6,08:11:36.211658316
108.0156,1,08:11:36.211683773
108.0313,1,08:11:39.168145886
108.0156,2,08:11:41.788058054
108.0156,1,08:11:41.788131793
108.0156,8,08:11:41.788427494
108.0156,2,08:11:41.788555884
108.0156,1,08:11:41.788555884
108.0156,1,08:11:41.788584519
108.0156,2,08:11:41.788667224
108.0156,1,08:11:41.788718848
108.0156,2,08:11:41.788788581
108.0156,1,08:11:41.788939467
108.0156,1,08:11:41.789031724
108.0156,1,08:11:41.789158847
108.0156,1,08:11:41.792165167
108.0156,101,08:11:41.882301518
108.0156,41,08:11:41.882881220
108.0156,2,08:11:41.882918955
108.0156,3,08:11:41.882954363
108.0156,1,08:11:41.883006973
108.0156,20,08:11:41.883168989
108.0156,5,08:11:41.883207066
108.0156,1,08:11:41.883237214
108.0156,1,08:11:41.883295965
108.0156,1,08:11:41.883335773
108.0156,1,08:11:41.883386318
108.0156,1,08:11:41.883417538
108.0156,1,08:11:41.883443859
108.0156,1,08:11:41.883478566
108.0156,1,08:11:41.883509172
108.0156,1,08:11:41.883544575
108.0156,1,08:11:41.883573564
108.0156,1,08:11:41.883615614
108.0156,1,08:11:41.883638198
108.0156,1,08:11:41.883698389
108.0156,1,08:11:41.883731269
108.0156,1,08:11:41.883765695
108.0156,1,08:11:41.883798826
108.0156,1,08:11:41.883837163
108.0156,1,08:11:41.883867556
108.0156,1,08:11:41.883908550
108.0156,1,08:11:41.883943449
108.0156,1,08:11:41.883985207
108.0156,1,08:11:41.884020139
108.0156,1,08:11:41.884047529
108.0156,28,08:11:41.884082502
108.0156,1,08:11:41.884861148
108.0156,8,08:11:41.885419560
108.0156,8,08:11:41.886468342
108.0156,1,08:11:41.886754108
108.0156,75,08:11:41.887334610
108.0156,9,08:11:41.887747968
108.0156,1,08:11:41.888010764
108.0156,1,08:11:41.888909313
108.0156,1,08:11:41.891492793
108.0156,75,08:11:41.896988955
108.0156,1,08:11:41.897045192
108.0156,1,08:11:41.897118298
108.0156,1,08:11:41.897143213
108.0156,1,08:11:41.897177086
108.0156,1,08:11:41.897217497
108.0156,1,08:11:41.897284263
108.0156,19,08:11:41.897284263
108.0156,1,08:11:41.897320091
108.0156,1,08:11:41.897388339
108.0156,1,08:11:41.897428429
108.0156,1,08:11:41.897464024
108.0156,1,08:11:41.897543177
108.0156,1,08:11:41.897570934
108.0156,1,08:11:41.897608493
108.0156,1,08:11:41.897642565
108.0156,1,08:11:41.897683190
108.0156,2,08:11:41.897782472
108.0156,5,08:11:41.898186668
108.0156,3,08:11:41.898324150
108.0156,116,08:11:41.898916156
108.0156,1,08:11:41.899189457
108.0156,1,08:11:41.899225957
108.0156,15,08:11:41.911297353
108.0156,1,08:11:41.911516829
108.0156,1,08:11:41.919716275
108.0156,1,08:11:41.920968070
108.0156,1,08:11:41.921742393
108.0156,1,08:11:41.922724380
108.0156,8,08:11:45.790013019
108.0156,250,08:11:46.896130263
108.0156,1,08:11:46.897444940
108.0156,1,08:11:46.897478713
108.0156,1,08:11:46.897626197
108.0156,1,08:11:46.897716859
108.0156,1,08:11:46.898834788
108.0156,6,08:11:54.486469027
108.0156,71,08:11:54.486733393
108.0156,41,08:11:55.018950307
108.0156,1,08:11:55.019210936
108.0156,41,08:11:55.019670785
108.0156,1,08:11:55.019904870
108.0156,5,08:11:55.020042178
108.0156,1,08:11:55.020296823
108.0156,8,08:11:55.020320907
108.0156,24,08:11:55.020474021
108.0156,1,08:11:55.020561266
108.0156,1,08:11:55.020622721
108.0156,7,08:11:55.020730013
108.0156,1,08:11:55.020775918
108.0156,1,08:11:55.020813653
108.0156,1,08:11:55.020948772
108.0156,1,08:11:55.021085307
108.0156,1,08:11:55.021112123
108.0156,1,08:11:55.021277710
108.0156,26,08:11:55.027469102
108.0156,1,08:12:00.100032645
108.0156,50,08:12:04.372707463
108.0156,1,08:12:11.317224504
108.0156,1,08:12:20.622258717
108.0156,1,08:12:20.623502927
108.0156,1,08:12:20.626012380
108.0156,8,08:12:29.851690493
108.0156,2,08:12:47.373005924
108.0156,1,08:12:48.391766492
108.0156,4,08:12:52.671719472
108.0156,1,08:12:54.549477740
108.0156,2,08:13:08.037618922
108.0313,41,08:13:08.064848399
108.0156,8,08:13:17.537489615
108.0313,2,08:13:35.431673225
108.0313,3,08:13:36.715856519
108.0313,2,08:13:39.774246359
108.0313,30,08:13:54.876020290
108.0313,10,08:13:58.688180809
108.0313,1,08:14:03.420035436
108.0313,5,08:14:04.345983656
108.0313,1,08:14:04.843399393
108.0156,1,08:14:05.080539058
108.0313,50,08:14:05.194836914
108.0313,52,08:14:05.195528953
108.0313,1,08:14:05.195944949
108.0313,18,08:14:05.196191575
108.0313,2,08:14:05.205575552
108.0313,39,08:14:05.311203982
108.0313,44,08:14:05.311443475
108.0313,40,08:14:05.311943651
108.0313,44,08:14:05.312125643
108.0313,12,08:14:05.312260928
108.0313,2,08:14:05.318788749
108.0313,4,08:14:05.319285537
108.0313,4,08:14:05.320701700
108.0313,4,08:14:05.321345274
108.0313,4,08:14:05.325935684
108.0469,31,08:14:10.675414655
108.0469,41,08:14:10.675974365
108.0469,5,08:14:11.093391398
108.0469,121,08:14:11.369694161
108.0469,1,08:14:11.370053003
108.0469,5,08:14:11.370572892
108.0469,1,08:14:11.370732223
108.0469,7,08:14:11.371209874
108.0469,7,08:14:11.371310990
108.0469,44,08:14:11.371352524
108.0469,1,08:14:11.371392553
108.0469,4,08:14:11.371474986
108.0469,2,08:14:11.371534534
108.0469,2,08:14:11.371768587
108.0469,1,08:14:11.372158028
108.0469,1,08:14:11.372518985
108.0469,1,08:14:11.372555117
108.0469,1,08:14:11.372598987
108.0469,21,08:14:11.372625749
108.0469,6,08:14:11.372673308
108.0469,1,08:14:11.372693660
108.0469,1,08:14:11.372802892
108.0469,15,08:14:11.372865123
108.0469,1,08:14:11.372893300
108.0469,1,08:14:11.372954140
108.0469,1,08:14:11.372972131
108.0469,1,08:14:11.372991241
108.0469,1,08:14:11.373022656
108.0469,1,08:14:11.373064260
108.0469,1,08:14:11.373093906
108.0469,1,08:14:11.373177572
108.0469,1,08:14:11.373195773
108.0469,1,08:14:11.373232169
108.0469,1,08:14:11.373260222
108.0469,1,08:14:11.373322800
108.0469,1,08:14:11.373352558
108.0469,1,08:14:11.373406145
108.0469,1,08:14:11.373472915
108.0469,1,08:14:11.373502007
108.0469,1,08:14:11.373529140
108.0469,4,08:14:11.373670979
108.0469,1,08:14:11.373762271
108.0469,1,08:14:11.373931775
108.0469,1,08:14:11.373974541
108.0469,1,08:14:11.374002458
108.0469,1,08:14:11.374076341
108.0469,2,08:14:11.374124682
108.0469,47,08:14:11.374254806
108.0469,3,08:14:11.374306884
108.0469,1,08:14:11.374410316
108.0469,1,08:14:11.374677537
108.0469,1,08:14:11.374796269
108.0469,1,08:14:11.374845707
108.0469,1,08:14:11.374939434
108.0469,1,08:14:11.375035721
108.0469,1,08:14:11.375136411
108.0469,1,08:14:11.375244298
108.0469,3,08:14:11.376085975
108.0469,1,08:14:11.376119409
108.0469,1,08:14:11.376380407
108.0469,1,08:14:11.376427252
108.0469,38,08:14:11.376840500
108.0469,17,08:14:11.377335006
108.0469,1,08:14:11.378893964
108.0469,1,08:14:11.379133902
108.0469,1,08:14:11.379424759
108.0469,3,08:14:11.380301570
108.0469,5,08:14:11.382187362
108.0469,6,08:14:11.382456904
108.0469,12,08:14:11.382840143
108.0469,1,08:14:11.383619260
108.0469,1,08:14:11.385143153
108.0469,2,08:14:11.386094205
108.0469,2,08:14:11.386134398
108.0469,11,08:14:11.386838112
108.0469,1,08:14:11.386887876
108.0469,1,08:14:11.387453902
108.0469,2,08:14:11.394123183
108.0469,10,08:14:11.395005630
108.0469,2,08:14:11.395245362
108.0469,73,08:14:11.395281171
108.0469,1,08:14:11.397233172
108.0469,1,08:14:11.398625254
108.0469,25,08:14:11.400464449
108.0469,150,08:14:12.377530587
108.0469,39,08:14:12.378163854
108.0469,44,08:14:12.378200233
108.0469,44,08:14:12.378459040
108.0469,39,08:14:12.378823909
108.0469,18,08:14:12.379236970
108.0469,10,08:14:12.555408320
108.0469,1,08:14:12.555618091
108.0469,5,08:14:12.555746000
108.0469,1,08:14:12.555901053
108.0469,1,08:14:12.555994031
108.0469,1,08:14:12.556230369
108.0469,1,08:14:12.556278575
108.0469,1,08:14:12.556474911
108.0469,106,08:14:12.556829437
108.0469,13,08:14:12.558124314
108.0469,14,08:14:12.558514754
108.0469,2,08:14:12.558627668
108.0469,2,08:14:12.558873200
108.0469,1,08:14:12.559414135
108.0469,1,08:14:12.560045934
108.0469,72,08:14:12.560937279
108.0469,92,08:14:12.561243654
108.0469,1,08:14:12.561528219
108.0469,1,08:14:12.561726003
108.0469,24,08:14:12.561844687
108.0469,1,08:14:12.561952097
108.0469,3,08:14:12.562188156
108.0469,1,08:14:12.562375891
108.0469,1,08:14:12.562398458
108.0469,3,08:14:12.562541078
108.0469,1,08:14:12.562669384
108.0469,20,08:14:12.563280129
108.0469,19,08:14:12.563475328
108.0469,1,08:14:12.563646042
108.0469,12,08:14:12.563750683
108.0469,1,08:14:12.563925042
108.0469,1,08:14:12.564089302
108.0469,2,08:14:12.564250806
108.0469,1,08:14:12.564426470
108.0469,1,08:14:12.564497623
108.0469,5,08:14:12.564600301
108.0469,1,08:14:12.564924655
108.0469,1,08:14:12.565802290
108.0469,3,08:14:12.565975631
108.0469,19,08:14:12.566138111
108.0469,5,08:14:12.566347677
108.0469,1,08:14:12.567307987
108.0469,46,08:14:12.653035672
108.0469,1,08:14:12.654856310
108.0469,91,08:14:12.720228353
108.0469,20,08:14:12.720394890
108.0625,17,08:14:13.037286429
108.0625,10,08:14:16.076625589
108.0469,44,08:14:19.174645419
108.0469,1,08:14:19.174807742
108.0469,1,08:14:19.174852139
108.0469,1,08:14:19.174895626
108.0469,1,08:14:19.174997838
108.0469,1,08:14:19.175057839
108.0469,1,08:14:19.175082710
108.0469,1,08:14:19.175142696
108.0469,1,08:14:19.175172702
108.0469,1,08:14:19.175258621
108.0469,1,08:14:19.175313137
108.0469,1,08:14:19.175412253
108.0469,1,08:14:19.175468107
108.0469,1,08:14:19.175507042
108.0469,1,08:14:19.175571814
108.0469,1,08:14:19.175646863
108.0469,12,08:14:19.175710621
108.0469,20,08:14:19.175794229
108.0469,6,08:14:19.175852079
108.0469,11,08:14:19.175886218
108.0469,1,08:14:19.175923009
108.0469,90,08:14:19.175961752
108.0469,9,08:14:19.175989896
108.0469,100,08:14:19.176260882
108.0469,2,08:14:19.176401636
108.0469,1,08:14:19.176433969
108.0469,15,08:14:19.176565064
108.0469,1,08:14:19.176598273
108.0469,2,08:14:19.176707345
108.0469,1,08:14:19.176707345
108.0469,13,08:14:19.176805555
108.0469,7,08:14:19.176866817
108.0469,1,08:14:19.176913339
108.0469,1,08:14:19.177613424
108.0469,1,08:14:19.177891372
108.0469,2,08:14:19.178038645
108.0469,50,08:14:19.179024764
108.0469,2,08:14:19.179040409
108.0469,1,08:14:19.179066125
108.0469,104,08:14:19.179824659
108.0469,1,08:14:19.179852905
108.0469,7,08:14:19.180025812
108.0469,3,08:14:19.180064244
108.0469,4,08:14:19.180108174
108.0469,1,08:14:19.180181424
108.0469,2,08:14:19.180922972
108.0469,1,08:14:19.180965351
108.0469,77,08:14:19.181688764
108.0469,1,08:14:19.181887075
108.0469,2,08:14:19.181995637
108.0469,1,08:14:19.182172735
108.0469,20,08:14:19.182209145
108.0469,19,08:14:19.182411670
108.0469,31,08:14:19.182474484
108.0469,1,08:14:19.182740055
108.0469,1,08:14:19.183161942
108.0469,1,08:14:19.184779110
108.0469,1,08:14:19.184807795
108.0469,1,08:14:19.184859429
108.0469,1,08:14:19.184981162
108.0469,7,08:14:19.185397900
108.0469,1,08:14:19.185793358
108.0469,56,08:14:19.190400381
108.0469,1,08:14:19.190707165
108.0469,1,08:14:19.190785785
108.0469,1,08:14:19.190841552
108.0469,1,08:14:19.190861805
108.0469,1,08:14:19.190930271
108.0469,1,08:14:19.190982554
108.0469,1,08:14:19.191015952
108.0469,1,08:14:19.191063678
108.0469,1,08:14:19.191093237
108.0469,1,08:14:19.191177386
108.0469,1,08:14:19.191213838
108.0469,1,08:14:19.191241467
108.0469,6,08:14:19.191340897
108.0469,1,08:14:19.191340897
108.0469,1,08:14:19.191641472
108.0469,39,08:14:19.191924806
108.0469,4,08:14:19.192020850
108.0469,1,08:14:19.192329572
108.0469,1,08:14:19.192473140
108.0469,2,08:14:19.192499207
108.0469,1,08:14:19.192587021
108.0469,1,08:14:19.192736134
108.0469,221,08:14:19.261746786
108.0469,1,08:14:19.264709235
108.0469,3,08:14:19.269213374
108.0469,10,08:14:19.269351140
108.0469,46,08:14:19.274165763
108.0469,1,08:14:19.275261989
108.0469,5,08:14:19.276168499
108.0469,26,08:14:19.276909855
108.0469,4,08:14:19.277040572
108.0469,1,08:14:19.277071858
108.0469,1,08:14:19.277131143
108.0469,1,08:14:19.277156926
108.0469,13,08:14:19.277180274
108.0469,7,08:14:19.277206862
108.0469,1,08:14:19.277226617
108.0469,1,08:14:19.277250985
108.0469,8,08:14:19.277311005
108.0469,1,08:14:19.277370897
108.0469,1,08:14:19.277971656
108.0469,3,08:14:19.278088545
108.0469,4,08:14:19.279355741
108.0469,9,08:14:19.319761347
108.0469,35,08:14:19.320111594
108.0469,8,08:14:19.322662746
108.0469,1,08:14:19.322741068
108.0469,4,08:14:19.322963331
108.0469,1,08:14:19.323922666
108.0469,1,08:14:19.324222790
108.0469,5,08:14:19.324757877
108.0469,5,08:14:19.326222536
108.0469,1,08:14:19.326399749
108.0469,1,08:14:19.326457817
108.0469,1,08:14:19.326512203
108.0469,5,08:14:19.401871171
108.0469,1,08:14:19.402079587
108.0469,1,08:14:19.402123121
108.0469,1,08:14:19.402220038
108.0469,35,08:14:19.402276468
108.0469,1,08:14:19.402519622
108.0469,2,08:14:19.402603898
108.0469,20,08:14:19.402772117
108.0469,6,08:14:19.402825836
108.0469,1,08:14:19.403089217
108.0469,1,08:14:19.403246696
108.0469,1,08:14:19.403301045
108.0469,1,08:14:19.403369972
108.0469,1,08:14:19.403931829
108.0469,5,08:14:19.404893199
108.0469,3,08:14:20.209359882
108.0469,1,08:14:20.209582201
108.0469,1,08:14:20.209628086
108.0469,2,08:14:20.209908060
108.0469,39,08:14:20.534312665
108.0469,35,08:14:20.534407803
108.0469,1,08:14:20.546023560
108.0469,44,08:14:20.546309016
108.0469,1,08:14:20.546600121
108.0469,6,08:14:20.546751258
108.0469,1,08:14:20.546783550
108.0469,1,08:14:20.546868819
108.0469,1,08:14:20.546936766
108.0469,6,08:14:20.547147769
108.0469,1,08:14:20.547278178
108.0469,1,08:14:20.547679263
108.0469,2,08:14:20.547705462
108.0469,1,08:14:20.547725062
108.0469,79,08:14:20.548453762
108.0469,1,08:14:20.548588162
108.0469,1,08:14:20.548653606
108.0469,1,08:14:20.548688903
108.0469,1,08:14:20.548917673
108.0469,38,08:14:21.453279827
108.0469,1,08:14:21.461603620
108.0469,1,08:14:22.056638410
108.0469,1,08:14:22.056764544
108.0469,44,08:14:22.057867321
108.0469,1,08:14:22.058712858
108.0469,1,08:14:22.058816854
108.0469,1,08:14:22.058857476
108.0469,1,08:14:22.058891483
108.0469,1,08:14:22.058937157
108.0469,1,08:14:22.059188756
108.0469,44,08:14:24.655333647
108.0469,16,08:14:24.655380463
108.0469,30,08:14:24.656239114
108.0469,67,08:14:24.658538427
108.0469,1,08:14:24.660004707
108.0469,1,08:14:24.660442114
108.0469,1,08:14:24.661261592
108.0469,6,08:14:24.662902708
108.0469,53,08:14:24.663300395
108.0469,1,08:14:24.663438341
108.0469,1,08:14:24.664920700
108.0469,44,08:14:27.284817285
108.0469,20,08:14:27.285516739
108.0469,3,08:14:27.771463849
108.0469,1,08:14:28.269315316
108.0469,1,08:14:28.269544889
108.0469,74,08:14:28.269854402
108.0469,1,08:14:28.270332194
108.0469,1,08:14:28.270524191
108.0469,1,08:14:28.270562429
108.0469,1,08:14:28.270611784
108.0469,5,08:14:28.272639143
108.0469,1,08:14:28.272825755
108.0469,19,08:14:28.273385200
108.0469,104,08:14:28.275560200
108.0469,38,08:14:28.276079679
108.0469,3,08:14:29.410457642
108.0469,1,08:14:29.410706725
108.0469,60,08:14:30.673220846
108.0469,1,08:14:30.681248413
108.0469,1,08:14:30.681579578
108.0469,68,08:14:30.691159767
108.0469,1,08:14:30.691475057
108.0469,5,08:14:30.691548840
108.0469,11,08:14:30.691591875
108.0469,1,08:14:30.691686289
108.0469,10,08:14:30.691798017
108.0469,20,08:14:30.692327457
108.0469,20,08:14:30.692504396
108.0469,30,08:14:30.692843603
108.0469,1,08:14:30.692997695
108.0469,1,08:14:30.693118120
108.0469,1,08:14:30.693269269
108.0469,88,08:14:30.693480207
108.0469,52,08:14:30.694496246
108.0469,1,08:14:30.694532513
108.0469,13,08:14:30.694554654
108.0469,29,08:14:30.694583225
108.0469,21,08:14:30.694620111
108.0469,10,08:14:30.694653758
108.0469,1,08:14:30.695674453
108.0469,39,08:14:30.697106376
108.0469,1,08:14:30.697282757
108.0469,1,08:14:30.697323494
108.0469,1,08:14:30.697399745
108.0469,1,08:14:30.697938252
108.0469,1,08:14:30.699507948
108.0469,1,08:14:30.707165564
108.0469,1,08:14:30.707380355
108.0469,1,08:14:30.707431018
108.0469,12,08:14:30.707578190
108.0469,3,08:14:30.707614424
108.0469,11,08:14:30.707695175
108.0469,1,08:14:30.707732740
108.0469,1,08:14:30.707808662
108.0469,1,08:14:30.707846566
108.0469,1,08:14:30.707912744
108.0469,1,08:14:32.678124289
108.0469,1,08:14:32.678882464
108.0469,34,08:14:32.678979804
108.0469,2,08:14:32.679041978
108.0469,3,08:14:32.679084219
108.0469,1,08:14:32.679232379
108.0469,1,08:14:32.679271554
108.0469,10,08:14:32.679520803
108.0469,20,08:14:32.679765948
108.0469,1,08:14:32.681451140
108.0469,1,08:14:32.681469646
108.0469,1,08:14:32.681487362
108.0469,5,08:14:32.682557863
108.0469,81,08:14:32.794774160
108.0469,9,08:14:32.810758795
108.0469,45,08:14:32.810904842
108.0469,42,08:14:33.011998242
108.0469,1,08:14:33.012139537
108.0469,5,08:14:33.014134963
108.0469,1,08:14:33.016383421
108.0469,1,08:14:33.016596132
108.0469,78,08:14:33.016887245
108.0469,30,08:14:33.017108088
108.0469,8,08:14:33.017271051
108.0469,1,08:14:38.741031211
108.0469,50,08:14:38.748025527
108.0469,4,08:14:40.183881150
108.0469,4,08:14:40.184134567
108.0469,1,08:14:40.184385887
108.0625,3,08:14:40.898472154
108.0625,4,08:14:50.904635680
108.0625,1,08:14:50.905554445
108.0625,52,08:14:50.905574513
108.0625,1,08:14:50.905663439
108.0625,1,08:14:50.905772097
108.0625,1,08:14:50.905792475
108.0625,22,08:14:50.905832899
108.0625,20,08:14:50.905855087
108.0625,10,08:14:50.906171902
108.0625,2,08:14:50.906223902
108.0625,4,08:14:50.906251614
108.0625,1,08:14:50.906457644
108.0625,1,08:14:50.906549175
108.0625,3,08:14:50.906869704
108.0625,1,08:14:50.906896542
108.0625,36,08:14:50.906929423
108.0625,1,08:14:50.906971759
108.0625,1,08:14:50.906982803
108.0625,1,08:14:50.907003873
108.0625,4,08:14:50.907021284
108.0625,1,08:14:50.907049515
108.0625,1,08:14:50.907066008
108.0625,1,08:14:50.907093336
108.0625,1,08:14:50.907108847
108.0625,1,08:14:50.907129571
108.0625,1,08:14:50.907158298
108.0625,1,08:14:50.907178321
108.0625,1,08:14:50.907205383
108.0625,1,08:14:50.907221656
108.0625,1,08:14:50.907238847
108.0625,1,08:14:50.907260284
108.0625,1,08:14:50.907283702
108.0625,1,08:14:50.907306658
108.0625,1,08:14:50.907333628
108.0625,1,08:14:50.907350765
108.0625,1,08:14:50.907368465
108.0625,1,08:14:50.907394331
108.0625,1,08:14:50.907418872
108.0625,1,08:14:50.907436054
108.0625,1,08:14:50.907994042
108.0625,1,08:14:50.908091120
108.0625,1,08:14:50.908146685
108.0625,1,08:14:50.908196645
108.0625,1,08:14:50.908778842
108.0625,1,08:14:50.908829346
108.0625,1,08:14:50.908852031
108.0625,1,08:14:50.908869807
108.0625,1,08:14:50.908890045
108.0625,1,08:14:50.908909776
108.0625,1,08:14:50.908933901
108.0625,1,08:14:50.908956187
108.0625,1,08:14:50.908988408
108.0625,1,08:14:50.909005110
108.0625,1,08:14:50.909024985
108.0469,1,08:14:57.607394629
108.0469,1,08:14:57.607887215
108.0625,1,08:15:00.265918899
108.0625,10,08:15:10.481951797
108.0625,3,08:15:10.627892910
108.0625,2,08:15:10.814301374
108.0469,1,08:15:10.907674798
108.0625,5,08:15:12.754092773
108.0625,20,08:15:12.937003281
108.0625,12,08:15:13.119660280
108.0625,5,08:15:13.301467611
108.0625,7,08:15:13.483188649
108.0625,5,08:15:13.664566242
108.0625,5,08:15:13.846067349
108.0625,3,08:15:14.028545664
108.0625,3,08:15:14.214016493
108.0625,2,08:15:14.416403250
108.0625,2,08:15:14.598055857
108.0625,2,08:15:18.107437810
108.0625,14,08:15:18.292565093
108.0625,100,08:15:58.465263116
108.0625,1,08:15:59.430920757
108.0625,41,08:16:00.733664591
108.0625,9,08:16:00.737664542
108.0625,1,08:16:04.109284171
108.0625,10,08:16:11.221668125
108.0625,4,08:16:20.163923393
108.0625,31,08:16:21.516458722
108.0625,2,08:16:26.718568483
108.0625,5,08:16:36.079984092
108.0625,14,08:16:36.094065661
108.0625,30,08:16:38.325170243
108.0625,10,08:16:39.699317248
108.0625,45,08:16:42.525041105
108.0625,7,08:16:44.863126496
108.0625,14,08:16:44.877684407
108.0625,7,08:16:44.877742197
108.0625,1,08:16:44.877916582
108.0625,14,08:16:44.878356639
108.0625,1,08:16:44.878420377
108.0625,1,08:16:44.878792625
108.0625,1,08:16:44.878817000
108.0625,1,08:16:44.878898317
108.0625,1,08:16:44.879292543
108.0625,1,08:16:48.013989614
108.0469,1,08:16:49.910891833
108.0625,5,08:16:52.608571202
108.0625,1,08:16:54.336096513
108.0625,29,08:16:56.486308516
108.0625,2,08:16:56.490435211
108.0625,2,08:16:56.491755925
108.0469,8,08:16:58.040133187
108.0469,8,08:16:58.041722461
108.0469,9,08:16:58.043051342
108.0625,1,08:16:58.043852792
108.0469,8,08:16:58.044158196
108.0469,8,08:16:58.045279992
108.0625,1,08:16:58.045457371
108.0469,8,08:16:58.046504416
108.0469,8,08:16:58.047736748
108.0469,9,08:16:58.048932952
108.0469,8,08:16:58.050075557
108.0469,8,08:16:58.051231177
108.0469,8,08:16:58.052515299
108.0469,8,08:16:58.053683511
108.0469,9,08:16:58.054819233
108.0469,8,08:16:58.056348163
108.0469,8,08:16:58.057677325
108.0469,8,08:16:58.058785656
108.0469,8,08:16:58.059865626
108.0469,9,08:16:58.060915339
108.0469,8,08:16:58.061983077
108.0469,8,08:16:58.063082327
108.0469,8,08:16:58.064183863
108.0469,8,08:16:58.065388623
108.0469,8,08:16:58.066512982
108.0469,9,08:16:58.067765241
108.0625,14,08:16:58.068834274
108.0469,8,08:16:58.069669237
108.0469,6,08:16:58.071340147
108.0469,2,08:16:58.071705790
108.0469,1,08:16:58.073983264
108.0469,1,08:16:58.084827492
108.0469,7,08:16:58.085646830
108.0469,1,08:16:58.086758641
108.0625,3,08:16:58.114576215
108.0625,1,08:16:58.152116907
108.0625,1,08:16:58.154792493
108.0469,25,08:17:00.709359118
108.0469,8,08:17:01.078658404
108.0469,8,08:17:01.079961384
108.0469,9,08:17:02.100317403
108.0469,8,08:17:02.101261035
108.0469,8,08:17:02.102354676
108.0469,8,08:17:02.103909939
108.0469,8,08:17:02.104797388
108.0469,9,08:17:02.105974268
108.0469,8,08:17:02.107109616
108.0625,150,08:17:07.897057068
108.0469,8,08:17:09.211846100
108.0469,6,08:17:10.018207451
108.0469,2,08:17:10.018956736
108.0469,2,08:17:10.020354985
108.0469,2,08:17:10.021534952
108.0469,6,08:17:10.022298939
108.0469,2,08:17:10.022888032
108.0469,5,08:17:10.218018701
108.0469,3,08:17:10.218735634
108.0469,8,08:17:12.798394121
108.0469,4,08:17:12.800083102
108.0469,4,08:17:12.800781616
108.0469,6,08:17:12.802228556
108.0469,1,08:17:12.803224954
108.0469,1,08:17:12.804065794
108.0469,1,08:17:12.804620611
108.0469,1,08:17:12.805024353
108.0469,1,08:17:12.805463329
108.0469,1,08:17:12.805986044
108.0469,1,08:17:12.806455240
108.0469,4,08:17:12.807400050
108.0469,2,08:17:12.807888063
108.0469,1,08:17:12.808234287
108.0469,3,08:17:12.809150949
108.0469,2,08:17:12.809692304
108.0469,3,08:17:12.810384900
108.0469,1,08:17:12.810917404
108.0469,1,08:17:12.811489910
108.0469,3,08:17:12.812103076
108.0469,3,08:17:12.812629477
108.0469,1,08:17:12.813448623
108.0469,3,08:17:12.813707050
108.0469,3,08:17:12.814095905
108.0469,2,08:17:12.814970698
108.0469,8,08:17:12.816015839
108.0469,5,08:17:12.816821814
108.0469,3,08:17:12.817538705
108.0469,2,08:17:12.818574643
108.0469,8,08:17:13.647931656
108.0469,3,08:17:13.649065379
108.0469,5,08:17:13.649540374
108.0469,2,08:17:13.650622153
108.0469,6,08:17:13.651357793
108.0469,7,08:17:13.652620314
108.0469,1,08:17:13.653527978
108.0469,7,08:17:13.654384816
108.0469,1,08:17:13.654888930
108.0469,8,08:17:13.657802166
108.0469,1,08:17:13.658346331
108.0625,17,08:17:15.427192729
108.0469,1,08:17:16.757885463
108.0469,7,08:17:16.758387952
108.0469,7,08:17:16.759979684
108.0469,1,08:17:16.760641144
108.0469,1,08:17:16.761098026
108.0469,6,08:17:16.761877479
108.0469,1,08:17:16.762324874
108.0469,2,08:17:16.810969191
108.0469,5,08:17:16.811830907
108.0469,1,08:17:16.812528665
108.0469,3,08:17:20.864076192
108.0469,5,08:17:20.864752286
108.0469,1,08:17:20.866138935
108.0469,7,08:17:20.866764644
108.0469,8,08:17:20.868145263
108.0469,12,08:17:22.160604729
108.0469,9,08:17:23.309636224
108.0469,8,08:17:23.310924285
108.0469,1,08:17:24.483169005
108.0469,7,08:17:24.483852487
108.0469,1,08:17:24.485291633
108.0625,29,08:17:32.808984664
108.0469,1,08:17:32.813265352
108.0469,7,08:17:32.813970080
108.0469,1,08:17:38.022168687
108.0625,1,08:17:42.400628210
108.0625,1,08:17:43.686267584
108.0625,1,08:17:43.694590392
108.0625,1,08:17:43.695267176
108.0625,1,08:17:43.695309856
108.0625,13,08:17:43.697319301
108.0625,1,08:17:43.698395905
108.0625,6,08:17:43.698494061
108.0625,50,08:17:44.879202669
108.0625,30,08:17:50.969441680
108.0469,1,08:17:50.982238709
108.0625,200,08:18:06.570944423
108.0469,1,08:18:06.574924418
108.0625,30,08:18:09.130317345
108.0625,1,08:18:09.145645827
108.0625,1,08:18:09.150740679
108.0625,157,08:18:09.152241877
108.0625,48,08:18:09.156575507
108.0625,9,08:18:09.157898522
108.0625,4,08:18:09.158351990
108.0625,39,08:18:09.162246699
108.0625,26,08:18:09.162433794
108.0625,4,08:18:09.162929881
108.0625,44,08:18:09.163040008
108.0625,34,08:18:09.163258809
108.0625,12,08:18:09.165011494
108.0625,9,08:18:09.166366862
108.0625,41,08:18:09.166531627
108.0625,4,08:18:09.168755352
108.0469,5,08:18:09.169200257
108.0625,5,08:18:09.169243100
108.0625,26,08:18:09.169662455
108.0625,1,08:18:09.169891276
108.0625,1,08:18:09.170164696
108.0625,40,08:18:09.170229481
108.0625,3,08:18:09.170278864
108.0625,1,08:18:09.170297297
108.0625,1,08:18:09.170433709
108.0625,17,08:18:09.170546169
108.0625,2,08:18:09.171882302
108.0625,1,08:18:09.172007424
108.0625,5,08:18:09.172451984
108.0625,5,08:18:09.172584709
108.0625,2,08:18:09.172627436
108.0625,1,08:18:09.173423235
108.0625,5,08:18:09.173520309
108.0625,25,08:18:09.173709915
108.0625,8,08:18:09.195572152
108.0625,1,08:18:09.195735058
108.0625,1,08:18:09.195814416
108.0625,1,08:18:09.195893586
108.0625,5,08:18:09.216086038
108.0625,1,08:18:09.228400862
108.0625,3,08:18:09.264889502
108.0625,1,08:18:09.265009203
108.0625,3,08:18:09.265122633
108.0625,41,08:18:09.272233257
108.0625,1,08:18:09.272463655
108.0625,5,08:18:09.272663992
108.0625,1,08:18:09.278735067
108.0625,3,08:18:09.278943574
108.0625,1,08:18:09.278999069
108.0625,1,08:18:09.279082112
108.0625,23,08:18:09.280007272
108.0625,1,08:18:09.280192528
108.0625,1,08:18:09.280233318
108.0625,1,08:18:09.280282328
108.0625,3,08:18:09.280367970
108.0625,8,08:18:09.326509426
108.0625,9,08:18:09.327657821
108.0625,8,08:18:09.328810378
108.0625,8,08:18:09.329940360
108.0625,1,08:18:09.330468991
108.0625,8,08:18:09.331174205
108.0625,1,08:18:09.331587292
108.0625,8,08:18:09.332306830
108.0625,9,08:18:09.338600310
108.0625,1,08:18:09.338962394
108.0625,8,08:18:09.339987122
108.0625,8,08:18:09.341482848
108.0625,8,08:18:09.343112660
108.0625,8,08:18:09.344498154
108.0625,9,08:18:09.345237666
108.0625,8,08:18:09.346378909
108.0625,8,08:18:09.349247075
108.0625,8,08:18:09.350409569
108.0625,8,08:18:09.351422108
108.0625,9,08:18:09.352618205
108.0625,1,08:18:09.353665795
108.0625,8,08:18:09.354277874
108.0625,1,08:18:09.630945749
108.0625,7,08:18:09.631585058
108.0625,6,08:18:09.632857582
108.0625,2,08:18:09.633332696
108.0625,7,08:18:09.634212336
108.0625,1,08:18:09.634426485
108.0625,7,08:18:09.635295640
108.0625,1,08:18:09.636581011
108.0625,7,08:18:09.637200480
108.0625,1,08:18:09.638285801
108.0625,8,08:18:09.640170479
108.0625,3,08:18:09.641220526
108.0625,8,08:18:09.643804700
108.0625,44,08:18:10.023129180
108.0625,50,08:18:10.023926780
108.0625,1,08:18:10.024072431
108.0625,1,08:18:10.024180298
108.0625,19,08:18:10.024408262
108.0469,9,08:18:10.024601797
108.0625,41,08:18:10.027559103
108.0625,8,08:18:10.028232473
108.0625,1,08:18:10.028270349
108.0625,34,08:18:10.028674737
108.0625,11,08:18:10.028742118
108.0625,1,08:18:10.028827109
108.0625,10,08:18:10.028884931
108.0625,5,08:18:10.028933274
108.0625,1,08:18:10.028966686
108.0625,9,08:18:10.029039417
108.0625,1,08:18:10.040159206
108.0625,2,08:18:10.040242463
108.0625,6,08:18:10.040492714
108.0625,1,08:18:10.040961616
108.0625,1,08:18:10.041245318
108.0625,4,08:18:10.041326820
108.0625,1,08:18:10.044499883
108.0625,44,08:18:10.727045185
108.0625,16,08:18:10.727168856
108.0625,15,08:18:10.731505769
108.0625,1,08:18:10.732001836
108.0625,26,08:18:10.739635040
108.0625,1,08:18:10.739872062
108.0625,1,08:18:10.739997673
108.0625,10,08:18:10.740221851
108.0625,1,08:18:10.740395561
108.0625,6,08:18:10.740595478
108.0625,1,08:18:10.740725980
108.0625,1,08:18:10.740818075
108.0625,5,08:18:10.740865032
108.0625,1,08:18:10.740910108
108.0625,1,08:18:10.740941338
108.0625,1,08:18:10.741260890
108.0625,1,08:18:10.741557075
108.0625,1,08:18:10.741828057
108.0625,4,08:18:10.741888893
108.0625,3,08:18:10.741918929
108.0625,2,08:18:10.742027142
108.0625,1,08:18:10.742441873
108.0625,17,08:18:10.742652454
108.0625,1,08:18:10.742873812
108.0625,2,08:18:10.743520023
108.0625,1,08:18:11.120227856
108.0625,1,08:18:11.120432445
108.0625,1,08:18:11.120550297
108.0625,3,08:18:11.120592077
108.0625,1,08:18:11.121881979
108.0625,4,08:18:11.121973278
108.0625,1,08:18:11.122011420
108.0625,3,08:18:11.122028987
108.0625,1,08:18:11.122416620
108.0625,20,08:18:11.122445612
108.0625,2,08:18:11.122935644
108.0625,1,08:18:11.122959299
108.0625,1,08:18:11.122984228
108.0625,1,08:18:11.123066072
108.0625,2,08:18:11.123213455
108.0625,1,08:18:11.131679235
108.0625,4,08:18:11.184368561
108.0625,1,08:18:15.575625136
108.0625,39,08:18:31.618195851
108.0625,75,08:18:31.618854955
108.0625,1,08:18:31.619339151
108.0625,1,08:18:31.619414429
108.0625,1,08:18:31.619452910
108.0625,2,08:18:31.619473522
108.0625,1,08:18:31.619500869
108.0625,29,08:18:31.619520667
108.0625,1,08:18:31.619555036
108.0625,1,08:18:31.619573414
108.0625,1,08:18:31.619597802
108.0625,1,08:18:31.619617322
108.0625,1,08:18:31.619633797
108.0625,1,08:18:31.619654421
108.0625,1,08:18:31.619675826
108.0625,1,08:18:31.619703830
108.0625,1,08:18:31.619737642
108.0625,1,08:18:31.619773732
108.0625,1,08:18:31.619809934
108.0625,1,08:18:31.619869945
108.0625,1,08:18:31.619911034
108.0625,1,08:18:31.619945771
108.0625,1,08:18:31.619966891
108.0625,1,08:18:31.619995237
108.0625,1,08:18:31.620042697
108.0625,1,08:18:31.620064426
108.0625,1,08:18:31.620099988
108.0625,1,08:18:31.620315116
108.0625,1,08:18:31.620506345
108.0625,12,08:18:31.620633785
108.0625,1,08:18:31.620696455
108.0625,1,08:18:31.620827267
108.0625,1,08:18:31.620871108
108.0625,1,08:18:31.621164580
108.0625,1,08:18:31.621742524
108.0625,1,08:18:31.621787495
108.0625,25,08:18:31.784579525
108.0469,8,08:18:36.792706933
108.0469,8,08:18:36.793894121
108.0625,10,08:18:38.091584806
108.0625,4,08:18:42.819839002
108.0469,1,08:18:45.619745085
108.0625,1,08:18:51.452819801
108.0469,3,08:19:00.266460514
108.0469,1,08:19:00.266727290
108.0469,349,08:19:06.252422271
108.0469,2,08:19:06.263505813
108.0313,1,08:19:08.956668415
108.0313,300,08:19:10.493470710
108.0313,2,08:19:10.493907433
108.0313,85,08:19:10.494540031
108.0313,17,08:19:10.494815192
108.0313,6,08:19:10.494860383
108.0313,11,08:19:10.494945902
108.0313,21,08:19:10.494982453
108.0313,6,08:19:10.495073879
108.0313,5,08:19:10.495073879
108.0313,5,08:19:10.495145509
108.0313,1,08:19:10.495207926
108.0313,52,08:19:10.495207926
108.0313,1,08:19:10.495245482
108.0313,136,08:19:10.495471369
108.0313,24,08:19:10.495919416
108.0313,1,08:19:10.495968620
108.0313,59,08:19:10.496389342
108.0313,39,08:19:10.499895796
108.0313,14,08:19:10.503541016
108.0313,1,08:19:10.504160373
108.0313,1,08:19:10.504184773
108.0313,41,08:19:10.504349480
108.0313,1,08:19:10.504583309
108.0313,88,08:19:10.504634087
108.0313,10,08:19:10.504686488
108.0313,1,08:19:10.504895469
108.0313,1,08:19:10.505068599
108.0313,1,08:19:10.505709162
108.0313,53,08:19:10.505828701
108.0313,1,08:19:10.506614310
108.0313,1,08:19:10.507059471
108.0313,1,08:19:10.508961464
108.0313,1,08:19:10.509930815
108.0469,2,08:19:12.100645145
108.0469,78,08:19:17.974473375
108.0469,38,08:19:17.974672500
108.0469,44,08:19:17.974869308
108.0469,76,08:19:17.975180962
108.0469,44,08:19:17.975395827
108.0469,38,08:19:17.975681494
108.0469,15,08:19:17.975806811
108.0469,1,08:19:17.977592905
108.0469,18,08:19:17.977661136
108.0469,41,08:19:17.977799162
108.0469,1,08:19:17.981371833
108.0469,1,08:19:17.981680210
108.0469,2,08:19:17.985195846
108.0469,2,08:19:18.009023635
108.0469,45,08:19:18.009238750
108.0469,2,08:19:18.010407462
108.0469,1,08:19:18.010690197
108.0469,4,08:19:18.011452187
108.0469,5,08:19:18.011640123
108.0469,1,08:19:20.179123711
108.0469,200,08:19:28.813409051
108.0469,1,08:19:28.813537092
108.0469,1,08:19:28.816000053
108.0469,1,08:19:28.816202959
108.0469,1,08:19:28.816222066
108.0469,1,08:19:28.816244067
108.0469,1,08:19:28.816557124
108.0469,106,08:19:28.817000192
108.0469,3,08:19:28.818010340
108.0469,1,08:19:28.818041400
108.0469,1,08:19:28.818056012
108.0469,1,08:19:28.818089219
108.0469,1,08:19:28.819299234
108.0469,2,08:19:28.820802914
108.0469,34,08:19:28.821010200
108.0469,1,08:19:28.821857205
108.0469,1,08:19:28.822050924
108.0313,600,08:19:54.045956736
108.0313,1,08:19:54.061571666
108.0313,1,08:19:54.061973226
108.0313,2,08:19:54.062003985
108.0313,1,08:19:54.062093664
108.0313,1,08:19:54.062692015
108.0313,44,08:19:54.063626526
108.0313,39,08:19:54.063742727
108.0313,39,08:19:54.064029268
108.0313,24,08:19:54.064655516
108.0313,1,08:19:54.064826422
108.0313,1,08:19:54.064884891
108.0313,17,08:19:54.064944476
108.0313,1,08:19:54.065003518
108.0313,1,08:19:54.065032331
108.0313,1,08:19:54.065091596
108.0313,1,08:19:54.065202660
108.0313,1,08:19:54.065276675
108.0313,4,08:19:54.065351732
108.0313,91,08:19:54.065611488
108.0313,2,08:19:54.067842311
108.0156,50,08:19:55.346365691
108.0156,6,08:19:55.346393555
108.0156,2,08:19:55.346411552
108.0156,3,08:19:55.346466184
108.0156,20,08:19:55.346840168
108.0156,30,08:19:55.347020200
108.0156,4,08:19:55.347203260
108.0156,44,08:19:55.347469886
108.0156,44,08:19:55.347611154
108.0156,1,08:19:55.347625049
108.0156,2,08:19:55.347652450
108.0156,1,08:19:55.347671961
108.0156,1,08:19:55.347698429
108.0156,1,08:19:55.347746417
108.0156,1,08:19:55.347823756
108.0156,1,08:19:55.347839658
108.0156,1,08:19:55.347865098
108.0156,1,08:19:55.347882615
108.0156,1,08:19:55.347945244
108.0156,1,08:19:55.347978281
108.0156,1,08:19:55.347997164
108.0156,1,08:19:55.348027407
108.0156,1,08:19:55.348077243
108.0156,1,08:19:55.348137266
108.0156,1,08:19:55.348170423
108.0156,1,08:19:55.348193002
108.0156,1,08:19:55.348233243
108.0156,1,08:19:55.348251628
108.0156,1,08:19:55.348290579
108.0156,1,08:19:55.348329562
108.0156,5,08:19:55.348348430
108.0156,1,08:19:55.348375927
108.0156,1,08:19:55.348424277
108.0156,12,08:19:55.348458335
108.0156,1,08:19:55.348601766
108.0156,1,08:19:55.348759471
108.0156,2,08:19:55.348774921
108.0156,1,08:19:55.349068459
108.0156,1,08:19:55.349120735
108.0156,1,08:19:55.349208091
108.0156,1,08:19:55.349244905
108.0156,5,08:19:55.349316743
108.0156,1,08:19:55.349332743
108.0156,4,08:19:55.349375435
108.0156,1,08:19:55.349437981
108.0156,1,08:19:55.349620980
108.0156,3,08:19:55.349655054
108.0156,46,08:19:55.349800622
108.0156,5,08:19:55.349866245
108.0156,30,08:19:55.350283832
108.0156,5,08:19:55.350911547
108.0156,1,08:19:55.351510538
108.0156,5,08:19:55.351539595
108.0156,1,08:19:55.351576632
108.0156,1,08:19:55.351607474
108.0156,1,08:19:55.351674362
108.0156,1,08:19:55.352161850
108.0156,44,08:19:55.352278870
108.0156,1,08:19:55.352469207
108.0156,3,08:19:55.352556978
108.0156,1,08:19:55.352745805
108.0156,50,08:19:55.352767175
108.0156,5,08:19:55.352808212
108.0156,1,08:19:55.352868124
108.0156,9,08:19:55.352956247
108.0156,1,08:19:55.354086289
108.0156,1,08:19:55.354181293
108.0156,1,08:19:55.354547645
108.0156,70,08:19:55.355334253
108.0156,7,08:19:55.355426755
108.0156,1,08:19:55.356319022
108.0156,64,08:19:55.379414204
108.0156,1,08:19:55.379731686
108.0156,1,08:19:55.379813259
108.0313,1,08:19:55.545917462
108.0156,1,08:19:56.273367663
108.0156,4,08:19:57.445503520
108.0313,58,08:19:59.316538218
108.0156,22,08:19:59.811427368
108.0156,1,08:19:59.812504817
108.0313,15,08:19:59.858534202
108.0156,2,08:19:59.950458941
108.0156,15,08:20:00.025799895
108.0156,15,08:20:00.040333365
108.0156,6,08:20:00.041789884
108.0156,1,08:20:00.043412637
108.0156,10,08:20:00.045903285
108.0313,1,08:20:00.290868980
108.0156,1,08:20:00.355229666
108.0156,1,08:20:00.817646393
108.0156,6,08:20:00.852118006
108.0156,2,08:20:01.178160919
108.0156,6,08:20:01.325870542
108.0156,1,08:20:01.427135102
108.0156,1,08:20:01.964704769
108.0313,1,08:20:02.417734020
108.0156,1,08:20:02.529748448
108.0156,1,08:20:03.422337777
108.0156,8,08:20:04.788912077
108.0313,1,08:20:04.791482174
108.0313,1,08:20:04.832644959
108.0156,1,08:20:05.169786924
108.0156,7,08:20:05.170451004
108.0156,4,08:20:05.185054294
108.0313,1,08:20:08.838893109
108.0313,2,08:20:13.654117346
108.0156,7,08:20:15.620312784
108.0313,3,08:20:20.060000827
108.0156,4,08:20:30.712916981
108.0156,2,08:20:34.088336575
108.0313,900,08:20:34.286419394
108.0313,3,08:20:34.302501145
108.0313,7,08:20:34.302832607
108.0313,21,08:20:34.303076446
108.0313,1,08:20:34.304904374
108.0313,7,08:20:34.310874833
108.0313,41,08:20:34.357971674
108.0313,1,08:20:34.358107696
108.0313,1,08:20:34.358171463
108.0313,2,08:20:34.358205265
108.0313,1,08:20:34.358205265
108.0313,5,08:20:34.358381836
108.0313,1,08:20:34.358412450
108.0313,1,08:20:34.358456084
108.0313,30,08:20:34.358516075
108.0313,20,08:20:34.358543880
108.0313,2,08:20:34.358716735
108.0313,1,08:20:34.358738969
108.0313,1,08:20:34.358795239
108.0313,5,08:20:34.358820276
108.0313,1,08:20:34.359008542
108.0313,4,08:20:34.359097540
108.0313,2,08:20:34.359230688
108.0313,50,08:20:34.359379055
108.0313,4,08:20:34.359635352
108.0313,17,08:20:34.359867773
108.0313,3,08:20:34.359982715
108.0313,1,08:20:34.360096651
108.0313,1,08:20:34.360837677
108.0313,1,08:20:34.360937026
108.0313,1,08:20:34.361041713
108.0313,6,08:20:34.361064299
108.0313,44,08:20:34.364683704
108.0313,1,08:20:34.364927541
108.0313,47,08:20:34.364980250
108.0313,1,08:20:34.365000628
108.0313,1,08:20:34.365064654
108.0313,1,08:20:34.365089769
108.0313,1,08:20:34.365151164
108.0313,1,08:20:34.365183738
108.0313,1,08:20:34.365236299
108.0313,1,08:20:34.365260990
108.0313,1,08:20:34.365368184
108.0313,1,08:20:34.365381992
108.0313,1,08:20:34.365417212
108.0313,1,08:20:34.365443901
108.0313,1,08:20:34.365479786
108.0313,1,08:20:34.365532002
108.0313,1,08:20:34.365560982
108.0313,1,08:20:34.365592323
108.0313,35,08:20:34.365680725
108.0313,1,08:20:34.365800059
108.0313,1,08:20:34.365921805
108.0313,15,08:20:34.366177611
108.0313,1,08:20:34.366210342
108.0313,1,08:20:34.366375528
108.0313,2,08:20:34.366693648
108.0313,5,08:20:34.366844025
108.0313,38,08:20:34.366949000
108.0313,3,08:20:34.367018470
108.0313,1,08:20:34.367097163
108.0313,1,08:20:34.367227652
108.0313,1,08:20:34.367296582
108.0313,26,08:20:34.367762473
108.0313,1,08:20:34.368210443
108.0313,9,08:20:34.368343937
108.0313,1,08:20:34.368369342
108.0313,11,08:20:34.368410303
108.0313,1,08:20:34.368978935
108.0313,1,08:20:34.369158465
108.0313,92,08:20:34.369726714
108.0313,1,08:20:34.369791799
108.0313,1,08:20:34.369850261
108.0313,1,08:20:34.369914596
108.0313,2,08:20:34.370024255
108.0313,1,08:20:34.370057156
108.0313,1,08:20:34.370280850
108.0313,1,08:20:34.370302981
108.0313,1,08:20:34.370590872
108.0313,5,08:20:34.370690893
108.0313,1,08:20:34.389262915
108.0313,20,08:20:34.389529042
108.0313,64,08:20:34.394721611
108.0313,1,08:20:34.394947727
108.0313,1,08:20:34.395103004
108.0313,1,08:20:34.395138833
108.0313,1,08:20:34.395167053
108.0313,1,08:20:34.395197854
108.0313,1,08:20:34.395232561
108.0313,1,08:20:34.395257510
108.0313,1,08:20:34.395289577
108.0313,1,08:20:34.395318099
108.0313,6,08:20:34.395373880
108.0313,1,08:20:34.395471885
108.0313,5,08:20:34.395612483
108.0313,1,08:20:34.396592816
108.0313,21,08:20:34.397050310
108.0313,1,08:20:34.397263755
108.0313,1,08:20:34.397303039
108.0313,1,08:20:34.414105588
108.0313,2,08:20:34.449091115
108.0313,9,08:20:34.487476707
108.0313,1,08:20:34.513158198
108.0313,1,08:20:34.543144920
108.0313,44,08:20:35.404603422
108.0313,18,08:20:35.404717876
108.0313,44,08:20:35.404894765
108.0313,1,08:20:35.405703633
108.0313,1,08:20:35.405763471
108.0313,1,08:20:35.405789862
108.0313,1,08:20:35.405808173
108.0313,1,08:20:35.405839953
108.0313,1,08:20:35.405855595
108.0313,1,08:20:35.405911794
108.0313,1,08:20:35.405940358
108.0313,1,08:20:35.405959331
108.0313,1,08:20:35.405994090
108.0313,1,08:20:35.406020382
108.0313,4,08:20:35.406060191
108.0313,1,08:20:35.406099058
108.0313,1,08:20:35.406112042
108.0313,1,08:20:35.406143060
108.0313,1,08:20:35.406171208
108.0313,1,08:20:35.406199954
108.0313,10,08:20:35.426572166
108.0313,1,08:20:35.426704063
108.0313,10,08:20:35.426809933
108.0313,3,08:20:35.455242291
108.0313,1,08:20:35.455434011
108.0313,1,08:20:35.455476920
108.0313,2,08:20:35.860969486
108.0313,5,08:20:36.065967013
108.0313,39,08:20:37.551277284
108.0313,7,08:20:37.551456571
108.0313,1,08:20:37.552207335
108.0313,1,08:20:37.552245035
108.0313,1,08:20:37.552271640
108.0313,1,08:20:37.552295362
108.0313,1,08:20:37.552321122
108.0313,1,08:20:37.552344330
108.0313,1,08:20:37.552364576
108.0313,1,08:20:37.552388299
108.0313,1,08:20:37.552408203
108.0313,1,08:20:37.552432543
108.0313,1,08:20:37.552456588
108.0313,1,08:20:37.552481536
108.0313,1,08:20:37.552503098
108.0313,1,08:20:37.552526320
108.0313,1,08:20:37.552555050
108.0313,1,08:20:37.552576222
108.0313,1,08:20:37.552603055
108.0313,1,08:20:37.552623657
108.0313,1,08:20:37.552656806
108.0313,1,08:20:37.552690996
108.0313,1,08:20:37.552723246
108.0313,1,08:20:37.552783538
108.0313,22,08:20:37.553905308
108.0313,1,08:20:37.555527776
108.0313,1,08:20:37.555611493
108.0313,1,08:20:37.555763138
108.0313,1,08:20:37.556119845
108.0313,2,08:20:37.556157075
108.0313,1,08:20:37.556190397
108.0313,1,08:20:37.556413867
108.0313,1,08:20:37.556671991
108.0313,2,08:20:37.557428435
108.0313,1,08:20:37.557519121
108.0313,1,08:20:37.557782730
108.0313,1,08:20:37.557832750
108.0313,1,08:20:37.559494621
108.0313,6,08:20:37.577258047
108.0156,4,08:20:38.074236636
108.0313,30,08:20:38.412911439
108.0313,1,08:20:38.412964109
108.0313,1,08:20:38.413036702
108.0313,7,08:20:38.413132553
108.0313,1,08:20:38.413177950
108.0313,4,08:20:38.413355700
108.0313,11,08:20:38.413394105
108.0313,11,08:20:38.413480305
108.0313,1,08:20:38.413556902
108.0313,1,08:20:38.413584262
108.0313,1,08:20:38.415657354
108.0469,2,08:20:39.930106165
108.0469,22,08:20:40.442103061
108.0469,1,08:20:40.442281625
108.0469,1,08:20:40.442408949
108.0469,2,08:20:40.530886127
108.0469,202,08:20:40.715857010
108.0469,51,08:20:40.716348281
108.0469,1,08:20:40.716375699
108.0469,1,08:20:40.716402142
108.0469,1,08:20:40.716426984
108.0469,1,08:20:40.716458462
108.0469,1,08:20:40.716474104
108.0469,1,08:20:40.716503538
108.0469,54,08:20:40.716537817
108.0469,1,08:20:40.716568778
108.0469,1,08:20:40.716589018
108.0469,1,08:20:40.716613205
108.0469,1,08:20:40.716636796
108.0469,1,08:20:40.716678550
108.0469,1,08:20:40.716703421
108.0469,8,08:20:40.716739230
108.0469,1,08:20:40.716795583
108.0469,1,08:20:40.716806415
108.0469,1,08:20:40.716852352
108.0469,1,08:20:40.716925144
108.0469,1,08:20:40.716961667
108.0469,1,08:20:40.716981116
108.0469,1,08:20:40.717007043
108.0469,1,08:20:40.717028862
108.0469,1,08:20:40.717054842
108.0469,1,08:20:40.717161878
108.0469,5,08:20:40.717368628
108.0469,1,08:20:40.717419538
108.0469,1,08:20:40.717531812
108.0469,12,08:20:40.717557089
108.0469,1,08:20:40.717574303
108.0469,10,08:20:40.717600668
108.0469,50,08:20:40.717646420
108.0469,1,08:20:40.717690420
108.0469,6,08:20:40.717728677
108.0469,74,08:20:40.717771295
108.0469,13,08:20:40.717799142
108.0469,1,08:20:40.717843360
108.0469,8,08:20:40.717893723
108.0469,2,08:20:40.717932118
108.0469,15,08:20:40.717978372
108.0469,1,08:20:40.718392422
108.0469,23,08:20:40.718649547
108.0469,1,08:20:40.718713529
108.0469,1,08:20:40.719108366
108.0469,44,08:20:40.719142699
108.0469,44,08:20:40.719367740
108.0469,89,08:20:40.719452642
108.0469,22,08:20:40.719597076
108.0469,1,08:20:40.719662066
108.0469,2,08:20:40.719741137
108.0469,4,08:20:40.719778414
108.0469,1,08:20:40.719806395
108.0469,7,08:20:40.720956877
108.0469,1,08:20:40.722291466
108.0469,1,08:20:40.722618561
108.0469,1,08:20:40.722698934
108.0469,24,08:20:40.722809195
108.0469,1,08:20:40.723106318
108.0469,175,08:20:40.726074515
108.0469,1,08:20:40.726725555
108.0469,1,08:20:40.726879882
108.0469,19,08:20:40.752143978
108.0469,1,08:20:40.752300531
108.0469,1,08:20:40.752377230
108.0313,100,08:20:41.575199905
108.0313,8,08:20:46.463334305
108.0469,1,08:20:53.108705275
108.0469,1,08:20:55.414559568
108.0469,4,08:20:58.481948111
108.0469,12,08:20:59.411496978
108.0469,43,08:20:59.507323788
108.0313,13,08:21:03.105022527
108.0313,3,08:21:08.483384314
108.0469,14,08:21:09.736158049
108.0469,9,08:21:10.205401632
108.0469,1,08:21:10.205984020
108.0469,78,08:21:10.206432817
108.0469,44,08:21:10.206987913
108.0469,9,08:21:10.207235669
108.0469,44,08:21:10.207409207
108.0469,76,08:21:10.207480566
108.0469,17,08:21:10.207744818
108.0469,1,08:21:10.208465284
108.0469,1,08:21:10.209044012
108.0469,1,08:21:10.209505769
108.0469,1,08:21:10.209592119
108.0469,27,08:21:10.209625553
108.0469,1,08:21:10.209666405
108.0469,1,08:21:10.209826265
108.0469,1,08:21:10.209911991
108.0469,2,08:21:10.209949954
108.0469,78,08:21:10.210296239
108.0469,1,08:21:10.210999053
108.0469,1,08:21:10.211024196
108.0469,52,08:21:10.211058798
108.0469,44,08:21:10.211551934
108.0469,1,08:21:10.211637235
108.0469,2,08:21:10.211681550
108.0469,1,08:21:10.211734546
108.0469,4,08:21:10.211799207
108.0469,10,08:21:10.211832251
108.0469,1,08:21:10.211853428
108.0469,10,08:21:10.211920362
108.0469,1,08:21:10.212067718
108.0469,1,08:21:10.212083251
108.0469,1,08:21:10.212117473
108.0469,7,08:21:10.212352984
108.0469,33,08:21:10.212712719
108.0469,1,08:21:10.213841696
108.0469,3,08:21:10.214798896
108.0469,1,08:21:10.217871889
108.0469,1,08:21:10.218041579
108.0469,3,08:21:10.239939418
108.0469,6,08:21:12.863644157
108.0625,8,08:21:13.698422953
108.0469,2,08:21:21.575409569
108.0469,2,08:21:26.159308540
108.0469,3,08:21:26.159401985
108.0469,1,08:21:26.159949542
108.0469,94,08:21:26.160183962
108.0469,10,08:21:26.160389493
108.0469,3,08:21:26.160455555
108.0469,1,08:21:26.160747759
108.0469,1,08:21:26.160772201
108.0469,1113,08:21:26.161478139
108.0469,3,08:21:26.167590672
108.0469,744,08:21:26.168250851
108.0469,1,08:21:26.169871114
108.0469,2,08:21:26.170045688
108.0469,1,08:21:26.170072965
108.0469,26,08:21:26.170170928
108.0469,3,08:21:26.170840721
108.0469,3,08:21:26.171283434
108.0469,1,08:21:26.171423126
108.0469,19,08:21:26.172916235
108.0469,1,08:21:26.173263912
108.0469,1,08:21:26.173282130
108.0469,1,08:21:26.173427650
108.0469,1,08:21:26.174090578
108.0469,1,08:21:26.175502610
108.0469,39,08:21:26.479517007
108.0469,1,08:21:26.479659899
108.0469,1,08:21:26.479693257
108.0469,13,08:21:26.479785425
108.0469,2,08:21:26.479830949
108.0469,31,08:21:26.479918317
108.0469,1,08:21:26.479953656
108.0469,1,08:21:26.480046483
108.0469,3,08:21:26.480083419
108.0469,5,08:21:26.480121937
108.0469,30,08:21:26.480393514
108.0469,1,08:21:26.480481475
108.0469,1,08:21:26.480518137
108.0469,36,08:21:26.480730270
108.0469,65,08:21:26.481960810
108.0469,14,08:21:26.482734768
108.0469,1,08:21:26.482763635
108.0469,137,08:21:26.483732074
108.0469,1,08:21:26.483847491
108.0469,1,08:21:26.484135366
108.0469,19,08:21:26.484182070
108.0469,1,08:21:26.484363185
108.0469,8,08:21:26.485069493
108.0469,3,08:21:26.485097983
108.0469,16,08:21:26.485121895
108.0469,78,08:21:26.485400255
108.0469,2,08:21:26.485533826
108.0469,1,08:21:26.485619741
108.0469,1,08:21:26.485640999
108.0469,44,08:21:26.485671096
108.0469,1,08:21:26.486354870
108.0469,1,08:21:26.486543532
108.0469,12,08:21:26.486678720
108.0469,1,08:21:26.486920657
108.0469,1,08:21:26.487502272
108.0469,1,08:21:26.487617071
108.0469,1,08:21:26.487871549
108.0469,3,08:21:42.707418307
108.0469,375,08:21:54.271996282
108.0469,1,08:21:56.066312693
108.0469,1,08:21:56.924298092
108.0469,800,08:21:57.245567152
108.0469,1,08:21:57.247069867
108.0469,2,08:21:57.249966713
108.0469,1,08:21:57.255607809
108.0469,13,08:21:57.257849626
108.0469,5,08:21:57.260152585
108.0469,1,08:21:57.261857100
108.0469,3,08:21:57.263939417
108.0469,2,08:21:57.266770869
108.0469,3,08:21:57.280484822
108.0469,2,08:21:57.283368755
108.0469,1,08:21:57.283739697
108.0469,39,08:22:01.313886774
108.0469,4,08:22:01.313910848
108.0469,39,08:22:01.313948590
108.0469,190,08:22:01.314289080
108.0469,88,08:22:01.314537802
108.0469,114,08:22:01.314967855
108.0469,26,08:22:01.315149868
108.0469,38,08:22:01.315307658
108.0469,38,08:22:01.315706055
108.0469,312,08:22:01.316552369
108.0469,1,08:22:01.317002908
108.0469,1,08:22:01.317160389
108.0469,1,08:22:01.317206829
108.0469,1,08:22:01.317237111
108.0469,1,08:22:01.317447630
108.0469,15,08:22:01.317526654
108.0469,10,08:22:01.317605351
108.0469,5,08:22:01.322364436
108.0469,41,08:22:01.323102208
108.0313,3,08:22:02.638781581
108.0313,22,08:22:04.650586059
108.0313,6,08:22:06.622040957
108.0469,1,08:22:08.442451106
108.0469,1,08:22:08.618224905
108.0469,8,08:22:08.696411169
108.0313,6,08:22:14.488373213
108.0313,5,08:22:19.258261428
108.0313,5,08:22:20.858385339
108.0313,44,08:22:23.173030319
108.0313,1059,08:22:23.182319304
108.0313,2,08:22:23.185461370
108.0313,2,08:22:23.185555112
108.0313,21,08:22:23.192752038
108.0313,1,08:22:23.193335883
108.0313,41,08:22:23.197169848
108.0156,3,08:22:23.309756909
108.0156,12,08:22:23.309849637
108.0156,55,08:22:30.929336408
108.0156,1,08:22:30.929697638
108.0156,1,08:22:30.929742407
108.0156,1,08:22:30.929999926
108.0156,1,08:22:30.930918382
108.0156,1,08:22:31.015909343
108.0156,1,08:22:31.016283149
108.0156,1,08:22:31.016626317
108.0156,4,08:22:31.016670570
108.0156,1,08:22:31.016708264
108.0156,1,08:22:31.016883164
108.0156,1,08:22:31.016907055
108.0156,1,08:22:31.019837866
108.0156,16,08:22:33.360321931
108.0156,599,08:22:34.792779290
108.0156,1,08:22:34.794746014
108.0156,50,08:22:37.734533778
108.0313,3,08:22:38.390781172
108.0156,35,08:22:41.485254544
108.0156,9,08:22:44.019905940
108.0156,4,08:23:03.745386331
108.0156,4,08:23:06.624512475
108.0156,6,08:23:14.850134574
108.0313,1,08:23:15.714557621
108.0156,1,08:23:15.774749791
108.0156,20,08:23:19.071619492
108.0156,1,08:23:20.885553108
108.0156,253,08:23:21.422567682
108.0156,8,08:23:22.014817798
108.0156,4,08:23:24.710577255
108.0313,20,08:23:29.065448038
108.0313,54,08:23:29.741692680
108.0313,1,08:23:29.742112343
108.0313,1,08:23:29.742136292
108.0313,1,08:23:29.742200190
108.0313,3,08:23:29.742255222
108.0313,2,08:23:29.742320680
108.0313,2,08:23:29.742446531
108.0313,1,08:23:29.742607122
108.0313,1,08:23:29.742639837
108.0313,6,08:23:29.742780679
108.0313,1,08:23:29.742843064
108.0313,3,08:23:29.742916774
108.0313,1,08:23:29.742942746
108.0313,2,08:23:29.743065907
108.0313,1,08:23:29.743115137
108.0313,1,08:23:29.743263857
108.0313,7,08:23:29.743835510
108.0313,258,08:23:29.744365745
108.0313,1,08:23:29.745251691
108.0313,19,08:23:29.745675265
108.0313,9,08:23:29.746041090
108.0313,1,08:23:29.746106496
108.0313,19,08:23:29.746233980
108.0313,1,08:23:29.746261562
108.0313,36,08:23:29.746708118
108.0313,1,08:23:29.747756795
108.0313,1,08:23:29.750014217
108.0313,20,08:23:29.750442117
108.0313,1,08:23:29.751676736
108.0313,2,08:23:29.752499111
108.0313,2,08:23:29.767717861
108.0313,1,08:23:29.767837036
108.0313,7,08:23:29.768192406
108.0313,1,08:23:29.768250737
108.0313,1,08:23:29.768361411
108.0313,5,08:23:29.775563847
108.0313,6,08:23:29.781334955
108.0313,1,08:23:29.813982034
108.0469,20,08:23:33.302265412
108.0469,20,08:23:36.338405083
108.0469,30,08:23:40.002431080
108.0469,40,08:23:42.616072864
108.0469,50,08:23:45.820374798
108.0469,20,08:23:49.814617430
108.0313,3,08:23:50.610701751
108.0469,20,08:23:52.961443145
108.0469,41,08:24:01.072887209
108.0469,1,08:24:04.400028817
108.0313,4,08:24:04.479647523
108.0313,1,08:24:05.556443036
108.0313,748,08:24:07.696681038
108.0313,6,08:24:07.703729737
108.0313,1,08:24:07.703898831
108.0313,8,08:24:07.704888660
108.0156,10,08:24:10.346073313
108.0156,84,08:24:10.591607484
108.0156,18,08:24:16.564192743
108.0156,2,08:24:21.129284987
108.0313,25,08:24:23.359340950
108.0156,18,08:24:23.587660358
108.0313,20,08:24:29.576899427
108.0156,13,08:24:30.515389901
108.0156,7,08:24:36.634697608
108.0156,1,08:24:40.937556298
108.0313,217,08:24:41.461201356
108.0313,1,08:24:41.461405056
108.0313,1,08:24:41.461463435
108.0313,1,08:24:41.461803810
108.0313,24,08:24:41.462297669
108.0313,1,08:24:41.462355706
108.0313,2,08:24:41.462506461
108.0313,50,08:24:41.462815139
108.0313,7,08:24:41.463205988
108.0313,7,08:24:41.463244015
108.0313,1,08:24:41.463488282
108.0313,1,08:24:41.464711244
108.0313,1,08:24:41.465210653
108.0313,19,08:24:41.465353072
108.0313,1,08:24:41.465398820
108.0313,1,08:24:41.465423802
108.0313,9,08:24:41.465473772
108.0313,1,08:24:41.465473772
108.0313,1,08:24:41.465534515
108.0313,1,08:24:41.465582177
108.0313,1,08:24:41.465599767
108.0313,1,08:24:41.465617355
108.0313,1,08:24:41.465655414
108.0313,1,08:24:41.465702870
108.0313,1,08:24:41.465747719
108.0313,1,08:24:41.465761102
108.0313,1,08:24:41.465793359
108.0313,1,08:24:41.465844297
108.0313,1,08:24:41.465874423
108.0313,1,08:24:41.465911954
108.0313,1,08:24:41.465994483
108.0313,1,08:24:41.466046081
108.0313,3,08:24:41.468609390
108.0313,85,08:24:42.336687018
108.0313,1,08:24:42.336928408
108.0313,1,08:24:42.337837767
108.0313,44,08:24:42.338144302
108.0313,1,08:24:42.338284435
108.0313,41,08:24:42.338490593
108.0313,2,08:24:42.338614138
108.0313,3,08:24:42.338614138
108.0313,3,08:24:42.338638379
108.0313,11,08:24:42.338735184
108.0313,44,08:24:42.339045062
108.0313,6,08:24:42.339257332
108.0313,1,08:24:42.339489096
108.0313,1,08:24:42.340406242
108.0313,1,08:24:42.340459807
108.0313,1,08:24:42.340486623
108.0313,36,08:24:42.340621331
108.0313,1,08:24:42.342937061
108.0313,50,08:24:42.342961525
108.0313,8,08:24:42.343052218
108.0313,15,08:24:42.343132965
108.0313,1,08:24:42.343219838
108.0313,44,08:24:42.343356692
108.0313,68,08:24:42.343396401
108.0313,1,08:24:42.343880622
