bidVolume,bidPrice,askVolume,askPrice,timestamp
5,110.01,163,110.02,08:00:00.006268903
5,110.01,166,110.02,08:00:00.006352803
5,110.01,163,110.02,08:00:00.031156923
4,110.01,163,110.02,08:00:00.109309862
108,110.0,163,110.02,08:00:00.109529654
108,110.0,3,110.01,08:00:00.109816120
96,110.0,3,110.01,08:00:00.110132437
96,110.0,7,110.01,08:00:00.110132437
92,110.0,7,110.01,08:00:00.110147845
89,110.0,7,110.01,08:00:00.110147845
89,110.0,4,110.01,08:00:00.120310436
89,110.0,2,110.01,08:00:00.120310436
89,110.0,165,110.02,08:00:00.131013380
3,110.01,165,110.02,08:00:00.131013380
89,110.0,165,110.02,08:00:00.131311069
92,110.0,165,110.02,08:00:00.131393712
92,110.0,1,110.01,08:00:00.131393712
104,110.0,1,110.01,08:00:00.131409443
104,110.0,3,110.01,08:00:00.131489201
106,110.0,3,110.01,08:00:00.131575577
106,110.0,2,110.01,08:00:00.131656000
103,110.0,2,110.01,08:00:00.131738646
101,110.0,2,110.01,08:00:00.131883731
101,110.0,168,110.02,08:00:00.141813110
3,110.01,168,110.02,08:00:00.141813110
101,110.0,168,110.02,08:00:00.142116201
103,110.0,168,110.02,08:00:00.142268933
105,110.0,168,110.02,08:00:00.142337132
103,110.0,168,110.02,08:00:00.142655496
5,110.01,168,110.02,08:00:00.152587929
5,110.01,158,110.02,08:00:00.254394931
107,110.0,158,110.02,08:00:00.440828709
103,110.0,158,110.02,08:00:00.441262023
5,110.01,158,110.02,08:00:00.451595230
6,110.01,158,110.02,08:00:00.451995751
7,110.01,158,110.02,08:00:00.465885104
6,110.01,158,110.02,08:00:00.466056274
5,110.01,158,110.02,08:00:00.466223484
5,110.01,155,110.02,08:00:00.523534952
5,110.01,158,110.02,08:00:00.736433539
4,110.01,158,110.02,08:00:00.763368959
109,110.0,158,110.02,08:00:00.763629801
109,110.0,8,110.01,08:00:00.763629801
97,110.0,8,110.01,08:00:00.764001446
95,110.0,8,110.01,08:00:00.764095768
89,110.0,8,110.01,08:00:00.764095768
89,110.0,158,110.02,08:00:00.764610552
101,110.0,158,110.02,08:00:00.764790667
104,110.0,158,110.02,08:00:00.764868020
5,110.01,158,110.02,08:00:00.774304110
6,110.01,158,110.02,08:00:00.774570024
6,110.01,155,110.02,08:00:00.778330486
5,110.01,155,110.02,08:00:00.795646702
5,110.01,165,110.02,08:00:00.872702416
5,110.01,155,110.02,08:00:01.058159646
5,110.01,165,110.02,08:00:01.060821902
5,110.01,168,110.02,08:00:02.136132700
5,110.01,169,110.02,08:00:02.232330668
4,110.01,169,110.02,08:00:03.272842246
110,110.0,169,110.02,08:00:03.348089112
110,110.0,25,110.01,08:00:03.348118277
110,110.0,39,110.01,08:00:03.348145218
110,110.0,40,110.01,08:00:03.348171201
107,110.0,40,110.01,08:00:03.348171201
95,110.0,40,110.01,08:00:03.348505739
95,110.0,45,110.01,08:00:03.348530520
89,110.0,45,110.01,08:00:03.348530520
89,110.0,46,110.01,08:00:03.348987374
89,110.0,56,110.01,08:00:03.348987374
84,110.0,56,110.01,08:00:03.349000977
74,110.0,56,110.01,08:00:03.349018467
74,110.0,61,110.01,08:00:03.349053197
74,110.0,56,110.01,08:00:03.349071111
74,110.0,68,110.01,08:00:03.349071111
74,110.0,67,110.01,08:00:03.349071111
74,110.0,55,110.01,08:00:03.349215827
74,110.0,50,110.01,08:00:03.349245987
74,110.0,51,110.01,08:00:03.349318669
74,110.0,46,110.01,08:00:03.349347559
74,110.0,32,110.01,08:00:03.349368234
74,110.0,12,110.01,08:00:03.349368234
74,110.0,11,110.01,08:00:03.349368234
74,110.0,1,110.01,08:00:03.349385898
81,110.0,1,110.01,08:00:03.349385898
81,110.0,10,110.01,08:00:03.349385898
83,110.0,10,110.01,08:00:03.349403792
81,110.0,10,110.01,08:00:03.349403792
74,110.0,10,110.01,08:00:03.349423968
74,110.0,11,110.01,08:00:03.349456498
74,110.0,10,110.01,08:00:03.349501340
74,110.0,6,110.01,08:00:03.349516162
74,110.0,7,110.01,08:00:03.349641777
74,110.0,17,110.01,08:00:03.349659703
74,110.0,22,110.01,08:00:03.349675424
74,110.0,52,110.01,08:00:03.349838374
75,110.0,52,110.01,08:00:03.349857903
76,110.0,52,110.01,08:00:03.349874806
76,110.0,47,110.01,08:00:03.349874806
76,110.0,46,110.01,08:00:03.349909849
76,110.0,45,110.01,08:00:03.349909849
76,110.0,42,110.01,08:00:03.349929161
76,110.0,37,110.01,08:00:03.349929161
76,110.0,38,110.01,08:00:03.349946406
76,110.0,33,110.01,08:00:03.349998595
76,110.0,31,110.01,08:00:03.350028748
76,110.0,28,110.01,08:00:03.350028748
76,110.0,23,110.01,08:00:03.350042634
76,110.0,18,110.01,08:00:03.359283271
76,110.0,13,110.01,08:00:03.369912355
76,110.0,1,110.01,08:00:03.372283137
76,110.0,10,110.01,08:00:03.372710644
76,110.0,9,110.01,08:00:03.380562265
76,110.0,5,110.01,08:00:03.380562265
76,110.0,178,110.02,08:00:03.380790310
88,110.0,178,110.02,08:00:03.380982088
91,110.0,178,110.02,08:00:03.380982088
98,110.0,178,110.02,08:00:03.381069948
100,110.0,178,110.02,08:00:03.381144534
5,110.01,178,110.02,08:00:03.391147635
100,110.0,178,110.02,08:00:03.391558225
1,110.01,178,110.02,08:00:03.391558225
100,110.0,178,110.02,08:00:03.393810498
100,110.0,30,110.01,08:00:03.393969357
97,110.0,30,110.01,08:00:03.394154773
97,110.0,178,110.02,08:00:03.395318811
100,110.0,178,110.02,08:00:03.395516148
5,110.01,178,110.02,08:00:03.404345494
6,110.01,178,110.02,08:00:03.404574134
1,110.01,178,110.02,08:00:03.404688952
100,110.0,178,110.02,08:00:03.404778571
100,110.0,15,110.01,08:00:03.404967359
104,110.0,15,110.01,08:00:03.404984456
104,110.0,45,110.01,08:00:03.404984456
101,110.0,45,110.01,08:00:03.405084657
97,110.0,45,110.01,08:00:03.405332593
97,110.0,30,110.01,08:00:03.406184244
85,110.0,30,110.01,08:00:03.406336926
85,110.0,178,110.02,08:00:03.406492817
88,110.0,178,110.02,08:00:03.406661043
5,110.01,178,110.02,08:00:03.415190815
88,110.0,178,110.02,08:00:03.415552968
2,110.01,178,110.02,08:00:03.415572136
4,110.01,178,110.02,08:00:03.415832868
2,110.01,178,110.02,08:00:03.420785208
90,110.0,178,110.02,08:00:03.421361929
86,110.0,178,110.02,08:00:03.421788843
5,110.01,178,110.02,08:00:03.439611243
6,110.01,178,110.02,08:00:03.439904653
5,110.01,178,110.02,08:00:03.484526976
6,110.01,178,110.02,08:00:03.576958577
7,110.01,178,110.02,08:00:03.629941322
7,110.01,175,110.02,08:00:04.558625845
2,110.01,175,110.02,08:00:05.607452189
1,110.01,175,110.02,08:00:05.607452189
93,110.0,175,110.02,08:00:05.607556621
87,110.0,175,110.02,08:00:05.607961156
5,110.01,175,110.02,08:00:05.618395799
9,110.01,175,110.02,08:00:05.618798269
9,110.01,176,110.02,08:00:06.065320860
5,110.01,176,110.02,08:00:06.065480441
6,110.01,176,110.02,08:00:10.115565949
7,110.01,176,110.02,08:00:10.117401478
6,110.01,176,110.02,08:00:10.790400741
5,110.01,176,110.02,08:00:12.061502987
1,110.01,176,110.02,08:00:12.061785345
104,110.0,176,110.02,08:00:12.061879159
100,110.0,176,110.02,08:00:12.062317331
5,110.01,176,110.02,08:00:12.072461575
8,110.01,176,110.02,08:00:12.072662896
5,110.01,176,110.02,08:00:12.117828068
5,110.01,175,110.02,08:00:12.156974648
4,110.01,175,110.02,08:00:12.156974648
104,110.0,175,110.02,08:00:15.929787262
104,110.0,2,110.01,08:00:15.929949300
103,110.0,2,110.01,08:00:15.929973022
91,110.0,2,110.01,08:00:15.930197451
87,110.0,2,110.01,08:00:15.930238273
87,110.0,3,110.01,08:00:15.930238273
85,110.0,3,110.01,08:00:15.930252739
85,110.0,1,110.01,08:00:15.940140321
85,110.0,175,110.02,08:00:15.940140321
2,110.01,175,110.02,08:00:15.940140321
5,110.01,175,110.02,08:00:15.940461754
6,110.01,175,110.02,08:00:15.981118733
7,110.01,175,110.02,08:00:15.981336919
8,110.01,175,110.02,08:00:15.984545882
7,110.01,175,110.02,08:00:15.984789620
7,110.01,165,110.02,08:00:16.043600773
8,110.01,165,110.02,08:00:16.043745621
7,110.01,165,110.02,08:00:16.082610998
7,110.01,175,110.02,08:00:16.230095927
5,110.01,175,110.02,08:00:16.564297225
2,110.01,175,110.02,08:00:17.252588985
3,110.01,175,110.02,08:00:19.749788770
2,110.01,175,110.02,08:00:19.750202971
3,110.01,175,110.02,08:00:19.750366443
2,110.01,175,110.02,08:00:19.750903427
3,110.01,175,110.02,08:00:19.753590919
2,110.01,175,110.02,08:00:19.754132052
1,110.01,175,110.02,08:00:19.754928247
2,110.01,175,110.02,08:00:19.758732483
1,110.01,175,110.02,08:00:19.761027335
2,110.01,175,110.02,08:00:19.958815616
3,110.01,175,110.02,08:00:19.959072828
4,110.01,175,110.02,08:00:19.959153148
5,110.01,175,110.02,08:00:19.959227849
4,110.01,175,110.02,08:00:19.964201844
3,110.01,175,110.02,08:00:19.968215092
12,110.01,175,110.02,08:00:20.102266418
3,110.01,175,110.02,08:00:20.196780610
2,110.01,175,110.02,08:00:20.946816453
1,110.01,175,110.02,08:00:20.946816453
101,110.0,175,110.02,08:00:21.026422508
101,110.0,178,110.02,08:00:21.862969498
101,110.0,175,110.02,08:00:22.876241274
104,110.0,175,110.02,08:00:25.514481143
104,110.0,178,110.02,08:00:25.514535419
104,110.0,181,110.02,08:00:26.052149424
104,110.0,178,110.02,08:00:26.170189691
104,110.0,181,110.02,08:00:26.170701808
104,110.0,178,110.02,08:00:26.172807285
104,110.0,181,110.02,08:00:26.423835397
104,110.0,178,110.02,08:00:26.485646270
104,110.0,168,110.02,08:00:27.151583590
9,110.01,168,110.02,08:00:36.007009179
10,110.01,168,110.02,08:00:36.007388278
11,110.01,168,110.02,08:00:36.007388278
18,110.01,168,110.02,08:00:36.007483397
19,110.01,168,110.02,08:00:36.007483397
40,110.01,168,110.02,08:00:36.007502098
41,110.01,168,110.02,08:00:36.007502098
41,110.01,138,110.02,08:00:36.007605276
20,110.01,138,110.02,08:00:36.017938380
20,110.01,134,110.02,08:00:36.018041617
21,110.01,134,110.02,08:00:36.018196242
21,110.01,133,110.02,08:00:36.018532466
22,110.01,133,110.02,08:00:36.018668514
21,110.01,133,110.02,08:00:36.028578277
20,110.01,133,110.02,08:00:36.028578277
19,110.01,133,110.02,08:00:36.028862642
10,110.01,133,110.02,08:00:36.028982510
10,110.01,135,110.02,08:00:36.029065597
11,110.01,135,110.02,08:00:36.029239783
11,110.01,139,110.02,08:00:36.029399741
10,110.01,139,110.02,08:00:36.029572798
12,110.01,139,110.02,08:00:36.036690292
12,110.01,135,110.02,08:00:36.036942112
12,110.01,139,110.02,08:00:36.039499261
10,110.01,139,110.02,08:00:36.051886862
10,110.01,159,110.02,08:00:36.052174437
10,110.01,163,110.02,08:00:36.052495729
9,110.01,163,110.02,08:00:36.103416649
10,110.01,163,110.02,08:00:36.109740107
9,110.01,163,110.02,08:00:36.109859478
9,110.01,137,110.02,08:00:36.110020975
9,110.01,147,110.02,08:00:36.119714381
9,110.01,169,110.02,08:00:36.127884443
8,110.01,169,110.02,08:00:36.145838548
1,110.01,169,110.02,08:00:36.145926154
112,110.0,169,110.02,08:00:36.146204702
112,110.0,159,110.02,08:00:36.146458409
104,110.0,159,110.02,08:00:36.146458409
104,110.0,177,110.02,08:00:36.146761087
104,110.0,167,110.02,08:00:36.378129061
100,110.0,167,110.02,08:00:36.443857569
105,110.0,167,110.02,08:00:36.454555507
105,110.0,159,110.02,08:00:38.470503765
105,110.0,153,110.02,08:00:38.470910497
105,110.0,157,110.02,08:00:38.620989657
105,110.0,167,110.02,08:00:38.897643681
106,110.0,167,110.02,08:00:40.427740407
106,110.0,170,110.02,08:00:41.032185934
106,110.0,167,110.02,08:00:44.271714350
103,110.0,167,110.02,08:00:47.159952326
103,110.0,153,110.02,08:00:47.160198313
103,110.0,139,110.02,08:00:47.160642844
103,110.0,140,110.02,08:00:47.171577289
103,110.0,144,110.02,08:00:47.208048448
103,110.0,146,110.02,08:00:47.208432393
106,110.0,146,110.02,08:00:47.353697519
106,110.0,140,110.02,08:00:47.353775952
106,110.0,168,110.02,08:00:47.379567876
50,110.01,168,110.02,08:00:47.486918329
41,110.01,168,110.02,08:00:47.487298575
41,110.01,178,110.02,08:00:47.492916487
42,110.01,178,110.02,08:00:47.576798531
43,110.01,178,110.02,08:00:48.039928418
44,110.01,178,110.02,08:00:49.468551679
46,110.01,178,110.02,08:00:49.468925300
51,110.01,178,110.02,08:00:49.468925300
60,110.01,178,110.02,08:00:49.468954055
61,110.01,178,110.02,08:00:49.468954055
62,110.01,178,110.02,08:00:49.468954055
62,110.01,148,110.02,08:00:49.468973281
57,110.01,148,110.02,08:00:49.469011274
56,110.01,148,110.02,08:00:49.469120139
55,110.01,148,110.02,08:00:49.469135339
46,110.01,148,110.02,08:00:49.470007188
46,110.01,147,110.02,08:00:49.479484709
46,110.01,143,110.02,08:00:49.480012726
46,110.01,145,110.02,08:00:49.489869761
47,110.01,145,110.02,08:00:49.489995813
56,110.01,145,110.02,08:00:49.490067851
56,110.01,143,110.02,08:00:49.490197223
56,110.01,147,110.02,08:00:49.500313584
56,110.01,143,110.02,08:00:49.510321186
57,110.01,143,110.02,08:00:50.756194955
62,110.01,143,110.02,08:00:50.757404107
62,110.01,141,110.02,08:00:50.778385422
57,110.01,141,110.02,08:00:51.865926015
56,110.01,141,110.02,08:00:51.866098873
15,110.01,141,110.02,08:00:52.278349694
14,110.01,141,110.02,08:00:52.278478994
13,110.01,141,110.02,08:00:52.278496079
12,110.01,141,110.02,08:00:52.278496079
10,110.01,141,110.02,08:00:52.278496079
9,110.01,141,110.02,08:00:52.278496079
6,110.01,141,110.02,08:00:52.278496079
121,110.0,141,110.02,08:00:52.278976296
105,110.0,141,110.02,08:00:52.279384071
105,110.0,155,110.02,08:00:52.279491264
105,110.0,171,110.02,08:00:52.279929626
105,110.0,175,110.02,08:00:52.289744113
105,110.0,176,110.02,08:00:52.290076942
105,110.0,164,110.02,08:00:52.304905932
105,110.0,160,110.02,08:00:52.308013270
105,110.0,164,110.02,08:00:52.378384757
105,110.0,154,110.02,08:00:52.393695928
105,110.0,140,110.02,08:00:53.544337783
105,110.0,138,110.02,08:00:53.544770373
105,110.0,142,110.02,08:00:53.545688183
105,110.0,144,110.02,08:00:53.546032115
105,110.0,158,110.02,08:00:53.546878111
105,110.0,166,110.02,08:00:53.547208962
105,110.0,152,110.02,08:00:53.612860546
105,110.0,142,110.02,08:00:53.613170865
105,110.0,140,110.02,08:00:53.613520981
105,110.0,136,110.02,08:00:53.653610927
105,110.0,132,110.02,08:00:53.919888157
105,110.0,134,110.02,08:00:56.312995937
105,110.0,136,110.02,08:00:56.313405525
105,110.0,140,110.02,08:00:56.323390779
100,110.0,140,110.02,08:00:56.477503855
106,110.0,140,110.02,08:00:56.488363958
106,110.0,144,110.02,08:00:56.957748687
106,110.0,140,110.02,08:00:57.047833055
106,110.0,138,110.02,08:00:57.048202203
106,110.0,144,110.02,08:00:57.299508964
107,110.0,144,110.02,08:00:57.359997965
107,110.0,138,110.02,08:00:57.396426202
107,110.0,136,110.02,08:00:57.396834446
107,110.0,132,110.02,08:00:57.407272893
1,110.01,132,110.02,08:00:59.632361442
3,110.01,132,110.02,08:00:59.632764946
4,110.01,132,110.02,08:00:59.632764946
12,110.01,132,110.02,08:00:59.632860322
13,110.01,132,110.02,08:00:59.632876415
18,110.01,132,110.02,08:00:59.633915217
19,110.01,132,110.02,08:00:59.633986103
18,110.01,132,110.02,08:00:59.634139489
13,110.01,132,110.02,08:00:59.634265201
14,110.01,132,110.02,08:00:59.636543285
19,110.01,132,110.02,08:00:59.636629611
39,110.01,132,110.02,08:00:59.636723467
40,110.01,132,110.02,08:00:59.636723467
57,110.01,132,110.02,08:00:59.636802098
56,110.01,132,110.02,08:00:59.637039949
55,110.01,132,110.02,08:00:59.638092877
53,110.01,132,110.02,08:00:59.643507739
52,110.01,132,110.02,08:00:59.643595079
52,110.01,131,110.02,08:00:59.643782264
52,110.01,130,110.02,08:00:59.643878967
52,110.01,129,110.02,08:00:59.643894858
52,110.01,128,110.02,08:00:59.643894858
52,110.01,124,110.02,08:00:59.644142058
52,110.01,123,110.02,08:00:59.644214648
32,110.01,123,110.02,08:00:59.644568471
15,110.01,123,110.02,08:00:59.644568471
10,110.01,123,110.02,08:00:59.644864276
11,110.01,123,110.02,08:00:59.645086749
20,110.01,123,110.02,08:00:59.645165936
21,110.01,123,110.02,08:00:59.645393196
22,110.01,123,110.02,08:00:59.646278201
21,110.01,123,110.02,08:00:59.647598659
21,110.01,122,110.02,08:00:59.647926403
20,110.01,122,110.02,08:00:59.648858160
19,110.01,122,110.02,08:00:59.648972771
18,110.01,122,110.02,08:00:59.649050694
9,110.01,122,110.02,08:00:59.650240855
10,110.01,122,110.02,08:00:59.650650856
11,110.01,122,110.02,08:00:59.651385060
12,110.01,122,110.02,08:00:59.651527050
21,110.01,122,110.02,08:00:59.651594407
22,110.01,122,110.02,08:00:59.651666583
21,110.01,122,110.02,08:00:59.651819220
20,110.01,122,110.02,08:00:59.653571343
19,110.01,122,110.02,08:00:59.654684806
10,110.01,122,110.02,08:00:59.655685498
9,110.01,122,110.02,08:00:59.655820323
11,110.01,122,110.02,08:00:59.655901493
9,110.01,122,110.02,08:00:59.656148819
18,110.01,122,110.02,08:00:59.656938729
19,110.01,122,110.02,08:00:59.657049583
20,110.01,122,110.02,08:00:59.657336929
19,110.01,122,110.02,08:00:59.658009934
20,110.01,122,110.02,08:00:59.659641715
21,110.01,122,110.02,08:00:59.659706092
20,110.01,122,110.02,08:00:59.659808303
19,110.01,122,110.02,08:00:59.660120383
18,110.01,122,110.02,08:00:59.660366063
19,110.01,122,110.02,08:00:59.660650667
20,110.01,122,110.02,08:00:59.661650880
21,110.01,122,110.02,08:00:59.661714627
20,110.01,122,110.02,08:00:59.661817031
19,110.01,122,110.02,08:00:59.661953777
20,110.01,122,110.02,08:00:59.662354499
19,110.01,122,110.02,08:00:59.662874883
20,110.01,122,110.02,08:00:59.668215233
19,110.01,122,110.02,08:00:59.671574750
18,110.01,122,110.02,08:00:59.671727729
19,110.01,122,110.02,08:00:59.675538398
18,110.01,122,110.02,08:00:59.676113469
9,110.01,122,110.02,08:00:59.692635814
10,110.01,122,110.02,08:00:59.695968190
11,110.01,122,110.02,08:00:59.700335270
12,110.01,122,110.02,08:00:59.700508447
11,110.01,122,110.02,08:00:59.700577429
10,110.01,122,110.02,08:00:59.700678854
9,110.01,122,110.02,08:00:59.702068712
10,110.01,122,110.02,08:00:59.704401430
19,110.01,122,110.02,08:00:59.705233765
18,110.01,122,110.02,08:00:59.705646491
18,110.01,123,110.02,08:00:59.706970352
9,110.01,123,110.02,08:00:59.707124803
10,110.01,123,110.02,08:00:59.713288167
9,110.01,123,110.02,08:00:59.713569725
10,110.01,123,110.02,08:00:59.717431075
11,110.01,123,110.02,08:00:59.720005233
20,110.01,123,110.02,08:00:59.720881514
21,110.01,123,110.02,08:00:59.729368120
22,110.01,123,110.02,08:00:59.729434222
21,110.01,123,110.02,08:00:59.729607332
20,110.01,123,110.02,08:00:59.729726801
20,110.01,133,110.02,08:00:59.743723965
21,110.01,133,110.02,08:00:59.753541896
20,110.01,133,110.02,08:00:59.761680052
11,110.01,133,110.02,08:00:59.843021883
10,110.01,133,110.02,08:00:59.843116738
9,110.01,133,110.02,08:00:59.843197441
18,110.01,133,110.02,08:00:59.926145163
9,110.01,133,110.02,08:00:59.928807528
9,110.01,123,110.02,08:00:59.930524071
18,110.01,123,110.02,08:00:59.930675011
9,110.01,123,110.02,08:00:59.933573377
9,110.01,133,110.02,08:00:59.945511193
1,110.01,133,110.02,08:01:00.156644318
1,110.01,135,110.02,08:01:00.284824156
1,110.01,147,110.02,08:01:00.285320738
1,110.01,163,110.02,08:01:00.285662156
1,110.01,167,110.02,08:01:00.294861741
1,110.01,159,110.02,08:01:00.302320044
1,110.01,167,110.02,08:01:00.649462569
1,110.01,170,110.02,08:01:01.082151791
1,110.01,158,110.02,08:01:01.166442887
1,110.01,156,110.02,08:01:01.166811188
10,110.01,156,110.02,08:01:01.166919931
10,110.01,153,110.02,08:01:01.169041308
12,110.01,153,110.02,08:01:01.170623722
34,110.01,153,110.02,08:01:01.170876151
49,110.01,153,110.02,08:01:01.170876151
47,110.01,153,110.02,08:01:01.171021495
47,110.01,137,110.02,08:01:01.171152777
25,110.01,137,110.02,08:01:01.188012321
10,110.01,137,110.02,08:01:01.188089369
11,110.01,137,110.02,08:01:01.212389078
12,110.01,137,110.02,08:01:01.231147097
14,110.01,137,110.02,08:01:01.231298031
12,110.01,137,110.02,08:01:01.235192862
11,110.01,137,110.02,08:01:01.235342046
12,110.01,137,110.02,08:01:01.253581761
13,110.01,137,110.02,08:01:01.253739491
35,110.01,137,110.02,08:01:01.288884853
50,110.01,137,110.02,08:01:01.288953813
49,110.01,137,110.02,08:01:01.291852346
48,110.01,137,110.02,08:01:01.292033357
33,110.01,137,110.02,08:01:01.436310554
11,110.01,137,110.02,08:01:01.436376086
10,110.01,137,110.02,08:01:01.436937398
1,110.01,137,110.02,08:01:01.437773300
10,110.01,137,110.02,08:01:01.448530888
1,110.01,137,110.02,08:01:01.647844430
10,110.01,137,110.02,08:01:01.648431710
1,110.01,137,110.02,08:01:01.924143795
1,110.01,141,110.02,08:01:01.924593001
1,110.01,153,110.02,08:01:01.924913051
1,110.01,155,110.02,08:01:01.925328354
10,110.01,155,110.02,08:01:01.925409439
10,110.01,137,110.02,08:01:01.925775275
10,110.01,139,110.02,08:01:02.184780749
10,110.01,137,110.02,08:01:02.185107810
11,110.01,137,110.02,08:01:02.400006651
12,110.01,137,110.02,08:01:02.400194123
11,110.01,137,110.02,08:01:02.400380001
36,110.01,137,110.02,08:01:02.401088801
48,110.01,137,110.02,08:01:02.401190180
49,110.01,137,110.02,08:01:02.401258455
48,110.01,137,110.02,08:01:02.401405407
49,110.01,137,110.02,08:01:02.627349987
50,110.01,137,110.02,08:01:02.627507842
51,110.01,137,110.02,08:01:02.627643321
52,110.01,137,110.02,08:01:02.627761103
53,110.01,137,110.02,08:01:02.629623517
54,110.01,137,110.02,08:01:02.629806774
59,110.01,137,110.02,08:01:02.630028282
60,110.01,137,110.02,08:01:02.637738508
60,110.01,133,110.02,08:01:02.641070914
60,110.01,134,110.02,08:01:02.641323241
60,110.01,135,110.02,08:01:02.641396236
60,110.01,134,110.02,08:01:02.647131958
59,110.01,134,110.02,08:01:03.222575472
60,110.01,134,110.02,08:01:03.439472428
60,110.01,234,110.02,08:01:04.694657840
59,110.01,234,110.02,08:01:04.694889721
50,110.01,234,110.02,08:01:04.694960755
49,110.01,234,110.02,08:01:04.694960755
48,110.01,234,110.02,08:01:04.695036595
47,110.01,234,110.02,08:01:04.695036595
42,110.01,234,110.02,08:01:05.806224900
41,110.01,234,110.02,08:01:05.806872698
40,110.01,234,110.02,08:01:05.806952815
39,110.01,234,110.02,08:01:05.806952815
27,110.01,234,110.02,08:01:05.807113328
2,110.01,234,110.02,08:01:05.807207875
1,110.01,234,110.02,08:01:05.807207875
1,110.01,264,110.02,08:01:05.807864971
106,110.0,264,110.02,08:01:05.812869981
106,110.0,1,110.01,08:01:05.812869981
106,110.0,264,110.02,08:01:05.812986042
1,110.01,264,110.02,08:01:05.813338281
1,110.01,240,110.02,08:01:05.813560188
106,110.0,240,110.02,08:01:05.813641298
5,110.01,240,110.02,08:01:05.813736067
5,110.01,236,110.02,08:01:05.813961433
7,110.01,236,110.02,08:01:05.814045080
7,110.01,234,110.02,08:01:05.814611675
7,110.01,238,110.02,08:01:05.822023342
7,110.01,240,110.02,08:01:05.824146534
5,110.01,240,110.02,08:01:05.835473769
111,110.0,240,110.02,08:01:05.875733411
112,110.0,240,110.02,08:01:05.887021272
112,110.0,248,110.02,08:01:06.083131292
112,110.0,258,110.02,08:01:06.083507283
112,110.0,270,110.02,08:01:06.083870480
112,110.0,273,110.02,08:01:06.094569994
112,110.0,267,110.02,08:01:06.096083137
112,110.0,265,110.02,08:01:06.096405450
112,110.0,259,110.02,08:01:07.019402841
112,110.0,247,110.02,08:01:07.019813880
112,110.0,257,110.02,08:01:07.021198583
112,110.0,273,110.02,08:01:07.021817286
112,110.0,9,110.01,08:01:07.122846965
112,110.0,12,110.01,08:01:07.123010918
112,110.0,14,110.01,08:01:07.123089106
112,110.0,15,110.01,08:01:07.123172985
112,110.0,13,110.01,08:01:07.123812597
112,110.0,12,110.01,08:01:07.123949934
112,110.0,9,110.01,08:01:07.128374708
112,110.0,11,110.01,08:01:07.128540631
112,110.0,12,110.01,08:01:07.128692303
112,110.0,11,110.01,08:01:07.130833361
112,110.0,12,110.01,08:01:07.132731091
111,110.0,12,110.01,08:01:07.134112654
110,110.0,12,110.01,08:01:07.134218903
110,110.0,13,110.01,08:01:07.249245757
110,110.0,14,110.01,08:01:07.249420691
110,110.0,13,110.01,08:01:07.764938574
110,110.0,14,110.01,08:01:08.507455249
110,110.0,15,110.01,08:01:08.507606146
110,110.0,14,110.01,08:01:08.508426838
110,110.0,15,110.01,08:01:08.515832460
110,110.0,16,110.01,08:01:08.517697668
110,110.0,18,110.01,08:01:08.518218577
110,110.0,28,110.01,08:01:08.518595392
110,110.0,29,110.01,08:01:08.518737838
110,110.0,28,110.01,08:01:08.518959559
110,110.0,29,110.01,08:01:08.520130598
110,110.0,28,110.01,08:01:08.522981303
110,110.0,27,110.01,08:01:08.523049274
110,110.0,26,110.01,08:01:08.523162994
110,110.0,56,110.01,08:01:08.541455317
110,110.0,75,110.01,08:01:08.542668698
101,110.0,75,110.01,08:01:08.542737082
101,110.0,76,110.01,08:01:08.542846520
89,110.0,76,110.01,08:01:08.542928036
89,110.0,75,110.01,08:01:08.543122974
89,110.0,76,110.01,08:01:08.544747587
86,110.0,76,110.01,08:01:08.545228911
79,110.0,76,110.01,08:01:08.545600498
77,110.0,76,110.01,08:01:08.545703586
78,110.0,76,110.01,08:01:08.545703586
78,110.0,88,110.01,08:01:08.545912215
73,110.0,88,110.01,08:01:08.545984475
72,110.0,88,110.01,08:01:08.547343753
73,110.0,88,110.01,08:01:08.550994725
75,110.0,88,110.01,08:01:08.551086328
73,110.0,88,110.01,08:01:08.552193308
70,110.0,88,110.01,08:01:08.552431540
69,110.0,88,110.01,08:01:08.552947351
61,110.0,88,110.01,08:01:08.553024049
50,110.0,88,110.01,08:01:08.553115819
51,110.0,88,110.01,08:01:08.555430671
49,110.0,88,110.01,08:01:08.556749665
47,110.0,88,110.01,08:01:08.556749665
46,110.0,88,110.01,08:01:08.561249097
46,110.0,91,110.01,08:01:08.701727633
44,110.0,91,110.01,08:01:08.859012602
43,110.0,91,110.01,08:01:08.859243312
42,110.0,91,110.01,08:01:08.859308509
42,110.0,92,110.01,08:01:08.859562623
43,110.0,92,110.01,08:01:08.863190764
42,110.0,92,110.01,08:01:08.863403449
43,110.0,92,110.01,08:01:08.875644903
42,110.0,92,110.01,08:01:08.887662988
42,110.0,93,110.01,08:01:08.922186716
22,110.0,93,110.01,08:01:08.926701854
9,110.0,93,110.01,08:01:08.926767672
10,110.0,93,110.01,08:01:08.960600488
9,110.0,93,110.01,08:01:08.966991017
10,110.0,93,110.01,08:01:08.975112328
9,110.0,93,110.01,08:01:08.975262405
10,110.0,93,110.01,08:01:08.978618158
9,110.0,93,110.01,08:01:09.014900169
10,110.0,93,110.01,08:01:09.024010401
10,110.0,103,110.01,08:01:09.035478287
9,110.0,103,110.01,08:01:09.179135038
9,110.0,100,110.01,08:01:09.256867063
10,110.0,100,110.01,08:01:09.500841522
19,110.0,100,110.01,08:01:09.501097696
20,110.0,100,110.01,08:01:09.501179569
21,110.0,100,110.01,08:01:09.501283758
20,110.0,100,110.01,08:01:09.504871537
19,110.0,100,110.01,08:01:09.521987972
18,110.0,100,110.01,08:01:09.525841115
19,110.0,100,110.01,08:01:09.606314050
18,110.0,100,110.01,08:01:09.865115204
19,110.0,100,110.01,08:01:10.243588089
20,110.0,100,110.01,08:01:10.243729730
21,110.0,100,110.01,08:01:10.244395809
20,110.0,100,110.01,08:01:10.247203909
21,110.0,100,110.01,08:01:10.247466236
20,110.0,100,110.01,08:01:10.612246064
19,110.0,100,110.01,08:01:10.612391967
18,110.0,100,110.01,08:01:10.612541596
19,110.0,100,110.01,08:01:11.078021949
18,110.0,100,110.01,08:01:11.080758221
19,110.0,100,110.01,08:01:11.093162917
18,110.0,100,110.01,08:01:11.099325871
19,110.0,100,110.01,08:01:11.464645843
20,110.0,100,110.01,08:01:11.464972254
21,110.0,100,110.01,08:01:11.465049837
22,110.0,100,110.01,08:01:11.465297666
23,110.0,100,110.01,08:01:11.465297666
48,110.0,100,110.01,08:01:11.466953082
60,110.0,100,110.01,08:01:11.467022311
60,110.0,88,110.01,08:01:11.467212042
60,110.0,89,110.01,08:01:11.478293197
60,110.0,90,110.01,08:01:11.478401667
61,110.0,90,110.01,08:01:11.484616298
62,110.0,90,110.01,08:01:11.484932921
61,110.0,90,110.01,08:01:11.494968141
60,110.0,90,110.01,08:01:11.502575059
60,110.0,80,110.01,08:01:11.580559171
61,110.0,80,110.01,08:01:11.851865696
62,110.0,80,110.01,08:01:12.016749877
62,110.0,79,110.01,08:01:13.049944155
62,110.0,80,110.01,08:01:15.251553390
61,110.0,80,110.01,08:01:16.261804097
60,110.0,80,110.01,08:01:16.261977965
60,110.0,92,110.01,08:01:16.262867485
61,110.0,92,110.01,08:01:16.265980522
62,110.0,92,110.01,08:01:16.266172384
61,110.0,92,110.01,08:01:16.274917720
62,110.0,92,110.01,08:01:16.365482268
62,110.0,91,110.01,08:01:16.365714339
62,110.0,79,110.01,08:01:16.365794300
56,110.0,79,110.01,08:01:16.466472311
63,110.0,79,110.01,08:01:16.477229302
64,110.0,79,110.01,08:01:18.525170959
64,110.0,80,110.01,08:01:19.574499310
64,110.0,92,110.01,08:01:19.610051108
63,110.0,92,110.01,08:01:19.610893565
62,110.0,92,110.01,08:01:19.663429369
62,110.0,102,110.01,08:01:19.885288467
62,110.0,90,110.01,08:01:29.593955836
63,110.0,90,110.01,08:01:30.467867194
62,110.0,90,110.01,08:01:30.468591741
62,110.0,102,110.01,08:01:30.475901072
61,110.0,102,110.01,08:01:30.478400606
49,110.0,102,110.01,08:01:30.480938658
24,110.0,102,110.01,08:01:30.480938658
23,110.0,102,110.01,08:01:30.481002293
22,110.0,102,110.01,08:01:30.481108699
22,110.0,106,110.01,08:01:30.490839233
21,110.0,106,110.01,08:01:30.507102653
22,110.0,106,110.01,08:01:30.574688017
23,110.0,106,110.01,08:01:30.762686511
24,110.0,106,110.01,08:01:30.762833381
23,110.0,106,110.01,08:01:30.763069571
24,110.0,106,110.01,08:01:30.763761305
29,110.0,106,110.01,08:01:30.763761305
30,110.0,106,110.01,08:01:30.763839868
67,110.0,106,110.01,08:01:30.763854786
67,110.0,94,110.01,08:01:30.764022968
67,110.0,90,110.01,08:01:30.766339564
68,110.0,90,110.01,08:01:30.837481028
67,110.0,90,110.01,08:01:30.845110605
67,110.0,80,110.01,08:01:30.952082049
68,110.0,80,110.01,08:01:30.952202390
68,110.0,79,110.01,08:01:31.189597918
69,110.0,79,110.01,08:01:31.189742011
69,110.0,80,110.01,08:01:31.690851137
69,110.0,79,110.01,08:01:31.734755616
32,110.0,79,110.01,08:01:31.993206670
32,110.0,80,110.01,08:01:31.993231536
31,110.0,80,110.01,08:01:31.993231536
22,110.0,80,110.01,08:01:31.993231536
21,110.0,80,110.01,08:01:31.993252774
16,110.0,80,110.01,08:01:31.993252774
15,110.0,80,110.01,08:01:31.993477351
14,110.0,80,110.01,08:01:31.993477351
13,110.0,80,110.01,08:01:31.993477351
13,110.0,92,110.01,08:01:31.993477351
12,110.0,92,110.01,08:01:31.993494540
21,110.0,92,110.01,08:01:31.993956816
22,110.0,92,110.01,08:01:31.994262703
23,110.0,92,110.01,08:01:31.994262703
25,110.0,92,110.01,08:01:31.994469266
24,110.0,92,110.01,08:01:31.994595916
22,110.0,92,110.01,08:01:31.994740316
24,110.0,92,110.01,08:01:31.995037353
22,110.0,92,110.01,08:01:32.002101329
22,110.0,96,110.01,08:01:32.003954224
21,110.0,96,110.01,08:01:32.011618825
12,110.0,96,110.01,08:01:32.025685945
12,110.0,97,110.01,08:01:32.036978744
12,110.0,98,110.01,08:01:32.037050488
12,110.0,108,110.01,08:01:32.106598353
11,110.0,108,110.01,08:01:33.028284247
10,110.0,108,110.01,08:01:33.028414858
9,110.0,108,110.01,08:01:33.028414858
9,110.0,113,110.01,08:01:33.028508378
9,110.0,115,110.01,08:01:33.028621962
8,110.0,115,110.01,08:01:33.028846635
1,110.0,115,110.01,08:01:33.028846635
86,109.99,115,110.01,08:01:33.028865251
105,109.99,115,110.01,08:01:33.028865251
105,109.99,120,110.01,08:01:33.029329936
108,109.99,120,110.01,08:01:33.029357965
109,109.99,120,110.01,08:01:33.029357965
110,109.99,120,110.01,08:01:33.029357965
110,109.99,130,110.01,08:01:33.029357965
116,109.99,130,110.01,08:01:33.029357965
108,109.99,130,110.01,08:01:33.029696735
108,109.99,124,110.01,08:01:33.029819759
108,109.99,130,110.01,08:01:33.030500155
108,109.99,136,110.01,08:01:33.030844452
108,109.99,132,110.01,08:01:33.033536687
108,109.99,126,110.01,08:01:33.033945217
108,109.99,124,110.01,08:01:33.034236832
108,109.99,128,110.01,08:01:33.034922455
108,109.99,130,110.01,08:01:33.035276407
108,109.99,136,110.01,08:01:33.036039337
108,109.99,118,110.01,08:01:33.037883194
108,109.99,126,110.01,08:01:33.038158897
108,109.99,122,110.01,08:01:33.038494788
108,109.99,132,110.01,08:01:33.039245584
108,109.99,133,110.01,08:01:33.040104790
108,109.99,134,110.01,08:01:33.040250531
108,109.99,136,110.01,08:01:33.040387286
108,109.99,140,110.01,08:01:33.065890938
108,109.99,138,110.01,08:01:33.066246522
108,109.99,134,110.01,08:01:33.108792502
108,109.99,132,110.01,08:01:33.109146828
1,110.0,132,110.01,08:01:33.143517607
7,110.0,132,110.01,08:01:33.143702499
6,110.0,132,110.01,08:01:33.204158785
5,110.0,132,110.01,08:01:33.204158785
5,110.0,134,110.01,08:01:33.204258555
5,110.0,132,110.01,08:01:33.204640458
108,109.99,132,110.01,08:01:33.292306769
108,109.99,162,110.01,08:01:34.201834218
108,109.99,148,110.01,08:01:34.206979544
108,109.99,158,110.01,08:01:34.207744426
108,109.99,162,110.01,08:01:34.208319123
108,109.99,2,110.0,08:01:34.212127809
108,109.99,6,110.0,08:01:34.212383671
108,109.99,9,110.0,08:01:34.212472352
108,109.99,10,110.0,08:01:34.212472352
108,109.99,11,110.0,08:01:34.212652105
108,109.99,10,110.0,08:01:34.212723088
108,109.99,7,110.0,08:01:34.214287925
108,109.99,10,110.0,08:01:34.214403634
108,109.99,8,110.0,08:01:34.235671112
108,109.99,7,110.0,08:01:34.236092017
108,109.99,4,110.0,08:01:34.236179312
108,109.99,6,110.0,08:01:34.236612643
108,109.99,7,110.0,08:01:34.236758058
108,109.99,16,110.0,08:01:34.368792022
108,109.99,12,110.0,08:01:34.508189759
108,109.99,3,110.0,08:01:35.263492924
108,109.99,2,110.0,08:01:35.263611913
108,109.99,3,110.0,08:01:35.267668213
108,109.99,12,110.0,08:01:35.267817509
109,109.99,12,110.0,08:01:35.456365160
109,109.99,13,110.0,08:01:37.010234317
109,109.99,12,110.0,08:01:37.079201706
109,109.99,3,110.0,08:01:37.080082380
109,109.99,2,110.0,08:01:37.087488153
109,109.99,3,110.0,08:01:37.090297971
109,109.99,2,110.0,08:01:37.311628971
109,109.99,3,110.0,08:01:37.614259156
109,109.99,12,110.0,08:01:37.614479433
109,109.99,3,110.0,08:01:37.986729136
109,109.99,2,110.0,08:01:37.986900195
109,109.99,144,110.01,08:01:37.986971571
110,109.99,144,110.01,08:01:38.016251487
110,109.99,162,110.01,08:01:39.067541047
110,109.99,132,110.01,08:01:40.829303404
110,109.99,162,110.01,08:01:40.932287507
110,109.99,158,110.01,08:01:41.361495512
110,109.99,162,110.01,08:01:41.747677051
110,109.99,9,110.0,08:01:43.835214222
110,109.99,10,110.0,08:01:43.835214222
110,109.99,13,110.0,08:01:43.835264254
110,109.99,16,110.0,08:01:43.835436587
110,109.99,13,110.0,08:01:43.848570309
107,109.99,13,110.0,08:01:44.421559029
107,109.99,15,110.0,08:01:44.421801643
107,109.99,17,110.0,08:01:44.421801643
107,109.99,24,110.0,08:01:44.422564275
107,109.99,32,110.0,08:01:44.422579760
102,109.99,32,110.0,08:01:44.423047415
102,109.99,34,110.0,08:01:44.423078218
83,109.99,34,110.0,08:01:44.423109277
83,109.99,49,110.0,08:01:44.423130317
83,109.99,54,110.0,08:01:44.423374767
82,109.99,54,110.0,08:01:44.423404009
82,109.99,83,110.0,08:01:44.423404009
82,109.99,87,110.0,08:01:44.423484665
82,109.99,88,110.0,08:01:44.423534822
82,109.99,89,110.0,08:01:44.423965440
70,109.99,89,110.0,08:01:44.424092367
68,109.99,89,110.0,08:01:44.424134630
58,109.99,89,110.0,08:01:44.424252324
50,109.99,89,110.0,08:01:44.424252324
50,109.99,101,110.0,08:01:44.424252324
51,109.99,101,110.0,08:01:44.425237627
50,109.99,101,110.0,08:01:44.425469803
51,109.99,101,110.0,08:01:44.425983139
50,109.99,101,110.0,08:01:44.428968376
51,109.99,101,110.0,08:01:44.429467306
50,109.99,101,110.0,08:01:44.431063107
17,109.99,101,110.0,08:01:44.434570946
8,109.99,101,110.0,08:01:44.434828889
5,109.99,101,110.0,08:01:44.435633266
5,109.99,106,110.0,08:01:44.435767832
8,109.99,106,110.0,08:01:44.441894076
8,109.99,110,110.0,08:01:44.444112386
8,109.99,111,110.0,08:01:44.445440040
8,109.99,112,110.0,08:01:44.445622872
5,109.99,112,110.0,08:01:44.445824815
6,109.99,112,110.0,08:01:44.446390055
5,109.99,112,110.0,08:01:44.446628094
14,109.99,112,110.0,08:01:44.447148375
5,109.99,112,110.0,08:01:44.448422384
5,109.99,142,110.0,08:01:44.453408557
4,109.99,142,110.0,08:01:44.453564311
4,109.99,138,110.0,08:01:44.454152864
5,109.99,138,110.0,08:01:44.454292948
4,109.99,138,110.0,08:01:44.454962633
5,109.99,138,110.0,08:01:44.455439672
4,109.99,138,110.0,08:01:44.455927839
5,109.99,138,110.0,08:01:44.456150636
5,109.99,140,110.0,08:01:44.456298906
5,109.99,142,110.0,08:01:44.456409919
4,109.99,142,110.0,08:01:44.457371370
13,109.99,142,110.0,08:01:44.457920586
4,109.99,142,110.0,08:01:44.458570163
5,109.99,142,110.0,08:01:44.462268066
4,109.99,142,110.0,08:01:44.462418089
4,109.99,146,110.0,08:01:44.464127362
13,109.99,146,110.0,08:01:44.465533596
13,109.99,116,110.0,08:01:44.465761393
14,109.99,116,110.0,08:01:44.469416214
13,109.99,116,110.0,08:01:44.476545845
14,109.99,116,110.0,08:01:44.477343163
15,109.99,116,110.0,08:01:44.480369272
16,109.99,116,110.0,08:01:44.480571573
15,109.99,116,110.0,08:01:44.483080597
14,109.99,116,110.0,08:01:44.483862994
13,109.99,116,110.0,08:01:44.484070952
14,109.99,116,110.0,08:01:44.484727758
15,109.99,116,110.0,08:01:44.484833449
14,109.99,116,110.0,08:01:44.485447168
13,109.99,116,110.0,08:01:44.488544717
14,109.99,116,110.0,08:01:44.490770210
14,109.99,112,110.0,08:01:44.491300685
13,109.99,112,110.0,08:01:44.500154518
13,109.99,116,110.0,08:01:44.501205958
14,109.99,116,110.0,08:01:44.502179357
15,109.99,116,110.0,08:01:44.502651802
16,109.99,116,110.0,08:01:44.502721140
17,109.99,116,110.0,08:01:44.503455555
18,109.99,116,110.0,08:01:44.503601689
19,109.99,116,110.0,08:01:44.508805319
18,109.99,116,110.0,08:01:44.508917649
17,109.99,116,110.0,08:01:44.509596096
16,109.99,116,110.0,08:01:44.510705429
17,109.99,116,110.0,08:01:44.511685361
18,109.99,116,110.0,08:01:44.511785730
19,109.99,116,110.0,08:01:44.511968040
20,109.99,116,110.0,08:01:44.512860257
19,109.99,116,110.0,08:01:44.513927116
19,109.99,112,110.0,08:01:44.514131163
20,109.99,112,110.0,08:01:44.521778540
19,109.99,112,110.0,08:01:44.524022118
20,109.99,112,110.0,08:01:44.525239740
19,109.99,112,110.0,08:01:44.538119168
19,109.99,122,110.0,08:01:44.540408624
18,109.99,122,110.0,08:01:44.541947064
17,109.99,122,110.0,08:01:44.542023027
16,109.99,122,110.0,08:01:44.542356402
15,109.99,122,110.0,08:01:44.542568924
15,109.99,126,110.0,08:01:44.553138077
16,109.99,126,110.0,08:01:44.570970942
17,109.99,126,110.0,08:01:44.571432724
18,109.99,126,110.0,08:01:44.571520413
19,109.99,126,110.0,08:01:44.571911297
20,109.99,126,110.0,08:01:44.572302624
19,109.99,126,110.0,08:01:44.572473014
18,109.99,126,110.0,08:01:44.572624240
19,109.99,126,110.0,08:01:44.575524218
20,109.99,126,110.0,08:01:44.575667916
20,109.99,122,110.0,08:01:44.582385472
19,109.99,122,110.0,08:01:44.585065672
20,109.99,122,110.0,08:01:44.598736062
19,109.99,122,110.0,08:01:44.600658635
18,109.99,122,110.0,08:01:44.600801986
17,109.99,122,110.0,08:01:44.623815306
18,109.99,122,110.0,08:01:44.630517745
19,109.99,122,110.0,08:01:44.630586683
20,109.99,122,110.0,08:01:44.630732586
19,109.99,122,110.0,08:01:44.639877602
18,109.99,122,110.0,08:01:44.643967178
17,109.99,122,110.0,08:01:44.644070622
17,109.99,126,110.0,08:01:44.787296934
16,109.99,126,110.0,08:01:44.800814443
17,109.99,126,110.0,08:01:45.377399009
18,109.99,126,110.0,08:01:45.377717616
17,109.99,126,110.0,08:01:45.379101043
16,109.99,126,110.0,08:01:45.379763608
19,109.99,126,110.0,08:01:45.386045990
20,109.99,126,110.0,08:01:45.386185753
21,109.99,126,110.0,08:01:45.386611161
22,109.99,126,110.0,08:01:45.386863202
21,109.99,126,110.0,08:01:45.397188965
21,109.99,122,110.0,08:01:45.397270292
18,109.99,122,110.0,08:01:45.397484399
19,109.99,122,110.0,08:01:45.432690059
20,109.99,122,110.0,08:01:45.432871668
21,109.99,122,110.0,08:01:45.432942167
20,109.99,122,110.0,08:01:45.437005831
19,109.99,122,110.0,08:01:45.440880771
18,109.99,122,110.0,08:01:45.444792825
19,109.99,122,110.0,08:01:45.445269151
18,109.99,122,110.0,08:01:45.461656714
19,109.99,122,110.0,08:01:45.482205424
20,109.99,122,110.0,08:01:45.482467405
19,109.99,122,110.0,08:01:45.593370803
18,109.99,122,110.0,08:01:45.593897647
18,109.99,123,110.0,08:01:45.594659442
21,109.99,123,110.0,08:01:45.638749059
49,109.99,123,110.0,08:01:45.689269834
58,109.99,123,110.0,08:01:45.689343876
59,109.99,123,110.0,08:01:45.689483389
58,109.99,123,110.0,08:01:45.689632256
58,109.99,111,110.0,08:01:45.690256496
59,109.99,111,110.0,08:01:45.690479733
59,109.99,106,110.0,08:01:45.690825471
59,109.99,96,110.0,08:01:45.805859573
60,109.99,96,110.0,08:01:46.472932671
60,109.99,91,110.0,08:01:47.235298444
76,109.99,91,110.0,08:01:47.235502907
76,109.99,76,110.0,08:01:47.235633964
76,109.99,75,110.0,08:01:47.235648584
76,109.99,71,110.0,08:01:47.235722335
84,109.99,71,110.0,08:01:47.237182259
86,109.99,71,110.0,08:01:47.237408071
86,109.99,69,110.0,08:01:47.246581042
86,109.99,67,110.0,08:01:47.246654597
86,109.99,65,110.0,08:01:47.263206924
86,109.99,58,110.0,08:01:47.263267523
86,109.99,56,110.0,08:01:48.448317975
86,109.99,55,110.0,08:01:48.459604547
86,109.99,54,110.0,08:01:48.459673234
86,109.99,25,110.0,08:01:48.459780963
86,109.99,17,110.0,08:01:48.459849721
86,109.99,15,110.0,08:01:48.467104655
86,109.99,14,110.0,08:01:49.270786988
86,109.99,5,110.0,08:01:49.271505208
86,109.99,2,110.0,08:01:49.271580475
98,109.99,2,110.0,08:01:49.271764808
98,109.99,3,110.0,08:01:49.271844270
98,109.99,5,110.0,08:01:49.271969799
98,109.99,3,110.0,08:01:49.292975102
98,109.99,2,110.0,08:01:49.293120657
98,109.99,4,110.0,08:01:49.298772687
98,109.99,5,110.0,08:01:49.309269100
98,109.99,4,110.0,08:01:49.321720797
98,109.99,2,110.0,08:01:49.321852461
98,109.99,1,110.0,08:01:49.510883497
98,109.99,160,110.01,08:01:50.211234427
103,109.99,160,110.01,08:01:50.211454926
106,109.99,160,110.01,08:01:50.211619338
106,109.99,154,110.01,08:01:50.212051941
106,109.99,151,110.01,08:01:50.212067155
106,109.99,127,110.01,08:01:50.212419942
1,110.0,127,110.01,08:01:50.213274467
8,110.0,127,110.01,08:01:50.213681768
41,110.0,127,110.01,08:01:50.213695809
41,110.0,157,110.01,08:01:50.214276212
8,110.0,157,110.01,08:01:50.214556887
17,110.0,157,110.01,08:01:50.215008852
17,110.0,168,110.01,08:01:50.222675645
17,110.0,172,110.01,08:01:50.222675645
17,110.0,142,110.01,08:01:50.228174027
18,110.0,142,110.01,08:01:50.228322796
17,110.0,142,110.01,08:01:50.232193574
17,110.0,140,110.01,08:01:50.232641053
18,110.0,140,110.01,08:01:50.238515397
19,110.0,140,110.01,08:01:50.238604411
20,110.0,140,110.01,08:01:50.238676072
21,110.0,140,110.01,08:01:50.239003678
22,110.0,140,110.01,08:01:50.239366465
21,110.0,140,110.01,08:01:50.240488701
20,110.0,140,110.01,08:01:50.241109004
19,110.0,140,110.01,08:01:50.242694337
20,110.0,140,110.01,08:01:50.244040685
21,110.0,140,110.01,08:01:50.245702811
22,110.0,140,110.01,08:01:50.246963854
22,110.0,136,110.01,08:01:50.247764841
22,110.0,135,110.01,08:01:50.249682224
23,110.0,135,110.01,08:01:50.260824964
22,110.0,135,110.01,08:01:50.261512621
23,110.0,135,110.01,08:01:50.275938227
22,110.0,135,110.01,08:01:50.277003506
21,110.0,135,110.01,08:01:50.277203451
20,110.0,135,110.01,08:01:50.285246391
21,110.0,135,110.01,08:01:50.293479371
22,110.0,135,110.01,08:01:50.306688390
21,110.0,135,110.01,08:01:50.308124824
20,110.0,135,110.01,08:01:50.308247906
21,110.0,135,110.01,08:01:50.317348045
22,110.0,135,110.01,08:01:50.317455347
23,110.0,135,110.01,08:01:50.317518080
22,110.0,135,110.01,08:01:50.317635558
21,110.0,135,110.01,08:01:50.317773051
22,110.0,135,110.01,08:01:50.321153214
21,110.0,135,110.01,08:01:50.321295913
21,110.0,145,110.01,08:01:50.327077484
22,110.0,145,110.01,08:01:50.332525698
23,110.0,145,110.01,08:01:50.345211558
22,110.0,145,110.01,08:01:50.345416281
23,110.0,145,110.01,08:01:50.421825001
22,110.0,145,110.01,08:01:50.422273673
23,110.0,145,110.01,08:01:50.443883435
24,110.0,145,110.01,08:01:50.531284165
25,110.0,145,110.01,08:01:50.531372647
30,110.0,145,110.01,08:01:50.531876271
64,110.0,145,110.01,08:01:50.531876271
65,110.0,145,110.01,08:01:50.531958470
65,110.0,144,110.01,08:01:50.532248186
65,110.0,139,110.01,08:01:50.532536800
65,110.0,127,110.01,08:01:50.532634093
65,110.0,108,110.01,08:01:50.532898585
65,110.0,107,110.01,08:01:50.542527347
65,110.0,106,110.01,08:01:50.543341635
65,110.0,97,110.01,08:01:50.543441775
65,110.0,96,110.01,08:01:50.543441775
65,110.0,95,110.01,08:01:50.552466839
65,110.0,94,110.01,08:01:50.553310103
66,110.0,94,110.01,08:01:51.020849849
75,110.0,94,110.01,08:01:51.248539270
75,110.0,84,110.01,08:01:51.594841315
75,110.0,76,110.01,08:01:51.594906099
75,110.0,75,110.01,08:01:51.686538173
94,110.0,75,110.01,08:01:51.686803402
94,110.0,65,110.01,08:01:51.797977158
94,110.0,60,110.01,08:01:52.003661130
94,110.0,59,110.01,08:01:52.008152336
94,110.0,50,110.01,08:01:52.010155697
94,110.0,20,110.01,08:01:52.010155697
94,110.0,12,110.01,08:01:52.010315652
94,110.0,10,110.01,08:01:52.010436462
94,110.0,9,110.01,08:01:52.011645795
94,110.0,8,110.01,08:01:52.013109800
94,110.0,7,110.01,08:01:52.021416736
94,110.0,6,110.01,08:01:52.511527410
106,110.0,6,110.01,08:01:52.511718370
106,110.0,5,110.01,08:01:52.511798863
106,110.0,3,110.01,08:01:52.512036190
106,110.0,5,110.01,08:01:52.512312499
106,110.0,6,110.01,08:01:52.512458148
106,110.0,5,110.01,08:01:52.522709757
106,110.0,3,110.01,08:01:52.522852724
106,110.0,2,110.01,08:01:52.522998958
106,110.0,1,110.01,08:01:52.523085111
106,110.0,250,110.02,08:01:52.523168718
106,110.0,2,110.01,08:01:52.523168718
106,110.0,1,110.01,08:01:52.523319879
109,110.0,1,110.01,08:01:52.523483126
109,110.0,2,110.01,08:01:52.523584463
109,110.0,3,110.01,08:01:52.523584463
109,110.0,2,110.01,08:01:52.523584463
109,110.0,1,110.01,08:01:52.523705362
109,110.0,250,110.02,08:01:52.523705362
109,110.0,252,110.02,08:01:52.534143958
109,110.0,254,110.02,08:01:52.534216998
109,110.0,265,110.02,08:01:52.534294486
109,110.0,269,110.02,08:01:52.534871848
109,110.0,268,110.02,08:01:52.544971855
109,110.0,267,110.02,08:01:52.545048568
109,110.0,9,110.01,08:01:54.780978262
109,110.0,10,110.01,08:01:54.781381407
97,110.0,10,110.01,08:01:54.781381407
97,110.0,11,110.01,08:01:54.781514942
97,110.0,18,110.01,08:01:54.781514942
97,110.0,19,110.01,08:01:54.781592981
97,110.0,18,110.01,08:01:54.782114426
97,110.0,19,110.01,08:01:54.782889402
97,110.0,18,110.01,08:01:54.783116000
97,110.0,17,110.01,08:01:54.783225905
97,110.0,10,110.01,08:01:54.816097576
97,110.0,1,110.01,08:01:54.819870599
109,110.0,1,110.01,08:01:54.820179991
109,110.0,263,110.02,08:01:54.891023055
109,110.0,259,110.02,08:01:54.891445118
109,110.0,255,110.02,08:01:54.891801137
109,110.0,267,110.02,08:01:54.930227414
109,110.0,263,110.02,08:01:54.931122741
109,110.0,267,110.02,08:01:54.931471855
109,110.0,167,110.02,08:01:56.295157067
109,110.0,9,110.01,08:01:56.928270369
109,110.0,11,110.01,08:01:56.928501351
109,110.0,12,110.01,08:01:56.928671441
97,110.0,12,110.01,08:01:56.928690852
97,110.0,13,110.01,08:01:56.928690852
97,110.0,20,110.01,08:01:56.928690852
97,110.0,25,110.01,08:01:56.928883127
97,110.0,24,110.01,08:01:56.928962404
97,110.0,25,110.01,08:01:56.928962404
97,110.0,26,110.01,08:01:56.929297933
97,110.0,25,110.01,08:01:56.929442237
97,110.0,24,110.01,08:01:56.931581198
97,110.0,25,110.01,08:01:56.933953052
97,110.0,26,110.01,08:01:56.934107317
97,110.0,25,110.01,08:01:56.934251733
97,110.0,24,110.01,08:01:56.934395296
97,110.0,22,110.01,08:01:56.946130925
97,110.0,15,110.01,08:01:56.947325638
97,110.0,10,110.01,08:01:56.947472249
97,110.0,1,110.01,08:01:56.953288212
97,110.0,10,110.01,08:01:56.953351226
109,110.0,10,110.01,08:01:56.953566359
109,110.0,1,110.01,08:01:56.953754352
109,110.0,10,110.01,08:01:56.953832421
109,110.0,12,110.01,08:01:56.956299751
97,110.0,12,110.01,08:01:56.956299751
97,110.0,13,110.01,08:01:56.956412065
97,110.0,12,110.01,08:01:56.957743459
97,110.0,10,110.01,08:01:56.958874437
97,110.0,11,110.01,08:01:57.000172674
97,110.0,12,110.01,08:01:57.000323861
97,110.0,11,110.01,08:01:57.017111240
97,110.0,10,110.01,08:01:57.017242943
97,110.0,11,110.01,08:01:57.335986801
97,110.0,13,110.01,08:01:57.336196601
97,110.0,11,110.01,08:01:57.481760873
97,110.0,10,110.01,08:01:57.481901682
98,110.0,10,110.01,08:01:57.548167722
98,110.0,12,110.01,08:01:59.009524778
98,110.0,10,110.01,08:01:59.010048272
98,110.0,12,110.01,08:01:59.012368574
98,110.0,13,110.01,08:01:59.012693379
98,110.0,12,110.01,08:01:59.014295631
98,110.0,10,110.01,08:01:59.014447224
98,110.0,11,110.01,08:01:59.016949430
98,110.0,13,110.01,08:01:59.017103823
97,110.0,13,110.01,08:01:59.138647004
97,110.0,12,110.01,08:01:59.163927407
97,110.0,10,110.01,08:01:59.164225167
97,110.0,9,110.01,08:01:59.164225167
97,110.0,10,110.01,08:01:59.164498197
97,110.0,13,110.01,08:01:59.164574143
97,110.0,10,110.01,08:01:59.555877464
97,110.0,11,110.01,08:01:59.580616887
97,110.0,13,110.01,08:01:59.580760190
98,110.0,13,110.01,08:01:59.682754387
98,110.0,11,110.01,08:01:59.875520314
98,110.0,10,110.01,08:01:59.875585968
98,110.0,12,110.01,08:01:59.883456508
98,110.0,13,110.01,08:02:00.076945225
98,110.0,36,110.01,08:02:00.079067366
98,110.0,55,110.01,08:02:00.080165398
98,110.0,57,110.01,08:02:00.080536693
98,110.0,62,110.01,08:02:00.082648643
79,110.0,62,110.01,08:02:00.086655632
79,110.0,63,110.01,08:02:00.086798960
79,110.0,62,110.01,08:02:00.088590715
79,110.0,63,110.01,08:02:00.098569604
70,110.0,63,110.01,08:02:00.122876836
70,110.0,64,110.01,08:02:00.123033131
70,110.0,63,110.01,08:02:00.123185070
70,110.0,74,110.01,08:02:00.130171645
70,110.0,82,110.01,08:02:00.130171645
65,110.0,82,110.01,08:02:00.130298740
31,110.0,82,110.01,08:02:00.130298740
31,110.0,83,110.01,08:02:00.130419038
31,110.0,95,110.01,08:02:00.130658020
31,110.0,115,110.01,08:02:00.130762093
31,110.0,95,110.01,08:02:00.131277156
28,110.0,95,110.01,08:02:01.055126161
27,110.0,95,110.01,08:02:01.055274520
28,110.0,95,110.01,08:02:01.189839883
27,110.0,95,110.01,08:02:01.189991134
28,110.0,95,110.01,08:02:01.973840800
27,110.0,95,110.01,08:02:01.983669203
28,110.0,95,110.01,08:02:04.103643736
27,110.0,95,110.01,08:02:04.105662662
28,110.0,95,110.01,08:02:04.125196625
27,110.0,95,110.01,08:02:04.134835861
28,110.0,95,110.01,08:02:04.363604651
29,110.0,95,110.01,08:02:06.452068296
28,110.0,95,110.01,08:02:06.837217378
27,110.0,95,110.01,08:02:06.837217378
26,110.0,95,110.01,08:02:06.837234955
25,110.0,95,110.01,08:02:06.837234955
24,110.0,95,110.01,08:02:06.837234955
15,110.0,95,110.01,08:02:06.837270907
15,110.0,105,110.01,08:02:06.837270907
14,110.0,105,110.01,08:02:06.837495355
13,110.0,105,110.01,08:02:06.837661519
6,110.0,105,110.01,08:02:06.837785583
5,110.0,105,110.01,08:02:06.837887140
5,110.0,109,110.01,08:02:06.848629882
5,110.0,120,110.01,08:02:06.848743073
14,110.0,120,110.01,08:02:06.858876709
14,110.0,130,110.01,08:02:06.950764419
15,110.0,130,110.01,08:02:08.074485287
16,110.0,130,110.01,08:02:08.074554894
17,110.0,130,110.01,08:02:08.074619089
19,110.0,130,110.01,08:02:08.074696430
17,110.0,130,110.01,08:02:08.074948589
16,110.0,130,110.01,08:02:08.075086996
17,110.0,130,110.01,08:02:08.075239574
18,110.0,130,110.01,08:02:08.075352695
50,110.0,130,110.01,08:02:08.076341046
51,110.0,130,110.01,08:02:08.076341046
52,110.0,130,110.01,08:02:08.076386559
53,110.0,130,110.01,08:02:08.076386559
63,110.0,130,110.01,08:02:08.076386559
63,110.0,122,110.01,08:02:08.076498280
63,110.0,111,110.01,08:02:08.076498280
64,110.0,111,110.01,08:02:08.076721387
69,110.0,111,110.01,08:02:08.076748946
69,110.0,101,110.01,08:02:08.076748946
69,110.0,89,110.01,08:02:08.076774786
69,110.0,85,110.01,08:02:08.085489635
69,110.0,75,110.01,08:02:08.087302296
69,110.0,74,110.01,08:02:08.097301318
69,110.0,73,110.01,08:02:08.115419205
69,110.0,74,110.01,08:02:08.182272341
69,110.0,64,110.01,08:02:08.192135743
68,110.0,64,110.01,08:02:09.074858997
68,110.0,63,110.01,08:02:09.100136381
68,110.0,62,110.01,08:02:09.100360717
77,110.0,62,110.01,08:02:09.100430948
92,110.0,62,110.01,08:02:09.365859086
96,110.0,62,110.01,08:02:09.365968999
81,110.0,62,110.01,08:02:09.454491292
77,110.0,62,110.01,08:02:09.454556308
78,110.0,62,110.01,08:02:09.618951697
69,110.0,62,110.01,08:02:10.000593785
69,110.0,61,110.01,08:02:11.607073528
69,110.0,56,110.01,08:02:11.607213118
69,110.0,57,110.01,08:02:11.607372062
69,110.0,55,110.01,08:02:11.628670532
69,110.0,56,110.01,08:02:12.054739748
69,110.0,57,110.01,08:02:12.055722728
86,110.0,57,110.01,08:02:12.751810215
86,110.0,56,110.01,08:02:12.751810215
86,110.0,55,110.01,08:02:12.751876096
96,110.0,55,110.01,08:02:12.751981130
96,110.0,60,110.01,08:02:13.008180252
86,110.0,60,110.01,08:02:13.008360757
86,110.0,61,110.01,08:02:13.012524427
86,110.0,60,110.01,08:02:13.012625848
86,110.0,62,110.01,08:02:14.692999000
85,110.0,62,110.01,08:02:14.693676171
84,110.0,62,110.01,08:02:14.693759015
67,110.0,62,110.01,08:02:14.693898048
67,110.0,64,110.01,08:02:14.693984747
67,110.0,65,110.01,08:02:14.693984747
67,110.0,66,110.01,08:02:14.724882738
67,110.0,65,110.01,08:02:14.827459004
67,110.0,64,110.01,08:02:15.984520860
67,110.0,65,110.01,08:02:15.993250736
67,110.0,64,110.01,08:02:15.993402653
67,110.0,65,110.01,08:02:16.016219518
67,110.0,66,110.01,08:02:16.016473739
67,110.0,65,110.01,08:02:16.016630004
67,110.0,66,110.01,08:02:18.649409588
67,110.0,85,110.01,08:02:18.673070394
62,110.0,85,110.01,08:02:18.673191876
62,110.0,97,110.01,08:02:18.673916966
62,110.0,109,110.01,08:02:18.673932500
62,110.0,125,110.01,08:02:18.674169801
62,110.0,109,110.01,08:02:18.674733183
62,110.0,97,110.01,08:02:18.674915273
62,110.0,78,110.01,08:02:18.675071993
62,110.0,66,110.01,08:02:18.675159006
61,110.0,66,110.01,08:02:19.010088255
61,110.0,65,110.01,08:02:19.035316033
62,110.0,65,110.01,08:02:19.035662785
73,110.0,65,110.01,08:02:19.035741946
73,110.0,64,110.01,08:02:19.035756775
62,110.0,64,110.01,08:02:19.051036204
62,110.0,65,110.01,08:02:19.051184294
63,110.0,65,110.01,08:02:19.555145017
63,110.0,64,110.01,08:02:20.666629599
69,110.0,64,110.01,08:02:20.666876195
74,110.0,64,110.01,08:02:20.666949033
84,110.0,64,110.01,08:02:20.946610055
93,110.0,64,110.01,08:02:20.946683623
93,110.0,63,110.01,08:02:20.946753713
93,110.0,61,110.01,08:02:21.374343642
93,110.0,56,110.01,08:02:25.773504780
93,110.0,55,110.01,08:02:25.773748207
93,110.0,36,110.01,08:02:25.775569991
93,110.0,13,110.01,08:02:25.775569991
93,110.0,6,110.01,08:02:25.775651271
93,110.0,4,110.01,08:02:25.775698013
105,110.0,4,110.01,08:02:25.775698013
105,110.0,3,110.01,08:02:25.775900775
104,110.0,3,110.01,08:02:26.430053439
106,110.0,3,110.01,08:02:26.441220971
105,110.0,3,110.01,08:02:28.946263207
105,110.0,2,110.01,08:02:28.971538374
105,110.0,1,110.01,08:02:28.971841660
105,110.0,155,110.02,08:02:28.971859407
110,110.0,155,110.02,08:02:28.971927442
112,110.0,155,110.02,08:02:28.972003438
112,110.0,157,110.02,08:02:28.982995960
112,110.0,166,110.02,08:02:28.983076703
112,110.0,163,110.02,08:02:29.212377212
113,110.0,163,110.02,08:02:29.490408220
113,110.0,159,110.02,08:02:30.097453517
112,110.0,159,110.02,08:02:38.882524910
112,110.0,158,110.02,08:02:38.907786256
112,110.0,128,110.02,08:02:38.908801649
112,110.0,158,110.02,08:02:39.037867283
113,110.0,158,110.02,08:02:39.426549252
113,110.0,162,110.02,08:02:39.913750896
113,110.0,174,110.02,08:02:39.924822098
113,110.0,160,110.02,08:02:39.950003809
113,110.0,150,110.02,08:02:39.950363953
113,110.0,138,110.02,08:02:39.963600500
113,110.0,134,110.02,08:02:39.999322721
113,110.0,138,110.02,08:02:40.037727233
113,110.0,156,110.02,08:02:40.038098185
113,110.0,168,110.02,08:02:40.063110841
113,110.0,150,110.02,08:02:40.122661804
113,110.0,146,110.02,08:02:40.123016856
113,110.0,158,110.02,08:02:40.172304319
113,110.0,166,110.02,08:02:40.172670075
113,110.0,162,110.02,08:02:40.178842552
113,110.0,158,110.02,08:02:40.179156082
113,110.0,154,110.02,08:02:40.179531621
113,110.0,150,110.02,08:02:40.201608394
113,110.0,146,110.02,08:02:40.222124676
113,110.0,134,110.02,08:02:40.245108132
113,110.0,146,110.02,08:02:40.252235839
113,110.0,150,110.02,08:02:41.178127169
113,110.0,154,110.02,08:02:41.181381652
113,110.0,144,110.02,08:02:41.186550422
113,110.0,140,110.02,08:02:41.207816309
113,110.0,146,110.02,08:02:41.394942319
113,110.0,162,110.02,08:02:41.395305226
113,110.0,152,110.02,08:02:41.978720457
113,110.0,164,110.02,08:02:42.011407051
113,110.0,152,110.02,08:02:42.024394502
113,110.0,162,110.02,08:02:42.506979712
113,110.0,174,110.02,08:02:42.763115293
113,110.0,177,110.02,08:02:44.043584802
111,110.0,177,110.02,08:02:46.460279363
114,110.0,177,110.02,08:02:46.471484395
114,110.0,167,110.02,08:02:47.000186104
114,110.0,155,110.02,08:02:47.015737869
114,110.0,255,110.02,08:02:47.622359857
113,110.0,255,110.02,08:02:48.818657809
113,110.0,254,110.02,08:02:48.843934233
113,110.0,255,110.02,08:02:48.855252482
113,110.0,256,110.02,08:02:48.855318159
113,110.0,1,110.01,08:02:49.175532661
113,110.0,35,110.01,08:02:49.175532661
113,110.0,45,110.01,08:02:49.175664250
113,110.0,51,110.01,08:02:49.175912450
113,110.0,60,110.01,08:02:49.176297265
113,110.0,61,110.01,08:02:49.176297265
113,110.0,64,110.01,08:02:49.176328011
113,110.0,69,110.01,08:02:49.176328011
101,110.0,69,110.01,08:02:49.176328011
101,110.0,70,110.01,08:02:49.176328011
99,110.0,70,110.01,08:02:49.176328011
99,110.0,64,110.01,08:02:49.176352139
99,110.0,55,110.01,08:02:49.176563590
89,110.0,55,110.01,08:02:49.176579671
80,110.0,55,110.01,08:02:49.176579671
80,110.0,54,110.01,08:02:49.176653911
81,110.0,54,110.01,08:02:49.362743029
81,110.0,55,110.01,08:02:49.362891980
81,110.0,54,110.01,08:02:49.632148095
81,110.0,49,110.01,08:02:49.781710315
96,110.0,49,110.01,08:02:49.781996746
100,110.0,49,110.01,08:02:49.782066257
100,110.0,50,110.01,08:02:49.893412874
100,110.0,49,110.01,08:02:50.951363728
100,110.0,50,110.01,08:02:50.964891178
96,110.0,50,110.01,08:02:50.965064211
81,110.0,50,110.01,08:02:50.965130547
81,110.0,55,110.01,08:02:51.029199691
81,110.0,54,110.01,08:02:51.069265839
81,110.0,55,110.01,08:02:52.787658064
81,110.0,50,110.01,08:02:54.112964699
96,110.0,50,110.01,08:02:54.113593245
108,110.0,50,110.01,08:02:54.113593245
112,110.0,50,110.01,08:02:54.113628208
112,110.0,40,110.01,08:02:54.113681127
112,110.0,6,110.01,08:02:54.113681127
112,110.0,5,110.01,08:02:54.113708748
112,110.0,14,110.01,08:02:54.114610226
112,110.0,15,110.01,08:02:55.120819559
112,110.0,14,110.01,08:02:55.146399303
112,110.0,11,110.01,08:02:55.146509908
112,110.0,13,110.01,08:02:55.146744867
112,110.0,14,110.01,08:02:55.146918771
112,110.0,13,110.01,08:02:55.147594937
112,110.0,14,110.01,08:02:55.164592192
112,110.0,15,110.01,08:02:55.265961848
112,110.0,16,110.01,08:02:55.266581130
97,110.0,16,110.01,08:02:55.302865484
97,110.0,18,110.01,08:02:55.302950072
97,110.0,19,110.01,08:02:55.302950072
97,110.0,24,110.01,08:02:55.302950072
93,110.0,24,110.01,08:02:55.303031490
81,110.0,24,110.01,08:02:55.303196978
75,110.0,24,110.01,08:02:55.304233341
70,110.0,24,110.01,08:02:55.304415034
70,110.0,62,110.01,08:02:55.304415034
70,110.0,79,110.01,08:02:55.304661366
70,110.0,91,110.01,08:02:55.308086861
65,110.0,91,110.01,08:02:55.308758425
64,110.0,91,110.01,08:02:55.308938450
65,110.0,91,110.01,08:02:55.309656137
65,110.0,79,110.01,08:02:55.313422340
77,110.0,79,110.01,08:02:55.313501096
77,110.0,62,110.01,08:02:55.350489036
65,110.0,62,110.01,08:02:55.363787327
65,110.0,74,110.01,08:02:55.413390081
64,110.0,74,110.01,08:02:55.415980747
64,110.0,79,110.01,08:02:58.564572141
63,110.0,79,110.01,08:02:58.754896207
63,110.0,78,110.01,08:02:58.780160784
64,110.0,78,110.01,08:02:58.780310935
64,110.0,79,110.01,08:02:59.198078701
65,110.0,79,110.01,08:02:59.299010534
64,110.0,79,110.01,08:03:00.211630529
55,110.0,79,110.01,08:03:00.211630529
54,110.0,79,110.01,08:03:00.211744346
53,110.0,79,110.01,08:03:00.211762888
52,110.0,79,110.01,08:03:00.211762888
51,110.0,79,110.01,08:03:00.211762888
19,110.0,79,110.01,08:03:00.211762888
18,110.0,79,110.01,08:03:00.211762888
17,110.0,79,110.01,08:03:00.211776247
16,110.0,79,110.01,08:03:00.212024141
6,110.0,79,110.01,08:03:00.212046715
5,110.0,79,110.01,08:03:00.212046715
2,110.0,79,110.01,08:03:00.212046715
1,110.0,79,110.01,08:03:00.212046715
122,109.99,79,110.01,08:03:00.212046715
122,109.99,91,110.01,08:03:00.212453140
122,109.99,110,110.01,08:03:00.212503079
110,109.99,110,110.01,08:03:00.212798380
110,109.99,120,110.01,08:03:00.213393174
110,109.99,124,110.01,08:03:00.214023323
110,109.99,140,110.01,08:03:00.214477319
110,109.99,110,110.01,08:03:00.214835889
110,109.99,114,110.01,08:03:00.322989611
1,110.0,114,110.01,08:03:00.333561097
2,110.0,114,110.01,08:03:00.333761247
10,110.0,114,110.01,08:03:00.333830879
10,110.0,110,110.01,08:03:00.334390129
10,110.0,120,110.01,08:03:00.445298072
2,110.0,120,110.01,08:03:00.885867775
1,110.0,120,110.01,08:03:00.886077266
110,109.99,120,110.01,08:03:00.889757643
110,109.99,150,110.01,08:03:00.891542034
110,109.99,126,110.01,08:03:00.892932746
110,109.99,120,110.01,08:03:00.893270666
110,109.99,122,110.01,08:03:00.901064288
110,109.99,124,110.01,08:03:00.901137373
110,109.99,133,110.01,08:03:00.973392865
110,109.99,137,110.01,08:03:00.974160662
110,109.99,167,110.01,08:03:00.993798976
110,109.99,163,110.01,08:03:01.004371622
110,109.99,9,110.0,08:03:01.030394984
110,109.99,12,110.0,08:03:01.030620705
110,109.99,13,110.0,08:03:01.030711873
110,109.99,14,110.0,08:03:01.030866711
110,109.99,13,110.0,08:03:01.065832271
110,109.99,50,110.0,08:03:02.712351716
110,109.99,51,110.0,08:03:02.712661611
110,109.99,52,110.0,08:03:02.712661611
110,109.99,53,110.0,08:03:02.712754888
110,109.99,54,110.0,08:03:02.712773902
120,109.99,54,110.0,08:03:02.712773902
120,109.99,55,110.0,08:03:02.712881638
104,109.99,55,110.0,08:03:02.713214255
92,109.99,55,110.0,08:03:02.713214255
82,109.99,55,110.0,08:03:02.713214255
82,109.99,54,110.0,08:03:02.713321366
82,109.99,53,110.0,08:03:02.713321366
82,109.99,52,110.0,08:03:03.086425124
82,109.99,51,110.0,08:03:03.086578388
82,109.99,14,110.0,08:03:03.086734744
92,109.99,14,110.0,08:03:03.086928104
103,109.99,14,110.0,08:03:03.087229668
111,109.99,14,110.0,08:03:03.087229668
112,109.99,14,110.0,08:03:04.107861700
112,109.99,13,110.0,08:03:04.820004996
112,109.99,14,110.0,08:03:05.171925624
112,109.99,15,110.0,08:03:05.172235262
104,109.99,15,110.0,08:03:05.172764203
93,109.99,15,110.0,08:03:05.172828363
104,109.99,15,110.0,08:03:05.327343353
112,109.99,15,110.0,08:03:05.327408873
112,109.99,14,110.0,08:03:05.327516575
112,109.99,13,110.0,08:03:05.345133871
124,109.99,13,110.0,08:03:05.345133871
124,109.99,10,110.0,08:03:08.089962586
124,109.99,9,110.0,08:03:08.090210493
124,109.99,10,110.0,08:03:08.094322650
124,109.99,12,110.0,08:03:08.094472819
124,109.99,10,110.0,08:03:08.137293426
124,109.99,9,110.0,08:03:08.137474242
124,109.99,10,110.0,08:03:08.137624273
124,109.99,12,110.0,08:03:08.137750936
124,109.99,10,110.0,08:03:08.140290408
124,109.99,9,110.0,08:03:08.140431247
124,109.99,143,110.01,08:03:08.164926020
124,109.99,135,110.01,08:03:08.165465376
124,109.99,147,110.01,08:03:08.181554477
124,109.99,135,110.01,08:03:08.181976292
125,109.99,135,110.01,08:03:08.190654992
125,109.99,134,110.01,08:03:08.191165077
125,109.99,125,110.01,08:03:08.193244353
125,109.99,124,110.01,08:03:08.201143875
9,110.0,124,110.01,08:03:08.202038770
10,110.0,124,110.01,08:03:08.202486139
18,110.0,124,110.01,08:03:08.202486139
60,110.0,124,110.01,08:03:08.202501272
51,110.0,124,110.01,08:03:08.202767390
61,110.0,124,110.01,08:03:08.202783198
61,110.0,112,110.01,08:03:08.202783198
61,110.0,102,110.01,08:03:08.291226105
62,110.0,102,110.01,08:03:08.593311575
63,110.0,102,110.01,08:03:09.312647824
64,110.0,102,110.01,08:03:09.532234542
65,110.0,102,110.01,08:03:09.532303595
66,110.0,102,110.01,08:03:09.532458680
65,110.0,102,110.01,08:03:09.532878737
64,110.0,102,110.01,08:03:09.533032059
63,110.0,102,110.01,08:03:09.533126481
53,110.0,102,110.01,08:03:09.542466114
54,110.0,102,110.01,08:03:09.889203205
55,110.0,102,110.01,08:03:10.847576862
55,110.0,101,110.01,08:03:10.858881375
55,110.0,100,110.01,08:03:10.858948261
56,110.0,100,110.01,08:03:11.482213343
55,110.0,100,110.01,08:03:11.571816722
54,110.0,100,110.01,08:03:12.819441984
55,110.0,100,110.01,08:03:12.820313878
54,110.0,100,110.01,08:03:13.452885524
55,110.0,100,110.01,08:03:13.453051268
67,110.0,100,110.01,08:03:13.891999465
67,110.0,81,110.01,08:03:13.892167724
67,110.0,69,110.01,08:03:13.892272664
69,110.0,69,110.01,08:03:13.892446706
70,110.0,69,110.01,08:03:14.022440938
70,110.0,68,110.01,08:03:14.033720262
70,110.0,67,110.01,08:03:14.033793571
69,110.0,67,110.01,08:03:14.662167950
67,110.0,67,110.01,08:03:14.662721057
68,110.0,67,110.01,08:03:14.663032099
69,110.0,67,110.01,08:03:14.663314006
70,110.0,67,110.01,08:03:14.664055026
69,110.0,67,110.01,08:03:14.669048432
70,110.0,67,110.01,08:03:14.669625514
69,110.0,67,110.01,08:03:15.684337418
68,110.0,67,110.01,08:03:15.685000446
67,110.0,67,110.01,08:03:15.691225318
67,110.0,83,110.01,08:03:15.694354714
66,110.0,83,110.01,08:03:15.698281139
24,110.0,83,110.01,08:03:15.709098876
24,110.0,93,110.01,08:03:15.709502811
12,110.0,93,110.01,08:03:15.709796722
4,110.0,93,110.01,08:03:15.709941652
4,110.0,105,110.01,08:03:15.709941652
3,110.0,105,110.01,08:03:15.710039942
4,110.0,105,110.01,08:03:15.710628362
5,110.0,105,110.01,08:03:15.710820941
5,110.0,111,110.01,08:03:15.711494194
5,110.0,105,110.01,08:03:15.711975071
6,110.0,105,110.01,08:03:15.718575891
7,110.0,105,110.01,08:03:15.719035798
7,110.0,93,110.01,08:03:15.719524651
8,110.0,93,110.01,08:03:15.719607086
9,110.0,93,110.01,08:03:15.733813240
10,110.0,93,110.01,08:03:15.733885259
19,110.0,93,110.01,08:03:15.734040727
19,110.0,103,110.01,08:03:15.822310977
18,110.0,103,110.01,08:03:16.370300777
9,110.0,103,110.01,08:03:16.370401144
8,110.0,103,110.01,08:03:16.370474824
7,110.0,103,110.01,08:03:16.370545436
6,110.0,103,110.01,08:03:16.370705717
5,110.0,103,110.01,08:03:16.370705717
4,110.0,103,110.01,08:03:16.370721253
3,110.0,103,110.01,08:03:16.370782180
3,110.0,115,110.01,08:03:16.373114095
3,110.0,117,110.01,08:03:16.378032516
3,110.0,115,110.01,08:03:16.378373926
3,110.0,103,110.01,08:03:16.475851214
5,110.0,103,110.01,08:03:16.548193719
8,110.0,103,110.01,08:03:16.548270934
9,110.0,103,110.01,08:03:16.548270934
10,110.0,103,110.01,08:03:16.548348442
9,110.0,103,110.01,08:03:16.548526425
18,110.0,103,110.01,08:03:16.549250617
19,110.0,103,110.01,08:03:16.549491930
31,110.0,103,110.01,08:03:16.549491930
59,110.0,103,110.01,08:03:16.549685468
73,110.0,103,110.01,08:03:16.549851340
73,110.0,87,110.01,08:03:16.550919752
73,110.0,77,110.01,08:03:16.671516246
59,110.0,77,110.01,08:03:18.941808493
58,110.0,77,110.01,08:03:18.941907552
58,110.0,94,110.01,08:03:18.942021795
30,110.0,94,110.01,08:03:18.942042401
18,110.0,94,110.01,08:03:18.942042401
16,110.0,94,110.01,08:03:18.942160969
15,110.0,94,110.01,08:03:18.942160969
15,110.0,106,110.01,08:03:18.942160969
6,110.0,106,110.01,08:03:18.942236595
3,110.0,106,110.01,08:03:18.942255100
3,110.0,116,110.01,08:03:19.058541709
3,110.0,125,110.01,08:03:19.229955580
2,110.0,125,110.01,08:03:20.470548838
1,110.0,125,110.01,08:03:20.470548838
101,109.99,125,110.01,08:03:20.470548838
101,109.99,9,110.0,08:03:20.470728066
101,109.99,125,110.01,08:03:20.471022416
101,109.99,2,110.0,08:03:20.471022416
99,109.99,2,110.0,08:03:20.471132130
99,109.99,11,110.0,08:03:20.471255358
99,109.99,15,110.0,08:03:20.471333513
99,109.99,6,110.0,08:03:20.471496447
99,109.99,7,110.0,08:03:20.474492143
99,109.99,8,110.0,08:03:20.474874169
99,109.99,9,110.0,08:03:20.474945820
99,109.99,18,110.0,08:03:20.478000175
99,109.99,19,110.0,08:03:20.506957562
116,109.99,19,110.0,08:03:20.573081339
116,109.99,15,110.0,08:03:21.809200521
116,109.99,13,110.0,08:03:22.283528456
116,109.99,12,110.0,08:03:22.285925459
116,109.99,11,110.0,08:03:22.286100518
116,109.99,12,110.0,08:03:22.286799368
116,109.99,11,110.0,08:03:22.289242348
116,109.99,10,110.0,08:03:22.293355467
116,109.99,9,110.0,08:03:22.299161392
116,109.99,139,110.01,08:03:22.310823652
116,109.99,129,110.01,08:03:22.311275123
116,109.99,137,110.01,08:03:22.311639062
116,109.99,139,110.01,08:03:22.321986567
116,109.99,129,110.01,08:03:22.426831317
116,109.99,151,110.01,08:03:22.449692716
116,109.99,9,110.0,08:03:22.450453452
116,109.99,12,110.0,08:03:22.450691985
116,109.99,44,110.0,08:03:22.450779845
116,109.99,46,110.0,08:03:22.450795560
116,109.99,44,110.0,08:03:22.451136088
116,109.99,12,110.0,08:03:22.461554280
117,109.99,12,110.0,08:03:22.669407338
117,109.99,9,110.0,08:03:22.881018666
117,109.99,10,110.0,08:03:22.881258041
117,109.99,12,110.0,08:03:22.881417085
117,109.99,10,110.0,08:03:22.913824578
117,109.99,9,110.0,08:03:22.913929739
117,109.99,10,110.0,08:03:22.927046200
117,109.99,12,110.0,08:03:22.927189499
117,109.99,10,110.0,08:03:23.053957581
117,109.99,9,110.0,08:03:23.054089526
117,109.99,10,110.0,08:03:23.073184983
117,109.99,12,110.0,08:03:23.073329879
117,109.99,10,110.0,08:03:23.161273744
117,109.99,9,110.0,08:03:23.161414884
117,109.99,11,110.0,08:03:23.747482401
117,109.99,12,110.0,08:03:23.747819870
117,109.99,13,110.0,08:03:25.124222902
117,109.99,14,110.0,08:03:25.124405673
100,109.99,14,110.0,08:03:25.919132882
100,109.99,15,110.0,08:03:25.919147506
100,109.99,16,110.0,08:03:25.919147506
100,109.99,51,110.0,08:03:25.919273249
100,109.99,63,110.0,08:03:25.919291342
100,109.99,68,110.0,08:03:25.919444449
88,109.99,68,110.0,08:03:25.919444449
88,109.99,69,110.0,08:03:25.919511755
88,109.99,70,110.0,08:03:25.919726834
86,109.99,70,110.0,08:03:25.920101719
78,109.99,70,110.0,08:03:25.920101719
70,109.99,70,110.0,08:03:25.920101719
65,109.99,70,110.0,08:03:25.920230241
65,109.99,89,110.0,08:03:25.920662685
65,109.99,88,110.0,08:03:25.920662685
65,109.99,87,110.0,08:03:25.920682800
65,109.99,82,110.0,08:03:25.920842442
65,109.99,70,110.0,08:03:25.920842442
65,109.99,72,110.0,08:03:25.920889066
65,109.99,53,110.0,08:03:25.920979754
60,109.99,53,110.0,08:03:25.921088634
60,109.99,54,110.0,08:03:25.921088634
60,109.99,55,110.0,08:03:25.921211280
60,109.99,65,110.0,08:03:25.921289578
60,109.99,66,110.0,08:03:25.930870298
60,109.99,67,110.0,08:03:25.930870298
61,109.99,67,110.0,08:03:25.943645188
61,109.99,66,110.0,08:03:28.895896862
61,109.99,65,110.0,08:03:29.104789847
69,109.99,65,110.0,08:03:29.105096503
81,109.99,65,110.0,08:03:29.105267005
92,109.99,65,110.0,08:03:29.105438975
92,109.99,55,110.0,08:03:29.105531718
100,109.99,55,110.0,08:03:29.105531718
89,109.99,55,110.0,08:03:29.106409302
81,109.99,55,110.0,08:03:29.106484774
81,109.99,56,110.0,08:03:32.062454991
81,109.99,57,110.0,08:03:32.062513737
69,109.99,57,110.0,08:03:33.352077913
61,109.99,57,110.0,08:03:33.352281231
61,109.99,68,110.0,08:03:33.352593647
61,109.99,67,110.0,08:03:33.357551354
69,109.99,67,110.0,08:03:33.357644551
81,109.99,67,110.0,08:03:33.357644551
81,109.99,56,110.0,08:03:33.357755780
69,109.99,56,110.0,08:03:33.361564717
69,109.99,57,110.0,08:03:33.361799091
69,109.99,56,110.0,08:03:33.367332437
81,109.99,56,110.0,08:03:33.455355632
81,109.99,55,110.0,08:03:34.077690742
80,109.99,55,110.0,08:03:35.048553211
80,109.99,54,110.0,08:03:35.073806880
98,109.99,54,110.0,08:03:35.074045030
99,109.99,54,110.0,08:03:35.592623293
100,109.99,54,110.0,08:03:36.471683637
82,109.99,54,110.0,08:03:37.851179040
82,109.99,55,110.0,08:03:37.851340851
82,109.99,54,110.0,08:03:39.091552443
82,109.99,52,110.0,08:03:39.628008459
101,109.99,52,110.0,08:03:39.776615717
101,109.99,54,110.0,08:03:39.833018451
82,109.99,54,110.0,08:03:39.833203238
82,109.99,55,110.0,08:03:40.864632868
82,109.99,56,110.0,08:03:40.864695767
82,109.99,55,110.0,08:03:40.864806487
82,109.99,54,110.0,08:03:40.864959764
82,109.99,55,110.0,08:03:40.978736602
82,109.99,56,110.0,08:03:40.978811873
82,109.99,68,110.0,08:03:40.978924129
82,109.99,75,110.0,08:03:40.979069504
70,109.99,75,110.0,08:03:40.979155529
62,109.99,75,110.0,08:03:40.979311139
62,109.99,74,110.0,08:03:42.800795576
62,109.99,67,110.0,08:03:44.900483992
62,109.99,55,110.0,08:03:44.900542593
62,109.99,54,110.0,08:03:44.900661821
62,109.99,55,110.0,08:03:45.343449232
62,109.99,54,110.0,08:03:46.377130391
70,109.99,54,110.0,08:03:46.377153940
82,109.99,54,110.0,08:03:46.377153940
94,109.99,54,110.0,08:03:46.378553830
101,109.99,54,110.0,08:03:46.378615020
101,109.99,53,110.0,08:03:46.379170417
101,109.99,52,110.0,08:03:46.379185281
101,109.99,50,110.0,08:03:46.379276626
101,109.99,15,110.0,08:03:46.379554639
101,109.99,17,110.0,08:03:46.381354077
101,109.99,18,110.0,08:03:46.397030391
89,109.99,18,110.0,08:03:46.397688954
82,109.99,18,110.0,08:03:46.397776182
82,109.99,19,110.0,08:03:46.398346819
82,109.99,20,110.0,08:03:46.410650782
82,109.99,21,110.0,08:03:46.410715088
82,109.99,26,110.0,08:03:46.422048003
82,109.99,25,110.0,08:03:46.445620726
82,109.99,24,110.0,08:03:46.445704642
82,109.99,19,110.0,08:03:46.445905979
82,109.99,20,110.0,08:03:46.481426541
82,109.99,25,110.0,08:03:46.481745968
82,109.99,57,110.0,08:03:46.481898083
82,109.99,67,110.0,08:03:46.481976374
70,109.99,67,110.0,08:03:46.482063432
62,109.99,67,110.0,08:03:46.482222307
62,109.99,82,110.0,08:03:47.144459165
62,109.99,83,110.0,08:03:47.144546378
62,109.99,87,110.0,08:03:47.144625206
62,109.99,86,110.0,08:03:47.144773667
61,109.99,86,110.0,08:03:47.900785833
61,109.99,85,110.0,08:03:47.926016577
61,109.99,70,110.0,08:03:47.926191796
61,109.99,66,110.0,08:03:47.926262922
61,109.99,67,110.0,08:03:47.926375271
61,109.99,66,110.0,08:03:47.937322361
61,109.99,65,110.0,08:03:47.937394787
62,109.99,65,110.0,08:03:48.445026972
62,109.99,84,110.0,08:03:49.715918829
62,109.99,94,110.0,08:03:49.716054832
62,109.99,75,110.0,08:03:50.369742534
62,109.99,74,110.0,08:03:50.370250223
74,109.99,74,110.0,08:03:50.370356158
74,109.99,64,110.0,08:03:50.370370104
82,109.99,64,110.0,08:03:50.370505653
101,109.99,64,110.0,08:03:50.370505653
82,109.99,64,110.0,08:03:50.371456597
82,109.99,65,110.0,08:03:50.373496565
74,109.99,65,110.0,08:03:50.374300593
62,109.99,65,110.0,08:03:50.374505989
62,109.99,84,110.0,08:03:50.470094444
62,109.99,94,110.0,08:03:50.470323951
61,109.99,94,110.0,08:03:56.492162710
63,109.99,94,110.0,08:03:56.502862752
63,109.99,75,110.0,08:03:57.174933298
63,109.99,65,110.0,08:04:00.062648230
71,109.99,65,110.0,08:04:00.062923932
71,109.99,33,110.0,08:04:00.063036396
71,109.99,23,110.0,08:04:00.063117471
71,109.99,45,110.0,08:04:00.196673424
71,109.99,65,110.0,08:04:00.196767517
70,109.99,65,110.0,08:04:00.751991727
62,109.99,65,110.0,08:04:00.758510210
62,109.99,71,110.0,08:04:00.762704792
62,109.99,76,110.0,08:04:00.762807659
62,109.99,75,110.0,08:04:00.777255670
62,109.99,70,110.0,08:04:00.777434432
62,109.99,64,110.0,08:04:00.777499030
70,109.99,64,110.0,08:04:00.783719142
89,109.99,64,110.0,08:04:00.783979638
70,109.99,64,110.0,08:04:00.988648759
71,109.99,64,110.0,08:04:01.297108139
71,109.99,71,110.0,08:04:01.930202013
71,109.99,75,110.0,08:04:01.930337780
71,109.99,86,110.0,08:04:01.930820774
71,109.99,94,110.0,08:04:01.930894582
63,109.99,94,110.0,08:04:01.930973488
62,109.99,94,110.0,08:04:01.935134393
61,109.99,94,110.0,08:04:01.935203970
60,109.99,94,110.0,08:04:01.935269615
57,109.99,94,110.0,08:04:01.940230097
56,109.99,94,110.0,08:04:01.945528709
55,109.99,94,110.0,08:04:01.948478710
54,109.99,94,110.0,08:04:01.950152554
45,109.99,94,110.0,08:04:01.952638991
17,109.99,94,110.0,08:04:02.022312378
8,109.99,94,110.0,08:04:02.022380272
8,109.99,106,110.0,08:04:02.022785238
6,109.99,106,110.0,08:04:02.026041269
6,109.99,116,110.0,08:04:02.064469522
7,109.99,116,110.0,08:04:02.735223120
6,109.99,116,110.0,08:04:02.825745314
7,109.99,116,110.0,08:04:03.076981577
8,109.99,116,110.0,08:04:03.079669990
17,109.99,116,110.0,08:04:03.079827245
18,109.99,116,110.0,08:04:03.092468854
20,109.99,116,110.0,08:04:03.092468854
20,109.99,104,110.0,08:04:03.092767542
21,109.99,104,110.0,08:04:03.092767542
22,109.99,104,110.0,08:04:03.093061355
64,109.99,104,110.0,08:04:03.093193289
72,109.99,104,110.0,08:04:03.093499276
70,109.99,104,110.0,08:04:03.115361690
70,109.99,94,110.0,08:04:03.206560105
62,109.99,94,110.0,08:04:03.206750348
61,109.99,94,110.0,08:04:03.225339335
19,109.99,94,110.0,08:04:03.225402301
19,109.99,104,110.0,08:04:03.337054058
18,109.99,104,110.0,08:04:03.355067171
17,109.99,104,110.0,08:04:04.184930862
16,109.99,104,110.0,08:04:04.185191070
7,109.99,104,110.0,08:04:04.185306907
6,109.99,104,110.0,08:04:04.185496462
7,109.99,104,110.0,08:04:05.039240017
8,109.99,104,110.0,08:04:05.039399547
17,109.99,104,110.0,08:04:06.084162823
16,109.99,104,110.0,08:04:07.050340014
7,109.99,104,110.0,08:04:07.050498913
6,109.99,104,110.0,08:04:07.050759956
5,109.99,104,110.0,08:04:07.372842477
4,109.99,104,110.0,08:04:07.373010226
4,109.99,116,110.0,08:04:07.373042780
3,109.99,116,110.0,08:04:07.373042780
1,109.99,116,110.0,08:04:07.373042780
109,109.98,116,110.0,08:04:07.373042780
103,109.98,116,110.0,08:04:07.373189442
103,109.98,132,110.0,08:04:07.373327138
103,109.98,13,109.99,08:04:07.373357608
115,109.98,13,109.99,08:04:07.373441796
121,109.98,13,109.99,08:04:07.373441796
124,109.98,13,109.99,08:04:07.373460788
124,109.98,38,109.99,08:04:07.373460788
125,109.98,38,109.99,08:04:07.373582232
126,109.98,38,109.99,08:04:07.373582232
126,109.98,25,109.99,08:04:07.374196593
126,109.98,126,110.0,08:04:07.374196593
126,109.98,136,110.0,08:04:07.374820462
126,109.98,124,110.0,08:04:07.376337292
126,109.98,121,110.0,08:04:07.376973102
126,109.98,124,110.0,08:04:07.378788026
126,109.98,132,110.0,08:04:07.381701234
126,109.98,126,110.0,08:04:07.382140116
130,109.98,126,110.0,08:04:07.382390406
130,109.98,124,110.0,08:04:07.382649669
126,109.98,124,110.0,08:04:07.382988281
126,109.98,136,110.0,08:04:07.383175468
126,109.98,140,110.0,08:04:07.383298729
126,109.98,138,110.0,08:04:07.383491266
126,109.98,128,110.0,08:04:07.383816331
126,109.98,125,110.0,08:04:07.385947187
126,109.98,122,110.0,08:04:07.388666282
126,109.98,130,110.0,08:04:07.392257273
126,109.98,132,110.0,08:04:07.392626316
126,109.98,128,110.0,08:04:07.393266287
126,109.98,134,110.0,08:04:07.393341240
126,109.98,138,110.0,08:04:07.399172838
126,109.98,144,110.0,08:04:07.399500716
126,109.98,148,110.0,08:04:07.403270882
126,109.98,144,110.0,08:04:07.412257003
126,109.98,140,110.0,08:04:07.429360853
126,109.98,136,110.0,08:04:07.429711450
126,109.98,146,110.0,08:04:07.434153994
126,109.98,152,110.0,08:04:07.435516518
126,109.98,142,110.0,08:04:07.486593096
126,109.98,152,110.0,08:04:07.506590635
126,109.98,148,110.0,08:04:07.517687244
126,109.98,152,110.0,08:04:07.549171089
126,109.98,148,110.0,08:04:09.251517034
126,109.98,122,110.0,08:04:09.251850944
126,109.98,118,110.0,08:04:09.262357605
126,109.98,134,110.0,08:04:09.366437166
126,109.98,137,110.0,08:04:09.366517697
126,109.98,151,110.0,08:04:09.366751214
126,109.98,155,110.0,08:04:09.376851291
126,109.98,2,109.99,08:04:09.382476848
126,109.98,11,109.99,08:04:09.382800738
126,109.98,14,109.99,08:04:09.382800738
126,109.98,19,109.99,08:04:09.382800738
126,109.98,14,109.99,08:04:09.392138882
126,109.98,11,109.99,08:04:09.716809847
126,109.98,10,109.99,08:04:09.788823129
126,109.98,9,109.99,08:04:09.789009123
126,109.98,8,109.99,08:04:09.789240847
126,109.98,149,110.0,08:04:09.789355231
126,109.98,147,110.0,08:04:09.789406232
126,109.98,131,110.0,08:04:09.789736200
126,109.98,123,110.0,08:04:09.811705174
126,109.98,119,110.0,08:04:09.822204089
126,109.98,121,110.0,08:04:09.932036137
126,109.98,133,110.0,08:04:09.932350020
126,109.98,135,110.0,08:04:09.932698367
126,109.98,139,110.0,08:04:09.941973081
126,109.98,149,110.0,08:04:09.942355215
126,109.98,153,110.0,08:04:09.942469164
126,109.98,143,110.0,08:04:09.942644198
126,109.98,129,110.0,08:04:09.953019074
126,109.98,125,110.0,08:04:09.953376712
126,109.98,121,110.0,08:04:10.041251888
126,109.98,117,110.0,08:04:10.041624768
126,109.98,121,110.0,08:04:10.160644193
126,109.98,127,110.0,08:04:10.160991056
126,109.98,143,110.0,08:04:10.161791244
126,109.98,133,110.0,08:04:10.507193325
126,109.98,123,110.0,08:04:10.507538144
126,109.98,119,110.0,08:04:10.509125899
126,109.98,116,110.0,08:04:10.512814181
126,109.98,119,110.0,08:04:10.521586234
126,109.98,116,110.0,08:04:10.933900194
126,109.98,119,110.0,08:04:11.030087874
118,109.98,119,110.0,08:04:11.042015718
118,109.98,123,110.0,08:04:11.042251922
118,109.98,127,110.0,08:04:11.152170882
118,109.98,131,110.0,08:04:11.152580773
118,109.98,143,110.0,08:04:11.153030817
118,109.98,140,110.0,08:04:11.168693907
118,109.98,128,110.0,08:04:11.168914840
118,109.98,126,110.0,08:04:11.169216206
118,109.98,122,110.0,08:04:11.391113355
118,109.98,116,110.0,08:04:11.391487659
118,109.98,122,110.0,08:04:11.396302662
118,109.98,140,110.0,08:04:11.396622098
118,109.98,134,110.0,08:04:11.401659281
118,109.98,140,110.0,08:04:12.034780814
118,109.98,134,110.0,08:04:12.264150462
118,109.98,140,110.0,08:04:13.873730559
119,109.98,140,110.0,08:04:14.148343953
119,109.98,136,110.0,08:04:14.209199535
119,109.98,132,110.0,08:04:14.209584572
119,109.98,120,110.0,08:04:14.209968341
119,109.98,118,110.0,08:04:14.210322882
119,109.98,122,110.0,08:04:14.393727457
119,109.98,126,110.0,08:04:14.397825237
119,109.98,140,110.0,08:04:14.398192599
119,109.98,130,110.0,08:04:15.076443221
119,109.98,122,110.0,08:04:15.076848775
119,109.98,128,110.0,08:04:15.457410979
119,109.98,140,110.0,08:04:15.457855596
120,109.98,140,110.0,08:04:17.783694120
120,109.98,1,109.99,08:04:17.914045844
120,109.98,4,109.99,08:04:17.914293633
120,109.98,37,109.99,08:04:17.914378836
120,109.98,38,109.99,08:04:17.914467370
120,109.98,47,109.99,08:04:17.914548660
120,109.98,55,109.99,08:04:17.914548660
120,109.98,54,109.99,08:04:17.914954787
120,109.98,63,109.99,08:04:17.914971523
120,109.98,55,109.99,08:04:17.914971523
120,109.98,57,109.99,08:04:17.925343400
120,109.98,62,109.99,08:04:17.932298089
120,109.98,63,109.99,08:04:17.932789291
108,109.98,63,109.99,08:04:17.933367528
102,109.98,63,109.99,08:04:17.933367528
102,109.98,62,109.99,08:04:17.933387275
102,109.98,63,109.99,08:04:17.933387275
102,109.98,73,109.99,08:04:17.933534912
93,109.98,73,109.99,08:04:17.933660689
90,109.98,73,109.99,08:04:17.933703422
84,109.98,73,109.99,08:04:17.933703422
84,109.98,74,109.99,08:04:17.934009316
72,109.98,74,109.99,08:04:17.934264803
72,109.98,73,109.99,08:04:17.934505469
72,109.98,74,109.99,08:04:17.936372920
84,109.98,74,109.99,08:04:17.946242341
84,109.98,73,109.99,08:04:18.145544278
84,109.98,74,109.99,08:04:18.149669372
84,109.98,73,109.99,08:04:18.150505134
84,109.98,74,109.99,08:04:18.154856969
84,109.98,73,109.99,08:04:18.261974921
100,109.98,73,109.99,08:04:18.266398476
84,109.98,73,109.99,08:04:19.721272093
84,109.98,74,109.99,08:04:19.721727014
81,109.98,74,109.99,08:04:19.732459385
69,109.98,74,109.99,08:04:19.732534436
69,109.98,93,109.99,08:04:19.732705612
70,109.98,93,109.99,08:04:19.732781346
71,109.98,93,109.99,08:04:19.732963701
70,109.98,93,109.99,08:04:19.737564570
71,109.98,93,109.99,08:04:19.740937133
72,109.98,93,109.99,08:04:19.893976490
72,109.98,74,109.99,08:04:20.645638164
84,109.98,74,109.99,08:04:20.646569929
101,109.98,74,109.99,08:04:20.647602747
101,109.98,73,109.99,08:04:20.647694686
101,109.98,68,109.99,08:04:20.650531093
101,109.98,66,109.99,08:04:20.669277638
101,109.98,67,109.99,08:04:20.669386611
101,109.98,66,109.99,08:04:21.068596538
101,109.98,67,109.99,08:04:21.078518061
101,109.98,66,109.99,08:04:21.291803448
101,109.98,57,109.99,08:04:22.015550230
101,109.98,58,109.99,08:04:22.296257384
84,109.98,58,109.99,08:04:22.296593535
84,109.98,57,109.99,08:04:22.299151721
84,109.98,58,109.99,08:04:22.311301094
84,109.98,67,109.99,08:04:22.375797923
84,109.98,68,109.99,08:04:22.533524804
84,109.98,67,109.99,08:04:22.587689168
102,109.98,67,109.99,08:04:22.791924149
102,109.98,58,109.99,08:04:22.871006732
102,109.98,57,109.99,08:04:23.011068452
102,109.98,47,109.99,08:04:23.680992737
102,109.98,48,109.99,08:04:23.701874855
102,109.98,57,109.99,08:04:23.702042546
102,109.98,68,109.99,08:04:23.812851599
101,109.98,68,109.99,08:04:26.456491848
101,109.98,67,109.99,08:04:26.481742365
101,109.98,58,109.99,08:04:26.481982092
101,109.98,47,109.99,08:04:26.482077718
101,109.98,46,109.99,08:04:26.482077718
101,109.98,37,109.99,08:04:26.482333711
101,109.98,4,109.99,08:04:26.482422194
101,109.98,13,109.99,08:04:26.482609762
101,109.98,12,109.99,08:04:26.966279639
101,109.98,9,109.99,08:04:30.579434944
101,109.98,12,109.99,08:04:30.580474013
101,109.98,9,109.99,08:04:30.584085309
101,109.98,149,110.0,08:04:30.659561459
101,109.98,141,110.0,08:04:30.660032792
101,109.98,163,110.0,08:04:30.660417544
101,109.98,151,110.0,08:04:30.686791051
102,109.98,151,110.0,08:04:30.699327974
102,109.98,156,110.0,08:04:31.032389507
102,109.98,134,110.0,08:04:35.267305046
102,109.98,126,110.0,08:04:35.320964886
102,109.98,136,110.0,08:04:35.331424745
102,109.98,144,110.0,08:04:35.435774934
102,109.98,136,110.0,08:04:35.454391053
102,109.98,148,110.0,08:04:35.489009857
102,109.98,136,110.0,08:04:35.506576580
102,109.98,154,110.0,08:04:35.527770374
102,109.98,166,110.0,08:04:35.527835002
102,109.98,148,110.0,08:04:35.550281292
102,109.98,156,110.0,08:04:35.555034823
102,109.98,178,110.0,08:04:36.016834363
102,109.98,29,109.99,08:04:36.016992437
102,109.98,44,109.99,08:04:36.017142984
102,109.98,45,109.99,08:04:36.017352658
102,109.98,48,109.99,08:04:36.017352658
102,109.98,47,109.99,08:04:36.081845366
103,109.98,47,109.99,08:04:36.463790544
103,109.98,44,109.99,08:04:36.816152238
103,109.98,15,109.99,08:04:36.816336248
103,109.98,196,110.0,08:04:36.816336248
103,109.98,178,110.0,08:04:37.511669705
103,109.98,166,110.0,08:04:38.050295106
102,109.98,166,110.0,08:04:39.308656516
102,109.98,165,110.0,08:04:39.333920529
111,109.98,165,110.0,08:04:39.334220408
111,109.98,143,110.0,08:04:39.334519405
111,109.98,135,110.0,08:04:39.334899824
111,109.98,143,110.0,08:04:39.434813760
111,109.98,165,110.0,08:04:39.485137069
112,109.98,165,110.0,08:04:39.852776270
112,109.98,143,110.0,08:04:40.331685027
112,109.98,135,110.0,08:04:40.337236954
112,109.98,147,110.0,08:04:40.437406204
112,109.98,153,110.0,08:04:40.513017288
112,109.98,155,110.0,08:04:40.513387949
112,109.98,173,110.0,08:04:40.522520038
112,109.98,195,110.0,08:04:40.523204687
112,109.98,33,109.99,08:04:40.819022593
112,109.98,44,109.99,08:04:40.819037765
112,109.98,45,109.99,08:04:40.819263224
112,109.98,48,109.99,08:04:40.819344766
103,109.98,48,109.99,08:04:40.820268663
103,109.98,50,109.99,08:04:40.820442160
103,109.98,59,109.99,08:04:40.820442160
103,109.98,60,109.99,08:04:40.820732160
85,109.98,60,109.99,08:04:40.820818787
73,109.98,60,109.99,08:04:40.820910210
73,109.98,69,109.99,08:04:40.821004473
73,109.98,72,109.99,08:04:40.821021490
73,109.98,86,109.99,08:04:40.821294994
73,109.98,91,109.99,08:04:40.821314869
73,109.98,96,109.99,08:04:40.821314869
73,109.98,97,109.99,08:04:40.821504041
72,109.98,97,109.99,08:04:40.821844729
61,109.98,97,109.99,08:04:40.821925842
28,109.98,97,109.99,08:04:40.821925842
29,109.98,97,109.99,08:04:40.822103502
24,109.98,97,109.99,08:04:40.824694252
22,109.98,97,109.99,08:04:40.825826350
21,109.98,97,109.99,08:04:40.838349711
20,109.98,97,109.99,08:04:40.843431907
21,109.98,97,109.99,08:04:40.866672832
20,109.98,97,109.99,08:04:40.884342632
19,109.98,97,109.99,08:04:40.894389835
20,109.98,97,109.99,08:04:40.902149418
19,109.98,97,109.99,08:04:40.918350845
18,109.98,97,109.99,08:04:40.918495249
19,109.98,97,109.99,08:04:40.925573862
21,109.98,97,109.99,08:04:40.925643066
22,109.98,97,109.99,08:04:40.936045606
21,109.98,97,109.99,08:04:41.037343967
20,109.98,97,109.99,08:04:41.037490662
18,109.98,97,109.99,08:04:41.039242942
19,109.98,97,109.99,08:04:41.042850340
20,109.98,97,109.99,08:04:41.042996314
21,109.98,97,109.99,08:04:41.227846070
22,109.98,97,109.99,08:04:41.490444444
23,109.98,97,109.99,08:04:41.500782203
24,109.98,97,109.99,08:04:41.504839149
24,109.98,96,109.99,08:04:41.509240841
29,109.98,96,109.99,08:04:41.511139789
41,109.98,96,109.99,08:04:41.511314401
41,109.98,91,109.99,08:04:41.511831997
41,109.98,77,109.99,08:04:41.511900002
41,109.98,78,109.99,08:04:41.512013555
41,109.98,77,109.99,08:04:41.522252611
41,109.98,78,109.99,08:04:41.549591639
41,109.98,77,109.99,08:04:41.670481980
41,109.98,78,109.99,08:04:42.049528407
29,109.98,78,109.99,08:04:43.250142092
24,109.98,78,109.99,08:04:43.250292151
24,109.98,89,109.99,08:04:45.307100557
24,109.98,97,109.99,08:04:45.307241705
23,109.98,97,109.99,08:04:45.307409340
22,109.98,97,109.99,08:04:45.308569074
21,109.98,97,109.99,08:04:45.309044555
20,109.98,97,109.99,08:04:45.309583585
19,109.98,97,109.99,08:04:45.313191114
20,109.98,97,109.99,08:04:45.393057117
21,109.98,97,109.99,08:04:45.393200189
22,109.98,97,109.99,08:04:45.398982784
21,109.98,97,109.99,08:04:45.414165919
22,109.98,97,109.99,08:04:45.448540788
21,109.98,97,109.99,08:04:45.451601952
20,109.98,97,109.99,08:04:45.451849200
19,109.98,97,109.99,08:04:45.451849200
20,109.98,97,109.99,08:04:45.536426740
21,109.98,97,109.99,08:04:45.536522865
22,109.98,97,109.99,08:04:45.536644045
21,109.98,97,109.99,08:04:46.544764338
20,109.98,97,109.99,08:04:46.544912177
19,109.98,97,109.99,08:04:46.549052951
18,109.98,97,109.99,08:04:47.060477569
17,109.98,97,109.99,08:04:47.064086563
8,109.98,97,109.99,08:04:47.065235238
9,109.98,97,109.99,08:04:47.065408758
9,109.98,107,109.99,08:04:47.182812322
10,109.98,107,109.99,08:04:47.366178209
9,109.98,107,109.99,08:04:47.366348308
18,109.98,107,109.99,08:04:47.366410785
19,109.98,107,109.99,08:04:48.069170002
18,109.98,107,109.99,08:04:48.069322789
18,109.98,97,109.99,08:04:48.880519885
19,109.98,97,109.99,08:04:49.070799546
20,109.98,97,109.99,08:04:49.071162048
21,109.98,97,109.99,08:04:49.071316342
20,109.98,97,109.99,08:04:49.075341899
19,109.98,97,109.99,08:04:49.717750599
20,109.98,97,109.99,08:04:50.046016355
21,109.98,97,109.99,08:04:50.046153666
22,109.98,97,109.99,08:04:50.046299737
21,109.98,97,109.99,08:04:50.423845878
20,109.98,97,109.99,08:04:50.423992939
21,109.98,97,109.99,08:04:50.522846180
20,109.98,97,109.99,08:04:50.541502228
21,109.98,97,109.99,08:04:50.812816568
20,109.98,97,109.99,08:04:51.508308580
19,109.98,97,109.99,08:04:51.508473238
20,109.98,97,109.99,08:04:51.757810875
21,109.98,97,109.99,08:04:51.757962586
20,109.98,97,109.99,08:04:51.758067569
19,109.98,97,109.99,08:04:52.159926157
19,109.98,96,109.99,08:04:52.185176650
43,109.98,96,109.99,08:04:52.185506912
43,109.98,85,109.99,08:04:52.185617162
44,109.98,85,109.99,08:04:52.185617162
46,109.98,85,109.99,08:04:52.185636509
55,109.98,85,109.99,08:04:52.185636509
55,109.98,77,109.99,08:04:52.185636509
73,109.98,77,109.99,08:04:52.185705338
64,109.98,77,109.99,08:04:52.185877956
62,109.98,77,109.99,08:04:52.537555692
63,109.98,77,109.99,08:04:52.704950935
64,109.98,77,109.99,08:04:53.230791863
63,109.98,77,109.99,08:04:53.232215769
62,109.98,77,109.99,08:04:53.527534968
63,109.98,77,109.99,08:04:54.670258608
62,109.98,77,109.99,08:04:54.670983123
63,109.98,77,109.99,08:04:54.671333172
62,109.98,77,109.99,08:04:54.671566767
38,109.98,77,109.99,08:04:54.977976514
38,109.98,91,109.99,08:04:54.978047384
20,109.98,91,109.99,08:04:54.978047384
20,109.98,96,109.99,08:04:54.978208590
19,109.98,96,109.99,08:04:54.978439566
18,109.98,96,109.99,08:04:54.982125604
45,109.98,96,109.99,08:04:55.524099088
47,109.98,96,109.99,08:04:55.524193437
62,109.98,96,109.99,08:04:55.524210086
63,109.98,96,109.99,08:04:55.524282131
64,109.98,96,109.99,08:04:55.524379532
63,109.98,96,109.99,08:04:55.524530341
61,109.98,96,109.99,08:04:55.524752473
60,109.98,96,109.99,08:04:56.454932566
62,109.98,96,109.99,08:04:56.465947358
62,109.98,82,109.99,08:04:56.665211975
62,109.98,77,109.99,08:04:56.665281799
64,109.98,77,109.99,08:04:56.665380935
65,109.98,77,109.99,08:04:56.666525548
77,109.98,77,109.99,08:04:56.666667436
78,109.98,77,109.99,08:04:56.666746619
77,109.98,77,109.99,08:04:56.666985631
89,109.98,77,109.99,08:04:56.667350380
90,109.98,77,109.99,08:04:56.667564804
96,109.98,77,109.99,08:04:56.667644192
95,109.98,77,109.99,08:04:56.669378642
95,109.98,76,109.99,08:04:56.669816608
95,109.98,71,109.99,08:04:56.670928146
96,109.98,71,109.99,08:04:56.670997189
96,109.98,68,109.99,08:04:57.423507027
96,109.98,59,109.99,08:04:57.423507027
96,109.98,50,109.99,08:04:57.423619858
96,109.98,48,109.99,08:04:57.424219609
96,109.98,48,109.99,08:04:57.424219609
96,109.98,57,109.99,08:05:00.070949218
96,109.98,59,109.99,08:05:00.167756266
96,109.98,57,109.99,08:05:00.264564607
96,109.98,68,109.99,08:05:00.281742120
84,109.98,68,109.99,08:05:00.281890183
72,109.98,68,109.99,08:05:00.282471757
66,109.98,68,109.99,08:05:00.282566006
66,109.98,69,109.99,08:05:00.282634317
65,109.98,69,109.99,08:05:00.553495881
63,109.98,69,109.99,08:05:00.555037414
64,109.98,69,109.99,08:05:00.769342597
65,109.98,69,109.99,08:05:00.769652360
64,109.98,69,109.99,08:05:00.827027235
63,109.98,69,109.99,08:05:00.827179875
64,109.98,69,109.99,08:05:00.913872513
65,109.98,69,109.99,08:05:00.982197002
66,109.98,69,109.99,08:05:01.249220825
66,109.98,68,109.99,08:05:01.690626374
80,109.98,68,109.99,08:05:01.853479644
84,109.98,68,109.99,08:05:01.853574443
96,109.98,68,109.99,08:05:02.766401775
96,109.98,57,109.99,08:05:03.451093953
96,109.98,48,109.99,08:05:03.451484907
96,109.98,47,109.99,08:05:03.451503908
96,109.98,44,109.99,08:05:03.451503908
96,109.98,47,109.99,08:05:03.451700305
96,109.98,36,109.99,08:05:03.451700305
96,109.98,4,109.99,08:05:03.451820318
96,109.98,13,109.99,08:05:03.452131200
96,109.98,14,109.99,08:05:03.466175208
96,109.98,13,109.99,08:05:03.583547599
96,109.98,12,109.99,08:05:03.583719701
96,109.98,54,109.99,08:05:05.017970934
84,109.98,54,109.99,08:05:05.315689488
84,109.98,55,109.99,08:05:05.315960451
84,109.98,56,109.99,08:05:05.316030659
84,109.98,55,109.99,08:05:05.316414339
96,109.98,55,109.99,08:05:07.396302326
95,109.98,55,109.99,08:05:07.907072163
95,109.98,54,109.99,08:05:07.932323533
95,109.98,12,109.99,08:05:07.932470103
95,109.98,13,109.99,08:05:07.932633088
95,109.98,4,109.99,08:05:07.932703623
95,109.98,5,109.99,08:05:07.932823754
95,109.98,14,109.99,08:05:07.932823754
95,109.98,15,109.99,08:05:07.932893622
95,109.98,37,109.99,08:05:08.232484508
95,109.98,57,109.99,08:05:08.232584064
96,109.98,57,109.99,08:05:08.452161800
84,109.98,57,109.99,08:05:09.463987743
84,109.98,64,109.99,08:05:11.584006712
84,109.98,69,109.99,08:05:11.584152141
80,109.98,69,109.99,08:05:11.584244214
66,109.98,69,109.99,08:05:11.584244214
66,109.98,70,109.99,08:05:11.584244214
65,109.98,70,109.99,08:05:12.304946892
64,109.98,70,109.99,08:05:12.305274265
63,109.98,70,109.99,08:05:12.305430249
63,109.98,74,109.99,08:05:12.305430249
63,109.98,89,109.99,08:05:12.305430249
62,109.98,89,109.99,08:05:12.305496128
63,109.98,89,109.99,08:05:12.305990511
64,109.98,89,109.99,08:05:12.315746044
64,109.98,85,109.99,08:05:12.315851772
64,109.98,70,109.99,08:05:12.315921516
65,109.98,70,109.99,08:05:12.315992377
66,109.98,70,109.99,08:05:12.316070876
65,109.98,70,109.99,08:05:12.316991422
64,109.98,70,109.99,08:05:12.317128138
65,109.98,70,109.99,08:05:12.337002388
66,109.98,70,109.99,08:05:12.337262960
78,109.98,70,109.99,08:05:12.361147907
96,109.98,70,109.99,08:05:12.364073158
96,109.98,69,109.99,08:05:12.370953274
96,109.98,70,109.99,08:05:12.401741403
96,109.98,69,109.99,08:05:12.465370154
96,109.98,71,109.99,08:05:13.462761532
96,109.98,72,109.99,08:05:13.462824790
78,109.98,72,109.99,08:05:13.463011157
78,109.98,71,109.99,08:05:13.463091851
66,109.98,71,109.99,08:05:13.463171895
66,109.98,72,109.99,08:05:13.463332751
66,109.98,71,109.99,08:05:13.594544075
84,109.98,71,109.99,08:05:13.595808111
84,109.98,69,109.99,08:05:13.596035558
84,109.98,70,109.99,08:05:14.046582010
84,109.98,69,109.99,08:05:14.046807907
84,109.98,70,109.99,08:05:14.381691086
66,109.98,70,109.99,08:05:14.495777383
66,109.98,82,109.99,08:05:14.512902631
65,109.98,82,109.99,08:05:16.656161154
64,109.98,82,109.99,08:05:16.656430504
63,109.98,82,109.99,08:05:16.656504680
62,109.98,82,109.99,08:05:16.656623787
62,109.98,97,109.99,08:05:16.656797377
62,109.98,101,109.99,08:05:16.656797377
63,109.98,101,109.99,08:05:16.657648426
62,109.98,101,109.99,08:05:16.658715800
47,109.98,101,109.99,08:05:16.659122341
20,109.98,101,109.99,08:05:16.659201980
22,109.98,101,109.99,08:05:16.659453359
23,109.98,101,109.99,08:05:16.660310059
22,109.98,101,109.99,08:05:16.660522381
23,109.98,101,109.99,08:05:16.661192835
23,109.98,97,109.99,08:05:16.663657828
23,109.98,82,109.99,08:05:16.663724692
24,109.98,82,109.99,08:05:16.663828282
23,109.98,82,109.99,08:05:16.664037577
24,109.98,82,109.99,08:05:16.665396169
25,109.98,82,109.99,08:05:16.665544831
49,109.98,82,109.99,08:05:16.763706475
67,109.98,82,109.99,08:05:16.763853053
82,109.98,82,109.99,08:05:19.806447257
67,109.98,82,109.99,08:05:20.099333337
79,109.98,82,109.99,08:05:21.583443939
85,109.98,82,109.99,08:05:21.583544739
97,109.98,82,109.99,08:05:21.583619638
85,109.98,82,109.99,08:05:21.948633522
85,109.98,84,109.99,08:05:23.284882588
79,109.98,84,109.99,08:05:23.285056108
67,109.98,84,109.99,08:05:23.285128901
67,109.98,82,109.99,08:05:23.909318143
66,109.98,82,109.99,08:05:25.111294837
66,109.98,81,109.99,08:05:25.136561849
84,109.98,81,109.99,08:05:25.136819302
86,109.98,81,109.99,08:05:25.136819302
86,109.98,80,109.99,08:05:25.136964969
86,109.98,81,109.99,08:05:25.136964969
84,109.98,81,109.99,08:05:25.419821631
66,109.98,81,109.99,08:05:25.437508187
66,109.98,82,109.99,08:05:25.482142281
67,109.98,82,109.99,08:05:25.655358234
65,109.98,82,109.99,08:05:26.421276448
68,109.98,82,109.99,08:05:26.432311568
80,109.98,82,109.99,08:05:26.503688988
94,109.98,82,109.99,08:05:26.504514530
98,109.98,82,109.99,08:05:26.504610708
98,109.98,81,109.99,08:05:26.504680264
98,109.98,82,109.99,08:05:27.052898894
98,109.98,84,109.99,08:05:27.750745767
94,109.98,84,109.99,08:05:27.750745767
80,109.98,84,109.99,08:05:27.750804324
68,109.98,84,109.99,08:05:27.822422513
68,109.98,83,109.99,08:05:28.248222092
82,109.98,83,109.99,08:05:28.331143870
94,109.98,83,109.99,08:05:28.331334784
98,109.98,83,109.99,08:05:28.331351613
98,109.98,81,109.99,08:05:28.331628397
98,109.98,83,109.99,08:05:29.143279259
98,109.98,81,109.99,08:05:29.206108001
98,109.98,83,109.99,08:05:30.198665995
98,109.98,81,109.99,08:05:30.328056852
98,109.98,99,109.99,08:05:31.239208320
98,109.98,81,109.99,08:05:31.250700104
98,109.98,83,109.99,08:05:32.388618797
98,109.98,81,109.99,08:05:32.400980647
98,109.98,83,109.99,08:05:33.885167965
98,109.98,81,109.99,08:05:34.009473281
98,109.98,83,109.99,08:05:34.907961360
98,109.98,81,109.99,08:05:34.962900490
98,109.98,82,109.99,08:05:37.998463878
98,109.98,81,109.99,08:05:38.103093813
98,109.98,99,109.99,08:05:39.014261274
94,109.98,99,109.99,08:05:39.058783596
80,109.98,99,109.99,08:05:39.058783596
80,109.98,100,109.99,08:05:40.540566282
79,109.98,100,109.99,08:05:42.315488780
79,109.98,99,109.99,08:05:42.340750925
89,109.98,99,109.99,08:05:42.340953113
89,109.98,98,109.99,08:05:42.340953113
91,109.98,98,109.99,08:05:42.341019567
99,109.98,98,109.99,08:05:42.341102760
99,109.98,99,109.99,08:05:42.341171654
97,109.98,99,109.99,08:05:42.570016267
89,109.98,99,109.99,08:05:42.642571989
79,109.98,99,109.99,08:05:42.642633864
