price,volume,timestamp
5203.75,1,13:01:47.667749546
5203.75,2,13:01:47.668006470
5203.75,1,13:01:47.670089001
5203.75,1,13:01:47.675968547
5203.5,1,13:01:47.679285724
5203.5,1,13:01:47.680144797
5203.5,1,13:01:47.680304583
5203.5,2,13:01:47.687160113
5203.5,1,13:01:47.687465952
5203.5,1,13:01:47.687506398
5203.5,3,13:01:47.687738098
5203.5,1,13:01:47.687777802
5203.5,1,13:01:47.691285725
5203.5,1,13:01:47.694909532
5203.5,2,13:01:47.695078480
5203.5,1,13:01:47.695272484
5203.5,1,13:01:47.695352111
5203.5,1,13:01:47.695506802
5203.5,3,13:01:47.695547999
5203.5,2,13:01:47.695586717
5203.5,1,13:01:47.703040765
5203.5,1,13:01:47.711264991
5203.5,1,13:01:47.711537314
5203.5,1,13:01:47.726729216
5203.5,4,13:01:47.727065734
5203.5,1,13:01:47.727369712
5203.25,1,13:01:47.841218389
5203.5,8,13:01:47.841506455
5203.5,6,13:01:47.841735645
5203.5,1,13:01:47.841863611
5203.5,1,13:01:47.841890805
5203.5,1,13:01:47.841984103
5203.5,1,13:01:47.842098176
5203.5,1,13:01:47.842197823
5203.5,1,13:01:47.842648036
5203.5,1,13:01:47.842926044
5203.5,1,13:01:47.878878231
5203.75,21,13:01:47.919929366
5203.75,5,13:01:47.920419546
5203.75,1,13:01:47.920608759
5203.75,8,13:01:47.955056482
5203.75,4,13:01:47.963128731
5203.75,1,13:01:47.964069848
5204.0,1,13:01:47.966124872
5204.0,1,13:01:48.032134945
5203.75,6,13:01:48.051854279
5203.75,1,13:01:48.052125945
5203.5,16,13:01:48.091997179
5203.5,2,13:01:48.092689346
5203.5,2,13:01:48.092947461
5203.5,1,13:01:48.093296523
5203.5,6,13:01:48.093520553
5203.5,6,13:01:48.093754421
5203.5,1,13:01:48.093945973
5203.25,1,13:01:48.116461389
5203.5,2,13:01:48.116716060
5203.5,1,13:01:48.116894163
5203.5,1,13:01:48.150928841
5203.5,1,13:01:48.151381839
5203.5,1,13:01:48.151541234
5203.5,1,13:01:48.157664234
5203.5,1,13:01:48.157935113
5203.5,1,13:01:48.159170772
5203.5,1,13:01:48.163153765
5203.5,1,13:01:48.163318223
5203.5,4,13:01:48.163537471
5203.5,1,13:01:48.163707405
5203.5,1,13:01:48.166501128
5203.5,1,13:01:48.167035680
5203.5,1,13:01:48.168597094
5203.25,1,13:01:48.202516432
5203.5,1,13:01:48.219937953
5203.5,11,13:01:48.263137874
5203.5,1,13:01:48.263236737
5203.5,1,13:01:48.263370887
5203.5,4,13:01:48.266979333
5203.5,2,13:01:48.274883308
5203.5,3,13:01:48.275065845
5203.0,38,13:01:48.302169991
5203.25,42,13:01:48.302169991
5203.0,1,13:01:48.302387899
5203.0,1,13:01:48.302395087
5203.0,1,13:01:48.302399967
5203.0,1,13:01:48.302405922
5203.25,1,13:01:48.302889527
5203.25,1,13:01:48.303010916
5203.25,1,13:01:48.303126880
5203.25,1,13:01:48.303248000
5203.25,1,13:01:48.303470910
5203.25,1,13:01:48.303508843
5203.25,1,13:01:48.303820021
5203.25,1,13:01:48.304063193
5203.25,1,13:01:48.304254346
5203.25,1,13:01:48.304460229
5203.0,1,13:01:48.340105490
5203.25,1,13:01:48.390231605
5203.25,2,13:01:48.390320986
5203.25,3,13:01:48.452013616
5203.25,2,13:01:48.597955525
5203.25,5,13:01:48.598199918
5203.0,35,13:01:48.625927233
5203.0,1,13:01:48.626212326
5203.0,7,13:01:48.631055233
5203.0,2,13:01:48.634385959
5203.0,1,13:01:48.639513268
5203.0,1,13:01:48.639666863
5203.0,6,13:01:48.648089995
5203.0,5,13:01:48.649614983
5203.25,8,13:01:48.663487409
5203.0,10,13:01:48.668728020
5203.0,1,13:01:48.711515038
5203.0,1,13:01:48.783223107
5203.0,1,13:01:48.783245242
5203.0,2,13:01:48.783465849
5203.0,12,13:01:48.870043619
5203.0,1,13:01:48.870078145
5203.25,6,13:01:48.935157022
5203.25,15,13:01:48.935479175
5203.25,6,13:01:48.935876927
5203.25,4,13:01:48.936117719
5203.25,2,13:01:48.939605678
5203.25,1,13:01:48.947154425
5203.0,10,13:01:48.951612293
5203.0,6,13:01:49.110011544
5203.0,10,13:01:49.110181950
5203.0,1,13:01:49.110217987
5202.75,10,13:01:49.159022078
5202.75,1,13:01:49.159041340
5202.75,1,13:01:49.160316463
5203.0,2,13:01:49.190176821
5203.0,1,13:01:49.356922934
5203.0,14,13:01:49.377699473
5203.0,1,13:01:49.550944971
5203.0,1,13:01:49.550966214
5203.0,1,13:01:49.551044269
5203.0,1,13:01:49.551070711
5203.0,1,13:01:49.551261551
5203.25,1,13:01:49.558828724
5203.25,1,13:01:49.566482855
5203.0,1,13:01:49.574870867
5203.0,15,13:01:49.584372473
5202.75,5,13:01:49.584372473
5203.0,1,13:01:49.584687708
5203.0,2,13:01:49.584725181
5203.0,6,13:01:49.584940286
5203.0,1,13:01:49.584968148
5203.0,1,13:01:49.585115121
5203.0,1,13:01:49.585219101
5203.0,1,13:01:49.585304431
5203.0,3,13:01:49.594784266
5203.0,3,13:01:49.601825889
5203.0,1,13:01:49.603843789
5202.75,2,13:01:49.650642632
5202.75,5,13:01:49.659722207
5202.75,2,13:01:49.678076282
5202.75,45,13:01:49.678451588
5202.75,1,13:01:49.679004223
5202.5,1,13:01:49.689422823
5202.5,2,13:01:49.689433371
5202.5,1,13:01:49.708869493
5202.5,3,13:01:49.761872642
5202.5,1,13:01:49.791210341
5202.5,1,13:01:49.791262761
5202.5,1,13:01:49.791323286
5202.5,2,13:01:49.805000218
5202.5,4,13:01:49.813625501
5202.5,10,13:01:49.860578501
5202.5,1,13:01:49.860771531
5202.5,1,13:01:49.861971632
5202.5,32,13:01:49.865014168
5202.5,13,13:01:49.865314807
5202.25,1,13:01:49.868007636
5202.25,1,13:01:49.868022260
5202.25,1,13:01:49.868027575
5202.25,3,13:01:49.869542406
5202.25,1,13:01:49.869569098
5202.25,1,13:01:49.869816239
5202.25,1,13:01:49.869884500
5202.25,8,13:01:49.870247258
5202.0,1,13:01:49.870756507
5202.0,1,13:01:49.870813782
5202.0,2,13:01:49.870824585
5202.0,1,13:01:49.870824585
5202.0,1,13:01:49.870832487
5202.0,2,13:01:49.870832487
5202.0,4,13:01:49.870832487
5202.0,1,13:01:49.870836829
5202.0,1,13:01:49.870843843
5202.0,3,13:01:49.870843843
5202.0,2,13:01:49.870852554
5202.0,1,13:01:49.870852554
5202.0,8,13:01:49.870862263
5202.0,1,13:01:49.870862263
5202.0,1,13:01:49.870870794
5202.0,2,13:01:49.870870794
5202.0,1,13:01:49.870878308
5202.0,1,13:01:49.870881908
5202.0,2,13:01:49.870892018
5202.0,1,13:01:49.870892018
5202.0,1,13:01:49.871520017
5202.0,1,13:01:49.871604313
5202.0,14,13:01:49.871662334
5202.0,1,13:01:49.871691205
5202.0,5,13:01:49.871762492
5202.0,2,13:01:49.871794951
5202.0,2,13:01:49.871858497
5202.0,6,13:01:49.871871013
5202.0,12,13:01:49.871942156
5201.75,24,13:01:49.878386155
5201.75,1,13:01:49.878402268
5201.75,1,13:01:49.878408892
5201.75,2,13:01:49.878414892
5201.5,1,13:01:49.878414892
5201.5,5,13:01:49.878423123
5201.5,2,13:01:49.878423123
5201.5,1,13:01:49.878431759
5201.5,1,13:01:49.878438240
5201.5,1,13:01:49.878700907
5201.5,1,13:01:49.878708511
5201.5,1,13:01:49.878713938
5201.5,1,13:01:49.878724901
5201.5,2,13:01:49.878724901
5201.5,1,13:01:49.878731855
5201.5,2,13:01:49.878738662
5202.0,7,13:01:49.880469557
5201.75,17,13:01:49.880469557
5201.75,1,13:01:49.880633685
5201.75,1,13:01:49.880708855
5201.75,1,13:01:49.880789039
5201.75,2,13:01:49.880789039
5201.75,1,13:01:49.880878705
5201.75,4,13:01:49.881006739
5201.75,1,13:01:49.881061735
5201.75,1,13:01:49.884835418
5201.75,6,13:01:49.885067297
5201.75,1,13:01:49.885674820
5201.75,6,13:01:49.886598231
5201.75,1,13:01:49.886805250
5201.75,1,13:01:49.887233153
5201.75,1,13:01:49.887268978
5201.75,1,13:01:49.887575239
5201.75,2,13:01:49.887740120
5201.75,1,13:01:49.888702779
5201.75,1,13:01:49.889113706
5201.75,1,13:01:49.889765156
5201.75,2,13:01:49.892043294
5201.75,1,13:01:49.892205720
5201.75,1,13:01:49.892524418
5201.75,1,13:01:49.892553871
5201.75,1,13:01:49.892598806
5201.5,1,13:01:49.894461084
5201.75,1,13:01:49.894678390
5201.75,1,13:01:49.894843504
5201.5,2,13:01:49.894909112
5201.75,1,13:01:49.895172311
5201.75,6,13:01:49.898736414
5201.75,1,13:01:49.899019511
5201.75,1,13:01:49.899196219
5201.75,1,13:01:49.899635153
5201.75,1,13:01:49.900437943
5201.5,1,13:01:49.900700601
5201.5,8,13:01:49.901089438
5201.5,1,13:01:49.902744786
5201.5,1,13:01:49.902902108
5201.5,4,13:01:49.902996685
5201.5,1,13:01:49.903351835
5201.5,2,13:01:49.903548095
5201.5,1,13:01:49.903733798
5201.25,1,13:01:49.904919637
5201.25,6,13:01:49.904934008
5201.25,1,13:01:49.904934008
5201.25,3,13:01:49.904934008
5201.0,2,13:01:49.904940622
5201.0,1,13:01:49.904940622
5201.25,50,13:01:49.904940622
5201.0,1,13:01:49.904944322
5201.0,1,13:01:49.904951090
5201.0,1,13:01:49.904958719
5201.0,1,13:01:49.905372865
5201.0,4,13:01:49.905377671
5201.0,20,13:01:49.905385812
5201.0,1,13:01:49.905385812
5201.0,1,13:01:49.905389854
5201.0,1,13:01:49.905400810
5201.0,2,13:01:49.905400810
5201.0,1,13:01:49.905405173
5201.5,3,13:01:49.905787037
5201.25,1,13:01:49.905910296
5201.25,2,13:01:49.906029560
5201.25,1,13:01:49.906165902
5201.25,3,13:01:49.906276137
5201.25,3,13:01:49.906366577
5201.25,1,13:01:49.906624643
5201.25,1,13:01:49.906813710
5201.25,2,13:01:49.906894704
5201.25,1,13:01:49.906993678
5201.25,1,13:01:49.907337669
5201.25,1,13:01:49.907675782
5201.25,1,13:01:49.907720231
5201.25,1,13:01:49.908708087
5201.25,2,13:01:49.908805011
5201.25,2,13:01:49.914882934
5201.0,9,13:01:49.914882934
5201.25,1,13:01:49.915192313
5201.25,4,13:01:49.915308402
5201.25,1,13:01:49.915350831
5201.0,1,13:01:49.915350831
5201.0,6,13:01:49.917019204
5201.25,2,13:01:49.917304881
5201.0,1,13:01:49.917348254
5201.25,1,13:01:49.917507541
5201.25,1,13:01:49.917757373
5201.0,2,13:01:49.918072522
5201.0,1,13:01:49.918187193
5201.0,1,13:01:49.919099928
5201.0,1,13:01:49.919699918
5201.25,1,13:01:49.920610240
5201.0,2,13:01:49.922474406
5201.0,12,13:01:49.931608090
5201.0,1,13:01:49.932756203
5201.0,1,13:01:49.932787637
5201.0,1,13:01:49.932953490
5201.0,1,13:01:49.933220619
5201.0,1,13:01:49.933440383
5201.0,13,13:01:49.933524526
5201.0,1,13:01:49.934033038
5201.0,1,13:01:49.934229759
5201.0,7,13:01:49.935544365
5201.0,1,13:01:49.935770363
5201.0,2,13:01:49.936647952
5201.0,8,13:01:49.941653312
5201.0,4,13:01:49.942422893
5201.0,4,13:01:49.942495378
5201.0,1,13:01:49.942495378
5201.0,5,13:01:49.943263678
5201.0,1,13:01:49.943440552
5201.0,1,13:01:49.943783071
5201.0,1,13:01:49.943824192
5200.75,1,13:01:49.952288849
5200.75,7,13:01:49.952301390
5200.75,3,13:01:49.952301390
5200.75,4,13:01:49.952301390
5200.75,1,13:01:49.952306552
5200.75,6,13:01:49.952312609
5200.75,1,13:01:49.954218155
5201.0,8,13:01:49.954435631
5201.0,1,13:01:49.954588869
5201.0,1,13:01:49.954624364
5201.25,1,13:01:49.955987774
5201.0,2,13:01:49.959962021
5201.0,1,13:01:49.960598405
5201.0,2,13:01:49.961385426
5201.0,6,13:01:49.961872210
5201.0,2,13:01:49.962066086
5200.75,6,13:01:49.962317790
5201.0,4,13:01:49.962576490
5201.0,3,13:01:49.962804708
5201.0,2,13:01:49.964579336
5201.0,1,13:01:49.964645971
5201.0,1,13:01:49.964915276
5200.75,1,13:01:49.967587173
5201.25,4,13:01:49.974147547
5201.0,1,13:01:49.990058889
5201.0,1,13:01:50.004397747
5201.0,1,13:01:50.006240405
5201.0,1,13:01:50.007117875
5201.0,2,13:01:50.008848352
5200.75,7,13:01:50.016234539
5201.0,9,13:01:50.016234539
5201.0,2,13:01:50.016522522
5201.0,5,13:01:50.016631500
5201.0,2,13:01:50.016674582
5201.0,3,13:01:50.016757887
5201.0,1,13:01:50.016791539
5201.0,1,13:01:50.017469325
5201.0,1,13:01:50.017544661
5201.0,3,13:01:50.018487093
5201.25,2,13:01:50.025867059
5201.25,19,13:01:50.026024041
5201.25,2,13:01:50.050059283
5201.5,5,13:01:50.050303643
5201.25,4,13:01:50.054507244
5201.25,4,13:01:50.060637054
5201.25,1,13:01:50.121211390
5201.5,8,13:01:50.121893017
5201.5,1,13:01:50.123519817
5201.25,1,13:01:50.124748130
5201.25,1,13:01:50.128540126
5201.25,4,13:01:50.129512485
5201.5,1,13:01:50.130642901
5201.25,10,13:01:50.133134135
5201.25,1,13:01:50.136673247
5201.25,1,13:01:50.153599120
5201.25,1,13:01:50.167668286
5201.25,3,13:01:50.211078278
5201.25,3,13:01:50.211509818
5201.25,1,13:01:50.211605097
5201.25,1,13:01:50.211641459
5201.25,15,13:01:50.227384448
5201.25,1,13:01:50.227622811
5201.0,10,13:01:50.240587466
5201.25,4,13:01:50.240850699
5201.25,7,13:01:50.250498116
5201.25,5,13:01:50.254018568
5201.25,2,13:01:50.279885156
5201.25,1,13:01:50.280413152
5201.25,1,13:01:50.280686948
5201.25,2,13:01:50.287040388
5201.25,1,13:01:50.288709832
5201.25,2,13:01:50.288880114
5201.25,1,13:01:50.303076515
5201.25,3,13:01:50.303265744
5201.25,1,13:01:50.303615166
5201.25,1,13:01:50.304148527
5201.25,1,13:01:50.312978657
5201.25,1,13:01:50.314834835
5201.25,2,13:01:50.315046057
5201.25,1,13:01:50.315212292
5201.25,1,13:01:50.315240948
5201.0,1,13:01:50.317389855
5201.25,1,13:01:50.317697676
5201.25,1,13:01:50.317737984
5201.25,1,13:01:50.317868576
5201.25,2,13:01:50.328291483
5201.25,3,13:01:50.329591278
5201.25,1,13:01:50.338263396
5201.25,2,13:01:50.338296657
5201.25,2,13:01:50.338509830
5201.25,1,13:01:50.354904505
5201.0,2,13:01:50.360816620
5201.25,14,13:01:50.360816620
5201.25,1,13:01:50.361151290
5201.25,1,13:01:50.361210827
5201.25,1,13:01:50.361263922
5201.25,5,13:01:50.361401349
5201.25,2,13:01:50.361630663
5201.25,3,13:01:50.361965411
5201.25,4,13:01:50.388477327
5201.0,1,13:01:50.394746144
5201.0,3,13:01:50.400310430
5201.0,5,13:01:50.443139269
5201.0,1,13:01:50.443465570
5201.0,1,13:01:50.443974828
5201.0,1,13:01:50.444142067
5201.0,1,13:01:50.444752156
5201.0,2,13:01:50.444798211
5201.0,2,13:01:50.452851202
5201.25,4,13:01:50.454813260
5201.25,4,13:01:50.455484122
5201.25,1,13:01:50.457009865
5201.25,10,13:01:50.457043386
5201.5,3,13:01:50.457545648
5201.5,1,13:01:50.457902513
5201.5,28,13:01:50.458229243
5201.5,10,13:01:50.459779430
5201.75,2,13:01:50.459810250
5201.5,2,13:01:50.459927229
5201.5,1,13:01:50.460029769
5201.5,1,13:01:50.460270999
5201.5,2,13:01:50.460454360
5201.5,3,13:01:50.462139847
5201.5,4,13:01:50.462963485
5201.75,1,13:01:50.468558958
5201.75,8,13:01:50.468809084
5201.75,1,13:01:50.468841511
5201.75,28,13:01:50.469084389
5201.75,2,13:01:50.469485450
5201.75,2,13:01:50.469552962
5201.75,4,13:01:50.469661562
5202.0,1,13:01:50.469684962
5201.75,5,13:01:50.480225390
5201.75,1,13:01:50.480413993
5201.75,1,13:01:50.480503336
5201.75,2,13:01:50.480685641
5201.75,1,13:01:50.480866524
5201.5,1,13:01:50.485670352
5201.75,4,13:01:50.515218933
5201.5,4,13:01:50.536889583
5201.25,1,13:01:50.546177358
5201.5,5,13:01:50.546531886
5201.5,1,13:01:50.546559356
5201.5,2,13:01:50.546744758
5201.5,1,13:01:50.547864914
5201.25,1,13:01:50.567677758
5201.25,5,13:01:50.572414500
5201.5,1,13:01:50.588996191
5201.5,3,13:01:50.589236671
5201.5,1,13:01:50.590391114
5201.25,7,13:01:50.590391114
5201.5,2,13:01:50.601168503
5201.5,2,13:01:50.614831894
5201.5,1,13:01:50.615544821
5201.5,2,13:01:50.617047693
5201.25,8,13:01:50.617047693
5201.5,3,13:01:50.617461348
5201.5,1,13:01:50.617650916
5201.5,1,13:01:50.621813836
5201.25,1,13:01:50.637682706
5201.25,6,13:01:50.638027122
5201.5,9,13:01:50.657494154
5201.75,26,13:01:50.657494154
5201.75,3,13:01:50.658365086
5202.0,1,13:01:50.669270279
5201.75,1,13:01:50.685388517
5201.75,1,13:01:50.685417557
5201.75,1,13:01:50.685476662
5201.75,1,13:01:50.685529434
5201.75,1,13:01:50.685568478
5201.75,1,13:01:50.685620297
5201.75,1,13:01:50.685651079
5201.75,1,13:01:50.685733036
5201.75,1,13:01:50.688756219
5201.75,5,13:01:50.688891048
5201.75,1,13:01:50.688959715
5201.5,1,13:01:50.689024161
5201.5,1,13:01:50.689052382
5201.5,1,13:01:50.689216104
5201.5,1,13:01:50.689252415
5201.5,1,13:01:50.689391893
5201.5,1,13:01:50.689444930
5201.75,4,13:01:50.689523387
5201.5,1,13:01:50.689684241
5201.5,1,13:01:50.689712786
5201.5,1,13:01:50.689822884
5201.5,1,13:01:50.689851991
5201.5,1,13:01:50.689941596
5201.5,5,13:01:50.713405563
5201.5,1,13:01:50.718971899
5201.75,3,13:01:50.736041327
5201.75,1,13:01:50.736076525
5201.75,1,13:01:50.773360769
5201.75,3,13:01:50.785880691
5201.75,1,13:01:50.790514174
5201.5,1,13:01:50.800400360
5201.75,1,13:01:50.800692474
5201.75,1,13:01:50.800722062
5201.75,9,13:01:50.808486868
5201.5,11,13:01:50.808486868
5201.75,1,13:01:50.808735464
5201.75,2,13:01:50.820817958
5201.75,1,13:01:50.820874733
5201.75,6,13:01:50.821079108
5201.75,1,13:01:50.829599816
5201.75,1,13:01:50.842457884
5201.75,1,13:01:50.846762789
5201.75,1,13:01:50.877786297
5201.75,1,13:01:50.883433796
5201.75,1,13:01:50.883484396
5201.75,1,13:01:50.922984541
5202.0,1,13:01:50.942977410
5201.75,1,13:01:51.002450014
5202.0,4,13:01:51.003003107
5202.0,6,13:01:51.003063433
5202.0,3,13:01:51.003155072
5201.75,1,13:01:51.003155072
5202.0,1,13:01:51.003265733
5202.0,8,13:01:51.003303881
5202.0,1,13:01:51.003380730
5202.0,1,13:01:51.003434587
5202.0,3,13:01:51.003526419
5202.0,1,13:01:51.003824004
5202.0,1,13:01:51.011709161
5202.25,5,13:01:51.024595938
5202.0,1,13:01:51.028645578
5202.0,2,13:01:51.061928574
5202.0,1,13:01:51.061960837
5202.0,1,13:01:51.062000837
5202.0,1,13:01:51.062046180
5202.0,1,13:01:51.062117615
5202.0,14,13:01:51.062944075
5202.0,1,13:01:51.063027771
5202.0,1,13:01:51.063087791
5202.0,3,13:01:51.063245833
5202.0,1,13:01:51.063289830
5202.0,2,13:01:51.064907476
5201.75,1,13:01:51.064974708
5201.75,1,13:01:51.065039683
5201.75,1,13:01:51.065196227
5201.75,1,13:01:51.065239603
5201.75,1,13:01:51.065829053
5201.75,1,13:01:51.088771921
5202.0,16,13:01:51.140754502
5202.0,4,13:01:51.168923481
5202.0,3,13:01:51.198948332
5201.75,1,13:01:51.227698840
5202.0,3,13:01:51.227930700
5202.0,1,13:01:51.228117322
5201.75,1,13:01:51.243368537
5202.0,10,13:01:51.245922211
5202.0,1,13:01:51.246095229
5202.0,1,13:01:51.265896095
5202.0,3,13:01:51.330362198
5202.0,4,13:01:51.330889552
5202.25,1,13:01:51.379400064
5202.0,25,13:01:51.489137293
5202.0,1,13:01:51.497774657
5202.0,1,13:01:51.497878483
5201.75,1,13:01:51.545062089
5202.0,2,13:01:51.598955174
5202.0,3,13:01:51.599156348
5202.0,1,13:01:51.599337204
5202.25,8,13:01:51.603068437
5202.25,7,13:01:51.611757978
5202.25,1,13:01:51.611886579
5202.25,2,13:01:51.612243211
5202.25,2,13:01:51.612285474
5202.25,1,13:01:51.612453132
5202.25,1,13:01:51.624391449
5202.25,4,13:01:51.624831278
5202.0,1,13:01:51.659094707
5202.0,1,13:01:51.761629597
5202.0,3,13:01:51.768808771
5202.25,1,13:01:51.954253497
5202.0,7,13:01:51.981305590
5202.0,1,13:01:51.981668411
5202.0,1,13:01:52.058004245
5202.0,1,13:01:52.058150197
5202.25,10,13:01:52.187305404
5202.25,3,13:01:52.189643256
5202.5,5,13:01:52.189643256
5202.25,1,13:01:52.213078090
5202.25,2,13:01:52.282024553
5202.25,2,13:01:52.282208324
5202.25,5,13:01:52.282282830
5202.25,2,13:01:52.282748721
5202.25,2,13:01:52.282911457
5202.25,2,13:01:52.282953857
5202.25,5,13:01:52.316101588
5202.25,2,13:01:52.354827699
5202.25,1,13:01:52.453249533
5202.0,1,13:01:52.455347613
5202.0,3,13:01:52.498652424
5202.0,9,13:01:52.498917735
5202.0,1,13:01:52.498953979
5202.0,6,13:01:52.501188376
5202.0,1,13:01:52.501454484
5202.0,1,13:01:52.501632452
5202.0,2,13:01:52.501703355
5202.0,1,13:01:52.501879206
5202.0,1,13:01:52.502724590
5202.0,1,13:01:52.502901819
5202.0,1,13:01:52.513023398
5202.0,9,13:01:52.648912901
5202.25,1,13:01:52.648912901
5202.0,1,13:01:52.649183582
5202.0,1,13:01:52.649228837
5202.0,1,13:01:52.649324778
5202.0,1,13:01:52.649388533
5202.0,1,13:01:52.649492481
5202.0,2,13:01:52.649556521
5202.0,1,13:01:52.649647515
5201.75,2,13:01:52.688237286
5202.25,2,13:01:52.709426772
5202.0,1,13:01:52.709723153
5202.0,1,13:01:52.709882634
5202.0,1,13:01:52.709917883
5202.0,1,13:01:52.761392279
5202.0,4,13:01:52.804938068
5201.5,8,13:01:52.804938068
5201.75,48,13:01:52.804938068
5201.5,1,13:01:52.895800795
5201.75,1,13:01:52.918090770
5201.75,5,13:01:52.933605787
5201.75,5,13:01:52.933856060
5201.75,1,13:01:52.934022137
5201.75,3,13:01:52.934486034
5201.75,1,13:01:52.936117047
5201.75,5,13:01:52.942525905
5201.5,1,13:01:53.012473602
5201.75,3,13:01:53.012473602
5201.75,1,13:01:53.024552385
5201.5,1,13:01:53.034680999
5201.75,1,13:01:53.036346322
5201.5,1,13:01:53.070192408
5201.75,1,13:01:53.123170198
5201.75,2,13:01:53.128828939
5201.75,1,13:01:53.129003118
5201.75,1,13:01:53.129197765
5202.0,1,13:01:53.129769437
5201.75,2,13:01:53.129769437
5202.0,1,13:01:53.154231280
5201.75,1,13:01:53.171493343
5201.75,4,13:01:53.191378840
5201.75,1,13:01:53.198940635
5201.75,5,13:01:53.199265457
5201.75,1,13:01:53.199567553
5201.75,1,13:01:53.199742439
5201.75,1,13:01:53.213466015
5202.0,1,13:01:53.245453072
5201.75,1,13:01:53.291378520
5201.75,1,13:01:53.291542348
5201.75,2,13:01:53.293679643
5201.75,1,13:01:53.305491374
5201.75,1,13:01:53.306469695
5201.75,1,13:01:53.327715749
5201.75,3,13:01:53.375708974
5202.0,2,13:01:53.375708974
5201.75,1,13:01:53.433141147
5202.0,1,13:01:53.572641131
5202.0,3,13:01:53.581972256
5202.0,12,13:01:53.582299940
5202.0,4,13:01:53.720433159
5202.25,2,13:01:53.734035613
5201.75,22,13:01:53.768184636
5202.0,9,13:01:53.768184636
5202.0,1,13:01:53.792840287
5202.0,1,13:01:53.831601475
5202.0,7,13:01:53.882356365
5202.0,1,13:01:53.882649037
5202.0,5,13:01:53.882901288
5202.0,1,13:01:53.883119158
5202.0,1,13:01:53.883317428
5202.0,3,13:01:53.893209262
5202.0,1,13:01:53.894040834
5202.25,14,13:01:54.101034522
5202.5,11,13:01:54.101034522
5202.25,2,13:01:54.102221977
5202.25,3,13:01:54.102362936
5202.25,1,13:01:54.102362936
5202.25,2,13:01:54.102416112
5202.5,15,13:01:54.272427592
5202.25,1,13:01:54.380022916
5202.5,2,13:01:54.390958128
5202.5,13,13:01:54.391152385
5202.5,1,13:01:54.402886278
5202.5,1,13:01:54.525681931
5202.25,16,13:01:54.554371656
5202.5,4,13:01:54.554943537
5202.25,2,13:01:54.555359779
5202.25,1,13:01:54.555442833
5202.25,1,13:01:54.555540682
5202.25,1,13:01:54.555794463
5202.25,2,13:01:54.555991587
5202.25,2,13:01:54.556041424
5202.25,2,13:01:54.556079169
5202.25,1,13:01:54.556458361
5202.25,1,13:01:54.556797209
5202.25,1,13:01:54.558578068
5202.25,1,13:01:54.646348995
5202.25,4,13:01:54.719216284
5202.25,2,13:01:54.719510653
5202.25,1,13:01:54.818886412
5202.25,1,13:01:54.819244971
5202.25,1,13:01:54.834555485
5202.5,9,13:01:54.862833622
5202.5,1,13:01:54.887106581
5202.5,18,13:01:54.898072815
5202.25,2,13:01:54.920494312
5202.5,1,13:01:54.992508541
5202.25,1,13:01:55.017808059
5202.25,1,13:01:55.017867596
5202.25,6,13:01:55.018015170
5202.25,1,13:01:55.018365536
5202.25,1,13:01:55.018419968
5202.25,1,13:01:55.018482498
5202.25,1,13:01:55.018541826
5202.25,1,13:01:55.018579991
5202.5,3,13:01:55.138967178
5202.5,7,13:01:55.224721069
5202.5,5,13:01:55.224864593
5202.5,1,13:01:55.224888346
5202.5,3,13:01:55.224935385
5202.5,1,13:01:55.225125958
5202.5,1,13:01:55.225298096
5202.75,1,13:01:55.268702761
5202.25,1,13:01:55.363531037
5202.5,3,13:01:55.363531037
5202.75,3,13:01:55.383892951
5202.5,5,13:01:55.383892951
5202.5,1,13:01:55.384163487
5202.5,2,13:01:55.384368298
5202.5,1,13:01:55.384446590
5202.5,1,13:01:55.384539255
5202.75,1,13:01:55.395638374
5202.5,2,13:01:55.395638374
5202.5,5,13:01:55.419433515
5202.5,1,13:01:55.459022836
5202.5,1,13:01:55.541029537
5202.25,1,13:01:55.626241655
5202.25,9,13:01:55.733278811
5202.25,1,13:01:55.733580318
5202.25,1,13:01:55.733646841
5202.25,1,13:01:55.733810924
5202.25,1,13:01:55.733990092
5202.25,1,13:01:55.793162688
5202.25,1,13:01:55.793360369
5202.25,1,13:01:55.811007614
5202.5,2,13:01:55.848106562
5202.5,7,13:01:55.898413088
5202.5,2,13:01:55.987431718
5202.5,1,13:01:55.994330743
5202.5,4,13:01:55.998904560
5202.75,1,13:01:56.022077222
5202.5,5,13:01:56.030207200
5202.5,9,13:01:56.048304898
5202.5,1,13:01:56.048496803
5202.5,8,13:01:56.048536878
5202.5,1,13:01:56.048629244
5202.5,1,13:01:56.048657117
5202.5,1,13:01:56.056540834
5202.75,2,13:01:56.078324056
5202.5,8,13:01:56.078324056
5202.5,1,13:01:56.078612580
5202.5,1,13:01:56.264252179
5202.75,1,13:01:56.327073414
5202.5,7,13:01:56.344107710
5203.0,44,13:01:56.361039269
5203.25,12,13:01:56.361039269
5202.75,33,13:01:56.361039269
5202.5,11,13:01:56.361039269
5203.25,1,13:01:56.361079171
5203.25,15,13:01:56.361085580
5202.75,1,13:01:56.362809635
5202.75,1,13:01:56.362955331
5202.75,1,13:01:56.363064094
5203.0,1,13:01:56.363064094
5202.75,1,13:01:56.364220421
5202.5,1,13:01:56.364381321
5202.75,1,13:01:56.364583725
5202.75,1,13:01:56.365400970
5202.75,2,13:01:56.365481084
5202.75,1,13:01:56.365720250
5202.75,1,13:01:56.365993836
5202.75,2,13:01:56.366077461
5202.75,1,13:01:56.366592802
5202.75,1,13:01:56.369443589
5202.75,1,13:01:56.369721559
5202.75,1,13:01:56.369810530
5202.75,1,13:01:56.369894209
5202.75,1,13:01:56.369950700
5202.75,2,13:01:56.370056346
5202.75,4,13:01:56.370056346
5202.75,1,13:01:56.370713983
5202.75,3,13:01:56.372641090
5202.75,1,13:01:56.373083861
5202.75,1,13:01:56.373232657
5202.5,1,13:01:56.387936768
5202.75,6,13:01:56.391663300
5202.75,3,13:01:56.519682833
5202.75,1,13:01:56.707469836
5202.75,7,13:01:56.708093452
5202.75,1,13:01:56.708294349
5202.75,4,13:01:56.708343454
5203.0,6,13:01:56.778921001
5203.0,1,13:01:56.871481048
5202.75,1,13:01:56.903282037
5202.75,1,13:01:56.903513853
5202.75,1,13:01:56.903694048
5202.75,1,13:01:56.903899787
5203.0,14,13:01:57.058751230
5203.0,1,13:01:57.146491127
5203.0,1,13:01:57.291592044
5203.0,2,13:01:57.331782002
5203.0,5,13:01:57.340518629
5203.0,1,13:01:57.340712345
5203.0,1,13:01:57.341479333
5203.0,3,13:01:57.341615015
5203.0,2,13:01:57.341894666
5203.0,2,13:01:57.341976297
5203.0,1,13:01:57.446179035
5203.0,2,13:01:57.455484829
5203.0,2,13:01:57.614105082
5203.0,3,13:01:57.745046531
5203.0,2,13:01:57.751045721
5203.0,6,13:01:57.845914392
5203.0,2,13:01:57.846052430
5203.0,3,13:01:57.846084754
5203.0,3,13:01:57.846117123
5203.0,2,13:01:57.846384907
5203.0,4,13:01:57.846513073
5203.0,4,13:01:57.846599129
5203.25,1,13:01:57.862326236
5203.0,9,13:01:57.862326236
5203.0,1,13:01:57.862614217
5203.0,1,13:01:57.862670070
5203.0,2,13:01:57.862717716
5203.0,2,13:01:57.863253583
5203.0,2,13:01:57.880422057
5203.0,1,13:01:57.880584262
5203.0,2,13:01:57.947634047
5203.0,1,13:01:57.990536002
5202.75,1,13:01:58.102667028
5202.75,15,13:01:58.102986391
5202.75,1,13:01:58.103290611
5202.75,1,13:01:58.201434431
5202.75,4,13:01:58.219103586
5202.75,2,13:01:58.235670061
5203.0,2,13:01:58.434886805
5202.75,15,13:01:58.781909120
5202.75,3,13:01:58.782144050
5202.75,3,13:01:58.782179756
5202.75,5,13:01:58.782205926
5202.75,2,13:01:58.782241924
5202.75,13,13:01:58.782431047
5202.75,2,13:01:58.782680525
5202.75,2,13:01:58.782981801
5202.75,4,13:01:58.783153545
5202.75,2,13:01:58.783415570
5203.0,1,13:01:58.894989045
5203.0,11,13:01:59.157879724
5203.0,1,13:01:59.157907904
5203.0,1,13:01:59.157971985
5203.0,1,13:01:59.158014219
5203.0,5,13:01:59.158075437
5203.0,1,13:01:59.158134279
5203.0,1,13:01:59.158338172
5203.0,1,13:01:59.158375043
5203.0,1,13:01:59.158469262
5203.0,1,13:01:59.158567520
5203.0,1,13:01:59.158691324
5203.0,1,13:01:59.158732823
5203.0,1,13:01:59.158927569
5203.0,1,13:01:59.159229511
5203.0,5,13:01:59.207521652
5203.0,1,13:01:59.391343088
5203.0,1,13:01:59.457245810
5203.0,6,13:01:59.457551086
5203.0,1,13:01:59.457849080
5203.0,1,13:01:59.458031383
5203.0,1,13:01:59.458222406
5203.0,2,13:01:59.466009548
5202.75,1,13:01:59.481100383
5203.25,46,13:01:59.493612372
5203.5,29,13:01:59.493612372
5203.0,25,13:01:59.493612372
5203.25,19,13:01:59.505545419
5203.5,1,13:01:59.505832791
5203.25,2,13:01:59.506057094
5203.25,2,13:01:59.506114020
5203.25,3,13:01:59.506174132
5203.25,2,13:01:59.506247660
5203.25,1,13:01:59.506390035
5203.25,1,13:01:59.657044684
5203.25,1,13:01:59.657263542
5203.25,2,13:01:59.657382390
5203.0,1,13:01:59.820444189
5203.0,1,13:01:59.820754950
5203.0,1,13:01:59.820816059
5203.0,1,13:01:59.820890425
5203.0,1,13:01:59.820986014
5203.0,2,13:01:59.821073587
5203.0,4,13:01:59.821337490
5203.0,1,13:01:59.821382876
5203.0,1,13:01:59.821592407
5203.0,1,13:01:59.821956693
5203.0,1,13:01:59.822038339
5203.0,1,13:01:59.901308851
5202.75,20,13:01:59.972700697
5204.25,1,13:02:29.025664203
5204.25,2,13:02:29.032833711
5204.25,1,13:02:29.032871289
5204.25,1,13:02:29.033348864
5204.25,1,13:02:29.033659593
5204.25,1,13:02:29.033883581
5204.25,3,13:02:29.044764763
5204.25,1,13:02:29.045044106
5204.25,1,13:02:29.045076830
5204.25,4,13:02:29.045268213
5204.25,1,13:02:29.046070377
5204.25,2,13:02:29.046121817
5204.25,2,13:02:29.046307198
5204.25,1,13:02:29.046595991
5204.25,2,13:02:29.046754858
5204.0,1,13:02:29.096707477
5204.25,3,13:02:29.135776444
5204.25,1,13:02:29.136229238
5204.25,1,13:02:29.243769648
5204.25,1,13:02:29.243785942
5204.25,1,13:02:29.243936599
5204.25,1,13:02:29.245317427
5204.25,3,13:02:29.245538113
5204.25,3,13:02:30.009149186
5204.25,1,13:02:30.009453971
5204.25,9,13:02:30.009727573
5204.25,2,13:02:30.009761452
5204.25,2,13:02:30.009803235
5204.25,1,13:02:30.009838237
5204.25,1,13:02:30.009941634
5204.25,1,13:02:30.010055208
5204.25,1,13:02:30.010092949
5204.25,2,13:02:30.032267591
5204.0,1,13:02:30.173613285
5204.0,2,13:02:30.173624028
5204.25,2,13:02:30.230899840
5204.0,2,13:02:30.626988230
5204.25,2,13:02:30.661938145
5204.25,2,13:02:30.662000260
5204.25,1,13:02:30.662000260
5204.25,1,13:02:30.662752372
5204.5,14,13:02:30.662921758
5204.5,1,13:02:30.662966818
5204.5,16,13:02:30.663031398
5204.5,2,13:02:30.663113026
5204.5,1,13:02:30.663154347
5204.5,1,13:02:30.663222295
5204.5,12,13:02:30.664059211
5204.5,5,13:02:30.664348688
5204.5,7,13:02:30.813467016
5204.25,1,13:02:31.320727387
5204.25,5,13:02:31.329709442
5204.25,5,13:02:31.329937396
5204.25,1,13:02:31.329960587
5204.25,2,13:02:31.330243851
5204.25,1,13:02:31.330412920
5204.25,2,13:02:31.330463605
5204.25,3,13:02:31.330535520
5204.25,6,13:02:31.684160481
5204.5,1,13:02:31.944671378
5204.25,2,13:02:32.038590575
5204.5,1,13:02:32.306741654
5204.5,3,13:02:32.866931951
5204.5,12,13:02:32.867223013
5204.75,2,13:02:32.912502551
5204.75,1,13:02:32.912530670
5204.75,2,13:02:32.912649533
5204.75,10,13:02:32.912709236
5204.75,3,13:02:32.912780943
5204.75,1,13:02:32.912780943
5204.75,1,13:02:32.912888591
5204.75,2,13:02:32.912888591
5204.75,10,13:02:32.912888591
5204.75,10,13:02:32.912986685
5204.75,1,13:02:32.912986685
5204.75,9,13:02:32.913004705
5204.75,3,13:02:32.915652438
5204.75,2,13:02:32.915711197
5204.75,2,13:02:32.915796803
5204.75,2,13:02:32.915841418
5204.75,2,13:02:32.916052024
5204.75,1,13:02:32.916093163
5204.75,1,13:02:32.916254761
5204.75,2,13:02:32.916322227
5204.75,9,13:02:33.242437063
5204.75,2,13:02:33.242881180
5204.75,2,13:02:33.273716857
5204.75,2,13:02:33.273905673
5204.75,1,13:02:33.543936810
5204.75,3,13:02:33.546476327
5204.75,1,13:02:33.546910963
5204.75,1,13:02:33.614946596
5204.75,4,13:02:33.616558077
5204.75,4,13:02:33.616819016
5205.0,1,13:02:33.685435853
5204.75,1,13:02:33.934118047
5204.75,1,13:02:33.982450408
5204.75,12,13:02:34.522232333
5204.75,8,13:02:34.522425076
5204.75,1,13:02:34.522587538
5204.75,1,13:02:34.522652831
5204.75,1,13:02:34.522831866
5204.75,6,13:02:34.522921989
5204.75,3,13:02:34.523004509
5204.75,2,13:02:34.523004509
5204.75,10,13:02:34.857517576
5204.5,1,13:02:34.896969513
5204.5,8,13:02:34.897140153
5204.5,1,13:02:34.897181703
5204.5,1,13:02:34.971138727
5204.5,1,13:02:35.045478563
5204.5,1,13:02:35.208885108
5204.5,2,13:02:35.849629682
5204.5,1,13:02:35.915464172
5204.5,6,13:02:36.318257060
5204.5,20,13:02:36.318394170
5204.75,1,13:02:36.448387650
5204.75,1,13:02:36.567642136
5204.5,1,13:02:36.640652065
5204.75,2,13:02:36.904484601
5204.75,5,13:02:37.204003716
5204.5,1,13:02:37.309396807
5204.75,1,13:02:37.315517446
5204.5,3,13:02:37.561470023
5204.75,7,13:02:37.669085932
5204.75,3,13:02:37.669128339
5204.75,2,13:02:37.669179416
5205.0,1,13:02:37.685647596
5205.0,2,13:02:37.685705005
5205.0,2,13:02:37.685793807
5205.0,1,13:02:37.685811366
5205.0,10,13:02:37.686015171
5205.0,2,13:02:37.686106434
5205.0,1,13:02:37.686106434
5205.0,1,13:02:37.686167251
5205.0,2,13:02:37.691329409
5205.0,1,13:02:37.691506405
5205.0,3,13:02:37.691577503
5205.0,1,13:02:37.691686379
5205.0,2,13:02:37.691767744
5205.0,1,13:02:37.737720479
5205.0,3,13:02:37.737795363
5205.0,1,13:02:37.737827562
5205.0,1,13:02:37.763863017
5205.0,2,13:02:37.764033395
5205.0,1,13:02:37.764338405
5205.0,3,13:02:37.764520796
5205.0,2,13:02:37.764712138
5205.0,3,13:02:37.764991916
5205.0,1,13:02:37.765072839
5205.0,1,13:02:37.765336560
5205.0,2,13:02:37.765389174
5205.0,2,13:02:37.851657654
5205.0,2,13:02:37.851849168
5205.0,1,13:02:37.851877117
5205.0,2,13:02:37.852192180
5205.0,2,13:02:37.852226564
5205.25,65,13:02:37.852838356
5205.5,60,13:02:37.852838356
5205.5,2,13:02:37.853201677
5205.5,2,13:02:37.853209904
5205.75,1,13:02:37.853209904
5205.75,2,13:02:37.853217684
5205.75,1,13:02:37.853217684
5205.75,1,13:02:37.853223227
5205.75,1,13:02:37.853229201
5205.0,3,13:02:37.853617860
5205.5,1,13:02:37.853617860
5205.0,1,13:02:37.853852187
5205.0,1,13:02:37.853933760
5205.0,1,13:02:37.854027272
5205.25,1,13:02:37.854135931
5205.25,3,13:02:37.854601229
5205.25,1,13:02:37.855369600
5205.25,1,13:02:37.855649276
5205.25,1,13:02:37.856092187
5205.25,2,13:02:37.856168813
5205.25,1,13:02:37.856168813
5205.25,1,13:02:37.856217303
5205.25,1,13:02:37.856372197
5205.25,1,13:02:37.856433164
5205.25,1,13:02:37.856655395
5205.25,2,13:02:37.856794722
5205.25,1,13:02:37.857200927
5205.25,7,13:02:37.864978369
5205.25,1,13:02:37.865664799
5205.25,1,13:02:37.867582290
5205.0,2,13:02:37.945967712
5205.0,17,13:02:37.946296287
5205.0,2,13:02:37.946530411
5205.0,2,13:02:37.946626374
5205.0,7,13:02:37.946767090
5205.25,2,13:02:37.986663598
5205.25,1,13:02:38.044486906
5205.0,8,13:02:38.242818100
5205.0,1,13:02:38.243106653
5205.0,17,13:02:38.243440244
5205.0,3,13:02:38.290254896
5205.0,1,13:02:38.557166848
5205.0,1,13:02:38.576541807
5205.0,7,13:02:38.602597448
5205.0,6,13:02:38.602826892
5205.0,3,13:02:38.602918273
5205.0,4,13:02:38.603127199
5205.0,1,13:02:38.603224040
5205.0,2,13:02:38.603224040
5205.0,1,13:02:38.603287788
5205.0,12,13:02:38.605676099
5205.0,1,13:02:38.608065935
5205.0,2,13:02:38.937028533
5205.0,1,13:02:38.938332821
5204.75,1,13:02:39.094901249
5205.0,18,13:02:39.200061399
5205.0,1,13:02:39.210919603
5205.0,1,13:02:39.264826813
5205.0,5,13:02:39.524913582
5205.0,14,13:02:39.724323591
5205.0,5,13:02:39.741115689
5205.0,1,13:02:39.837192106
5205.0,26,13:02:39.860359928
5205.5,39,13:02:39.860359928
5205.25,60,13:02:39.860359928
5205.25,1,13:02:39.861990706
5205.25,3,13:02:39.862121438
5205.25,1,13:02:39.862443263
5205.25,3,13:02:39.875981649
5205.0,1,13:02:40.048649129
5205.25,1,13:02:40.249709303
5205.25,1,13:02:40.249848660
5205.25,2,13:02:40.249848660
5205.25,5,13:02:40.249848660
5205.25,6,13:02:40.250195361
5205.25,12,13:02:40.317858269
5205.25,1,13:02:40.317885956
5205.25,2,13:02:40.547133635
5205.25,1,13:02:40.547359006
5205.25,2,13:02:40.547476425
5205.25,1,13:02:40.547476425
5205.25,1,13:02:40.547692375
5205.25,1,13:02:40.837321630
5205.25,1,13:02:40.840964180
5205.5,2,13:02:41.134372283
5205.5,2,13:02:41.146386381
5205.5,1,13:02:41.148357831
5205.5,1,13:02:41.148663057
5205.5,1,13:02:41.254386407
5205.5,1,13:02:41.438915682
5205.5,1,13:02:41.439091106
5205.5,1,13:02:41.439254386
5205.75,5,13:02:41.651064557
5205.75,25,13:02:41.882185877
5206.0,63,13:02:41.882185877
5206.25,62,13:02:41.882185877
5206.25,1,13:02:41.882662405
5206.5,1,13:02:41.882670827
5206.25,19,13:02:41.882670827
5206.5,2,13:02:41.882677953
5206.5,1,13:02:41.882677953
5206.5,1,13:02:41.882682789
5206.5,1,13:02:41.882689593
5206.5,1,13:02:41.882695225
5206.5,1,13:02:41.882700895
5206.5,2,13:02:41.882974712
5206.5,1,13:02:41.882982184
5206.5,1,13:02:41.882989637
5206.0,2,13:02:41.883861920
5206.0,2,13:02:41.883951384
5206.0,1,13:02:41.884037876
5206.0,2,13:02:41.884166454
5206.0,1,13:02:41.884378251
5206.0,4,13:02:41.884922396
5206.0,2,13:02:41.885071359
5206.0,1,13:02:41.885071359
5206.0,1,13:02:41.885221173
5206.0,2,13:02:41.885221173
5206.0,1,13:02:41.885549570
5206.0,1,13:02:41.885845909
5206.0,1,13:02:41.893943390
5206.0,1,13:02:41.908678547
5206.0,1,13:02:41.909021399
5206.0,2,13:02:41.915363606
5206.0,1,13:02:41.917738742
5206.0,1,13:02:41.925351228
5206.0,1,13:02:41.994735753
5205.75,10,13:02:42.043154688
5205.75,2,13:02:42.043209659
5205.75,1,13:02:42.043209659
5205.75,2,13:02:42.043276386
5205.75,4,13:02:42.043343818
5205.75,4,13:02:42.043736367
5205.75,1,13:02:42.043860663
5205.75,1,13:02:42.043944188
5205.75,2,13:02:42.044034945
5205.75,3,13:02:42.044034945
5205.75,1,13:02:42.044092006
5206.0,1,13:02:42.109353110
5205.75,1,13:02:42.300371498
5206.0,1,13:02:42.408720372
5206.0,4,13:02:42.408928907
5206.0,1,13:02:42.409404644
5206.0,2,13:02:42.410386440
5206.0,1,13:02:42.413042903
5206.0,1,13:02:42.413104140
5206.0,1,13:02:42.413305845
5206.0,2,13:02:42.413305845
5206.0,1,13:02:42.413471478
5206.0,2,13:02:42.413471478
5206.0,1,13:02:42.413727685
5206.0,2,13:02:42.414439015
5206.0,3,13:02:42.414692716
5206.0,1,13:02:42.414721992
5206.0,4,13:02:42.417844558
5206.0,2,13:02:42.418014910
5206.0,1,13:02:42.418063977
5206.0,1,13:02:42.419752536
5206.0,1,13:02:42.419955417
5206.25,3,13:02:42.447257489
5206.0,13,13:02:42.447257489
5206.0,4,13:02:42.448321053
5206.0,2,13:02:42.448533524
5206.0,7,13:02:42.448631891
5206.0,1,13:02:42.448953776
5206.25,1,13:02:42.459443148
5206.0,10,13:02:42.566621972
5206.0,3,13:02:42.691175927
5206.0,2,13:02:42.691387490
5206.0,2,13:02:42.691588985
5206.0,5,13:02:42.691806103
5206.0,1,13:02:42.692067974
5206.0,1,13:02:42.692274813
5206.0,2,13:02:42.692325342
5206.0,1,13:02:42.692419027
5206.25,2,13:02:42.751182974
5206.0,1,13:02:42.757844436
5206.0,1,13:02:42.781234573
5206.25,1,13:02:42.937809083
5206.25,2,13:02:43.197960689
5206.0,18,13:02:43.324224018
5206.0,2,13:02:43.501438875
5206.0,2,13:02:43.506190392
5206.0,10,13:02:43.593232177
5206.0,1,13:02:43.770328631
5205.75,1,13:02:43.842687833
5206.0,1,13:02:43.852834120
5205.75,1,13:02:43.863854140
5206.0,2,13:02:43.865428946
5206.0,1,13:02:43.978987504
5206.0,1,13:02:44.019329838
5205.75,1,13:02:44.106321584
5205.75,2,13:02:44.121385256
5205.75,2,13:02:44.121593351
5205.75,5,13:02:44.122141886
5205.75,1,13:02:44.122170485
5205.75,1,13:02:44.123361428
5205.75,1,13:02:44.123403387
5205.75,1,13:02:44.123457638
5205.75,1,13:02:44.123517306
5205.75,1,13:02:44.123618635
5205.75,1,13:02:44.123672496
5205.75,2,13:02:44.123851044
5205.75,1,13:02:44.123972125
5205.75,1,13:02:44.124159152
5205.75,1,13:02:44.124250556
5205.75,2,13:02:44.124250556
5205.75,3,13:02:44.124306896
5205.75,1,13:02:44.124422006
5205.75,3,13:02:44.125061084
5205.75,1,13:02:44.125134330
5205.75,1,13:02:44.125361788
5205.75,1,13:02:44.125439441
5205.75,5,13:02:44.125496943
5205.75,1,13:02:44.147668460
5205.75,10,13:02:44.165426779
5205.75,5,13:02:44.182103094
5205.75,3,13:02:44.182314718
5205.75,5,13:02:44.182518486
5205.75,1,13:02:44.182685731
5205.5,1,13:02:44.575972297
5205.5,3,13:02:44.591567487
5205.5,11,13:02:44.591887291
5205.5,1,13:02:44.653210618
5205.25,5,13:02:44.694573837
5205.25,5,13:02:44.722611853
5205.25,1,13:02:44.849744889
5205.5,1,13:02:44.986754090
5205.25,1,13:02:45.016216817
5205.25,11,13:02:45.080921913
5205.25,1,13:02:45.081274105
5205.25,1,13:02:45.081360558
5205.25,8,13:02:45.081543329
5205.25,1,13:02:45.081740009
5205.25,2,13:02:45.202314946
5205.25,4,13:02:45.202524857
5205.25,1,13:02:45.202787749
5205.25,2,13:02:45.202975350
5205.25,1,13:02:45.313909013
5205.25,1,13:02:45.356749695
5205.25,15,13:02:45.516420854
5205.25,3,13:02:45.516470966
5205.0,1,13:02:45.516749225
5205.0,2,13:02:45.516762406
5205.0,1,13:02:45.818255698
5205.25,13,13:02:45.996604809
5205.25,1,13:02:46.042424460
5205.25,5,13:02:46.047595357
5205.25,1,13:02:46.090286273
5205.25,2,13:02:46.274248415
5205.25,5,13:02:46.307656344
5205.5,5,13:02:46.573125250
5205.25,1,13:02:46.815025213
5205.5,5,13:02:47.163911150
5205.5,2,13:02:47.199444433
5205.5,10,13:02:47.581711820
5205.25,2,13:02:47.734594881
5205.25,1,13:02:47.734738874
5205.25,2,13:02:48.229913892
5205.25,19,13:02:48.458951337
5205.0,16,13:02:48.459097356
5205.25,1,13:02:48.459097356
5205.25,3,13:02:48.499837379
5205.25,2,13:02:48.499995109
5205.25,4,13:02:48.500067395
5205.25,1,13:02:48.500446379
5205.25,12,13:02:48.686816578
5205.25,1,13:02:48.687277752
5205.25,1,13:02:48.942921023
5205.0,10,13:02:49.485703079
5205.25,1,13:02:49.496071403
5205.25,1,13:02:49.496243106
5205.5,1,13:02:49.729203380
5205.5,2,13:02:49.999889028
5205.25,10,13:02:50.014696791
5205.25,3,13:02:50.015184938
5205.25,2,13:02:50.015231284
5205.25,1,13:02:50.015376187
5205.25,6,13:02:50.015485949
5205.25,1,13:02:50.015711672
5205.25,1,13:02:50.015900311
5205.25,1,13:02:50.015965504
5205.0,1,13:02:50.466079963
5205.0,1,13:02:50.466090292
5205.25,1,13:02:50.468419463
5205.25,1,13:02:50.468613729
5205.25,1,13:02:50.468646623
5205.25,1,13:02:50.468677340
5205.25,1,13:02:50.468912327
5205.25,2,13:02:50.468969198
5205.25,1,13:02:50.469016006
5205.25,1,13:02:50.517274710
5205.0,1,13:02:50.674564549
5205.0,2,13:02:51.084812873
5205.0,1,13:02:51.281375064
5205.25,1,13:02:51.476747415
5205.0,1,13:02:51.672854274
5205.25,2,13:02:51.755228410
5205.25,1,13:02:52.455890526
5205.25,1,13:02:52.477047700
5205.25,1,13:02:52.611098312
5205.25,4,13:02:53.286428203
5205.25,1,13:02:53.286598837
5205.25,1,13:02:53.861918588
5205.25,2,13:02:54.429212603
5205.0,1,13:02:54.796095753
5205.0,13,13:02:54.945715154
5205.0,11,13:02:54.946071213
5205.0,1,13:02:55.159914168
5205.0,1,13:02:55.391485815
5205.0,1,13:02:55.599023929
5204.75,1,13:02:55.662750272
5204.75,1,13:02:55.662760313
5204.75,5,13:02:56.268308907
5204.75,1,13:02:56.592890219
5204.75,1,13:02:56.716569728
5205.0,1,13:02:56.993701648
5205.0,1,13:02:57.365511800
5205.0,1,13:02:57.375009152
5204.75,1,13:02:57.529153446
5205.0,2,13:02:58.008046753
5204.75,1,13:02:58.035029145
5205.0,1,13:02:58.142033941
5205.0,2,13:02:58.354545590
5205.0,1,13:02:58.479354903
5205.0,1,13:02:58.936817769
5205.0,3,13:02:59.626242618
5205.0,2,13:02:59.626331300
5205.0,3,13:02:59.626331300
5205.0,2,13:02:59.626434963
5205.0,3,13:02:59.626434963
5205.0,14,13:02:59.626577715
5205.0,6,13:02:59.627021324
5205.0,1,13:02:59.627056384
5205.0,1,13:02:59.628159571
5205.0,1,13:02:59.940107520
5205.0,5,13:02:59.940209529
5205.0,1,13:02:59.952746623
5205.0,6,13:02:59.952977837
5205.0,2,13:02:59.954995410
5205.0,4,13:02:59.955201299
5205.0,1,13:03:00.015907424
5205.0,1,13:03:00.035619147
5205.0,1,13:03:00.038761591
5205.0,2,13:03:00.051222411
5205.0,4,13:03:00.051428664
5205.0,1,13:03:00.051510189
5205.0,2,13:03:00.051574914
5205.0,1,13:03:00.051604678
5205.0,1,13:03:00.092506408
5205.0,2,13:03:00.513995358
5205.0,2,13:03:00.514031707
5205.0,1,13:03:00.514360398
5205.0,1,13:03:00.514447305
5205.0,2,13:03:00.514447305
5205.0,1,13:03:00.514539313
5205.0,1,13:03:00.514612899
5204.75,33,13:03:00.780756920
5204.75,1,13:03:00.781435513
5204.5,9,13:03:00.836067622
5204.5,1,13:03:00.836165621
5204.5,10,13:03:00.836408487
5204.5,1,13:03:00.836440119
5204.5,3,13:03:00.836989695
5204.5,2,13:03:00.837385963
5204.5,4,13:03:00.844577813
5204.5,5,13:03:00.844870081
5204.5,1,13:03:00.845033188
5204.5,2,13:03:00.845278557
5204.5,1,13:03:00.869367338
5204.5,4,13:03:00.869596072
5204.5,2,13:03:00.900504191
5204.5,1,13:03:00.900653784
5204.5,1,13:03:00.900864480
5204.5,1,13:03:00.901032413
5204.25,1,13:03:00.942354158
5204.25,2,13:03:00.942366085
5204.25,1,13:03:00.942366085
5204.5,1,13:03:00.943020921
5204.5,1,13:03:00.943331711
5204.5,2,13:03:01.014983288
5204.5,1,13:03:01.015111790
5204.5,1,13:03:01.033359203
5204.75,1,13:03:01.156824913
5204.5,1,13:03:01.222720979
5204.5,1,13:03:01.434623253
5204.5,1,13:03:01.769127058
5204.5,1,13:03:01.783656098
5204.5,1,13:03:01.932175387
5204.75,1,13:03:01.966111134
5204.5,1,13:03:02.029158626
5204.5,4,13:03:02.029681282
5204.5,1,13:03:02.029886407
5204.5,1,13:03:02.029918823
5204.5,1,13:03:02.030276798
5204.5,1,13:03:02.030475183
5204.5,1,13:03:02.215811441
5204.5,1,13:03:02.215869855
5204.5,4,13:03:02.216498354
5204.5,2,13:03:02.216708743
5204.5,1,13:03:02.216783630
5204.5,2,13:03:02.216783630
5204.5,1,13:03:02.216857167
5204.5,2,13:03:02.216857167
5204.5,1,13:03:02.216880016
5204.75,52,13:03:03.004192874
5205.0,38,13:03:03.004192874
5205.0,1,13:03:03.004478998
5204.75,12,13:03:03.005728566
5204.75,1,13:03:03.006046700
5204.75,1,13:03:03.467262567
5204.75,20,13:03:03.509440528
5205.0,1,13:03:03.897795261
5204.75,5,13:03:04.700483163
5205.0,6,13:03:05.200457431
5205.0,16,13:03:05.200771325
5205.0,1,13:03:05.200821867
5205.0,3,13:03:05.201289461
5205.0,1,13:03:05.201439498
5205.0,2,13:03:05.201439498
5205.0,1,13:03:05.201477247
5205.0,1,13:03:05.201543689
5205.0,2,13:03:05.201864733
5205.0,4,13:03:05.202080043
5205.0,1,13:03:05.202595285
5205.0,1,13:03:05.202803981
5205.0,1,13:03:05.203005486
5205.0,1,13:03:05.203238303
5205.0,1,13:03:05.203575782
5205.25,5,13:03:05.271917466
5205.0,1,13:03:05.348901090
5205.0,1,13:03:05.726854811
5205.25,4,13:03:05.966181524
5205.25,2,13:03:06.356593501
5205.25,1,13:03:06.356986171
5205.0,1,13:03:06.870371792
5205.0,1,13:03:06.870381603
5205.25,3,13:03:08.025094143
5205.25,1,13:03:08.025116068
5205.25,2,13:03:08.025279831
5205.25,27,13:03:08.025376139
5205.25,2,13:03:08.025820190
5205.25,5,13:03:08.044333832
5205.25,12,13:03:08.091194351
5205.25,5,13:03:08.091374099
5205.25,21,13:03:08.102425857
5205.0,1,13:03:08.193160899
5205.0,2,13:03:08.306148285
5205.25,6,13:03:08.512026942
5205.25,10,13:03:08.865281344
5205.25,1,13:03:08.865537192
5205.25,2,13:03:08.865680939
5205.25,1,13:03:08.865680939
5205.25,3,13:03:08.865680939
5205.25,1,13:03:08.887541862
5205.5,90,13:03:09.594077319
5205.5,9,13:03:09.600044428
5205.75,14,13:03:09.646328018
5206.0,1,13:03:09.646341752
5205.75,1,13:03:09.646855031
5205.75,3,13:03:09.646980665
5205.75,1,13:03:09.654959027
5205.75,1,13:03:09.655023566
5205.75,1,13:03:09.655055311
5205.75,1,13:03:09.655354732
5205.75,1,13:03:09.723362096
5205.75,1,13:03:09.834807018
5205.75,1,13:03:10.007759056
5205.75,3,13:03:10.084222222
5205.5,1,13:03:10.131414634
5205.75,3,13:03:10.192553196
5205.75,1,13:03:10.192791909
5205.75,1,13:03:10.360438813
5205.75,1,13:03:10.381290598
5206.0,2,13:03:10.917354784
5206.0,1,13:03:10.917402362
5206.0,41,13:03:10.917743076
5206.0,1,13:03:10.917816748
5206.0,1,13:03:10.917868625
5206.0,1,13:03:10.917892439
5206.0,1,13:03:10.917946847
5206.0,10,13:03:10.918024938
5206.0,2,13:03:10.918047822
5206.0,1,13:03:11.137647949
5206.0,1,13:03:11.224555438
5205.75,1,13:03:11.277793867
5206.0,3,13:03:11.325364841
5206.0,1,13:03:11.325539638
5206.0,8,13:03:11.325651081
5206.0,1,13:03:11.326179811
5206.0,1,13:03:11.326351373
5206.0,3,13:03:11.326413316
5206.0,3,13:03:11.327576616
5206.0,1,13:03:11.327815600
5206.25,1,13:03:11.341571355
5206.25,1,13:03:11.341580888
5206.0,9,13:03:11.551078810
5206.0,2,13:03:11.551234010
5206.0,1,13:03:11.551269652
5206.0,5,13:03:11.553370398
5206.0,16,13:03:11.654087298
5206.0,17,13:03:11.654611229
5206.0,1,13:03:11.654682001
5206.0,9,13:03:11.742394026
5206.0,1,13:03:11.742516364
5206.0,2,13:03:11.742792063
5206.0,5,13:03:11.951498808
5206.0,1,13:03:11.951634740
5206.0,4,13:03:11.951958333
5206.0,1,13:03:11.952131294
5206.25,5,13:03:12.067082438
5206.0,1,13:03:12.091278982
5206.0,1,13:03:12.601407605
5206.0,1,13:03:12.601598943
5206.0,1,13:03:12.601816538
5206.0,1,13:03:12.760188134
5206.25,1,13:03:13.200149316
5206.0,1,13:03:13.326183002
5206.0,1,13:03:13.326403909
5206.0,1,13:03:13.687241820
5206.0,1,13:03:14.027291509
5206.0,2,13:03:14.027426145
5206.0,1,13:03:14.027469342
5206.0,1,13:03:14.027639156
5206.0,6,13:03:14.027694346
5206.0,5,13:03:14.069330170
5206.0,1,13:03:14.650438630
5206.0,2,13:03:14.777454951
5205.75,1,13:03:15.017234149
5205.75,8,13:03:15.190958866
5205.75,4,13:03:15.191033793
5205.75,2,13:03:15.191033793
5205.75,1,13:03:15.191129976
5205.75,7,13:03:15.191129976
5205.75,1,13:03:15.191261330
5205.75,2,13:03:15.191261330
5205.75,5,13:03:15.191324910
5205.75,1,13:03:15.356195471
5205.75,10,13:03:15.356435028
5205.75,1,13:03:15.356623605
5205.5,3,13:03:15.852188736
5205.5,5,13:03:15.852439640
5205.5,1,13:03:15.852476540
5205.5,1,13:03:15.852577127
5205.5,1,13:03:15.852664067
5205.5,1,13:03:15.852752710
5205.5,1,13:03:15.881285419
5205.5,1,13:03:15.898531669
5205.5,1,13:03:15.901738649
5205.5,10,13:03:15.957465182
5205.5,8,13:03:15.999579761
5205.5,1,13:03:16.778236385
5205.5,4,13:03:16.778462047
5205.5,1,13:03:16.778514323
5205.5,1,13:03:16.778600095
5205.5,1,13:03:16.778679367
5205.5,1,13:03:16.779016423
5205.5,1,13:03:16.779403310
5205.5,2,13:03:16.786671758
5205.5,1,13:03:16.795082746
5205.5,1,13:03:16.795245156
5205.5,1,13:03:16.795522851
5205.5,1,13:03:16.795577169
5205.5,2,13:03:16.795772046
5205.5,1,13:03:16.903593228
5205.25,1,13:03:16.966328945
5205.25,2,13:03:16.966340206
5205.25,2,13:03:16.987099593
5205.25,1,13:03:18.730760074
5205.25,6,13:03:18.731048527
5205.25,1,13:03:18.731456600
5205.25,2,13:03:18.731647176
5205.25,1,13:03:18.731909783
5205.25,1,13:03:19.660381548
5205.5,2,13:03:20.220998972
5205.5,2,13:03:20.221069726
5205.5,2,13:03:20.221107924
5205.5,4,13:03:20.221178448
5205.5,1,13:03:20.221255110
5205.5,1,13:03:20.221373811
5205.5,2,13:03:20.221373811
5205.75,4,13:03:20.228149314
5205.75,1,13:03:20.299940762
5205.75,1,13:03:20.696146388
5205.75,7,13:03:20.708871750
5205.75,11,13:03:20.842662372
5205.75,2,13:03:20.843388620
5205.75,2,13:03:20.961317099
5205.75,4,13:03:22.762242446
5205.75,7,13:03:22.762306415
5206.0,2,13:03:22.767361503
5206.0,1,13:03:22.767442106
5206.0,7,13:03:22.767549296
5206.0,1,13:03:22.767619160
5206.0,1,13:03:22.771729322
5206.0,10,13:03:22.771852252
5206.0,2,13:03:22.771897408
5205.75,1,13:03:23.641351654
5205.75,1,13:03:24.621886579
5206.0,5,13:03:26.841558284
5206.0,10,13:03:27.023624595
5205.75,10,13:03:27.393691888
5205.75,1,13:03:27.393725901
5205.75,5,13:03:27.395895788
5206.0,10,13:03:27.501907559
5206.0,8,13:03:28.137128882
5206.0,1,13:03:28.271209319
5205.75,1,13:03:28.340215937
5205.75,1,13:03:28.341879724
5205.75,1,13:03:28.347826215
5206.0,1,13:03:29.220265921
5206.0,2,13:03:29.504894352
5205.75,1,13:03:30.017048922
5206.0,3,13:03:30.033899846
5205.75,1,13:03:30.043086418
5205.75,4,13:03:30.376904167
5205.75,1,13:03:30.376966312
5205.75,1,13:03:30.377006646
5205.75,2,13:03:30.377052785
5205.75,2,13:03:30.377101313
5205.75,2,13:03:30.377909528
5205.5,7,13:03:30.692121703
5205.25,1,13:03:30.692139294
5205.5,1,13:03:30.692224422
5205.5,1,13:03:30.692256726
5205.5,1,13:03:30.692356706
5205.5,1,13:03:30.692685263
5205.5,1,13:03:30.692776548
5205.5,20,13:03:30.692983010
5205.5,1,13:03:30.693065418
5205.5,1,13:03:30.797010223
5205.75,3,13:03:30.818021238
5205.5,1,13:03:31.840510799
5205.75,15,13:03:32.030170296
5205.75,1,13:03:32.030526055
5205.75,10,13:03:32.316191558
5205.75,3,13:03:32.783788344
5206.0,1,13:03:35.451013799
5206.0,2,13:03:36.593611762
5206.0,1,13:03:36.593966265
5206.0,1,13:03:36.594312221
5206.0,1,13:03:36.594486272
5206.0,1,13:03:37.758268972
5206.0,5,13:03:38.277487281
5206.0,1,13:03:38.277886899
5206.0,2,13:03:38.277937255
5206.0,4,13:03:38.277994258
5206.0,1,13:03:38.278051735
5206.0,3,13:03:38.278104961
5206.0,2,13:03:38.278128520
5206.0,1,13:03:38.278189573
5206.0,1,13:03:38.278222422
5206.0,1,13:03:38.278300450
5206.0,1,13:03:38.278333910
5206.0,6,13:03:38.278388169
5206.0,1,13:03:38.278908942
5206.0,2,13:03:38.312705211
5206.0,1,13:03:38.537492379
5206.0,1,13:03:38.537654427
5206.0,1,13:03:38.537823054
5206.0,8,13:03:39.678637898
5206.0,1,13:03:39.678695674
5206.0,1,13:03:39.678971770
5206.0,1,13:03:39.679147546
5206.0,3,13:03:39.679266054
5206.0,2,13:03:39.679266054
5206.0,1,13:03:39.679266054
5206.0,6,13:03:39.679435684
5206.0,2,13:03:39.679435684
5206.0,1,13:03:39.679534463
5206.0,1,13:03:39.680165512
5205.75,1,13:03:40.682394994
5205.75,9,13:03:40.694206914
5205.75,1,13:03:40.694251488
5205.75,5,13:03:40.694251488
5205.75,2,13:03:40.694304455
5205.75,1,13:03:40.694362004
5205.75,12,13:03:40.694663598
5205.75,2,13:03:40.694697877
5205.75,3,13:03:40.694728895
5205.75,1,13:03:40.694771702
5205.75,1,13:03:40.694856357
5205.75,1,13:03:40.694961166
5205.75,3,13:03:40.694961166
5205.75,1,13:03:40.694989778
5205.75,13,13:03:40.695405857
5205.75,1,13:03:40.695484713
5205.75,1,13:03:40.695616430
5205.75,1,13:03:40.696190957
5205.75,1,13:03:40.703070772
5205.75,9,13:03:40.707179587
5205.75,1,13:03:40.707297123
5205.75,10,13:03:41.138397386
5205.75,2,13:03:41.138460799
5205.75,1,13:03:41.138460799
5205.75,2,13:03:41.389022830
5205.75,1,13:03:42.083719059
5205.75,4,13:03:42.350850834
5205.5,2,13:03:42.691215395
5205.5,1,13:03:43.319620728
5205.5,1,13:03:43.794978308
5205.5,1,13:03:44.033547577
5205.5,1,13:03:44.349674799
5205.5,9,13:03:44.350003128
5205.5,3,13:03:44.350088484
5205.5,1,13:03:44.350947001
5205.5,1,13:03:44.350980892
5205.5,5,13:03:44.352273532
5205.5,1,13:03:44.352344814
5205.5,1,13:03:44.353498875
5205.5,3,13:03:44.353906397
5205.5,2,13:03:44.355231013
5205.5,1,13:03:44.355261464
5205.5,1,13:03:44.355354363
5205.5,1,13:03:44.355777533
5205.5,1,13:03:44.762508714
5205.5,1,13:03:44.762678634
5205.5,2,13:03:44.766269631
5205.5,4,13:03:44.773862289
5205.5,1,13:03:45.016852528
5205.75,8,13:03:45.269438729
5205.5,5,13:03:45.620953860
5205.5,2,13:03:45.621146793
5205.5,2,13:03:45.621219507
5205.5,1,13:03:45.621482719
5205.5,1,13:03:45.621566457
5205.5,2,13:03:45.622399407
5205.25,1,13:03:45.694949237
5205.5,5,13:03:46.242564512
5205.5,1,13:03:46.242597659
5205.5,2,13:03:46.242666924
5205.5,1,13:03:46.286014597
5205.5,1,13:03:46.286221417
5205.5,2,13:03:46.613007022
5205.5,1,13:03:46.613657099
5205.5,1,13:03:46.621429156
5205.5,1,13:03:46.621464029
5205.5,6,13:03:47.025843984
5205.5,10,13:03:47.026093048
5205.5,1,13:03:47.132496248
5205.5,1,13:03:47.387823177
5205.25,1,13:03:50.116868968
5205.25,26,13:03:50.117097731
5205.25,5,13:03:50.117167017
5205.25,1,13:03:50.117274304
5205.25,1,13:03:50.117361710
5205.25,1,13:03:50.117440413
5205.25,6,13:03:50.117440413
5205.25,1,13:03:50.167721208
5205.25,1,13:03:50.237125169
5205.5,1,13:03:50.442413080
5205.25,1,13:03:50.511935394
5205.25,1,13:03:50.511995082
5205.25,1,13:03:50.512167092
5205.25,1,13:03:50.512308832
5205.25,1,13:03:50.512371022
5205.25,1,13:03:50.512463274
5205.0,1,13:03:50.993303726
5205.0,2,13:03:50.993317739
5205.0,1,13:03:50.993317739
5205.25,1,13:03:51.008038995
5205.0,2,13:03:51.018487231
5205.25,15,13:03:51.163081381
5205.25,1,13:03:51.163255929
5205.25,2,13:03:51.163602464
5205.25,1,13:03:51.163756601
5205.25,1,13:03:51.172617826
5205.25,1,13:03:51.172746593
5205.25,4,13:03:51.172858877
5205.25,2,13:03:51.172858877
5205.25,1,13:03:51.519263896
5205.25,2,13:03:51.522009899
5205.25,1,13:03:51.522054713
5205.25,1,13:03:51.522188658
5205.25,2,13:03:51.522255012
5205.25,1,13:03:51.555718268
5205.25,1,13:03:51.831978291
5205.25,2,13:03:52.137664469
5205.25,1,13:03:52.140572815
5205.25,7,13:03:52.141197493
5205.25,1,13:03:52.567251811
5205.5,25,13:03:52.638026640
5205.5,1,13:03:52.638275032
5205.5,1,13:03:53.875021303
5205.5,3,13:03:53.875247007
5205.5,1,13:03:53.875453850
5205.5,1,13:03:53.875484989
5205.75,3,13:03:54.819803567
5205.75,1,13:03:55.822452660
5205.5,1,13:03:55.878614678
5205.75,3,13:03:56.188395210
5205.75,1,13:03:57.299802248
5205.75,1,13:03:57.492030469
5205.5,2,13:03:57.985701390
5205.75,1,13:03:58.186703542
5205.5,1,13:03:58.227716532
5205.75,1,13:03:58.354034921
5205.75,1,13:03:59.086808081
5207.25,1,13:04:23.292176823
5207.25,11,13:04:23.292649741
5207.25,1,13:04:23.293029592
5207.25,10,13:04:23.293139738
5207.25,2,13:04:23.293212495
5207.25,1,13:04:23.293281709
5207.5,1,13:04:23.379133652
5207.5,1,13:04:23.575331316
5207.5,1,13:04:23.728496247
5207.5,1,13:04:23.885327847
5207.5,1,13:04:24.268652344
5207.5,1,13:04:25.010174936
5207.25,22,13:04:25.359665145
5207.25,5,13:04:25.360374369
5207.25,1,13:04:25.360526340
5207.25,1,13:04:25.366179907
5207.25,1,13:04:25.782629115
5207.25,14,13:04:26.082314599
5207.25,1,13:04:27.622961041
5207.25,1,13:04:27.758836128
5207.5,5,13:04:27.832030701
5207.25,2,13:04:28.309163903
5207.5,2,13:04:28.938126417
5207.5,20,13:04:29.386003220
5207.5,1,13:04:29.386234566
5207.5,2,13:04:29.386268240
5207.5,1,13:04:29.388740917
5207.25,7,13:04:29.497193439
5207.25,1,13:04:29.497456143
5207.25,1,13:04:29.497705229
5207.25,2,13:04:29.497933589
5207.25,7,13:04:29.498120776
5207.25,15,13:04:29.498183661
5207.25,7,13:04:29.498921484
5207.25,1,13:04:29.499569001
5207.25,2,13:04:29.499661944
5207.25,1,13:04:29.499661944
5207.25,1,13:04:29.500385408
5207.25,2,13:04:29.506508501
5207.25,5,13:04:29.522280257
5207.25,1,13:04:29.527464496
5207.5,1,13:04:29.657893083
5207.25,15,13:04:29.781052458
5207.25,2,13:04:29.931118502
5207.0,1,13:04:30.017592407
5207.0,5,13:04:30.017602157
5207.25,2,13:04:30.228906952
5207.0,1,13:04:30.376616534
5207.25,2,13:04:30.507445225
5207.25,5,13:04:30.507672260
5207.25,2,13:04:30.507824894
5207.25,1,13:04:30.507950221
5207.0,2,13:04:30.566348400
5207.0,2,13:04:31.458504166
5207.25,44,13:04:31.497079163
5207.5,89,13:04:31.497079163
5207.75,67,13:04:31.497079163
5207.75,1,13:04:31.497819133
5207.75,1,13:04:31.497827383
5207.75,2,13:04:31.497827383
5207.75,1,13:04:31.497833044
5207.5,2,13:04:31.498862123
5207.5,1,13:04:31.499854774
5207.5,1,13:04:31.499904051
5207.5,2,13:04:31.509221634
5207.5,9,13:04:31.509580080
5207.5,6,13:04:31.509657873
5207.5,2,13:04:31.509980069
5207.5,2,13:04:31.523487133
5207.5,1,13:04:31.523748525
5207.5,12,13:04:31.533979709
5207.5,17,13:04:31.534448669
5207.5,2,13:04:31.534612964
5207.5,8,13:04:31.535462063
5207.5,1,13:04:31.535901214
5207.5,1,13:04:31.577179682
5207.5,2,13:04:31.601921373
5207.5,1,13:04:31.610361453
5207.5,1,13:04:31.685377656
5207.5,2,13:04:31.779969510
5207.25,1,13:04:32.372474108
5207.5,1,13:04:32.380203121
5207.5,22,13:04:32.398032548
5207.5,4,13:04:32.398407868
5207.5,9,13:04:32.398549519
5207.5,4,13:04:32.398608887
5207.5,8,13:04:32.398911888
5207.5,1,13:04:32.399003435
5207.25,1,13:04:32.485425736
5207.5,1,13:04:32.986748224
5207.25,10,13:04:33.654255702
5207.25,15,13:04:33.654566246
5207.25,4,13:04:33.654722089
5207.25,3,13:04:33.654722089
5207.25,2,13:04:33.654722089
5207.25,2,13:04:33.654750029
5207.25,3,13:04:33.654893328
5207.25,8,13:04:33.654893328
5207.25,1,13:04:33.655276289
5207.25,1,13:04:33.705166617
5207.25,1,13:04:33.705324527
5207.25,1,13:04:33.736108887
5207.25,1,13:04:33.993303421
5207.25,2,13:04:34.091514986
5207.25,1,13:04:35.034383927
5207.25,1,13:04:35.034458610
5207.25,4,13:04:35.034613176
5207.25,1,13:04:35.034653062
5207.25,1,13:04:35.062194791
5207.25,3,13:04:35.062434231
5207.0,1,13:04:35.639123731
5207.0,3,13:04:36.513888676
5207.25,9,13:04:36.768432636
5207.25,1,13:04:36.768835397
5207.25,1,13:04:36.768878952
5207.5,4,13:04:37.186260126
5207.5,1,13:04:37.186314585
5207.5,37,13:04:37.186536434
5207.5,37,13:04:37.187721673
5207.75,20,13:04:37.188092221
5207.75,1,13:04:37.188092221
5207.75,8,13:04:37.188169077
5207.5,4,13:04:37.188547293
5207.5,8,13:04:37.190962058
5207.5,1,13:04:37.209658245
5207.75,1,13:04:37.212263174
5207.75,1,13:04:37.212445923
5207.75,8,13:04:37.212700757
5207.75,1,13:04:37.212857740
5207.75,4,13:04:37.213494190
5208.0,1,13:04:37.213905152
5208.0,1,13:04:37.213918401
5208.0,5,13:04:37.213918401
5208.0,1,13:04:37.213927674
5208.0,2,13:04:37.213927674
5208.0,1,13:04:37.213937557
5208.0,3,13:04:37.213944376
5208.0,1,13:04:37.213944376
5207.75,10,13:04:37.214382599
5208.0,1,13:04:37.222504842
5208.0,4,13:04:37.241464637
5208.0,27,13:04:37.241821262
5208.0,1,13:04:37.243532804
5208.0,10,13:04:37.256765194
5208.0,2,13:04:37.256858351
5208.0,1,13:04:37.257194057
5208.0,2,13:04:37.260161541
5208.0,4,13:04:37.260245338
5208.0,1,13:04:37.260273441
5208.25,1,13:04:37.320805978
5208.25,1,13:04:37.320820084
5208.25,5,13:04:37.320825495
5208.25,1,13:04:37.320832552
5208.25,1,13:04:37.320837953
5208.25,1,13:04:37.320846814
5208.25,1,13:04:37.320858648
5208.0,1,13:04:37.468302250
5208.25,1,13:04:37.514160691
5208.25,1,13:04:37.547186619
5208.25,1,13:04:37.662734905
5208.0,1,13:04:37.773480055
5208.25,4,13:04:37.822821456
5208.25,18,13:04:37.823183268
5208.25,1,13:04:37.823259545
5208.25,2,13:04:37.824125163
5208.25,25,13:04:37.825256510
5208.25,3,13:04:37.825532641
5208.25,1,13:04:37.826219061
5208.25,1,13:04:38.014622296
5208.25,1,13:04:38.290192523
5208.25,8,13:04:38.364785675
5208.25,1,13:04:38.365123126
5208.25,10,13:04:38.365297024
5208.25,1,13:04:38.365474462
5208.25,2,13:04:38.365525832
5208.25,7,13:04:38.365601590
5208.25,2,13:04:38.365937628
5208.25,1,13:04:38.549464799
5208.25,6,13:04:38.592221312
5208.0,1,13:04:38.890276327
5208.0,5,13:04:38.890345089
5208.0,1,13:04:38.890472309
5208.0,2,13:04:38.890554086
5208.0,14,13:04:38.891088369
5208.0,1,13:04:38.891504198
5208.0,2,13:04:38.891592664
5208.0,2,13:04:38.891787023
5208.0,1,13:04:38.891979782
5208.0,1,13:04:39.006740105
5207.75,1,13:04:39.060386124
5207.75,1,13:04:39.073467986
5207.75,1,13:04:39.187226167
5208.0,1,13:04:39.191461772
5207.75,1,13:04:39.191675329
5207.75,7,13:04:39.191929663
5207.75,1,13:04:39.192129693
5207.75,2,13:04:39.192505083
5207.75,7,13:04:39.192612547
5207.75,1,13:04:39.196596883
5207.75,1,13:04:39.358507642
5207.75,1,13:04:39.515328494
5207.75,5,13:04:39.766551948
5207.75,1,13:04:39.917760322
5207.75,1,13:04:39.934889840
5207.75,27,13:04:40.085356215
5208.0,23,13:04:40.085356215
5207.75,8,13:04:40.085992845
5207.75,3,13:04:40.086248448
5207.75,8,13:04:40.086348385
5207.75,1,13:04:40.086348385
5207.75,1,13:04:40.086421878
5207.75,2,13:04:40.086421878
5207.75,1,13:04:40.086489114
5207.75,2,13:04:40.086587792
5207.75,1,13:04:40.086587792
5207.75,1,13:04:40.394823384
5207.75,1,13:04:40.554593661
5207.75,2,13:04:40.657737692
5207.5,1,13:04:41.044854623
5207.75,1,13:04:41.045524834
5207.5,1,13:04:41.107188770
5207.75,1,13:04:41.213112056
5207.5,5,13:04:41.255902574
5207.75,1,13:04:41.899927008
5207.75,2,13:04:41.975628120
5207.75,1,13:04:41.975667106
5207.75,1,13:04:41.975902737
5207.75,2,13:04:42.005641258
5207.75,1,13:04:42.578086013
5207.75,4,13:04:42.578341253
5207.75,4,13:04:42.705595091
5208.0,1,13:04:42.803595672
5208.0,10,13:04:42.862079628
5208.0,1,13:04:42.963305570
5207.75,3,13:04:42.989361729
5207.75,6,13:04:42.989658906
5207.75,5,13:04:43.089970660
5207.75,8,13:04:43.090199995
5207.75,2,13:04:43.330898453
5207.75,4,13:04:43.330958879
5207.75,1,13:04:43.330958879
5207.75,1,13:04:43.331019895
5207.75,1,13:04:43.331049697
5207.75,3,13:04:43.331303370
5207.75,2,13:04:43.332939128
5207.75,18,13:04:43.342996996
5207.5,6,13:04:43.509591061
5207.5,1,13:04:43.509857413
5207.5,2,13:04:43.633818733
5207.5,5,13:04:43.633887928
5207.5,4,13:04:43.633945549
5207.5,1,13:04:43.634013108
5207.5,2,13:04:43.634013108
5207.5,2,13:04:43.634159130
5207.5,1,13:04:43.634159130
5207.5,39,13:04:43.634315446
5207.5,4,13:04:43.634946160
5207.5,3,13:04:43.635007771
5207.5,1,13:04:43.635071567
5207.5,2,13:04:43.635362521
5207.5,1,13:04:43.635434608
5207.5,1,13:04:43.893381735
5207.5,1,13:04:44.030795358
5207.5,4,13:04:44.068912744
5207.5,2,13:04:44.069139098
5207.5,2,13:04:44.069189867
5207.5,3,13:04:44.069479902
5207.5,7,13:04:44.069698986
5207.5,1,13:04:44.077316098
5207.75,1,13:04:44.187415235
5207.5,1,13:04:44.187600484
5207.75,1,13:04:44.228874388
5207.5,3,13:04:44.328376349
5207.5,2,13:04:44.791359578
5207.5,1,13:04:45.017732100
5207.5,1,13:04:45.033679006
5207.75,2,13:04:45.072266470
5207.75,2,13:04:45.877324582
5207.5,2,13:04:47.685943263
5207.75,1,13:04:48.028165991
5207.75,1,13:04:48.368697053
5207.75,1,13:04:48.780337736
5207.5,1,13:04:49.767743769
5207.5,5,13:04:49.768015770
5207.5,40,13:04:49.768437846
5207.5,20,13:04:49.769175722
5207.5,1,13:04:49.769229212
5207.5,4,13:04:49.770258392
5207.5,1,13:04:49.770448159
5207.5,3,13:04:49.770550535
5207.5,1,13:04:49.770550535
5207.5,2,13:04:50.008506903
5207.5,7,13:04:50.008780585
5207.5,3,13:04:50.008824070
5207.5,1,13:04:50.116303231
5207.25,4,13:04:50.710904486
5207.5,1,13:04:50.780025085
5207.25,1,13:04:51.200419883
5207.25,17,13:04:51.566980217
5207.25,24,13:04:51.567821146
5207.25,2,13:04:51.568107914
5207.25,3,13:04:51.620090739
5207.25,2,13:04:51.620330984
5207.25,1,13:04:51.620401731
5207.25,1,13:04:52.112000241
5207.5,1,13:04:52.424380241
5207.5,5,13:04:52.921183226
5207.25,2,13:04:53.178942318
5207.5,1,13:04:53.234963543
5207.25,5,13:04:53.457489494
5207.25,1,13:04:53.473386505
5207.25,4,13:04:53.934959947
5207.25,2,13:04:53.935221980
5207.25,13,13:04:53.936110379
5207.25,1,13:04:53.936378196
5207.25,1,13:04:53.936417595
5207.25,1,13:04:53.936511696
5207.25,1,13:04:53.936571201
5207.25,1,13:04:53.936612524
5207.25,2,13:04:53.936682637
5207.25,1,13:04:53.936723316
5207.25,1,13:04:53.936799231
5207.25,1,13:04:53.936831110
5207.25,1,13:04:53.937046427
5207.25,1,13:04:53.955046297
5207.25,3,13:04:54.976496045
5207.25,1,13:04:55.182293722
5207.25,1,13:04:55.568819473
5207.0,5,13:04:55.720327850
5207.0,1,13:04:55.720341377
5207.25,3,13:04:55.734431352
5207.25,1,13:04:55.734459936
5207.25,1,13:04:55.734650305
5207.25,1,13:04:55.734694069
5207.25,1,13:04:55.734722428
5207.25,1,13:04:55.857505757
5207.25,2,13:04:55.857691227
5207.25,1,13:04:55.980662291
5207.0,1,13:04:57.401167140
5207.25,2,13:04:57.410831255
5207.25,1,13:04:57.411055896
5207.25,4,13:04:57.411209902
5207.25,5,13:04:57.411287492
5207.25,1,13:04:57.411371214
5207.25,1,13:04:57.411785974
5207.25,2,13:04:57.412042168
5207.25,1,13:04:57.412079151
5207.25,5,13:04:57.412274025
5207.25,2,13:04:57.412326481
5207.25,4,13:04:57.422638148
5207.25,1,13:04:57.422942129
5207.25,1,13:04:57.423134542
5207.25,1,13:04:57.423161470
5207.25,1,13:04:57.423442209
5207.25,1,13:04:57.423627058
5207.25,1,13:04:57.423779864
5207.25,1,13:04:57.423815935
5207.25,4,13:04:58.923743014
5207.25,2,13:04:58.923977343
5207.25,1,13:05:00.017147721
5207.25,1,13:05:00.033530816
5207.25,1,13:05:00.037099067
5207.25,1,13:05:00.796272175
5207.25,2,13:05:00.796518440
5207.25,21,13:05:00.804345999
5207.25,2,13:05:00.804403165
5207.0,1,13:05:01.033784017
5207.25,15,13:05:01.153082771
5207.25,1,13:05:01.222628816
5207.0,1,13:05:01.532517532
5207.0,1,13:05:01.576978610
5207.0,46,13:05:01.577226391
5206.75,1,13:05:01.594287957
5206.75,43,13:05:01.622886616
5206.75,3,13:05:01.637032414
5206.75,2,13:05:01.637056165
5206.75,2,13:05:01.642054342
5206.75,2,13:05:01.642194169
5206.75,22,13:05:01.642457966
5206.75,1,13:05:01.642570769
5206.75,2,13:05:01.642636303
5206.75,4,13:05:01.642972475
5206.75,1,13:05:01.643009357
5206.75,1,13:05:01.643081457
5206.75,1,13:05:01.643301903
5206.75,1,13:05:01.643537834
5206.75,1,13:05:01.643808477
5206.75,5,13:05:01.744080902
5206.75,1,13:05:01.762149352
5206.75,1,13:05:01.762443016
5206.75,15,13:05:02.006891722
5206.75,1,13:05:02.029630520
5206.75,8,13:05:02.110412178
5206.75,8,13:05:02.110704905
5206.75,2,13:05:02.207557053
5206.75,8,13:05:02.208026505
5206.75,1,13:05:02.208341530
5206.75,1,13:05:02.272676306
5206.75,7,13:05:02.295029935
5206.5,1,13:05:02.362304812
5206.5,1,13:05:02.362317545
5206.75,1,13:05:02.533363117
5206.75,1,13:05:02.773351473
5206.75,1,13:05:03.033257005
5206.5,1,13:05:03.094848014
5206.5,1,13:05:03.132040571
5206.75,5,13:05:03.135645769
5206.75,1,13:05:03.295043493
5206.75,1,13:05:03.304646232
5206.75,1,13:05:03.443345041
5207.0,2,13:05:03.729484202
5207.0,2,13:05:03.729726917
5207.0,8,13:05:03.729878945
5207.25,1,13:05:04.635928221
5207.25,1,13:05:04.635937178
5207.25,1,13:05:04.636844684
5207.25,16,13:05:04.636977058
5207.25,4,13:05:04.637173711
5207.25,1,13:05:04.637609644
5207.25,1,13:05:04.637672525
5207.25,1,13:05:04.637846973
5207.25,6,13:05:04.638290937
5207.25,2,13:05:04.638721080
5207.25,1,13:05:04.638721080
5207.25,1,13:05:04.638791015
5207.25,8,13:05:04.639084076
5207.25,1,13:05:04.639422666
5207.25,1,13:05:04.639454765
5207.25,28,13:05:05.641677184
5207.25,9,13:05:05.642161852
5207.25,1,13:05:05.721231437
5207.25,1,13:05:05.721252983
5207.25,2,13:05:05.721385706
5207.25,6,13:05:05.721526416
5207.25,1,13:05:05.723092620
5207.25,2,13:05:05.745493218
5207.25,2,13:05:05.745521718
5207.25,2,13:05:05.745574310
5207.25,1,13:05:05.745663225
5207.25,1,13:05:05.745969734
5207.25,3,13:05:05.746155657
5207.25,1,13:05:05.757297907
5207.25,1,13:05:06.011877555
5207.5,6,13:05:06.425038133
5207.5,1,13:05:06.425049143
5207.25,1,13:05:06.889231530
5207.5,2,13:05:07.224455688
5207.5,1,13:05:08.305375704
5207.5,10,13:05:12.471708052
5207.5,2,13:05:12.471748184
5207.5,2,13:05:12.471794006
5207.5,1,13:05:12.471843396
5207.5,1,13:05:12.471882817
5207.5,1,13:05:12.471926752
5207.5,1,13:05:12.471972995
5207.5,3,13:05:12.472030142
5207.5,2,13:05:12.472130365
5207.5,19,13:05:12.472262224
5207.5,1,13:05:12.472719913
5207.5,6,13:05:13.350619329
5207.5,2,13:05:13.412786805
5207.5,20,13:05:13.580687575
5207.75,3,13:05:13.920040896
5207.75,2,13:05:14.839124948
5207.5,1,13:05:15.017105693
5207.75,13,13:05:15.995098811
5207.75,8,13:05:15.995660271
5207.75,1,13:05:15.996110732
5207.75,7,13:05:15.996245477
5207.75,29,13:05:15.996888559
5207.75,2,13:05:15.996991204
5207.75,1,13:05:15.997052435
5207.75,1,13:05:15.997229027
5207.75,1,13:05:15.997436090
5207.75,1,13:05:15.997472952
5207.75,1,13:05:15.997537164
5207.75,1,13:05:16.278245290
5208.0,2,13:05:16.426431814
5208.0,13,13:05:16.426751830
5208.0,5,13:05:16.426841703
5208.0,4,13:05:16.426922173
5208.0,1,13:05:16.426922173
5208.0,1,13:05:16.427027985
5208.0,2,13:05:16.427027985
5208.0,3,13:05:16.427059587
5208.0,21,13:05:16.427225442
5208.0,3,13:05:16.427304392
5208.0,1,13:05:16.427830415
5208.0,1,13:05:16.428031805
5208.0,2,13:05:16.428084058
5208.0,1,13:05:16.428199654
5208.0,1,13:05:16.428272209
5208.0,3,13:05:16.428322987
5208.0,1,13:05:16.459656339
5208.0,2,13:05:17.215551809
5208.0,3,13:05:17.509672624
5208.0,1,13:05:17.554451256
5207.75,25,13:05:17.574662655
5208.0,2,13:05:17.606358016
5207.75,1,13:05:17.707131729
5207.75,10,13:05:17.866122650
5207.75,1,13:05:17.866697106
5207.75,14,13:05:17.866958174
5207.75,1,13:05:18.197590959
5208.0,1,13:05:18.462952636
5208.0,1,13:05:18.640734258
5207.75,1,13:05:18.799119155
5207.75,45,13:05:18.845356096
5207.75,1,13:05:18.846047947
5207.75,1,13:05:19.635658057
5207.75,3,13:05:19.641729648
5207.75,1,13:05:20.038217456
5207.75,2,13:05:20.371675920
5207.75,1,13:05:20.610143910
5207.75,1,13:05:21.157375650
5207.75,2,13:05:21.317025462
5207.75,22,13:05:21.317525123
5207.75,1,13:05:21.318378619
5207.75,2,13:05:21.591175536
5207.75,3,13:05:21.591221959
5207.75,4,13:05:21.591302778
5207.75,1,13:05:21.591909419
5207.5,2,13:05:22.505462053
5207.5,1,13:05:22.505499964
5207.5,3,13:05:22.505660178
5207.5,1,13:05:22.505706726
5207.5,2,13:05:22.505774807
5207.5,6,13:05:22.505834864
5207.5,2,13:05:22.505885418
5207.5,1,13:05:22.513955526
5207.5,5,13:05:22.739636795
5208.0,80,13:05:23.674202367
5207.75,30,13:05:23.674202367
5208.5,85,13:05:23.674202367
5208.25,105,13:05:23.674202367
5208.5,1,13:05:23.675166361
5208.5,1,13:05:23.675173132
5208.5,2,13:05:23.675181142
5208.5,1,13:05:23.675181142
5208.5,1,13:05:23.675189226
5208.5,5,13:05:23.675189226
5208.5,1,13:05:23.675196557
5208.5,1,13:05:23.675201715
5208.0,2,13:05:23.677375019
5208.25,1,13:05:23.678105981
5208.25,1,13:05:23.679654742
5208.25,20,13:05:23.680759996
5208.25,2,13:05:23.681526294
5208.25,1,13:05:23.681952443
5208.25,4,13:05:23.682069814
5208.25,1,13:05:23.682163133
5208.25,2,13:05:23.682756206
5208.25,1,13:05:23.683751481
5208.25,1,13:05:23.683825579
5208.25,4,13:05:23.684085692
5208.25,1,13:05:23.684085692
5208.25,3,13:05:23.684348671
5208.25,2,13:05:23.684402411
5208.25,1,13:05:23.684493474
5208.25,1,13:05:23.684557394
5208.25,11,13:05:23.686185216
5208.25,1,13:05:23.703068257
5208.25,4,13:05:23.703480427
5208.25,1,13:05:23.705078400
5208.25,1,13:05:23.900743884
5208.25,1,13:05:23.906114379
5208.25,1,13:05:24.056032427
5208.0,4,13:05:24.259575971
5208.0,1,13:05:24.300906059
5208.0,15,13:05:24.373352043
5208.0,5,13:05:24.373615446
5208.0,5,13:05:24.373694821
5208.0,7,13:05:24.374010734
5208.0,1,13:05:24.374294996
5208.0,5,13:05:24.374375967
5208.0,2,13:05:24.374479128
5208.0,2,13:05:24.374522550
5208.0,3,13:05:24.374616148
5208.0,1,13:05:24.374732663
5207.75,1,13:05:24.731077819
5208.0,2,13:05:24.820490882
5208.0,1,13:05:25.054901081
5207.75,31,13:05:25.263323193
5207.75,1,13:05:25.263557726
5207.75,1,13:05:25.263591947
5207.75,1,13:05:25.263625826
5207.75,1,13:05:25.263733354
5207.75,14,13:05:25.263733354
5207.75,1,13:05:25.263801381
5207.75,5,13:05:25.263801381
5207.75,1,13:05:25.263881088
5207.75,5,13:05:25.263881088
5207.75,1,13:05:25.264502605
5207.75,1,13:05:25.264771593
5207.75,1,13:05:25.289017787
5207.75,6,13:05:25.289236328
5207.75,2,13:05:25.289319879
5207.75,1,13:05:25.289531205
5207.75,2,13:05:25.289569244
5207.75,1,13:05:25.289637427
5207.75,2,13:05:25.289711348
5207.75,1,13:05:25.289711348
5207.75,3,13:05:25.295983581
5207.75,2,13:05:25.296033838
5207.75,1,13:05:25.296345566
5208.0,1,13:05:25.678817389
5207.75,12,13:05:25.707306234
5207.75,2,13:05:27.066208641
5207.5,1,13:05:27.314922643
5207.75,3,13:05:27.595165169
5207.5,1,13:05:28.059242070
5207.75,2,13:05:28.377050970
5207.75,2,13:05:28.377220113
5207.75,1,13:05:28.377261298
5207.75,4,13:05:28.377341452
5207.75,2,13:05:28.377555614
5207.75,1,13:05:28.377714737
5207.75,1,13:05:28.377818355
5207.75,10,13:05:28.377919205
5207.75,3,13:05:28.619344854
5207.75,2,13:05:28.619396922
5207.75,2,13:05:28.619595597
5207.75,2,13:05:28.619828134
5207.75,1,13:05:28.619894522
5207.75,2,13:05:28.619894522
5207.75,1,13:05:28.619967097
5207.75,2,13:05:28.619967097
5207.75,1,13:05:28.620009180
5207.75,2,13:05:28.620083233
5207.75,1,13:05:28.620137989
5207.75,2,13:05:28.710407661
5207.75,10,13:05:29.502754818
5207.75,2,13:05:29.502842224
5207.75,10,13:05:29.502916856
5207.75,1,13:05:29.503010409
5207.75,4,13:05:29.503010409
5207.75,1,13:05:29.503494110
5207.75,8,13:05:29.503614022
5207.75,1,13:05:29.636473603
5208.0,3,13:05:29.928946589
5208.0,1,13:05:29.928968452
5208.0,40,13:05:29.929249114
5208.25,1,13:05:29.930480511
5208.25,5,13:05:29.930712740
5208.25,1,13:05:29.930712740
5208.25,1,13:05:29.930788488
5208.25,1,13:05:29.930949465
5208.25,11,13:05:29.931135266
5208.25,4,13:05:29.931135266
5208.25,2,13:05:29.931223870
5208.0,1,13:05:29.931223870
5208.25,4,13:05:29.931378891
5208.25,2,13:05:29.931515028
5208.25,1,13:05:29.931515028
5208.0,10,13:05:29.931637638
5208.25,1,13:05:29.931637638
5208.5,1,13:05:29.931782582
5208.25,3,13:05:29.932243317
5208.25,1,13:05:29.932243317
5208.25,1,13:05:29.932464147
5208.25,4,13:05:29.932464147
5208.25,7,13:05:29.932475005
5208.25,3,13:05:29.932683688
5208.25,1,13:05:29.932912528
5208.25,2,13:05:29.932912528
5208.25,2,13:05:29.933111118
5208.25,1,13:05:29.933111118
5208.25,4,13:05:29.933157154
5208.25,1,13:05:29.933222112
5208.25,1,13:05:29.933417738
5208.25,1,13:05:29.933493689
5208.25,5,13:05:29.933643784
5208.25,1,13:05:29.933793311
5208.25,1,13:05:29.933957298
5208.25,1,13:05:29.934030560
5208.25,2,13:05:29.934250392
5208.25,1,13:05:29.934458300
5208.25,5,13:05:29.934575602
5208.25,1,13:05:29.934663744
5208.25,2,13:05:29.938340612
5208.25,4,13:05:29.948360467
5208.25,11,13:05:29.948605646
5208.25,1,13:05:29.948682658
5208.25,1,13:05:29.948754604
5208.25,10,13:05:29.948957279
5208.25,4,13:05:29.949040190
5208.25,2,13:05:29.949040190
5208.25,2,13:05:29.949099219
5208.25,1,13:05:29.949157728
5208.25,2,13:05:29.949228891
5208.25,1,13:05:29.949321808
5208.25,1,13:05:29.949370549
5208.25,1,13:05:29.949405071
5208.5,1,13:05:29.965009974
5208.5,2,13:05:29.965190368
5208.5,2,13:05:29.965265726
5208.5,1,13:05:29.965324313
5208.5,7,13:05:29.965776315
5208.5,3,13:05:29.965861684
5208.5,1,13:05:29.965916322
5208.5,1,13:05:29.966058014
5208.5,2,13:05:29.966144047
5208.5,1,13:05:29.966171369
5208.5,6,13:05:29.967069260
5208.5,1,13:05:29.967283639
5208.5,1,13:05:29.967312798
5208.5,1,13:05:29.967384137
5208.5,1,13:05:29.967453303
5208.5,3,13:05:29.967694457
5208.5,15,13:05:29.967812491
5208.5,1,13:05:29.967985428
5208.5,1,13:05:29.968033961
5208.5,4,13:05:29.968255233
5208.5,1,13:05:29.973086920
5208.5,1,13:05:29.994237813
5208.5,8,13:05:29.994530500
5208.5,1,13:05:29.999980917
5208.5,1,13:05:30.018085387
5208.75,1,13:05:30.106269570
5208.75,3,13:05:30.106279689
5208.75,2,13:05:30.106279689
5208.75,1,13:05:30.106465353
5208.75,1,13:05:30.107015630
5208.75,1,13:05:30.210161404
5208.5,5,13:05:30.255889891
5208.5,3,13:05:30.255930993
5208.5,1,13:05:30.255969996
5208.5,5,13:05:30.256059924
5208.5,1,13:05:30.545635707
5208.5,1,13:05:30.741049663
5208.5,1,13:05:30.764852439
5208.5,2,13:05:30.954358684
5208.5,1,13:05:30.954520892
5208.5,2,13:05:30.954580960
5208.5,3,13:05:30.954636801
5208.5,5,13:05:30.954938949
5208.5,1,13:05:30.954986520
5208.5,7,13:05:30.955050397
5208.5,2,13:05:30.955191696
5208.5,2,13:05:30.955240717
5208.5,1,13:05:30.955397111
5208.5,1,13:05:30.955534874
5208.5,1,13:05:30.955609349
5208.5,10,13:05:31.123968070
5208.5,2,13:05:31.124003277
5208.5,1,13:05:31.124093180
5208.5,1,13:05:31.125839644
5208.5,2,13:05:31.126065911
5208.75,1,13:05:31.301796076
5208.75,2,13:05:31.301806902
5208.75,1,13:05:31.489145957
5208.5,1,13:05:31.640955432
5208.5,10,13:05:32.040526683
5208.5,1,13:05:32.040982375
5208.25,1,13:05:32.080313301
5208.5,3,13:05:32.089933385
5208.5,7,13:05:32.210257385
5208.5,20,13:05:32.243407896
5208.5,1,13:05:32.243663878
5208.5,1,13:05:32.441363821
5208.25,1,13:05:32.512320082
5208.5,1,13:05:32.552849183
5208.5,1,13:05:32.633965667
5208.25,7,13:05:32.776002546
5208.25,1,13:05:32.776901092
5208.25,4,13:05:32.776984054
5208.25,5,13:05:32.777079249
5208.25,3,13:05:32.777079249
5208.25,8,13:05:32.778113430
5208.25,1,13:05:32.778155581
5208.25,1,13:05:32.778200111
5208.25,1,13:05:32.778343477
5208.25,1,13:05:32.778649723
5208.25,4,13:05:32.818945730
5208.25,3,13:05:32.834987042
5208.25,5,13:05:32.835904232
5208.25,1,13:05:32.851028457
5208.25,1,13:05:32.851063440
5208.25,1,13:05:32.851159282
5208.25,1,13:05:32.851472229
5208.25,1,13:05:32.851505091
5208.25,1,13:05:32.851610302
5208.25,1,13:05:32.851853411
5208.25,3,13:05:32.907533102
5208.25,4,13:05:32.907761221
5208.0,24,13:05:33.307989188
5208.0,6,13:05:33.308124158
5208.0,4,13:05:33.308701857
5208.0,1,13:05:33.308888750
5208.0,3,13:05:33.308994159
5208.0,1,13:05:33.308994159
5208.0,2,13:05:33.309201962
5208.0,2,13:05:33.309274947
5208.25,1,13:05:33.343780704
5208.25,1,13:05:33.612603500
5208.0,5,13:05:33.661170354
5208.0,1,13:05:33.661181826
5208.0,1,13:05:33.804903420
5208.0,2,13:05:33.859572726
5208.25,5,13:05:33.865548974
5208.0,1,13:05:34.168532306
5208.0,2,13:05:34.804687208
5208.0,1,13:05:37.281942200
5208.0,15,13:05:37.406733769
5208.0,1,13:05:37.406831468
5208.0,1,13:05:37.406861488
5208.0,3,13:05:37.406910884
5208.0,2,13:05:37.406962536
5208.0,6,13:05:37.407042106
5208.0,5,13:05:37.407094119
5208.0,1,13:05:37.408234632
5208.0,1,13:05:37.730054217
5207.75,1,13:05:38.558729857
5207.75,3,13:05:38.559046400
5207.75,1,13:05:38.559220545
5207.75,1,13:05:38.559262965
5207.75,2,13:05:38.559586169
5207.75,1,13:05:38.567510388
5208.0,1,13:05:38.722428172
5207.75,3,13:05:38.839585355
5207.75,1,13:05:38.839762022
5207.75,4,13:05:38.839968397
5207.75,1,13:05:38.840143876
5207.75,1,13:05:38.840231615
5207.75,1,13:05:38.840333710
5207.75,1,13:05:38.840424256
5207.75,1,13:05:38.840456023
5207.75,3,13:05:38.840489969
5207.75,2,13:05:38.840538169
5207.5,5,13:05:39.258452001
5207.75,1,13:05:39.377547736
5207.5,1,13:05:39.853038662
5207.5,1,13:05:40.249411349
5207.5,1,13:05:40.249652836
5207.5,2,13:05:40.249706375
5207.5,1,13:05:40.249741577
5207.5,3,13:05:40.249824471
5207.5,1,13:05:40.249890143
5207.5,1,13:05:40.250164430
5207.5,7,13:05:40.329163151
5207.5,13,13:05:40.329472012
5207.5,1,13:05:40.329863677
5207.5,1,13:05:40.329920821
5207.5,1,13:05:40.340872801
5207.5,8,13:05:40.341136394
5207.5,1,13:05:40.341464490
5207.5,1,13:05:40.341523590
5207.5,1,13:05:40.341661172
5207.5,1,13:05:40.537734397
5207.5,1,13:05:40.606311142
5207.5,2,13:05:40.821999905
5207.5,1,13:05:40.822763373
5207.75,3,13:05:41.791549098
5207.75,4,13:05:41.933633213
5207.75,1,13:05:41.933763085
5207.75,15,13:05:41.936475814
5207.75,1,13:05:41.937211324
5207.75,7,13:05:41.937450925
5207.75,1,13:05:41.937489400
5207.75,2,13:05:41.937679135
5207.75,3,13:05:41.937737830
5207.75,1,13:05:41.937911434
5207.75,1,13:05:41.938103870
5207.75,1,13:05:41.938165993
5208.0,4,13:05:42.311393297
5207.75,2,13:05:42.322043959
5208.0,4,13:05:42.509720783
5208.0,1,13:05:44.075246908
5208.0,7,13:05:44.999597783
5208.0,19,13:05:44.999971800
5208.0,7,13:05:45.007305065
5208.0,3,13:05:45.007512912
5207.75,1,13:05:45.017550657
5208.0,1,13:05:45.031572383
5207.75,1,13:05:45.086501719
5207.75,5,13:05:46.110129632
5207.75,4,13:05:46.110311718
5207.75,2,13:05:47.011190881
5207.5,2,13:05:47.573070438
5207.5,1,13:05:47.573261412
5207.5,2,13:05:47.573322722
5207.5,1,13:05:47.573399059
5207.5,1,13:05:47.573693343
5207.25,1,13:05:48.088604582
5207.25,1,13:05:48.088613952
5207.5,2,13:05:48.105188574
5207.5,1,13:05:48.105361309
5207.5,9,13:05:48.105508731
5207.5,1,13:05:48.128196566
5207.5,3,13:05:48.185576735
5207.5,1,13:05:48.185896556
5207.5,3,13:05:48.186095539
5207.5,1,13:05:48.186134229
5207.5,2,13:05:48.186284152
5207.5,1,13:05:48.279837618
5207.5,5,13:05:48.279925015
5207.5,1,13:05:48.280362921
5207.5,1,13:05:48.280551015
5207.5,1,13:05:48.280844626
5207.5,1,13:05:48.348840613
5207.5,1,13:05:48.349407869
5207.5,1,13:05:48.350193619
5207.5,1,13:05:48.350374871
5207.5,1,13:05:48.429760574
5207.5,1,13:05:48.429990313
5207.5,1,13:05:48.430091000
5207.5,1,13:05:48.430112715
5207.5,1,13:05:48.503391192
5207.5,3,13:05:48.503428060
5207.5,2,13:05:48.503491386
5207.5,1,13:05:48.503853035
5207.5,12,13:05:48.585209634
5207.5,4,13:05:48.585627116
5207.5,7,13:05:48.585924130
5207.5,1,13:05:48.586182711
5207.5,1,13:05:49.305725967
5207.5,2,13:05:49.345046433
5207.5,2,13:05:49.461746651
5207.5,1,13:05:49.461872043
5207.5,3,13:05:49.461943714
5207.5,1,13:05:49.462318449
5207.5,16,13:05:49.462488999
5207.5,1,13:05:49.462591849
5207.5,1,13:05:49.462676900
5207.5,1,13:05:49.462870882
5207.5,5,13:05:49.959859939
5207.5,1,13:05:49.960276805
5207.5,1,13:05:49.960329756
5207.5,2,13:05:49.960519175
5207.5,1,13:05:49.960594961
5207.5,2,13:05:49.960594961
5207.5,1,13:05:49.960699812
5207.5,1,13:05:49.960755195
5207.5,3,13:05:49.960801241
5207.5,2,13:05:49.960885969
5207.5,1,13:05:49.960885969
5207.5,1,13:05:50.193432613
5207.75,1,13:05:50.342838319
5207.75,1,13:05:51.125889511
5207.5,3,13:05:51.487114446
5207.5,4,13:05:51.487307510
5207.5,1,13:05:51.498970164
5207.25,1,13:05:52.411393257
5207.25,2,13:05:52.411403538
5207.25,1,13:05:52.411631911
5207.25,2,13:05:52.453327324
5207.5,1,13:05:54.072643893
5207.5,1,13:05:54.284837850
5207.5,7,13:05:54.993369173
5207.25,14,13:05:55.879578811
5207.0,1,13:05:56.024136396
5207.0,1,13:05:56.024807554
5207.0,3,13:05:56.025023139
5207.0,5,13:05:56.025273644
5207.0,1,13:05:56.025407807
5207.0,1,13:05:56.025614947
5207.0,2,13:05:56.053820395
5207.0,1,13:05:56.079258519
5207.0,20,13:05:56.990878062
5207.25,4,13:05:57.159082668
5207.0,1,13:05:57.486344708
5207.0,1,13:05:58.116904409
5207.25,1,13:05:58.668393735
5207.0,3,13:05:58.889128770
5207.0,3,13:05:59.160245091
5207.0,2,13:05:59.204759293
5207.25,7,13:05:59.782592312
5207.25,27,13:05:59.782982668
5207.25,1,13:05:59.783542120
5207.25,12,13:05:59.799200806
5207.0,1,13:06:00.017550978
5207.0,1,13:06:00.041441853
5207.0,1,13:06:00.044696616
5207.0,1,13:06:00.048935085
5207.0,1,13:06:00.052916749
5207.0,1,13:06:00.057070855
5207.0,1,13:06:00.062552943
5207.0,1,13:06:00.067137611
5207.0,1,13:06:00.073019208
5207.25,1,13:06:00.341683435
5207.0,2,13:06:00.377642955
5207.25,1,13:06:00.552498399
5207.25,1,13:06:00.756659149
5207.25,1,13:06:00.768947619
5207.25,2,13:06:00.968780610
5207.25,2,13:06:00.968828732
5207.25,1,13:06:00.968860429
5207.25,19,13:06:00.969163929
5207.25,1,13:06:01.002973784
5207.25,1,13:06:01.142694496
5207.25,1,13:06:01.142727390
5207.25,3,13:06:01.142874017
5207.25,2,13:06:01.143504001
5207.25,1,13:06:01.143544074
5207.5,2,13:06:02.501496350
5207.5,1,13:06:02.501506398
5207.25,2,13:06:02.543576333
5207.25,1,13:06:02.675424971
5207.25,1,13:06:02.675613467
5207.25,6,13:06:02.675710643
5207.25,1,13:06:02.675743585
5207.25,1,13:06:02.676006118
5207.25,1,13:06:02.676047108
5207.25,1,13:06:02.676077012
5207.5,14,13:06:03.690974026
5207.5,6,13:06:03.691194540
5207.5,4,13:06:03.691507253
5207.5,2,13:06:03.691805240
5207.5,7,13:06:03.701282151
5207.5,2,13:06:03.701333108
5207.5,3,13:06:03.703090151
5207.5,1,13:06:04.087706203
5207.75,1,13:06:05.008596417
5207.75,2,13:06:05.412990592
5207.75,2,13:06:06.058583096
5207.5,2,13:06:06.161434428
5207.5,3,13:06:06.161539496
5207.5,1,13:06:06.161614444
5207.5,1,13:06:06.161701364
5207.5,1,13:06:06.176097613
5207.5,2,13:06:06.176629812
5207.5,1,13:06:06.176778219
5207.5,5,13:06:06.272212694
5207.25,4,13:06:08.100932133
5207.0,5,13:06:08.628396969
5207.0,5,13:06:08.628955013
5207.0,1,13:06:08.628998742
5207.0,2,13:06:08.629216989
5207.0,1,13:06:08.629216989
5207.0,3,13:06:08.629216989
5207.0,12,13:06:08.629808877
5207.0,1,13:06:08.630602680
5207.0,2,13:06:08.631144689
5207.0,1,13:06:08.631569011
5207.0,1,13:06:08.631823880
5207.0,7,13:06:08.734505438
5207.0,1,13:06:08.734668619
5207.0,3,13:06:08.734759939
5207.0,1,13:06:08.734759939
5207.0,1,13:06:08.734878630
5207.0,2,13:06:08.734878630
5207.0,2,13:06:08.734926297
5207.0,4,13:06:08.735085242
5207.0,2,13:06:08.735158913
5207.0,2,13:06:08.735234650
5207.0,1,13:06:08.735234650
5207.0,1,13:06:08.735294139
5207.0,1,13:06:08.735332168
5207.0,3,13:06:08.743304975
5207.0,1,13:06:08.743794566
5207.0,1,13:06:08.744060754
5207.0,3,13:06:08.744110691
5207.0,2,13:06:08.744372351
5207.0,1,13:06:09.467379578
5207.0,3,13:06:09.503378993
5207.0,1,13:06:09.548970301
5207.0,6,13:06:10.090902588
5207.0,1,13:06:10.091104694
5207.0,1,13:06:10.091203330
5207.0,3,13:06:10.091203330
5207.0,1,13:06:10.091303053
5207.0,1,13:06:10.091427398
5207.0,4,13:06:10.091709580
5207.0,3,13:06:10.091922128
5207.0,2,13:06:10.092000526
5207.0,1,13:06:10.092044187
5207.0,1,13:06:10.174261666
5207.0,2,13:06:10.551880430
5207.0,1,13:06:10.741556708
5207.0,25,13:06:11.400029037
5207.0,1,13:06:11.400227735
5207.0,1,13:06:11.400299900
5207.0,1,13:06:11.732336175
5206.75,1,13:06:12.584622117
5206.75,1,13:06:12.584631374
5206.75,1,13:06:13.120309672
5206.75,1,13:06:13.269567935
5207.0,1,13:06:13.824300669
5206.75,3,13:06:14.106574022
5207.0,1,13:06:14.966622415
5206.75,1,13:06:15.017521257
5207.0,1,13:06:15.124457519
5207.0,37,13:06:16.442874927
5207.25,2,13:06:16.459784171
5207.25,3,13:06:16.460011070
5207.25,13,13:06:16.460083300
5207.25,1,13:06:16.461888475
5207.5,1,13:06:16.585327785
5207.5,4,13:06:18.787534666
5207.5,1,13:06:19.641211455
5207.5,3,13:06:19.865353010
5207.25,1,13:06:20.014158535
5207.25,1,13:06:20.105336069
5207.25,13,13:06:20.105641641
5207.25,3,13:06:20.106035835
5207.25,2,13:06:20.106076795
5207.25,2,13:06:20.106163901
5207.25,1,13:06:20.106234625
5207.25,1,13:06:20.106281209
5207.25,1,13:06:20.144196369
5207.5,1,13:06:20.835226837
5207.25,8,13:06:21.106474009
5207.25,1,13:06:21.106825354
5207.25,1,13:06:21.107025044
5207.25,5,13:06:21.107382859
5207.25,2,13:06:21.107638263
5207.25,1,13:06:21.107737327
5207.25,2,13:06:21.107946205
5207.0,2,13:06:23.575125861
5207.0,10,13:06:23.575356224
5207.0,1,13:06:23.575439139
5207.0,4,13:06:23.575519664
5207.0,1,13:06:23.575598744
5207.0,1,13:06:23.575631605
5207.0,1,13:06:23.575960354
5207.0,1,13:06:23.576198087
5207.0,1,13:06:23.576228212
5207.0,1,13:06:23.576344637
5207.0,1,13:06:23.576404132
5207.0,1,13:06:23.577199666
5207.0,1,13:06:23.577379730
5207.0,13,13:06:23.824649180
5206.75,4,13:06:24.200977656
5207.0,4,13:06:24.553439563
5207.0,14,13:06:24.553731809
5207.0,1,13:06:24.553930552
5207.0,9,13:06:24.554000905
5207.0,1,13:06:24.748768569
5207.0,1,13:06:24.879524364
5207.0,1,13:06:24.882916726
5207.0,3,13:06:25.202059701
5207.0,2,13:06:25.390449724
5207.25,1,13:06:25.453824282
5207.0,1,13:06:25.759969202
5207.0,1,13:06:26.604428655
5207.0,1,13:06:26.729972277
5207.0,2,13:06:27.009390164
5207.0,4,13:06:27.045405132
5207.0,21,13:06:28.869504059
5207.0,6,13:06:28.870072618
5207.0,2,13:06:28.870111149
5207.0,1,13:06:28.870233504
5207.0,2,13:06:28.870296523
5207.0,1,13:06:28.881337004
5207.0,9,13:06:28.881478399
5207.0,1,13:06:28.881532182
5207.0,1,13:06:28.881638284
5206.75,3,13:06:29.263789731
5206.75,1,13:06:30.017234632
5207.0,1,13:06:30.141053313
5207.0,26,13:06:30.674346761
5207.0,2,13:06:30.674434409
5207.0,1,13:06:32.176059345
5207.0,13,13:06:32.176420606
5207.0,2,13:06:32.176971194
5207.0,10,13:06:32.177126679
5207.0,1,13:06:32.177708610
5207.0,2,13:06:32.177708610
5207.0,1,13:06:32.177871123
5207.0,3,13:06:32.177871123
5207.0,1,13:06:32.177935949
5207.0,1,13:06:32.178140929
5207.0,1,13:06:32.660322691
5207.0,6,13:06:33.604665892
5207.0,2,13:06:33.604824504
5207.0,1,13:06:33.717580083
5207.0,2,13:06:33.823038747
5207.0,5,13:06:33.858694960
5207.0,8,13:06:33.982181563
5207.0,1,13:06:33.982229062
5207.0,2,13:06:34.098897808
5207.0,5,13:06:34.299073561
5207.0,9,13:06:34.661151917
5207.0,1,13:06:35.035592409
5207.25,2,13:06:35.864257383
5207.25,3,13:06:37.887688913
5207.25,4,13:06:38.097694499
5207.25,1,13:06:38.097838947
5207.25,1,13:06:38.097908417
5207.25,18,13:06:38.098090431
5207.25,1,13:06:38.098143043
5207.25,3,13:06:38.098209881
5207.25,2,13:06:38.113620906
5207.25,2,13:06:38.113678942
5207.25,10,13:06:38.113877107
5207.25,3,13:06:38.117989231
5207.25,1,13:06:38.118066448
5207.25,2,13:06:38.118066448
5207.25,6,13:06:38.125778117
5207.25,3,13:06:38.132589179
5207.25,1,13:06:38.132663971
5207.25,5,13:06:38.147590217
5207.25,4,13:06:38.147662743
5207.25,1,13:06:38.147771690
5207.25,2,13:06:38.684210054
5207.25,3,13:06:38.804566193
5207.25,6,13:06:38.941038586
5207.25,1,13:06:40.714569209
5207.25,2,13:06:40.845101318
5207.25,10,13:06:40.845270401
5207.25,2,13:06:40.845322759
5207.25,4,13:06:40.845393724
5207.25,2,13:06:40.845393724
5207.25,2,13:06:41.136903718
5207.25,1,13:06:41.442194974
5207.25,18,13:06:41.442557948
5207.25,1,13:06:41.443260087
5207.25,3,13:06:41.444017366
5207.25,4,13:06:41.444350695
5207.25,1,13:06:41.444669837
5207.25,1,13:06:41.444948576
5207.25,1,13:06:41.445179227
5207.25,2,13:06:41.544479731
5207.25,1,13:06:41.544680608
5207.25,1,13:06:41.544708609
5207.25,1,13:06:41.544778767
5207.25,1,13:06:41.544899736
5207.25,1,13:06:44.109969946
5207.25,8,13:06:44.110058312
5207.25,1,13:06:44.153620248
5207.25,2,13:06:44.667373907
5207.25,1,13:06:45.017570513
5207.25,5,13:06:46.639762664
5207.25,8,13:06:46.639998403
5207.0,1,13:06:48.047606558
5207.0,1,13:06:48.111810138
5207.0,1,13:06:48.111995473
5207.25,2,13:06:48.525649941
5207.0,2,13:06:49.465713764
5207.0,10,13:06:51.885030460
5207.0,10,13:06:51.885249239
5207.0,22,13:06:51.885365718
5206.75,3,13:06:52.279658834
5207.0,1,13:06:52.948582850
5206.75,1,13:06:54.584279388
5206.75,1,13:06:55.416639073
5206.75,1,13:06:55.865204075
5206.75,1,13:06:55.906288540
5206.75,1,13:06:56.266444651
5206.75,1,13:06:56.486003021
5207.0,2,13:06:56.522539546
5207.0,2,13:06:56.522644598
5207.0,1,13:06:56.522644598
5207.0,1,13:06:56.522676502
5207.0,20,13:06:56.522925496
5207.0,2,13:06:56.523000121
5207.0,1,13:06:56.523000121
5207.0,9,13:06:56.719834142
5207.0,2,13:06:56.719943889
5207.0,1,13:06:56.719996014
5207.0,5,13:06:56.720104400
5207.0,17,13:06:57.621312297
5207.0,8,13:06:58.974041279
5206.75,1,13:07:00.018101832
5206.75,1,13:07:00.597786354
5206.75,15,13:07:00.646501045
5206.5,1,13:07:00.671293832
5206.5,1,13:07:00.671308239
5206.5,3,13:07:00.671308239
5206.5,15,13:07:00.671700659
5206.5,1,13:07:00.672172250
5206.5,1,13:07:00.672277378
5206.5,1,13:07:00.672334416
5206.5,1,13:07:00.672589682
5206.5,1,13:07:00.672716941
5206.5,3,13:07:00.672957971
5206.5,2,13:07:00.673012189
5206.5,8,13:07:00.681170793
5206.5,1,13:07:00.681516761
5206.5,2,13:07:00.681581498
5206.5,3,13:07:00.681802325
5206.5,2,13:07:00.681864397
5206.5,5,13:07:00.682013567
5206.5,1,13:07:00.682048218
5206.5,2,13:07:00.682415099
5206.5,3,13:07:00.682621125
5206.5,5,13:07:00.682968134
5206.5,1,13:07:00.683010580
5206.25,2,13:07:00.908667380
5206.25,1,13:07:00.908682023
5206.25,10,13:07:00.908682023
5206.25,1,13:07:00.908688695
5206.25,2,13:07:00.908688695
5206.25,1,13:07:01.122221965
5206.25,1,13:07:01.208594096
5206.25,5,13:07:01.640916153
5206.25,2,13:07:01.670079037
5206.25,3,13:07:01.810209887
5206.25,1,13:07:01.810610938
5206.25,18,13:07:01.811391904
5206.25,8,13:07:01.868553336
5206.25,1,13:07:01.868642022
5206.25,1,13:07:01.870439472
5206.25,1,13:07:01.876963917
5206.25,3,13:07:01.877178555
5206.25,5,13:07:01.877229330
5206.25,2,13:07:01.877622907
5206.25,1,13:07:01.877954259
5206.25,1,13:07:02.281710391
5206.25,1,13:07:02.331266146
5206.25,4,13:07:02.972918774
5206.5,2,13:07:03.054959807
5206.25,3,13:07:03.094278120
5206.25,2,13:07:03.483017445
5206.5,1,13:07:03.714415693
5206.5,1,13:07:03.734546278
5206.5,2,13:07:03.785759811
5206.5,1,13:07:03.827715244
5206.25,1,13:07:03.880377494
5206.25,1,13:07:04.053899253
5206.25,2,13:07:04.121249127
5206.5,6,13:07:04.297109867
5206.5,4,13:07:04.297165944
5206.5,2,13:07:04.297334873
5206.5,1,13:07:04.297366649
5206.5,1,13:07:04.297458680
5206.5,3,13:07:04.297576896
5206.5,1,13:07:04.297576896
5206.5,10,13:07:04.297743265
5206.5,1,13:07:04.297743265
5206.5,4,13:07:04.297743265
5206.5,2,13:07:04.297808882
5206.5,4,13:07:04.298153222
5206.5,1,13:07:04.298305068
5206.5,1,13:07:04.298529761
5206.5,1,13:07:04.298554939
5206.5,1,13:07:04.298614422
5206.5,1,13:07:04.345163109
5206.5,2,13:07:05.228646969
5206.5,4,13:07:05.353332685
5206.5,2,13:07:05.528066432
5206.5,2,13:07:05.826730696
5206.75,1,13:07:05.919680357
5206.75,1,13:07:06.981099663
5206.75,11,13:07:06.989589703
5206.75,11,13:07:06.989910233
5206.75,1,13:07:08.010157899
5207.0,12,13:07:08.561650742
5207.0,2,13:07:08.561721846
5207.0,1,13:07:08.561749974
5207.0,3,13:07:08.561907199
5207.0,1,13:07:08.561967341
5207.0,2,13:07:08.562099690
5207.0,4,13:07:08.562099690
5207.0,1,13:07:08.562263181
5207.0,1,13:07:08.562387584
5207.0,1,13:07:08.562699113
5207.0,1,13:07:08.562841608
5207.0,3,13:07:08.562841608
5207.0,2,13:07:08.570752312
5207.0,6,13:07:08.570813075
5207.0,14,13:07:08.571290569
5207.0,1,13:07:08.571506081
5207.0,1,13:07:08.602450546
5207.0,1,13:07:08.845800728
5207.25,1,13:07:09.609876132
5207.0,1,13:07:09.622023033
5207.25,1,13:07:10.206231720
5207.0,10,13:07:10.498681709
5207.25,1,13:07:10.545137372
5207.0,1,13:07:10.555964160
5207.25,1,13:07:11.237461931
5207.25,1,13:07:11.627903017
5207.0,2,13:07:11.978777208
5207.0,33,13:07:11.996977148
5207.0,1,13:07:12.906904666
5207.0,2,13:07:12.906981087
5207.0,1,13:07:12.906981087
5207.0,1,13:07:12.907116098
5207.0,2,13:07:12.907167039
5207.0,4,13:07:12.907253934
5207.0,1,13:07:12.907253934
5207.0,1,13:07:12.907314352
5207.0,6,13:07:12.907314352
5207.0,10,13:07:12.912846664
5207.0,2,13:07:12.918532507
5207.0,2,13:07:12.918708309
5207.0,1,13:07:12.918980765
5207.0,1,13:07:12.919070223
5207.0,1,13:07:12.998721885
5207.0,11,13:07:12.999519232
5207.0,1,13:07:13.000859547
5207.0,2,13:07:13.000906191
5207.0,1,13:07:13.000933930
5207.0,5,13:07:13.001068824
5206.75,1,13:07:13.038440373
5207.25,1,13:07:13.240266882
5207.0,1,13:07:13.300872292
5207.0,2,13:07:13.625501217
5207.0,1,13:07:13.912353039
5207.0,6,13:07:13.912571952
5207.0,5,13:07:13.912883745
5207.0,1,13:07:13.912953775
5207.0,1,13:07:13.913004752
5207.0,2,13:07:13.913327651
5207.0,1,13:07:13.913398266
5207.0,1,13:07:14.976334065
5207.0,2,13:07:14.976512033
5207.0,1,13:07:14.978859770
5207.0,1,13:07:16.622545905
5207.0,1,13:07:16.888256199
5206.75,2,13:07:18.168996672
5206.75,10,13:07:18.169082036
5206.75,1,13:07:18.169147375
5206.75,4,13:07:18.169147375
5206.75,1,13:07:18.169188253
5206.75,4,13:07:18.169265029
5206.75,2,13:07:18.169332777
5206.75,3,13:07:18.169762734
5206.75,3,13:07:18.169811562
5206.75,1,13:07:18.450143517
5206.75,3,13:07:18.985166745
5206.75,1,13:07:18.985201779
5206.75,10,13:07:18.985588753
5206.75,2,13:07:18.985642309
5206.75,4,13:07:18.993619496
5206.75,1,13:07:18.999939313
5206.75,2,13:07:19.000148575
5206.75,1,13:07:19.000431307
5206.75,1,13:07:19.455958691
5206.75,1,13:07:19.456124672
5206.75,1,13:07:20.277279556
5206.75,1,13:07:20.277711526
5206.75,1,13:07:20.673827832
5206.75,3,13:07:20.673881769
5207.0,1,13:07:21.849310532
5206.75,18,13:07:23.522076181
5206.75,4,13:07:23.522523406
5206.75,1,13:07:23.523192421
5206.75,6,13:07:23.523291738
5206.75,11,13:07:23.523389564
5207.0,1,13:07:24.557525708
5206.75,8,13:07:25.728424755
5206.75,4,13:07:25.728594317
5206.75,1,13:07:25.728632058
5206.75,1,13:07:25.728967429
5206.75,1,13:07:25.738995214
5206.75,1,13:07:25.739174063
5206.75,1,13:07:25.739215628
5207.0,22,13:07:27.247155253
5207.25,10,13:07:27.258015064
5207.25,1,13:07:27.258033467
5207.25,4,13:07:27.258108481
5207.25,1,13:07:27.258144261
5207.25,1,13:07:27.258226624
5207.25,2,13:07:27.258260803
5207.25,1,13:07:29.630830293
5207.25,1,13:07:30.017999223
5207.25,1,13:07:30.062103003
5207.25,28,13:07:30.280602033
5207.25,1,13:07:30.280669852
5207.25,1,13:07:30.451158244
5207.0,2,13:07:32.243158396
5207.0,24,13:07:32.827165694
5207.0,1,13:07:32.827300330
5207.0,3,13:07:32.827395625
5207.0,1,13:07:32.827395625
5207.0,2,13:07:32.827469613
5207.0,2,13:07:32.827511170
5207.0,25,13:07:32.977772275
5207.25,1,13:07:33.560718270
5207.0,1,13:07:36.348985488
5207.0,1,13:07:36.794752233
5207.25,4,13:07:36.919913902
5207.25,21,13:07:36.920248072
5207.25,24,13:07:38.463503507
5207.25,2,13:07:38.463559530
5207.25,1,13:07:38.463592440
5207.25,1,13:07:38.476951727
5207.25,6,13:07:38.478534143
5207.25,4,13:07:38.479230960
5207.25,3,13:07:38.479292398
5207.25,1,13:07:38.479339339
5207.25,8,13:07:38.850783080
5207.25,3,13:07:38.850983139
5207.25,2,13:07:38.851041046
5207.25,1,13:07:38.851078315
5207.25,2,13:07:38.851348861
