bidVolume,bidPrice,askVolume,askPrice,timestamp
54,117.63,67,117.64,08:00:00.008512922
54,117.63,66,117.64,08:00:00.008512922
54,117.63,65,117.64,08:00:00.008584148
54,117.63,64,117.64,08:00:00.008792606
54,117.63,62,117.64,08:00:00.008792606
56,117.63,62,117.64,08:00:00.008880791
58,117.63,62,117.64,08:00:00.008880791
60,117.63,62,117.64,08:00:00.009025674
60,117.63,64,117.64,08:00:00.009200009
60,117.63,62,117.64,08:00:00.029427101
61,117.63,62,117.64,08:00:00.030340899
61,117.63,64,117.64,08:00:00.031686856
61,117.63,65,117.64,08:00:00.031828148
61,117.63,64,117.64,08:00:00.032009271
59,117.63,64,117.64,08:00:00.032088324
59,117.63,65,117.64,08:00:00.032608243
59,117.63,66,117.64,08:00:00.032677907
59,117.63,65,117.64,08:00:00.032780115
50,117.63,65,117.64,08:00:00.033010534
50,117.63,66,117.64,08:00:00.033010534
50,117.63,67,117.64,08:00:00.033083715
50,117.63,68,117.64,08:00:00.033167856
50,117.63,67,117.64,08:00:00.034685953
50,117.63,68,117.64,08:00:00.036278905
50,117.63,67,117.64,08:00:00.038879217
50,117.63,66,117.64,08:00:00.038951127
50,117.63,65,117.64,08:00:00.039011415
50,117.63,66,117.64,08:00:00.039207335
50,117.63,67,117.64,08:00:00.040966264
49,117.63,67,117.64,08:00:00.041033291
49,117.63,68,117.64,08:00:00.041180504
49,117.63,67,117.64,08:00:00.044143164
49,117.63,68,117.64,08:00:00.085647171
49,117.63,69,117.64,08:00:00.089624681
47,117.63,69,117.64,08:00:00.105007569
47,117.63,75,117.64,08:00:00.109816120
47,117.63,78,117.64,08:00:00.110026316
47,117.63,72,117.64,08:00:00.131409443
49,117.63,72,117.64,08:00:00.166819109
49,117.63,71,117.64,08:00:00.166960046
49,117.63,70,117.64,08:00:00.324916407
49,117.63,67,117.64,08:00:00.325096203
49,117.63,66,117.64,08:00:00.325342760
49,117.63,67,117.64,08:00:00.327410856
49,117.63,72,117.64,08:00:00.364651771
49,117.63,73,117.64,08:00:00.364808523
49,117.63,74,117.64,08:00:00.364980810
49,117.63,80,117.64,08:00:00.441083950
49,117.63,74,117.64,08:00:00.451824601
49,117.63,73,117.64,08:00:00.452090441
49,117.63,72,117.64,08:00:00.522483670
49,117.63,73,117.64,08:00:00.546669166
49,117.63,74,117.64,08:00:00.546809214
47,117.63,74,117.64,08:00:00.681985825
47,117.63,80,117.64,08:00:00.764023064
47,117.63,74,117.64,08:00:00.774491016
47,117.63,73,117.64,08:00:00.775327543
47,117.63,72,117.64,08:00:00.775392820
47,117.63,71,117.64,08:00:00.775849718
48,117.63,71,117.64,08:00:00.776122164
47,117.63,71,117.64,08:00:00.776322640
47,117.63,70,117.64,08:00:00.777703659
47,117.63,71,117.64,08:00:00.784200623
47,117.63,70,117.64,08:00:00.949547430
47,117.63,71,117.64,08:00:00.956306013
48,117.63,71,117.64,08:00:01.022557920
51,117.63,71,117.64,08:00:01.022752089
51,117.63,70,117.64,08:00:01.022909785
51,117.63,71,117.64,08:00:01.039797279
48,117.63,71,117.64,08:00:01.146787413
48,117.63,72,117.64,08:00:01.146943013
48,117.63,73,117.64,08:00:01.147103074
48,117.63,72,117.64,08:00:01.553175375
48,117.63,71,117.64,08:00:01.553333566
49,117.63,71,117.64,08:00:01.578640150
51,117.63,71,117.64,08:00:01.578806794
51,117.63,70,117.64,08:00:01.578959848
53,117.63,70,117.64,08:00:01.850704308
58,117.63,70,117.64,08:00:01.927685818
58,117.63,72,117.64,08:00:02.133570443
58,117.63,73,117.64,08:00:02.133690657
56,117.63,73,117.64,08:00:02.134612935
56,117.63,74,117.64,08:00:02.136022274
56,117.63,73,117.64,08:00:02.136409397
56,117.63,72,117.64,08:00:02.136559336
56,117.63,73,117.64,08:00:02.138229837
56,117.63,72,117.64,08:00:02.142891404
51,117.63,72,117.64,08:00:02.143826507
51,117.63,73,117.64,08:00:02.143996078
51,117.63,74,117.64,08:00:02.144116138
50,117.63,74,117.64,08:00:02.145691294
50,117.63,73,117.64,08:00:02.151878576
50,117.63,72,117.64,08:00:02.152032345
55,117.63,72,117.64,08:00:02.264439351
57,117.63,72,117.64,08:00:02.264622553
57,117.63,73,117.64,08:00:02.414588928
57,117.63,74,117.64,08:00:02.414668183
57,117.63,75,117.64,08:00:02.414668183
55,117.63,75,117.64,08:00:02.415176447
53,117.63,75,117.64,08:00:02.415547040
51,117.63,75,117.64,08:00:02.417569582
51,117.63,76,117.64,08:00:02.440868314
51,117.63,77,117.64,08:00:02.508734976
51,117.63,78,117.64,08:00:02.508831257
51,117.63,79,117.64,08:00:02.896432775
52,117.63,79,117.64,08:00:02.979254347
52,117.63,80,117.64,08:00:02.985830882
49,117.63,80,117.64,08:00:03.272506295
40,117.63,80,117.64,08:00:03.272583085
40,117.63,87,117.64,08:00:03.272679939
40,117.63,92,117.64,08:00:03.272679939
38,117.63,92,117.64,08:00:03.272754967
36,117.63,92,117.64,08:00:03.348145218
35,117.63,92,117.64,08:00:03.348145218
34,117.63,92,117.64,08:00:03.348171201
31,117.63,92,117.64,08:00:03.348171201
31,117.63,98,117.64,08:00:03.348171201
26,117.63,98,117.64,08:00:03.348477707
23,117.63,98,117.64,08:00:03.348505739
19,117.63,98,117.64,08:00:03.348505739
19,117.63,104,117.64,08:00:03.348505739
19,117.63,109,117.64,08:00:03.348530520
18,117.63,109,117.64,08:00:03.348530520
17,117.63,109,117.64,08:00:03.348530520
14,117.63,109,117.64,08:00:03.348560535
14,117.63,113,117.64,08:00:03.348560535
12,117.63,113,117.64,08:00:03.348588062
11,117.63,113,117.64,08:00:03.348588062
10,117.63,113,117.64,08:00:03.348588062
9,117.63,113,117.64,08:00:03.348588062
7,117.63,113,117.64,08:00:03.348588062
6,117.63,113,117.64,08:00:03.348588062
4,117.63,113,117.64,08:00:03.348588062
4,117.63,115,117.64,08:00:03.348616605
3,117.63,115,117.64,08:00:03.348616605
2,117.63,115,117.64,08:00:03.348616605
1,117.63,115,117.64,08:00:03.348616605
72,117.62,115,117.64,08:00:03.348901214
72,117.62,1,117.63,08:00:03.348901214
72,117.62,13,117.63,08:00:03.348944113
71,117.62,13,117.63,08:00:03.348987374
74,117.62,13,117.63,08:00:03.349018467
74,117.62,12,117.63,08:00:03.349018467
76,117.62,12,117.63,08:00:03.349036506
76,117.62,15,117.63,08:00:03.349036506
77,117.62,15,117.63,08:00:03.349053197
78,117.62,15,117.63,08:00:03.349053197
78,117.62,12,117.63,08:00:03.349196842
78,117.62,137,117.64,08:00:03.349196842
110,117.62,137,117.64,08:00:03.349215827
113,117.62,137,117.64,08:00:03.349215827
109,117.62,137,117.64,08:00:03.349318669
108,117.62,137,117.64,08:00:03.349332157
108,117.62,127,117.64,08:00:03.349403792
108,117.62,1,117.63,08:00:03.349641777
108,117.62,4,117.63,08:00:03.349659703
108,117.62,5,117.63,08:00:03.349675424
108,117.62,6,117.63,08:00:03.349790470
108,117.62,5,117.63,08:00:03.349893513
108,117.62,6,117.63,08:00:03.349893513
108,117.62,3,117.63,08:00:03.349929161
108,117.62,2,117.63,08:00:03.349929161
108,117.62,3,117.63,08:00:03.349964928
108,117.62,6,117.63,08:00:03.349982874
108,117.62,5,117.63,08:00:03.371973768
108,117.62,4,117.63,08:00:03.372068196
108,117.62,3,117.63,08:00:03.372083041
108,117.62,137,117.64,08:00:03.372083041
1,117.63,137,117.64,08:00:03.372206286
2,117.63,137,117.64,08:00:03.372504496
6,117.63,137,117.64,08:00:03.372600564
6,117.63,127,117.64,08:00:03.372600564
2,117.63,127,117.64,08:00:03.373912893
3,117.63,127,117.64,08:00:03.378217422
5,117.63,127,117.64,08:00:03.378381023
5,117.63,126,117.64,08:00:03.378556853
6,117.63,126,117.64,08:00:03.378628821
8,117.63,126,117.64,08:00:03.380790310
19,117.63,126,117.64,08:00:03.381069948
21,117.63,126,117.64,08:00:03.381219186
24,117.63,126,117.64,08:00:03.381840555
25,117.63,126,117.64,08:00:03.391538588
25,117.63,122,117.64,08:00:03.391558225
25,117.63,117,117.64,08:00:03.391558225
25,117.63,115,117.64,08:00:03.391686428
25,117.63,113,117.64,08:00:03.391762956
25,117.63,111,117.64,08:00:03.393654935
25,117.63,106,117.64,08:00:03.404574134
25,117.63,100,117.64,08:00:03.404674073
26,117.63,100,117.64,08:00:03.404865657
27,117.63,100,117.64,08:00:03.415457685
28,117.63,100,117.64,08:00:03.415552968
31,117.63,100,117.64,08:00:03.415572136
32,117.63,100,117.64,08:00:03.415754017
31,117.63,100,117.64,08:00:03.415754017
32,117.63,100,117.64,08:00:03.415943357
32,117.63,95,117.64,08:00:03.420107207
32,117.63,88,117.64,08:00:03.420171597
32,117.63,87,117.64,08:00:03.420281325
32,117.63,86,117.64,08:00:03.420352979
32,117.63,85,117.64,08:00:03.420352979
32,117.63,84,117.64,08:00:03.420566790
33,117.63,84,117.64,08:00:03.421064918
34,117.63,84,117.64,08:00:03.421064918
33,117.63,84,117.64,08:00:03.421602091
33,117.63,81,117.64,08:00:03.421713665
32,117.63,81,117.64,08:00:03.423645693
31,117.63,81,117.64,08:00:03.427823539
31,117.63,75,117.64,08:00:03.439818103
32,117.63,75,117.64,08:00:03.439904653
42,117.63,75,117.64,08:00:03.439976410
43,117.63,75,117.64,08:00:03.440063204
43,117.63,70,117.64,08:00:03.483630941
42,117.63,70,117.64,08:00:03.484244099
41,117.63,70,117.64,08:00:03.484358351
40,117.63,70,117.64,08:00:03.484374306
38,117.63,70,117.64,08:00:03.484374306
37,117.63,70,117.64,08:00:03.484374306
36,117.63,70,117.64,08:00:03.484447500
36,117.63,71,117.64,08:00:03.484629337
36,117.63,72,117.64,08:00:03.484629337
37,117.63,72,117.64,08:00:03.484643859
37,117.63,78,117.64,08:00:03.484643859
27,117.63,78,117.64,08:00:03.484708150
27,117.63,77,117.64,08:00:03.484780961
27,117.63,78,117.64,08:00:03.654556249
28,117.63,78,117.64,08:00:03.728640086
38,117.63,78,117.64,08:00:03.728840208
41,117.63,78,117.64,08:00:03.728905884
41,117.63,77,117.64,08:00:03.729025241
41,117.63,76,117.64,08:00:03.729100024
41,117.63,70,117.64,08:00:04.670801281
38,117.63,70,117.64,08:00:04.671073997
38,117.63,71,117.64,08:00:05.256763870
38,117.63,70,117.64,08:00:05.606322246
38,117.63,69,117.64,08:00:05.606387049
38,117.63,67,117.64,08:00:05.606387049
39,117.63,67,117.64,08:00:05.606517888
40,117.63,67,117.64,08:00:05.606564777
48,117.63,67,117.64,08:00:05.606632844
50,117.63,67,117.64,08:00:05.606704824
52,117.63,67,117.64,08:00:05.606811382
51,117.63,67,117.64,08:00:05.609767910
51,117.63,65,117.64,08:00:05.610663127
50,117.63,65,117.64,08:00:05.611254161
50,117.63,64,117.64,08:00:05.618711926
51,117.63,64,117.64,08:00:05.618798269
52,117.63,64,117.64,08:00:05.685172206
52,117.63,65,117.64,08:00:05.715096836
51,117.63,65,117.64,08:00:05.715192110
50,117.63,65,117.64,08:00:05.715268385
51,117.63,65,117.64,08:00:06.029964884
50,117.63,65,117.64,08:00:06.784177434
50,117.63,68,117.64,08:00:07.405148117
48,117.63,68,117.64,08:00:07.806321882
48,117.63,69,117.64,08:00:08.649853783
48,117.63,70,117.64,08:00:08.962434905
48,117.63,69,117.64,08:00:08.988240365
48,117.63,70,117.64,08:00:09.202469081
57,117.63,70,117.64,08:00:09.269056524
57,117.63,69,117.64,08:00:09.269225148
58,117.63,69,117.64,08:00:10.111267925
58,117.63,68,117.64,08:00:10.111330521
59,117.63,68,117.64,08:00:10.111330521
60,117.63,68,117.64,08:00:10.111518937
61,117.63,68,117.64,08:00:10.115498894
60,117.63,68,117.64,08:00:10.462919477
59,117.63,68,117.64,08:00:10.530212283
58,117.63,68,117.64,08:00:10.532044265
57,117.63,68,117.64,08:00:10.533810651
58,117.63,68,117.64,08:00:10.593383058
59,117.63,68,117.64,08:00:10.593554628
61,117.63,68,117.64,08:00:10.593617281
60,117.63,68,117.64,08:00:11.031259183
59,117.63,68,117.64,08:00:11.031833941
59,117.63,69,117.64,08:00:11.035638350
59,117.63,70,117.64,08:00:11.035785003
57,117.63,70,117.64,08:00:11.036627748
58,117.63,70,117.64,08:00:11.038164229
58,117.63,69,117.64,08:00:11.038231196
58,117.63,68,117.64,08:00:11.038332408
57,117.63,68,117.64,08:00:11.038398687
58,117.63,68,117.64,08:00:11.038924666
57,117.63,68,117.64,08:00:11.041190604
57,117.63,69,117.64,08:00:11.041253369
57,117.63,68,117.64,08:00:11.041362847
57,117.63,69,117.64,08:00:11.059186020
57,117.63,68,117.64,08:00:11.118043011
57,117.63,69,117.64,08:00:11.644397960
57,117.63,70,117.64,08:00:11.644551611
47,117.63,70,117.64,08:00:12.061879159
47,117.63,76,117.64,08:00:12.062080477
47,117.63,77,117.64,08:00:12.062080477
45,117.63,77,117.64,08:00:12.062196289
45,117.63,78,117.64,08:00:12.062391773
37,117.63,78,117.64,08:00:12.062462468
37,117.63,80,117.64,08:00:12.062570784
37,117.63,81,117.64,08:00:12.062637511
37,117.63,80,117.64,08:00:12.471021019
38,117.63,80,117.64,08:00:13.189044988
38,117.63,79,117.64,08:00:13.193969615
38,117.63,80,117.64,08:00:13.194301965
37,117.63,80,117.64,08:00:13.197530708
37,117.63,81,117.64,08:00:13.444350306
37,117.63,80,117.64,08:00:13.556013072
37,117.63,81,117.64,08:00:15.778521589
37,117.63,82,117.64,08:00:15.778792923
36,117.63,82,117.64,08:00:15.778792923
35,117.63,82,117.64,08:00:15.778965515
35,117.63,81,117.64,08:00:15.861334659
35,117.63,80,117.64,08:00:15.861486539
33,117.63,80,117.64,08:00:15.929311122
22,117.63,80,117.64,08:00:15.929325682
20,117.63,80,117.64,08:00:15.929325682
17,117.63,80,117.64,08:00:15.929325682
16,117.63,80,117.64,08:00:15.929325682
13,117.63,80,117.64,08:00:15.929340748
12,117.63,80,117.64,08:00:15.929340748
11,117.63,80,117.64,08:00:15.929340748
10,117.63,80,117.64,08:00:15.929340748
9,117.63,80,117.64,08:00:15.929340748
116,117.62,80,117.64,08:00:15.929749242
116,117.62,13,117.63,08:00:15.929787262
116,117.62,61,117.64,08:00:15.929909432
116,117.62,63,117.64,08:00:15.929929146
115,117.62,63,117.64,08:00:15.929929146
115,117.62,65,117.64,08:00:15.929949300
115,117.62,68,117.64,08:00:15.929949300
115,117.62,78,117.64,08:00:15.929949300
115,117.62,80,117.64,08:00:15.929973022
115,117.62,84,117.64,08:00:15.929973022
115,117.62,90,117.64,08:00:15.930197451
115,117.62,94,117.64,08:00:15.930238273
3,117.63,94,117.64,08:00:15.930238273
16,117.63,94,117.64,08:00:15.930238273
17,117.63,94,117.64,08:00:15.930331591
19,117.63,94,117.64,08:00:15.930331591
17,117.63,94,117.64,08:00:15.930668494
4,117.63,94,117.64,08:00:15.930876743
7,117.63,94,117.64,08:00:15.940354718
10,117.63,94,117.64,08:00:15.940447022
12,117.63,94,117.64,08:00:15.940447022
13,117.63,94,117.64,08:00:15.940670378
23,117.63,94,117.64,08:00:15.940760288
24,117.63,94,117.64,08:00:15.940760288
24,117.63,84,117.64,08:00:15.940775961
24,117.63,77,117.64,08:00:15.940840387
24,117.63,73,117.64,08:00:15.940840387
24,117.63,64,117.64,08:00:15.941035997
26,117.63,64,117.64,08:00:15.941181472
26,117.63,54,117.64,08:00:15.941534611
27,117.63,54,117.64,08:00:15.941534611
27,117.63,53,117.64,08:00:15.980244385
27,117.63,52,117.64,08:00:15.980493376
28,117.63,52,117.64,08:00:15.980493376
28,117.63,51,117.64,08:00:15.980493376
27,117.63,51,117.64,08:00:15.980541707
27,117.63,49,117.64,08:00:15.980691166
37,117.63,49,117.64,08:00:15.980691166
46,117.63,49,117.64,08:00:15.980847476
51,117.63,49,117.64,08:00:15.981336919
51,117.63,47,117.64,08:00:15.984999722
51,117.63,45,117.64,08:00:15.992702332
51,117.63,41,117.64,08:00:16.060388028
53,117.63,41,117.64,08:00:16.428776851
53,117.63,42,117.64,08:00:16.432673270
53,117.63,44,117.64,08:00:16.432872575
56,117.63,44,117.64,08:00:16.531609322
56,117.63,42,117.64,08:00:16.751992220
51,117.63,42,117.64,08:00:17.085842010
53,117.63,42,117.64,08:00:18.273702829
53,117.63,36,117.64,08:00:18.851803164
54,117.63,36,117.64,08:00:19.174397024
54,117.63,35,117.64,08:00:19.344592905
55,117.63,35,117.64,08:00:19.749359558
54,117.63,35,117.64,08:00:19.753863643
55,117.63,35,117.64,08:00:19.758468928
55,117.63,33,117.64,08:00:19.958927696
55,117.63,31,117.64,08:00:19.958927696
55,117.63,30,117.64,08:00:19.958999734
55,117.63,29,117.64,08:00:19.959153148
55,117.63,26,117.64,08:00:19.959319701
59,117.63,26,117.64,08:00:19.959388549
61,117.63,26,117.64,08:00:19.959388549
61,117.63,20,117.64,08:00:19.959475374
61,117.63,23,117.64,08:00:20.196932079
61,117.63,24,117.64,08:00:20.360647867
61,117.63,23,117.64,08:00:20.647061599
61,117.63,22,117.64,08:00:20.647268059
62,117.63,22,117.64,08:00:20.647268059
62,117.63,19,117.64,08:00:20.833711549
62,117.63,21,117.64,08:00:20.945612160
61,117.63,21,117.64,08:00:20.945679075
61,117.63,22,117.64,08:00:20.945748079
61,117.63,25,117.64,08:00:20.945889596
61,117.63,26,117.64,08:00:20.946495874
61,117.63,27,117.64,08:00:20.946564492
61,117.63,31,117.64,08:00:20.946744370
61,117.63,33,117.64,08:00:20.946895156
61,117.63,37,117.64,08:00:20.946895156
60,117.63,37,117.64,08:00:20.946909294
56,117.63,37,117.64,08:00:20.946909294
54,117.63,37,117.64,08:00:20.946970302
54,117.63,36,117.64,08:00:20.950301576
55,117.63,36,117.64,08:00:20.950400734
59,117.63,36,117.64,08:00:20.950553284
58,117.63,36,117.64,08:00:20.950915323
54,117.63,36,117.64,08:00:20.951175879
53,117.63,36,117.64,08:00:20.951400656
43,117.63,36,117.64,08:00:20.951610444
43,117.63,47,117.64,08:00:20.953767166
43,117.63,51,117.64,08:00:20.953948376
34,117.63,51,117.64,08:00:20.954216257
33,117.63,51,117.64,08:00:20.955732364
33,117.63,52,117.64,08:00:20.956872814
33,117.63,54,117.64,08:00:20.958970035
33,117.63,56,117.64,08:00:20.959142976
33,117.63,55,117.64,08:00:20.962003456
32,117.63,55,117.64,08:00:20.965895660
32,117.63,57,117.64,08:00:20.969327118
32,117.63,58,117.64,08:00:20.982914348
29,117.63,58,117.64,08:00:21.020024031
29,117.63,64,117.64,08:00:21.026717778
27,117.63,64,117.64,08:00:21.861872328
27,117.63,62,117.64,08:00:21.862862935
27,117.63,61,117.64,08:00:22.399151963
27,117.63,57,117.64,08:00:22.400757370
27,117.63,58,117.64,08:00:23.657990214
27,117.63,59,117.64,08:00:23.658179564
28,117.63,59,117.64,08:00:24.028707999
30,117.63,59,117.64,08:00:24.028883848
30,117.63,58,117.64,08:00:24.206204003
28,117.63,58,117.64,08:00:24.424759382
28,117.63,57,117.64,08:00:25.812083778
29,117.63,57,117.64,08:00:25.865943244
31,117.63,57,117.64,08:00:25.866135500
30,117.63,57,117.64,08:00:25.866822492
31,117.63,57,117.64,08:00:26.163647511
32,117.63,57,117.64,08:00:26.163833850
33,117.63,57,117.64,08:00:26.163897632
33,117.63,55,117.64,08:00:26.164014186
33,117.63,44,117.64,08:00:26.167257472
33,117.63,42,117.64,08:00:26.167434950
32,117.63,42,117.64,08:00:26.167497834
33,117.63,42,117.64,08:00:26.167648893
34,117.63,42,117.64,08:00:26.167807894
40,117.63,42,117.64,08:00:26.167923069
45,117.63,42,117.64,08:00:26.167923069
45,117.63,36,117.64,08:00:26.168197372
50,117.63,36,117.64,08:00:26.168298406
50,117.63,34,117.64,08:00:26.168298406
54,117.63,34,117.64,08:00:26.168298406
54,117.63,30,117.64,08:00:26.168298406
54,117.63,31,117.64,08:00:26.169475905
54,117.63,30,117.64,08:00:26.170081185
54,117.63,31,117.64,08:00:26.173836109
54,117.63,30,117.64,08:00:26.229333340
54,117.63,29,117.64,08:00:26.229475817
56,117.63,29,117.64,08:00:26.229624044
56,117.63,30,117.64,08:00:26.258354698
56,117.63,29,117.64,08:00:26.282529312
56,117.63,30,117.64,08:00:26.422632070
56,117.63,31,117.64,08:00:26.485071965
55,117.63,31,117.64,08:00:26.485187006
55,117.63,30,117.64,08:00:26.492847196
55,117.63,29,117.64,08:00:26.652983784
55,117.63,25,117.64,08:00:27.037487013
55,117.63,23,117.64,08:00:27.037716610
55,117.63,20,117.64,08:00:27.038238769
56,117.63,20,117.64,08:00:27.038384625
56,117.63,19,117.64,08:00:27.070351984
56,117.63,20,117.64,08:00:27.129878983
61,117.63,20,117.64,08:00:27.356271495
61,117.63,23,117.64,08:00:27.378616981
61,117.63,22,117.64,08:00:27.960873607
62,117.63,22,117.64,08:00:27.961092781
66,117.63,22,117.64,08:00:27.961318659
66,117.63,25,117.64,08:00:30.322726081
66,117.63,26,117.64,08:00:30.322900627
66,117.63,28,117.64,08:00:30.444910210
66,117.63,27,117.64,08:00:30.445070575
66,117.63,25,117.64,08:00:30.972557792
66,117.63,22,117.64,08:00:32.120662905
66,117.63,23,117.64,08:00:32.126416085
66,117.63,26,117.64,08:00:32.127918776
66,117.63,27,117.64,08:00:32.128020725
65,117.63,27,117.64,08:00:32.128178142
65,117.63,28,117.64,08:00:32.132174183
65,117.63,30,117.64,08:00:32.136277536
65,117.63,29,117.64,08:00:32.175808599
66,117.63,29,117.64,08:00:32.176436066
66,117.63,27,117.64,08:00:32.177050953
66,117.63,26,117.64,08:00:32.180442479
66,117.63,25,117.64,08:00:32.180513353
66,117.63,22,117.64,08:00:32.180613522
66,117.63,23,117.64,08:00:32.187542185
66,117.63,24,117.64,08:00:32.187684389
66,117.63,23,117.64,08:00:32.187863864
66,117.63,26,117.64,08:00:32.187932959
66,117.63,27,117.64,08:00:32.435850856
66,117.63,29,117.64,08:00:32.456087204
66,117.63,28,117.64,08:00:32.562497238
66,117.63,27,117.64,08:00:32.562650806
66,117.63,24,117.64,08:00:32.570677435
66,117.63,22,117.64,08:00:32.575331338
66,117.63,21,117.64,08:00:35.223676042
67,117.63,21,117.64,08:00:35.969177648
68,117.63,21,117.64,08:00:35.969379619
68,117.63,20,117.64,08:00:35.969455439
68,117.63,10,117.64,08:00:36.006681212
68,117.63,9,117.64,08:00:36.006681212
68,117.63,8,117.64,08:00:36.006791644
68,117.63,5,117.64,08:00:36.006811148
68,117.63,4,117.64,08:00:36.006811148
68,117.63,3,117.64,08:00:36.006811148
68,117.63,81,117.65,08:00:36.006811148
70,117.63,81,117.65,08:00:36.006949216
10,117.64,81,117.65,08:00:36.007100287
10,117.64,80,117.65,08:00:36.007100287
12,117.64,80,117.65,08:00:36.007195273
15,117.64,80,117.65,08:00:36.007502098
15,117.64,70,117.65,08:00:36.007587551
16,117.64,70,117.65,08:00:36.007605276
6,117.64,70,117.65,08:00:36.008006898
7,117.64,70,117.65,08:00:36.016087812
8,117.64,70,117.65,08:00:36.018337941
6,117.64,70,117.65,08:00:36.028281007
3,117.64,70,117.65,08:00:36.028379013
2,117.64,70,117.65,08:00:36.028395310
1,117.64,70,117.65,08:00:36.028395310
89,117.63,70,117.65,08:00:36.028395310
89,117.63,1,117.64,08:00:36.028672571
89,117.63,3,117.64,08:00:36.028862642
93,117.63,3,117.64,08:00:36.029065597
83,117.63,3,117.64,08:00:36.029150869
83,117.63,1,117.64,08:00:36.036544676
83,117.63,11,117.64,08:00:36.051704406
83,117.63,13,117.64,08:00:36.051948966
83,117.63,14,117.64,08:00:36.103348572
83,117.63,13,117.64,08:00:36.109335555
83,117.63,3,117.64,08:00:36.109567437
83,117.63,1,117.64,08:00:36.109657759
83,117.63,87,117.65,08:00:36.109674050
79,117.63,87,117.65,08:00:36.109674050
79,117.63,11,117.64,08:00:36.127409433
79,117.63,10,117.64,08:00:36.145380853
86,117.63,10,117.64,08:00:36.145556808
86,117.63,6,117.64,08:00:36.145926154
86,117.63,9,117.64,08:00:36.146021828
86,117.63,12,117.64,08:00:36.146103012
86,117.63,13,117.64,08:00:36.146204702
86,117.63,17,117.64,08:00:36.146282388
79,117.63,17,117.64,08:00:36.146354871
79,117.63,18,117.64,08:00:36.146541424
79,117.63,19,117.64,08:00:36.901022023
79,117.63,18,117.64,08:00:36.901176938
75,117.63,18,117.64,08:00:37.334949146
75,117.63,14,117.64,08:00:37.335006419
75,117.63,11,117.64,08:00:38.469946910
75,117.63,8,117.64,08:00:38.470104312
75,117.63,9,117.64,08:00:38.598297029
75,117.63,10,117.64,08:00:38.620570125
75,117.63,60,117.64,08:00:38.897155121
73,117.63,60,117.64,08:00:38.897408076
73,117.63,63,117.64,08:00:38.897486495
72,117.63,63,117.64,08:00:38.897569537
71,117.63,63,117.64,08:00:38.897569537
71,117.63,66,117.64,08:00:38.897584139
67,117.63,66,117.64,08:00:38.906953369
62,117.63,66,117.64,08:00:38.907018914
57,117.63,66,117.64,08:00:38.907123761
51,117.63,66,117.64,08:00:38.907189138
47,117.63,66,117.64,08:00:38.907278434
47,117.63,67,117.64,08:00:38.907278434
46,117.63,67,117.64,08:00:38.911549660
46,117.63,66,117.64,08:00:38.936863714
46,117.63,63,117.64,08:00:39.136806933
46,117.63,64,117.64,08:00:39.137036315
46,117.63,65,117.64,08:00:40.150922664
44,117.63,65,117.64,08:00:40.151114545
44,117.63,66,117.64,08:00:40.155872968
44,117.63,67,117.64,08:00:40.156064114
44,117.63,68,117.64,08:00:40.156348738
43,117.63,68,117.64,08:00:41.116011944
42,117.63,68,117.64,08:00:41.116774078
42,117.63,67,117.64,08:00:41.116836872
40,117.63,67,117.64,08:00:41.116935905
40,117.63,66,117.64,08:00:41.378026933
45,117.63,66,117.64,08:00:41.385741828
45,117.63,65,117.64,08:00:41.385930310
46,117.63,65,117.64,08:00:41.386004996
48,117.63,65,117.64,08:00:41.386004996
50,117.63,65,117.64,08:00:41.386148372
50,117.63,64,117.64,08:00:41.386293713
49,117.63,64,117.64,08:00:41.934892668
49,117.63,65,117.64,08:00:41.934947177
49,117.63,66,117.64,08:00:41.935048242
49,117.63,65,117.64,08:00:42.385211006
46,117.63,65,117.64,08:00:42.610747752
46,117.63,66,117.64,08:00:42.610898794
46,117.63,67,117.64,08:00:42.611644913
46,117.63,69,117.64,08:00:42.611757024
45,117.63,69,117.64,08:00:42.611861494
45,117.63,71,117.64,08:00:42.611930999
42,117.63,71,117.64,08:00:42.612206302
40,117.63,71,117.64,08:00:42.612206302
38,117.63,71,117.64,08:00:42.612206302
38,117.63,73,117.64,08:00:42.612311790
36,117.63,73,117.64,08:00:42.612400544
36,117.63,75,117.64,08:00:42.612542369
33,117.63,75,117.64,08:00:42.612736425
33,117.63,85,117.64,08:00:42.616643979
23,117.63,85,117.64,08:00:42.616712113
25,117.63,85,117.64,08:00:42.620274748
23,117.63,85,117.64,08:00:42.620378982
26,117.63,85,117.64,08:00:42.644900842
27,117.63,85,117.64,08:00:42.645067658
24,117.63,85,117.64,08:00:42.725376428
23,117.63,85,117.64,08:00:42.726407670
26,117.63,85,117.64,08:00:43.065285164
27,117.63,85,117.64,08:00:43.065455865
26,117.63,85,117.64,08:00:43.766140626
27,117.63,85,117.64,08:00:44.276844764
29,117.63,85,117.64,08:00:44.277028114
29,117.63,83,117.64,08:00:44.349149365
29,117.63,82,117.64,08:00:44.414022607
28,117.63,82,117.64,08:00:44.431533243
28,117.63,83,117.64,08:00:44.431690827
29,117.63,83,117.64,08:00:44.904045565
29,117.63,82,117.64,08:00:44.904111619
31,117.63,82,117.64,08:00:44.904239527
32,117.63,82,117.64,08:00:45.117260922
31,117.63,82,117.64,08:00:46.437303342
31,117.63,83,117.64,08:00:46.437368971
30,117.63,83,117.64,08:00:46.437559054
30,117.63,84,117.64,08:00:46.437623236
27,117.63,84,117.64,08:00:46.438069609
25,117.63,84,117.64,08:00:46.438586304
23,117.63,84,117.64,08:00:46.439024000
23,117.63,83,117.64,08:00:46.441606422
24,117.63,83,117.64,08:00:46.441673334
27,117.63,83,117.64,08:00:46.441826342
28,117.63,83,117.64,08:00:46.441902647
28,117.63,82,117.64,08:00:46.441902647
27,117.63,82,117.64,08:00:46.441982647
28,117.63,82,117.64,08:00:46.441982647
28,117.63,83,117.64,08:00:46.442056608
27,117.63,83,117.64,08:00:46.442144714
27,117.63,84,117.64,08:00:46.442144714
27,117.63,83,117.64,08:00:46.443138409
29,117.63,83,117.64,08:00:46.449656263
29,117.63,82,117.64,08:00:46.449722153
30,117.63,82,117.64,08:00:46.449827492
30,117.63,83,117.64,08:00:46.449902692
31,117.63,83,117.64,08:00:46.449902692
30,117.63,83,117.64,08:00:46.450050272
30,117.63,84,117.64,08:00:46.450122528
31,117.63,84,117.64,08:00:46.450351946
31,117.63,83,117.64,08:00:46.450488422
31,117.63,84,117.64,08:00:46.452341922
31,117.63,83,117.64,08:00:46.467381794
31,117.63,84,117.64,08:00:46.506119225
30,117.63,84,117.64,08:00:46.675131649
28,117.63,84,117.64,08:00:46.705075154
29,117.63,84,117.64,08:00:47.030803244
30,117.63,84,117.64,08:00:47.030980341
30,117.63,85,117.64,08:00:47.058545793
29,117.63,85,117.64,08:00:47.063610547
26,117.63,85,117.64,08:00:47.076666820
25,117.63,85,117.64,08:00:47.077140711
24,117.63,85,117.64,08:00:47.077697030
22,117.63,85,117.64,08:00:47.108084374
21,117.63,85,117.64,08:00:47.158704260
19,117.63,85,117.64,08:00:47.159033187
17,117.63,85,117.64,08:00:47.159207239
16,117.63,85,117.64,08:00:47.159226612
14,117.63,85,117.64,08:00:47.159226612
13,117.63,85,117.64,08:00:47.159226612
12,117.63,85,117.64,08:00:47.159226612
7,117.63,85,117.64,08:00:47.159242800
6,117.63,85,117.64,08:00:47.159242800
4,117.63,85,117.64,08:00:47.159242800
2,117.63,85,117.64,08:00:47.159493313
2,117.63,96,117.64,08:00:47.159493313
1,117.63,96,117.64,08:00:47.159493313
85,117.62,96,117.64,08:00:47.159493313
85,117.62,105,117.64,08:00:47.159493313
85,117.62,108,117.64,08:00:47.159506311
85,117.62,110,117.64,08:00:47.159603946
85,117.62,112,117.64,08:00:47.159620077
85,117.62,113,117.64,08:00:47.159620077
85,117.62,112,117.64,08:00:47.159620077
85,117.62,118,117.64,08:00:47.159620077
85,117.62,8,117.63,08:00:47.159636186
84,117.62,8,117.63,08:00:47.159636186
77,117.62,8,117.63,08:00:47.159689648
77,117.62,9,117.63,08:00:47.159796746
77,117.62,1,117.63,08:00:47.159876930
77,117.62,3,117.63,08:00:47.207584264
77,117.62,4,117.63,08:00:47.207763345
87,117.62,4,117.63,08:00:47.260427411
90,117.62,4,117.63,08:00:47.260627796
90,117.62,3,117.63,08:00:47.353174337
90,117.62,1,117.63,08:00:47.353316165
91,117.62,1,117.63,08:00:47.353411486
91,117.62,133,117.64,08:00:47.353517659
91,117.62,1,117.63,08:00:47.353588315
91,117.62,133,117.64,08:00:47.379157541
1,117.63,133,117.64,08:00:47.390099387
1,117.63,123,117.64,08:00:47.390279250
91,117.62,123,117.64,08:00:47.390379102
91,117.62,127,117.64,08:00:47.390593435
91,117.62,118,117.64,08:00:47.487282738
91,117.62,113,117.64,08:00:47.491930864
91,117.62,118,117.64,08:00:47.498734194
91,117.62,113,117.64,08:00:47.683637423
1,117.63,113,117.64,08:00:48.027548739
9,117.63,113,117.64,08:00:48.039300633
21,117.63,113,117.64,08:00:48.039476844
22,117.63,113,117.64,08:00:48.039551055
22,117.63,109,117.64,08:00:48.039662370
22,117.63,98,117.64,08:00:48.039848914
25,117.63,98,117.64,08:00:48.518494864
27,117.63,98,117.64,08:00:48.518804262
27,117.63,95,117.64,08:00:48.518954531
27,117.63,94,117.64,08:00:48.522726022
28,117.63,94,117.64,08:00:48.522827635
29,117.63,94,117.64,08:00:48.522932224
28,117.63,94,117.64,08:00:48.523001302
33,117.63,94,117.64,08:00:48.523076719
33,117.63,92,117.64,08:00:48.523149843
34,117.63,92,117.64,08:00:48.523220175
33,117.63,92,117.64,08:00:48.533553283
32,117.63,92,117.64,08:00:48.533695561
32,117.63,86,117.64,08:00:49.467965954
32,117.63,85,117.64,08:00:49.467965954
32,117.63,84,117.64,08:00:49.468104776
32,117.63,83,117.64,08:00:49.468120047
32,117.63,82,117.64,08:00:49.468120047
32,117.63,32,117.64,08:00:49.468120047
32,117.63,29,117.64,08:00:49.468120047
32,117.63,28,117.64,08:00:49.468369384
32,117.63,26,117.64,08:00:49.468384018
32,117.63,24,117.64,08:00:49.468398468
32,117.63,22,117.64,08:00:49.468398468
32,117.63,12,117.64,08:00:49.468398468
32,117.63,11,117.64,08:00:49.468497213
32,117.63,10,117.64,08:00:49.468532168
32,117.63,9,117.64,08:00:49.468532168
32,117.63,7,117.64,08:00:49.468532168
32,117.63,6,117.64,08:00:49.468532168
32,117.63,82,117.65,08:00:49.468532168
37,117.63,82,117.65,08:00:49.468551679
46,117.63,82,117.65,08:00:49.468892523
57,117.63,82,117.65,08:00:49.468892523
60,117.63,82,117.65,08:00:49.468925300
61,117.63,82,117.65,08:00:49.468925300
63,117.63,82,117.65,08:00:49.468954055
73,117.63,82,117.65,08:00:49.468954055
73,117.63,88,117.65,08:00:49.468954055
77,117.63,88,117.65,08:00:49.468954055
77,117.63,87,117.65,08:00:49.468954055
2,117.64,87,117.65,08:00:49.468973281
2,117.64,86,117.65,08:00:49.468973281
2,117.64,84,117.65,08:00:49.468973281
2,117.64,78,117.65,08:00:49.469105768
2,117.64,68,117.65,08:00:49.469120139
81,117.63,68,117.65,08:00:49.469203768
81,117.63,69,117.65,08:00:49.469203768
81,117.63,1,117.64,08:00:49.489372985
81,117.63,69,117.65,08:00:49.489575336
83,117.63,69,117.65,08:00:49.489797468
1,117.64,69,117.65,08:00:49.495382223
5,117.64,69,117.65,08:00:49.495550416
6,117.64,69,117.65,08:00:49.495619347
8,117.64,69,117.65,08:00:49.495767165
7,117.64,69,117.65,08:00:49.495848775
8,117.64,69,117.65,08:00:49.495979465
10,117.64,69,117.65,08:00:49.634671399
10,117.64,62,117.65,08:00:49.634834100
11,117.64,62,117.65,08:00:49.635023229
12,117.64,62,117.65,08:00:49.635106112
24,117.64,62,117.65,08:00:49.635254893
24,117.64,61,117.65,08:00:49.635404953
27,117.64,61,117.65,08:00:50.752549672
27,117.64,59,117.65,08:00:50.753338101
27,117.64,52,117.65,08:00:50.753409755
27,117.64,49,117.65,08:00:50.753409755
28,117.64,49,117.65,08:00:50.757338187
28,117.64,50,117.65,08:00:51.106863670
28,117.64,52,117.65,08:00:51.107074723
28,117.64,53,117.65,08:00:51.644230460
27,117.64,53,117.65,08:00:51.644391366
26,117.64,53,117.65,08:00:51.764673597
23,117.64,53,117.65,08:00:51.865862857
11,117.64,53,117.65,08:00:51.866029785
11,117.64,54,117.65,08:00:51.866245659
9,117.64,54,117.65,08:00:51.866332165
8,117.64,54,117.65,08:00:51.866419659
8,117.64,52,117.65,08:00:51.866419659
8,117.64,53,117.65,08:00:51.866495572
8,117.64,62,117.65,08:00:51.866678008
4,117.64,62,117.65,08:00:51.866803106
5,117.64,62,117.65,08:00:51.867033381
4,117.64,62,117.65,08:00:51.883564713
5,117.64,62,117.65,08:00:51.887645924
7,117.64,62,117.65,08:00:51.896440890
8,117.64,62,117.65,08:00:51.896579692
7,117.64,62,117.65,08:00:51.908414837
6,117.64,62,117.65,08:00:52.278748792
4,117.64,62,117.65,08:00:52.278748792
3,117.64,62,117.65,08:00:52.278920427
2,117.64,62,117.65,08:00:52.278944094
82,117.63,62,117.65,08:00:52.278944094
82,117.63,7,117.64,08:00:52.278958683
82,117.63,15,117.64,08:00:52.278976296
80,117.63,15,117.64,08:00:52.279085697
70,117.63,15,117.64,08:00:52.279276952
70,117.63,17,117.64,08:00:52.279292209
70,117.63,24,117.64,08:00:52.279292209
70,117.63,16,117.64,08:00:52.279384071
70,117.63,21,117.64,08:00:52.279384071
68,117.63,21,117.64,08:00:52.279581147
68,117.63,14,117.64,08:00:52.304465956
68,117.63,9,117.64,08:00:52.304520385
70,117.63,9,117.64,08:00:52.304639341
71,117.63,9,117.64,08:00:52.304804548
71,117.63,7,117.64,08:00:52.307634455
71,117.63,8,117.64,08:00:52.364184425
71,117.63,9,117.64,08:00:52.377966003
71,117.63,10,117.64,08:00:52.664356038
71,117.63,9,117.64,08:00:53.017135453
71,117.63,2,117.64,08:00:53.543856787
71,117.63,1,117.64,08:00:53.544026422
70,117.63,1,117.64,08:00:53.544170377
70,117.63,2,117.64,08:00:53.544844469
70,117.63,3,117.64,08:00:53.545233226
70,117.63,4,117.64,08:00:53.545507186
68,117.63,4,117.64,08:00:53.545765163
63,117.63,4,117.64,08:00:53.546301409
63,117.63,11,117.64,08:00:53.546490321
63,117.63,19,117.64,08:00:53.546553076
63,117.63,24,117.64,08:00:53.546631889
63,117.63,23,117.64,08:00:53.546709124
63,117.63,22,117.64,08:00:53.546709124
61,117.63,22,117.64,08:00:53.546812195
61,117.63,14,117.64,08:00:53.547906888
61,117.63,15,117.64,08:00:53.550010877
61,117.63,16,117.64,08:00:53.550157812
61,117.63,19,117.64,08:00:53.550315715
61,117.63,16,117.64,08:00:53.609843964
61,117.63,15,117.64,08:00:53.612150279
61,117.63,8,117.64,08:00:53.612330485
61,117.63,3,117.64,08:00:53.612396128
63,117.63,3,117.64,08:00:53.612538211
65,117.63,3,117.64,08:00:53.612719533
68,117.63,3,117.64,08:00:53.612790137
68,117.63,2,117.64,08:00:53.612937257
68,117.63,3,117.64,08:00:53.619788918
68,117.63,2,117.64,08:00:53.652924679
68,117.63,1,117.64,08:00:53.653107107
68,117.63,82,117.65,08:00:53.653182925
69,117.63,82,117.65,08:00:53.653182925
69,117.63,81,117.65,08:00:53.653285783
66,117.63,81,117.65,08:00:53.653351396
66,117.63,76,117.65,08:00:53.768116295
66,117.63,71,117.65,08:00:53.908978632
66,117.63,1,117.64,08:00:56.312414172
66,117.63,2,117.64,08:00:56.312586237
66,117.63,3,117.64,08:00:56.477656858
66,117.63,2,117.64,08:00:56.547022791
66,117.63,1,117.64,08:00:56.547092775
66,117.63,2,117.64,08:00:56.644750045
66,117.63,3,117.64,08:00:56.644993005
66,117.63,2,117.64,08:00:56.673556207
66,117.63,1,117.64,08:00:56.708182466
66,117.63,3,117.64,08:00:56.798210886
66,117.63,4,117.64,08:00:56.957315904
66,117.63,2,117.64,08:00:57.047434871
66,117.63,1,117.64,08:00:57.047496669
66,117.63,4,117.64,08:00:57.299017992
79,117.63,4,117.64,08:00:57.395702614
79,117.63,1,117.64,08:00:57.396049567
83,117.63,1,117.64,08:00:57.396122127
83,117.63,70,117.65,08:00:57.396346898
3,117.64,70,117.65,08:00:57.396346898
3,117.64,69,117.65,08:00:57.396540815
83,117.63,69,117.65,08:00:57.397294291
79,117.63,69,117.65,08:00:57.433734323
79,117.63,68,117.65,08:00:59.627987703
1,117.64,68,117.65,08:00:59.628178857
3,117.64,68,117.65,08:00:59.628386521
5,117.64,68,117.65,08:00:59.628480662
6,117.64,68,117.65,08:00:59.628480662
9,117.64,68,117.65,08:00:59.628480662
9,117.64,58,117.65,08:00:59.628669622
12,117.64,58,117.65,08:00:59.628754459
12,117.64,52,117.65,08:00:59.628864527
13,117.64,52,117.65,08:00:59.629221647
14,117.64,52,117.65,08:00:59.632221043
14,117.64,43,117.65,08:00:59.632483478
18,117.64,43,117.65,08:00:59.632483478
26,117.64,43,117.65,08:00:59.632665400
27,117.64,43,117.65,08:00:59.632860322
31,117.64,43,117.65,08:00:59.632876415
37,117.64,43,117.65,08:00:59.633028610
40,117.64,43,117.65,08:00:59.633028610
40,117.64,41,117.65,08:00:59.633174354
40,117.64,39,117.65,08:00:59.633257220
40,117.64,37,117.65,08:00:59.633373442
40,117.64,28,117.65,08:00:59.633678632
48,117.64,28,117.65,08:00:59.634938957
51,117.64,28,117.65,08:00:59.635093725
51,117.64,18,117.65,08:00:59.636118526
51,117.64,26,117.65,08:00:59.636295532
51,117.64,25,117.65,08:00:59.636543285
53,117.64,25,117.65,08:00:59.640252040
54,117.64,25,117.65,08:00:59.640457358
54,117.64,21,117.65,08:00:59.642109757
56,117.64,21,117.65,08:00:59.642275980
58,117.64,21,117.65,08:00:59.642345016
58,117.64,20,117.65,08:00:59.642733122
58,117.64,12,117.65,08:00:59.642872742
58,117.64,20,117.65,08:00:59.643027935
58,117.64,21,117.65,08:00:59.643389160
58,117.64,22,117.65,08:00:59.643507739
58,117.64,23,117.65,08:00:59.643507739
58,117.64,27,117.65,08:00:59.643595079
58,117.64,26,117.65,08:00:59.643782264
56,117.64,26,117.65,08:00:59.643894858
54,117.64,26,117.65,08:00:59.643894858
46,117.64,26,117.65,08:00:59.644142058
43,117.64,26,117.65,08:00:59.644142058
42,117.64,26,117.65,08:00:59.644659418
34,117.64,26,117.65,08:00:59.645302909
30,117.64,26,117.65,08:00:59.645393196
30,117.64,25,117.65,08:00:59.645484611
30,117.64,21,117.65,08:00:59.646435340
30,117.64,22,117.65,08:00:59.647850759
30,117.64,21,117.65,08:00:59.648003028
30,117.64,22,117.65,08:00:59.648378740
28,117.64,22,117.65,08:00:59.648546383
28,117.64,23,117.65,08:00:59.648616618
28,117.64,27,117.65,08:00:59.648682413
27,117.64,27,117.65,08:00:59.649050694
24,117.64,27,117.65,08:00:59.649165500
18,117.64,27,117.65,08:00:59.649165500
17,117.64,27,117.65,08:00:59.649165500
16,117.64,27,117.65,08:00:59.649165500
16,117.64,29,117.65,08:00:59.649341202
16,117.64,30,117.65,08:00:59.649523161
17,117.64,30,117.65,08:00:59.650395176
17,117.64,29,117.65,08:00:59.650464056
19,117.64,29,117.65,08:00:59.651322363
18,117.64,29,117.65,08:00:59.655394035
19,117.64,29,117.65,08:00:59.655685498
19,117.64,31,117.65,08:00:59.655749286
19,117.64,29,117.65,08:00:59.660007032
19,117.64,28,117.65,08:00:59.660548267
18,117.64,28,117.65,08:00:59.676214573
19,117.64,28,117.65,08:00:59.703890202
18,117.64,28,117.65,08:00:59.704837534
18,117.64,29,117.65,08:00:59.705786039
18,117.64,32,117.65,08:00:59.705932273
16,117.64,32,117.65,08:00:59.706139079
15,117.64,32,117.65,08:00:59.706210350
16,117.64,32,117.65,08:00:59.708097513
17,117.64,32,117.65,08:00:59.708167970
18,117.64,32,117.65,08:00:59.708464593
17,117.64,32,117.65,08:00:59.709905130
13,117.64,32,117.65,08:00:59.710533226
12,117.64,32,117.65,08:00:59.710738045
13,117.64,32,117.65,08:00:59.710900557
12,117.64,32,117.65,08:00:59.710972467
13,117.64,32,117.65,08:00:59.712655528
14,117.64,32,117.65,08:00:59.712721697
15,117.64,32,117.65,08:00:59.712787456
15,117.64,31,117.65,08:00:59.713220340
19,117.64,31,117.65,08:00:59.728541081
19,117.64,28,117.65,08:00:59.729538506
19,117.64,39,117.65,08:00:59.736750123
19,117.64,40,117.65,08:00:59.736944519
25,117.64,40,117.65,08:00:59.749542101
28,117.64,40,117.65,08:00:59.749643109
28,117.64,38,117.65,08:00:59.749822599
36,117.64,38,117.65,08:00:59.749944372
40,117.64,38,117.65,08:00:59.750048069
32,117.64,38,117.65,08:00:59.842435087
28,117.64,38,117.65,08:00:59.842499113
22,117.64,38,117.65,08:00:59.842648533
19,117.64,38,117.65,08:00:59.842648533
19,117.64,48,117.65,08:00:59.842715714
18,117.64,48,117.65,08:00:59.842824482
18,117.64,49,117.65,08:00:59.843116738
17,117.64,49,117.65,08:00:59.843116738
16,117.64,49,117.65,08:00:59.843197441
15,117.64,49,117.65,08:00:59.843274936
15,117.64,51,117.65,08:00:59.843352365
11,117.64,51,117.65,08:00:59.889553645
9,117.64,51,117.65,08:00:59.890115430
9,117.64,53,117.65,08:00:59.890188009
6,117.64,53,117.65,08:00:59.890188009
6,117.64,55,117.65,08:00:59.890334383
6,117.64,63,117.65,08:00:59.890396047
9,117.64,63,117.65,08:00:59.891491653
12,117.64,63,117.65,08:00:59.892293498
13,117.64,63,117.65,08:00:59.892360653
12,117.64,63,117.65,08:00:59.892480903
13,117.64,63,117.65,08:00:59.900991849
13,117.64,61,117.65,08:00:59.901566312
13,117.64,53,117.65,08:00:59.901749377
12,117.64,53,117.65,08:00:59.903847894
9,117.64,53,117.65,08:00:59.923048043
10,117.64,53,117.65,08:00:59.923649751
11,117.64,53,117.65,08:00:59.923814535
10,117.64,53,117.65,08:00:59.924089347
11,117.64,53,117.65,08:00:59.924987452
10,117.64,53,117.65,08:00:59.925364263
11,117.64,53,117.65,08:00:59.925468277
12,117.64,53,117.65,08:00:59.925716683
13,117.64,53,117.65,08:00:59.926444887
12,117.64,53,117.65,08:00:59.927384838
11,117.64,53,117.65,08:00:59.928159609
11,117.64,54,117.65,08:00:59.928226991
10,117.64,54,117.65,08:00:59.928350175
9,117.64,54,117.65,08:00:59.928419183
6,117.64,54,117.65,08:00:59.928490044
3,117.64,54,117.65,08:00:59.928595477
4,117.64,54,117.65,08:00:59.928736789
5,117.64,54,117.65,08:00:59.928953826
6,117.64,54,117.65,08:00:59.929335733
9,117.64,54,117.65,08:00:59.929486520
10,117.64,54,117.65,08:00:59.929560654
11,117.64,54,117.65,08:00:59.930115028
10,117.64,54,117.65,08:00:59.931491158
9,117.64,54,117.65,08:00:59.933331643
8,117.64,54,117.65,08:00:59.949259349
7,117.64,54,117.65,08:00:59.949439013
4,117.64,54,117.65,08:00:59.957554987
3,117.64,54,117.65,08:00:59.957819623
4,117.64,54,117.65,08:00:59.960492465
5,117.64,54,117.65,08:00:59.984876072
4,117.64,54,117.65,08:00:59.992786951
3,117.64,54,117.65,08:00:59.992938819
4,117.64,54,117.65,08:00:59.993802022
4,117.64,62,117.65,08:01:00.007508204
3,117.64,62,117.65,08:01:00.007657663
3,117.64,64,117.65,08:01:00.007752847
5,117.64,64,117.65,08:01:00.069392361
6,117.64,64,117.65,08:01:00.069543292
4,117.64,64,117.65,08:01:00.084673252
3,117.64,64,117.65,08:01:00.084850852
2,117.64,64,117.65,08:01:00.084923347
3,117.64,64,117.65,08:01:00.101181589
4,117.64,64,117.65,08:01:00.104945128
7,117.64,64,117.65,08:01:00.107646175
6,117.64,64,117.65,08:01:00.108062744
5,117.64,64,117.65,08:01:00.108224171
2,117.64,64,117.65,08:01:00.108289707
2,117.64,68,117.65,08:01:00.147282218
2,117.64,70,117.65,08:01:00.147437571
2,117.64,75,117.65,08:01:00.147503837
2,117.64,125,117.65,08:01:00.283941441
93,117.63,125,117.65,08:01:00.284190279
93,117.63,1,117.64,08:01:00.284383626
93,117.63,2,117.64,08:01:00.284383626
93,117.63,4,117.64,08:01:00.284471245
93,117.63,6,117.64,08:01:00.284558527
93,117.63,7,117.64,08:01:00.284558527
83,117.63,7,117.64,08:01:00.284805044
83,117.63,11,117.64,08:01:00.284805044
83,117.63,21,117.64,08:01:00.285033987
87,117.63,21,117.64,08:01:00.301601965
90,117.63,21,117.64,08:01:00.301784532
90,117.63,11,117.64,08:01:00.301934557
90,117.63,21,117.64,08:01:00.648989572
87,117.63,21,117.64,08:01:00.649160998
87,117.63,24,117.64,08:01:00.649358749
87,117.63,26,117.64,08:01:00.817651094
87,117.63,28,117.64,08:01:00.817855017
88,117.63,28,117.64,08:01:01.043571005
87,117.63,28,117.64,08:01:01.084728022
88,117.63,28,117.64,08:01:01.151861083
88,117.63,26,117.64,08:01:01.158634735
88,117.63,30,117.64,08:01:01.163692708
88,117.63,31,117.64,08:01:01.163853338
88,117.63,29,117.64,08:01:01.165988204
88,117.63,28,117.64,08:01:01.166071656
88,117.63,24,117.64,08:01:01.166071656
88,117.63,22,117.64,08:01:01.166085989
88,117.63,19,117.64,08:01:01.166085989
88,117.63,9,117.64,08:01:01.166143877
88,117.63,8,117.64,08:01:01.166247645
88,117.63,7,117.64,08:01:01.170392017
88,117.63,6,117.64,08:01:01.170492106
88,117.63,4,117.64,08:01:01.170512852
88,117.63,136,117.65,08:01:01.170512852
5,117.64,136,117.65,08:01:01.170512852
7,117.64,136,117.65,08:01:01.170512852
10,117.64,136,117.65,08:01:01.170608727
10,117.64,134,117.65,08:01:01.170985693
10,117.64,124,117.65,08:01:01.170985693
12,117.64,124,117.65,08:01:01.171003162
13,117.64,124,117.65,08:01:01.171003162
13,117.64,116,117.65,08:01:01.171003162
10,117.64,116,117.65,08:01:01.171021495
11,117.64,116,117.65,08:01:01.171183250
9,117.64,116,117.65,08:01:01.171183250
9,117.64,111,117.65,08:01:01.171272317
8,117.64,111,117.65,08:01:01.171364288
7,117.64,111,117.65,08:01:01.171490201
3,117.64,111,117.65,08:01:01.171635091
3,117.64,112,117.65,08:01:01.171701872
4,117.64,112,117.65,08:01:01.175225307
5,117.64,112,117.65,08:01:01.176286796
4,117.64,112,117.65,08:01:01.177464145
3,117.64,112,117.65,08:01:01.177599812
4,117.64,112,117.65,08:01:01.178709613
5,117.64,112,117.65,08:01:01.180150065
6,117.64,112,117.65,08:01:01.180219170
7,117.64,112,117.65,08:01:01.180354901
10,117.64,112,117.65,08:01:01.180481054
9,117.64,112,117.65,08:01:01.182041168
8,117.64,112,117.65,08:01:01.184404903
7,117.64,112,117.65,08:01:01.184472321
4,117.64,112,117.65,08:01:01.184609121
3,117.64,112,117.65,08:01:01.184678321
4,117.64,112,117.65,08:01:01.188934089
5,117.64,112,117.65,08:01:01.189253782
4,117.64,112,117.65,08:01:01.193635835
3,117.64,112,117.65,08:01:01.195955216
4,117.64,112,117.65,08:01:01.196556598
5,117.64,112,117.65,08:01:01.197575937
6,117.64,112,117.65,08:01:01.197722789
7,117.64,112,117.65,08:01:01.209775817
8,117.64,112,117.65,08:01:01.210516482
11,117.64,112,117.65,08:01:01.210578946
12,117.64,112,117.65,08:01:01.210674581
12,117.64,110,117.65,08:01:01.210738735
12,117.64,109,117.65,08:01:01.211418856
13,117.64,109,117.65,08:01:01.230793958
15,117.64,109,117.65,08:01:01.230961266
15,117.64,107,117.65,08:01:01.231218633
15,117.64,106,117.65,08:01:01.252943571
17,117.64,106,117.65,08:01:01.253279566
27,117.64,106,117.65,08:01:01.253442445
27,117.64,101,117.65,08:01:01.272860763
26,117.64,101,117.65,08:01:01.291711866
26,117.64,106,117.65,08:01:01.292327965
16,117.64,106,117.65,08:01:01.292466860
15,117.64,106,117.65,08:01:01.295805824
14,117.64,106,117.65,08:01:01.295874003
12,117.64,106,117.65,08:01:01.296031942
10,117.64,106,117.65,08:01:01.299288336
11,117.64,106,117.65,08:01:01.350474566
13,117.64,106,117.65,08:01:01.350650397
12,117.64,106,117.65,08:01:01.362572346
10,117.64,106,117.65,08:01:01.378960043
7,117.64,106,117.65,08:01:01.436519747
6,117.64,106,117.65,08:01:01.436642713
5,117.64,106,117.65,08:01:01.436714297
4,117.64,106,117.65,08:01:01.436784828
3,117.64,106,117.65,08:01:01.437022082
3,117.64,108,117.65,08:01:01.437022082
3,117.64,110,117.65,08:01:01.437180665
3,117.64,113,117.65,08:01:01.437261819
2,117.64,113,117.65,08:01:01.437333628
104,117.63,113,117.65,08:01:01.437543720
104,117.63,114,117.65,08:01:01.437846491
99,117.63,114,117.65,08:01:01.437931550
99,117.63,122,117.65,08:01:01.438095397
99,117.63,132,117.65,08:01:01.438095397
102,117.63,132,117.65,08:01:01.448712795
102,117.63,127,117.65,08:01:01.477776176
102,117.63,2,117.64,08:01:01.923934695
102,117.63,7,117.64,08:01:01.924143795
92,117.63,7,117.64,08:01:01.924209306
91,117.63,7,117.64,08:01:01.924321789
91,117.63,8,117.64,08:01:01.924398214
91,117.63,9,117.64,08:01:01.924524352
91,117.63,7,117.64,08:01:01.925156485
91,117.63,2,117.64,08:01:01.925242354
91,117.63,1,117.64,08:01:01.925260517
91,117.63,127,117.65,08:01:01.925260517
94,117.63,127,117.65,08:01:01.925409439
104,117.63,127,117.65,08:01:01.925652609
104,117.63,1,117.64,08:01:02.184080584
104,117.63,127,117.65,08:01:02.184298833
1,117.64,127,117.65,08:01:02.184380356
1,117.64,117,117.65,08:01:02.184590273
2,117.64,117,117.65,08:01:02.184672846
1,117.64,117,117.65,08:01:02.184780749
105,117.63,117,117.65,08:01:02.184924119
105,117.63,122,117.65,08:01:02.300124860
2,117.64,122,117.65,08:01:02.387069050
3,117.64,122,117.65,08:01:02.387242924
7,117.64,122,117.65,08:01:02.387313708
8,117.64,122,117.65,08:01:02.387421709
11,117.64,122,117.65,08:01:02.390936900
11,117.64,114,117.65,08:01:02.399795378
12,117.64,114,117.65,08:01:02.400006651
13,117.64,114,117.65,08:01:02.400080165
13,117.64,112,117.65,08:01:02.400273102
13,117.64,110,117.65,08:01:02.400273102
13,117.64,109,117.65,08:01:02.400590846
14,117.64,109,117.65,08:01:02.400660094
15,117.64,109,117.65,08:01:02.400731044
15,117.64,106,117.65,08:01:02.400796545
18,117.64,106,117.65,08:01:02.400974785
17,117.64,106,117.65,08:01:02.404173833
18,117.64,106,117.65,08:01:02.412924076
20,117.64,106,117.65,08:01:02.413128488
22,117.64,106,117.65,08:01:02.413196044
21,117.64,106,117.65,08:01:02.416207657
21,117.64,101,117.65,08:01:02.486874842
23,117.64,101,117.65,08:01:02.627284617
24,117.64,101,117.65,08:01:02.627349987
25,117.64,101,117.65,08:01:02.627571804
29,117.64,101,117.65,08:01:02.629706279
31,117.64,101,117.65,08:01:02.629706279
32,117.64,101,117.65,08:01:02.629955836
32,117.64,91,117.65,08:01:02.630145280
41,117.64,91,117.65,08:01:02.634196918
48,117.64,91,117.65,08:01:02.634300195
48,117.64,80,117.65,08:01:02.634393919
51,117.64,80,117.65,08:01:02.634453624
53,117.64,80,117.65,08:01:02.634453624
62,117.64,80,117.65,08:01:02.634972879
62,117.64,78,117.65,08:01:02.635852923
62,117.64,74,117.65,08:01:02.636023374
62,117.64,73,117.65,08:01:02.636103373
64,117.64,73,117.65,08:01:02.636234036
68,117.64,73,117.65,08:01:02.636394908
70,117.64,73,117.65,08:01:02.636538950
70,117.64,72,117.65,08:01:02.637541353
71,117.64,72,117.65,08:01:02.640608495
72,117.64,72,117.65,08:01:02.653786278
72,117.64,71,117.65,08:01:03.016721121
70,117.64,71,117.65,08:01:03.039862674
72,117.64,71,117.65,08:01:03.127882777
72,117.64,72,117.65,08:01:03.204171915
63,117.64,72,117.65,08:01:03.218812640
59,117.64,72,117.65,08:01:05.226640790
57,117.64,72,117.65,08:01:05.805356123
54,117.64,72,117.65,08:01:05.806547709
45,117.64,72,117.65,08:01:05.806614900
45,117.64,73,117.65,08:01:05.806786413
43,117.64,73,117.65,08:01:05.806872698
43,117.64,72,117.65,08:01:05.807023469
41,117.64,72,117.65,08:01:05.807280848
34,117.64,72,117.65,08:01:05.807375433
32,117.64,72,117.65,08:01:05.807375433
28,117.64,72,117.65,08:01:05.807389312
26,117.64,72,117.65,08:01:05.807477193
26,117.64,73,117.65,08:01:05.807477193
25,117.64,73,117.65,08:01:05.807567398
24,117.64,73,117.65,08:01:05.807581967
23,117.64,73,117.65,08:01:05.807581967
21,117.64,73,117.65,08:01:05.807654677
20,117.64,73,117.65,08:01:05.807768172
18,117.64,73,117.65,08:01:05.807987980
18,117.64,85,117.65,08:01:05.808770549
18,117.64,87,117.65,08:01:05.809047697
15,117.64,87,117.65,08:01:05.809248388
14,117.64,87,117.65,08:01:05.809248388
14,117.64,88,117.65,08:01:05.810298790
11,117.64,88,117.65,08:01:05.810825801
10,117.64,88,117.65,08:01:05.811012719
10,117.64,99,117.65,08:01:05.811093548
8,117.64,99,117.65,08:01:05.811688975
4,117.64,99,117.65,08:01:05.812148958
3,117.64,99,117.65,08:01:05.812407159
2,117.64,99,117.65,08:01:05.812407159
1,117.64,99,117.65,08:01:05.812543670
105,117.63,99,117.65,08:01:05.812543670
105,117.63,3,117.64,08:01:05.812869981
104,117.63,3,117.64,08:01:05.812869981
101,117.63,3,117.64,08:01:05.812869981
101,117.63,5,117.64,08:01:05.812986042
91,117.63,5,117.64,08:01:05.813077764
91,117.63,8,117.64,08:01:05.813077764
91,117.63,5,117.64,08:01:05.813338281
91,117.63,4,117.64,08:01:05.813338281
90,117.63,4,117.64,08:01:05.813416294
90,117.63,1,117.64,08:01:05.813430602
99,117.63,1,117.64,08:01:05.813736067
103,117.63,1,117.64,08:01:05.813736067
103,117.63,122,117.65,08:01:05.814131353
99,117.63,122,117.65,08:01:05.865050231
92,117.63,122,117.65,08:01:05.891828803
92,117.63,127,117.65,08:01:05.923553283
92,117.63,134,117.65,08:01:05.923736966
92,117.63,136,117.65,08:01:06.078772604
92,117.63,4,117.64,08:01:06.082680482
92,117.63,7,117.64,08:01:06.082865755
92,117.63,8,117.64,08:01:06.082943777
92,117.63,9,117.64,08:01:06.082943777
92,117.63,12,117.64,08:01:06.083210827
92,117.63,22,117.64,08:01:06.083360625
92,117.63,12,117.64,08:01:06.095644946
92,117.63,11,117.64,08:01:06.095802319
92,117.63,12,117.64,08:01:06.264088133
92,117.63,8,117.64,08:01:07.018967712
92,117.63,5,117.64,08:01:07.019136349
92,117.63,2,117.64,08:01:07.019203837
92,117.63,3,117.64,08:01:07.020578200
92,117.63,7,117.64,08:01:07.020814319
92,117.63,17,117.64,08:01:07.021391717
92,117.63,20,117.64,08:01:07.022271709
92,117.63,21,117.64,08:01:07.022341495
92,117.63,22,117.64,08:01:07.022530324
92,117.63,21,117.64,08:01:07.023218204
92,117.63,18,117.64,08:01:07.023455807
92,117.63,17,117.64,08:01:07.024318514
92,117.63,18,117.64,08:01:07.025048043
92,117.63,17,117.64,08:01:07.025225297
92,117.63,20,117.64,08:01:07.025292534
92,117.63,21,117.64,08:01:07.025614199
92,117.63,22,117.64,08:01:07.025684560
89,117.63,22,117.64,08:01:07.026190735
89,117.63,23,117.64,08:01:07.026295801
89,117.63,24,117.64,08:01:07.026997612
89,117.63,27,117.64,08:01:07.027079599
89,117.63,29,117.64,08:01:07.027079599
89,117.63,30,117.64,08:01:07.027666101
89,117.63,31,117.64,08:01:07.027730312
78,117.63,31,117.64,08:01:07.028587524
78,117.63,30,117.64,08:01:07.028971415
78,117.63,28,117.64,08:01:07.029453415
77,117.63,28,117.64,08:01:07.030531501
77,117.63,30,117.64,08:01:07.096409406
74,117.63,30,117.64,08:01:07.182562615
73,117.63,30,117.64,08:01:07.211284729
69,117.63,30,117.64,08:01:07.240666257
69,117.63,40,117.64,08:01:07.245025549
67,117.63,40,117.64,08:01:07.245198220
67,117.63,41,117.64,08:01:07.245264108
64,117.63,41,117.64,08:01:07.245636080
65,117.63,41,117.64,08:01:07.249178534
64,117.63,41,117.64,08:01:07.254241796
63,117.63,41,117.64,08:01:07.254824820
63,117.63,49,117.64,08:01:07.255019431
51,117.63,49,117.64,08:01:07.255361655
51,117.63,48,117.64,08:01:07.291015893
51,117.63,40,117.64,08:01:07.291170402
51,117.63,39,117.64,08:01:07.291361589
53,117.63,39,117.64,08:01:07.291432587
54,117.63,39,117.64,08:01:07.291432587
53,117.63,39,117.64,08:01:07.291605407
54,117.63,39,117.64,08:01:07.291668301
58,117.63,39,117.64,08:01:07.354880653
58,117.63,40,117.64,08:01:07.553756278
59,117.63,40,117.64,08:01:07.764188691
60,117.63,40,117.64,08:01:07.764365468
60,117.63,30,117.64,08:01:07.764433174
60,117.63,40,117.64,08:01:08.505648783
59,117.63,40,117.64,08:01:08.505804839
58,117.63,40,117.64,08:01:08.505955821
58,117.63,41,117.64,08:01:08.506896063
56,117.63,41,117.64,08:01:08.506986284
55,117.63,41,117.64,08:01:08.507044882
55,117.63,40,117.64,08:01:08.507155317
55,117.63,41,117.64,08:01:08.507455249
55,117.63,42,117.64,08:01:08.507455249
55,117.63,41,117.64,08:01:08.508242686
56,117.63,41,117.64,08:01:08.508504247
56,117.63,40,117.64,08:01:08.508504247
57,117.63,40,117.64,08:01:08.508643738
56,117.63,40,117.64,08:01:08.508897671
55,117.63,40,117.64,08:01:08.509976438
55,117.63,41,117.64,08:01:08.510045094
55,117.63,42,117.64,08:01:08.510118963
55,117.63,44,117.64,08:01:08.510212584
56,117.63,44,117.64,08:01:08.510284910
56,117.63,43,117.64,08:01:08.510355535
57,117.63,43,117.64,08:01:08.513143600
57,117.63,42,117.64,08:01:08.513287965
56,117.63,42,117.64,08:01:08.515211953
56,117.63,43,117.64,08:01:08.515287057
55,117.63,43,117.64,08:01:08.515287057
55,117.63,44,117.64,08:01:08.516476403
46,117.63,44,117.64,08:01:08.517771304
43,117.63,44,117.64,08:01:08.517771304
42,117.63,44,117.64,08:01:08.518008792
34,117.63,44,117.64,08:01:08.518142427
34,117.63,52,117.64,08:01:08.518142427
32,117.63,52,117.64,08:01:08.518373246
30,117.63,52,117.64,08:01:08.518373246
30,117.63,55,117.64,08:01:08.518444075
30,117.63,57,117.64,08:01:08.518519921
27,117.63,57,117.64,08:01:08.519434484
25,117.63,57,117.64,08:01:08.520340227
20,117.63,57,117.64,08:01:08.521896513
20,117.63,59,117.64,08:01:08.522075476
20,117.63,67,117.64,08:01:08.522140753
21,117.63,67,117.64,08:01:08.522482052
22,117.63,67,117.64,08:01:08.522567005
24,117.63,67,117.64,08:01:08.522567005
24,117.63,59,117.64,08:01:08.522705837
24,117.63,58,117.64,08:01:08.522908541
25,117.63,58,117.64,08:01:08.523233148
25,117.63,56,117.64,08:01:08.523343850
27,117.63,56,117.64,08:01:08.523448573
27,117.63,48,117.64,08:01:08.523519129
26,117.63,48,117.64,08:01:08.524166238
26,117.63,45,117.64,08:01:08.525157114
24,117.63,45,117.64,08:01:08.526589335
24,117.63,46,117.64,08:01:08.526751814
24,117.63,48,117.64,08:01:08.527034366
25,117.63,48,117.64,08:01:08.527225814
26,117.63,48,117.64,08:01:08.527302665
27,117.63,48,117.64,08:01:08.527407334
26,117.63,48,117.64,08:01:08.528294821
25,117.63,48,117.64,08:01:08.529073214
24,117.63,48,117.64,08:01:08.529913540
22,117.63,48,117.64,08:01:08.530911004
23,117.63,48,117.64,08:01:08.531014902
22,117.63,48,117.64,08:01:08.531770424
21,117.63,48,117.64,08:01:08.535846872
20,117.63,48,117.64,08:01:08.535906388
20,117.63,56,117.64,08:01:08.542431410
20,117.63,58,117.64,08:01:08.542668698
20,117.63,60,117.64,08:01:08.542737082
19,117.63,60,117.64,08:01:08.544007794
16,117.63,60,117.64,08:01:08.544007794
8,117.63,60,117.64,08:01:08.544355302
8,117.63,62,117.64,08:01:08.544355302
6,117.63,62,117.64,08:01:08.544564322
5,117.63,62,117.64,08:01:08.544702597
4,117.63,62,117.64,08:01:08.544724873
75,117.62,62,117.64,08:01:08.544724873
75,117.62,13,117.63,08:01:08.544747587
75,117.62,22,117.63,08:01:08.544845497
74,117.62,22,117.63,08:01:08.544845497
64,117.62,22,117.63,08:01:08.545600498
64,117.62,13,117.63,08:01:08.545600498
64,117.62,24,117.63,08:01:08.546133083
64,117.62,27,117.63,08:01:08.547343753
64,117.62,14,117.63,08:01:08.550328647
64,117.62,11,117.63,08:01:08.551086328
64,117.62,15,117.63,08:01:08.552779624
64,117.62,16,117.63,08:01:08.553115819
64,117.62,17,117.63,08:01:08.553130481
64,117.62,20,117.63,08:01:08.553460791
64,117.62,21,117.63,08:01:08.553460791
64,117.62,22,117.63,08:01:08.553460791
64,117.62,23,117.63,08:01:08.570868247
64,117.62,24,117.63,08:01:08.571024436
63,117.62,24,117.63,08:01:08.571171098
62,117.62,24,117.63,08:01:08.572524371
62,117.62,25,117.63,08:01:08.573751899
62,117.62,27,117.63,08:01:08.575554732
59,117.62,27,117.63,08:01:08.575718908
65,117.62,27,117.63,08:01:08.612306857
67,117.62,27,117.63,08:01:08.612484785
77,117.62,27,117.63,08:01:08.648576426
74,117.62,27,117.63,08:01:08.649524564
74,117.62,25,117.63,08:01:08.746182319
74,117.62,24,117.63,08:01:08.746337797
74,117.62,27,117.63,08:01:08.757132868
74,117.62,28,117.63,08:01:08.859098323
74,117.62,29,117.63,08:01:08.859098323
71,117.62,29,117.63,08:01:08.859163312
71,117.62,39,117.63,08:01:08.859455481
72,117.62,39,117.63,08:01:08.863506441
72,117.62,38,117.63,08:01:08.863627416
73,117.62,38,117.63,08:01:08.863778085
73,117.62,28,117.63,08:01:08.870902363
72,117.62,28,117.63,08:01:08.917677648
72,117.62,29,117.63,08:01:08.922258920
71,117.62,29,117.63,08:01:08.922258920
69,117.62,29,117.63,08:01:08.922397813
69,117.62,33,117.63,08:01:08.922462703
69,117.62,41,117.63,08:01:08.922572677
68,117.62,41,117.63,08:01:08.922644008
67,117.62,41,117.63,08:01:08.922724351
65,117.62,41,117.63,08:01:08.922800059
62,117.62,41,117.63,08:01:08.922876578
56,117.62,41,117.63,08:01:08.922876578
53,117.62,41,117.63,08:01:08.922949710
44,117.62,41,117.63,08:01:08.923029230
40,117.62,41,117.63,08:01:08.923109352
40,117.62,43,117.63,08:01:08.923183445
38,117.62,43,117.63,08:01:08.923330331
40,117.62,43,117.63,08:01:08.923548203
40,117.62,51,117.63,08:01:08.923735470
41,117.62,51,117.63,08:01:08.923906388
39,117.62,51,117.63,08:01:08.924364397
38,117.62,51,117.63,08:01:08.925858561
37,117.62,51,117.63,08:01:08.928452934
34,117.62,51,117.63,08:01:08.929839877
34,117.62,53,117.63,08:01:08.930016616
29,117.62,53,117.63,08:01:08.930085256
29,117.62,59,117.63,08:01:08.930226280
29,117.62,61,117.63,08:01:08.931946208
24,117.62,61,117.63,08:01:08.936312741
22,117.62,61,117.63,08:01:08.936312741
20,117.62,61,117.63,08:01:08.936388642
19,117.62,61,117.63,08:01:08.936448414
16,117.62,61,117.63,08:01:08.948279539
17,117.62,61,117.63,08:01:08.951076420
16,117.62,61,117.63,08:01:08.952957157
19,117.62,61,117.63,08:01:08.954644228
20,117.62,61,117.63,08:01:08.954644228
22,117.62,61,117.63,08:01:08.954644228
19,117.62,61,117.63,08:01:08.954716739
17,117.62,61,117.63,08:01:08.954859947
18,117.62,61,117.63,08:01:08.955262538
21,117.62,61,117.63,08:01:08.955369856
22,117.62,61,117.63,08:01:08.956156713
21,117.62,61,117.63,08:01:08.956456725
21,117.62,55,117.63,08:01:08.956562387
20,117.62,55,117.63,08:01:08.957714616
21,117.62,55,117.63,08:01:08.960488527
23,117.62,55,117.63,08:01:08.960700095
25,117.62,55,117.63,08:01:08.961836299
27,117.62,55,117.63,08:01:08.961898708
25,117.62,55,117.63,08:01:08.965820013
25,117.62,47,117.63,08:01:08.966029046
26,117.62,47,117.63,08:01:08.966176704
25,117.62,47,117.63,08:01:08.966832800
25,117.62,45,117.63,08:01:08.970279964
25,117.62,55,117.63,08:01:08.970986741
24,117.62,55,117.63,08:01:08.971132005
24,117.62,58,117.63,08:01:08.971196085
23,117.62,58,117.63,08:01:08.971380136
24,117.62,58,117.63,08:01:08.977164368
23,117.62,58,117.63,08:01:08.977866616
24,117.62,58,117.63,08:01:08.982911377
23,117.62,58,117.63,08:01:09.012174943
24,117.62,58,117.63,08:01:09.015906101
23,117.62,58,117.63,08:01:09.016998139
24,117.62,58,117.63,08:01:09.021167338
25,117.62,58,117.63,08:01:09.022796911
27,117.62,58,117.63,08:01:09.025325533
27,117.62,50,117.63,08:01:09.025495686
28,117.62,50,117.63,08:01:09.025563251
28,117.62,47,117.63,08:01:09.060044845
28,117.62,45,117.63,08:01:09.060196204
29,117.62,45,117.63,08:01:09.075033256
30,117.62,45,117.63,08:01:09.075198686
30,117.62,44,117.63,08:01:09.075345461
29,117.62,44,117.63,08:01:09.103269678
19,117.62,44,117.63,08:01:09.132325715
18,117.62,44,117.63,08:01:09.132589472
17,117.62,44,117.63,08:01:09.174749903
17,117.62,45,117.63,08:01:09.179135038
16,117.62,45,117.63,08:01:09.179275301
16,117.62,47,117.63,08:01:09.179337336
13,117.62,47,117.63,08:01:09.183736730
13,117.62,49,117.63,08:01:09.183899783
12,117.62,49,117.63,08:01:09.183967169
12,117.62,51,117.63,08:01:09.184042250
10,117.62,51,117.63,08:01:09.184165642
10,117.62,59,117.63,08:01:09.184235539
8,117.62,59,117.63,08:01:09.184302650
8,117.62,61,117.63,08:01:09.184440394
9,117.62,61,117.63,08:01:09.315244525
19,117.62,61,117.63,08:01:09.360746035
22,117.62,61,117.63,08:01:09.362698253
23,117.62,61,117.63,08:01:09.422575217
23,117.62,60,117.63,08:01:09.429255185
25,117.62,60,117.63,08:01:09.429323018
26,117.62,60,117.63,08:01:09.429390455
26,117.62,58,117.63,08:01:09.429489156
27,117.62,58,117.63,08:01:09.429619021
26,117.62,58,117.63,08:01:09.445639320
26,117.62,50,117.63,08:01:09.500691253
27,117.62,50,117.63,08:01:09.501179569
28,117.62,50,117.63,08:01:09.501360299
27,117.62,50,117.63,08:01:09.501524180
27,117.62,48,117.63,08:01:09.501602430
26,117.62,48,117.63,08:01:09.501768474
26,117.62,46,117.63,08:01:09.502327536
26,117.62,44,117.63,08:01:09.505205972
27,117.62,44,117.63,08:01:09.505430179
28,117.62,44,117.63,08:01:09.505604938
31,117.62,44,117.63,08:01:09.505665674
31,117.62,34,117.63,08:01:09.505790599
30,117.62,34,117.63,08:01:09.521609138
29,117.62,34,117.63,08:01:09.521679297
29,117.62,35,117.63,08:01:09.521755745
28,117.62,35,117.63,08:01:09.521755745
27,117.62,35,117.63,08:01:09.521819918
27,117.62,38,117.63,08:01:09.521920103
24,117.62,38,117.63,08:01:09.522097505
25,117.62,38,117.63,08:01:09.529346692
26,117.62,38,117.63,08:01:09.529511908
25,117.62,38,117.63,08:01:09.546862945
26,117.62,38,117.63,08:01:09.547489741
26,117.62,35,117.63,08:01:09.548213999
27,117.62,35,117.63,08:01:09.548366268
27,117.62,34,117.63,08:01:09.550666076
28,117.62,34,117.63,08:01:09.550783504
27,117.62,34,117.63,08:01:09.559592130
28,117.62,34,117.63,08:01:09.573659902
18,117.62,34,117.63,08:01:09.573801252
18,117.62,30,117.63,08:01:09.574055380
28,117.62,30,117.63,08:01:09.585358540
28,117.62,40,117.63,08:01:09.606471203
28,117.62,46,117.63,08:01:09.606671059
27,117.62,46,117.63,08:01:09.606824550
28,117.62,46,117.63,08:01:10.243148134
29,117.62,46,117.63,08:01:10.243344827
29,117.62,36,117.63,08:01:10.243516831
30,117.62,36,117.63,08:01:10.243656985
30,117.62,34,117.63,08:01:10.243847282
29,117.62,34,117.63,08:01:10.243928892
28,117.62,34,117.63,08:01:10.244040405
28,117.62,28,117.63,08:01:10.244040405
36,117.62,28,117.63,08:01:10.244216314
37,117.62,28,117.63,08:01:10.244289396
37,117.62,27,117.63,08:01:10.290037326
36,117.62,27,117.63,08:01:10.290106330
36,117.62,28,117.63,08:01:10.611645700
35,117.62,28,117.63,08:01:10.611744442
35,117.62,29,117.63,08:01:10.611847754
35,117.62,32,117.63,08:01:10.611911664
35,117.62,43,117.63,08:01:10.612080493
35,117.62,45,117.63,08:01:10.612171101
27,117.62,45,117.63,08:01:10.612171101
28,117.62,45,117.63,08:01:11.464304941
29,117.62,45,117.63,08:01:11.464472777
29,117.62,44,117.63,08:01:11.464714355
40,117.62,44,117.63,08:01:11.464887475
40,117.62,33,117.63,08:01:11.464972254
40,117.62,32,117.63,08:01:11.464972254
40,117.62,30,117.63,08:01:11.465214998
40,117.62,27,117.63,08:01:11.465214998
49,117.62,27,117.63,08:01:11.465459017
50,117.62,27,117.63,08:01:11.465459017
61,117.62,27,117.63,08:01:11.466498040
61,117.62,26,117.63,08:01:11.466885213
61,117.62,25,117.63,08:01:11.467133207
61,117.62,24,117.63,08:01:11.467212042
63,117.62,24,117.63,08:01:11.468026464
63,117.62,23,117.63,08:01:11.468992860
65,117.62,23,117.63,08:01:11.469154459
67,117.62,23,117.63,08:01:11.469333826
68,117.62,23,117.63,08:01:11.469397387
68,117.62,20,117.63,08:01:11.471457616
68,117.62,17,117.63,08:01:11.475080108
68,117.62,8,117.63,08:01:11.475148390
68,117.62,7,117.63,08:01:11.475249830
68,117.62,8,117.63,08:01:11.475409836
68,117.62,9,117.63,08:01:11.475768684
67,117.62,9,117.63,08:01:11.476076418
67,117.62,8,117.63,08:01:11.484752983
67,117.62,7,117.63,08:01:11.485000813
67,117.62,8,117.63,08:01:11.489128009
65,117.62,8,117.63,08:01:11.500015166
65,117.62,6,117.63,08:01:11.500015166
65,117.62,5,117.63,08:01:11.500135992
65,117.62,3,117.63,08:01:11.500217118
65,117.62,4,117.63,08:01:11.506477150
65,117.62,5,117.63,08:01:11.506656066
65,117.62,7,117.63,08:01:11.506857980
65,117.62,8,117.63,08:01:11.506933903
65,117.62,10,117.63,08:01:11.506933903
65,117.62,9,117.63,08:01:11.526412306
55,117.62,9,117.63,08:01:11.553396953
55,117.62,10,117.63,08:01:11.553601757
55,117.62,13,117.63,08:01:11.553680851
55,117.62,12,117.63,08:01:11.553680851
55,117.62,13,117.63,08:01:11.553740077
55,117.62,12,117.63,08:01:12.016591526
55,117.62,11,117.63,08:01:12.017612692
55,117.62,13,117.63,08:01:12.111006888
61,117.62,13,117.63,08:01:12.191124915
61,117.62,12,117.63,08:01:12.715861132
61,117.62,9,117.63,08:01:12.715927420
71,117.62,9,117.63,08:01:12.762257260
72,117.62,9,117.63,08:01:12.762448740
72,117.62,7,117.63,08:01:12.937792141
72,117.62,5,117.63,08:01:12.958064481
72,117.62,3,117.63,08:01:12.958137351
62,117.62,3,117.63,08:01:13.031442241
62,117.62,4,117.63,08:01:13.032814705
61,117.62,4,117.63,08:01:13.200147262
61,117.62,6,117.63,08:01:13.200391998
61,117.62,7,117.63,08:01:13.242528500
61,117.62,8,117.63,08:01:13.247244521
61,117.62,7,117.63,08:01:13.259236625
61,117.62,6,117.63,08:01:13.259392663
61,117.62,5,117.63,08:01:13.259692461
65,117.62,5,117.63,08:01:13.259951565
65,117.62,3,117.63,08:01:13.259951565
66,117.62,3,117.63,08:01:13.260096995
66,117.62,4,117.63,08:01:13.385842426
66,117.62,6,117.63,08:01:13.412436353
66,117.62,7,117.63,08:01:13.412498014
66,117.62,6,117.63,08:01:13.485148010
66,117.62,8,117.63,08:01:14.647058546
63,117.62,8,117.63,08:01:14.671561494
62,117.62,8,117.63,08:01:14.677482299
62,117.62,9,117.63,08:01:15.388915703
62,117.62,11,117.63,08:01:15.389070276
58,117.62,11,117.63,08:01:16.261882448
58,117.62,22,117.63,08:01:16.261882448
58,117.62,32,117.63,08:01:16.261962594
47,117.62,32,117.63,08:01:16.261962594
47,117.62,33,117.63,08:01:16.261977965
47,117.62,37,117.63,08:01:16.261977965
47,117.62,38,117.63,08:01:16.262073226
45,117.62,38,117.63,08:01:16.262216113
43,117.62,38,117.63,08:01:16.262299456
43,117.62,37,117.63,08:01:16.262299456
32,117.62,37,117.63,08:01:16.264427890
40,117.62,37,117.63,08:01:16.265379504
41,117.62,37,117.63,08:01:16.265578692
48,117.62,37,117.63,08:01:16.365012067
53,117.62,37,117.63,08:01:16.365082502
54,117.62,37,117.63,08:01:16.365262000
54,117.62,27,117.63,08:01:16.365262000
54,117.62,23,117.63,08:01:16.365331187
56,117.62,23,117.63,08:01:16.365550684
56,117.62,12,117.63,08:01:16.365633443
58,117.62,12,117.63,08:01:16.365633443
58,117.62,11,117.63,08:01:16.365714339
57,117.62,11,117.63,08:01:16.365874745
57,117.62,9,117.63,08:01:16.365874745
64,117.62,9,117.63,08:01:16.373937242
68,117.62,9,117.63,08:01:16.374001566
68,117.62,8,117.63,08:01:16.374076539
68,117.62,6,117.63,08:01:16.374145774
68,117.62,5,117.63,08:01:16.466325239
68,117.62,12,117.63,08:01:16.554433851
68,117.62,11,117.63,08:01:18.285827218
68,117.62,12,117.63,08:01:18.489180081
68,117.62,13,117.63,08:01:19.570534127
68,117.62,15,117.63,08:01:19.570689813
68,117.62,27,117.63,08:01:19.570843061
68,117.62,42,117.63,08:01:19.609578596
64,117.62,42,117.63,08:01:19.610571747
57,117.62,42,117.63,08:01:19.610571747
49,117.62,42,117.63,08:01:19.610779212
49,117.62,43,117.63,08:01:19.610779212
44,117.62,43,117.63,08:01:19.663268841
37,117.62,43,117.63,08:01:19.663328131
47,117.62,43,117.63,08:01:19.670676504
48,117.62,43,117.63,08:01:19.670867633
38,117.62,43,117.63,08:01:19.759611848
36,117.62,43,117.63,08:01:23.043741259
35,117.62,43,117.63,08:01:23.044558404
45,117.62,43,117.63,08:01:23.372039651
47,117.62,43,117.63,08:01:23.372243888
45,117.62,43,117.63,08:01:28.811104915
35,117.62,43,117.63,08:01:28.994273456
35,117.62,44,117.63,08:01:28.995003363
35,117.62,43,117.63,08:01:28.995157724
35,117.62,44,117.63,08:01:28.995561142
35,117.62,52,117.63,08:01:28.995627129
35,117.62,55,117.63,08:01:28.995689540
33,117.62,55,117.63,08:01:28.995762319
31,117.62,55,117.63,08:01:28.995833055
30,117.62,55,117.63,08:01:28.995963218
38,117.62,55,117.63,08:01:29.123374017
38,117.62,54,117.63,08:01:29.123639117
38,117.62,51,117.63,08:01:29.123733015
38,117.62,43,117.63,08:01:29.123733015
39,117.62,43,117.63,08:01:29.123733015
50,117.62,43,117.63,08:01:30.275624356
51,117.62,43,117.63,08:01:30.302520772
53,117.62,43,117.63,08:01:30.302654052
55,117.62,43,117.63,08:01:30.302749175
55,117.62,44,117.63,08:01:30.475308858
53,117.62,44,117.63,08:01:30.475500753
45,117.62,44,117.63,08:01:30.476276700
43,117.62,44,117.63,08:01:30.476456449
32,117.62,44,117.63,08:01:30.476456449
32,117.62,52,117.63,08:01:30.476553445
32,117.62,55,117.63,08:01:30.476664579
23,117.62,55,117.63,08:01:30.477235762
23,117.62,59,117.63,08:01:30.478235498
20,117.62,59,117.63,08:01:30.479647629
19,117.62,59,117.63,08:01:30.479796960
18,117.62,59,117.63,08:01:30.481442427
18,117.62,61,117.63,08:01:30.481724823
18,117.62,63,117.63,08:01:30.481894123
17,117.62,63,117.63,08:01:30.482463574
18,117.62,63,117.63,08:01:30.484450427
19,117.62,63,117.63,08:01:30.484609749
18,117.62,63,117.63,08:01:30.506792227
17,117.62,63,117.63,08:01:30.506934535
18,117.62,63,117.63,08:01:30.517112618
17,117.62,63,117.63,08:01:30.524376237
17,117.62,61,117.63,08:01:30.543116875
18,117.62,61,117.63,08:01:30.574339759
20,117.62,61,117.63,08:01:30.574402488
21,117.62,61,117.63,08:01:30.574544103
20,117.62,61,117.63,08:01:30.579853472
21,117.62,61,117.63,08:01:30.642149155
20,117.62,61,117.63,08:01:30.642328619
21,117.62,61,117.63,08:01:30.642391698
22,117.62,61,117.63,08:01:30.754039298
21,117.62,61,117.63,08:01:30.754764772
29,117.62,61,117.63,08:01:30.755250525
29,117.62,58,117.63,08:01:30.755462087
29,117.62,50,117.63,08:01:30.755589203
29,117.62,48,117.63,08:01:30.755659046
30,117.62,48,117.63,08:01:30.758391565
31,117.62,48,117.63,08:01:30.758535942
39,117.62,48,117.63,08:01:30.762991990
50,117.62,48,117.63,08:01:30.763854786
50,117.62,47,117.63,08:01:30.763945016
60,117.62,47,117.63,08:01:30.764768984
60,117.62,43,117.63,08:01:30.765359190
62,117.62,43,117.63,08:01:30.765522605
62,117.62,44,117.63,08:01:30.765661741
62,117.62,43,117.63,08:01:30.809027477
62,117.62,31,117.63,08:01:30.837322389
64,117.62,31,117.63,08:01:30.837549566
66,117.62,31,117.63,08:01:30.977675193
76,117.62,31,117.63,08:01:31.012840862
76,117.62,30,117.63,08:01:31.340778758
66,117.62,30,117.63,08:01:31.343093139
66,117.62,15,117.63,08:01:31.979713079
66,117.62,13,117.63,08:01:31.979866048
66,117.62,12,117.63,08:01:31.980022403
61,117.62,12,117.63,08:01:31.992309476
60,117.62,12,117.63,08:01:31.992309476
59,117.62,12,117.63,08:01:31.992599716
57,117.62,12,117.63,08:01:31.992614734
56,117.62,12,117.63,08:01:31.992614734
55,117.62,12,117.63,08:01:31.992628148
54,117.62,12,117.63,08:01:31.992641572
53,117.62,12,117.63,08:01:31.992655034
50,117.62,12,117.63,08:01:31.992783108
49,117.62,12,117.63,08:01:31.992796983
47,117.62,12,117.63,08:01:31.992813060
46,117.62,12,117.63,08:01:31.992813060
45,117.62,12,117.63,08:01:31.992813060
37,117.62,12,117.63,08:01:31.992828170
36,117.62,12,117.63,08:01:31.992828170
35,117.62,12,117.63,08:01:31.992828170
27,117.62,12,117.63,08:01:31.993059898
16,117.62,12,117.63,08:01:31.993074193
6,117.62,12,117.63,08:01:31.993074193
4,117.62,12,117.63,08:01:31.993087498
2,117.62,12,117.63,08:01:31.993102551
87,117.61,12,117.63,08:01:31.993102551
87,117.61,16,117.63,08:01:31.993126140
87,117.61,26,117.63,08:01:31.993126140
87,117.61,27,117.63,08:01:31.993126140
87,117.61,32,117.63,08:01:31.993126140
87,117.61,33,117.63,08:01:31.993126140
87,117.61,35,117.63,08:01:31.993126140
87,117.61,36,117.63,08:01:31.993206670
87,117.61,44,117.63,08:01:31.993231536
87,117.61,45,117.63,08:01:31.993231536
87,117.61,54,117.63,08:01:31.993231536
87,117.61,56,117.63,08:01:31.993252774
87,117.61,57,117.63,08:01:31.993252774
87,117.61,58,117.63,08:01:31.993252774
87,117.61,68,117.63,08:01:31.993252774
87,117.61,70,117.63,08:01:31.993252774
87,117.61,80,117.63,08:01:31.993252774
87,117.61,82,117.63,08:01:31.993447299
88,117.61,82,117.63,08:01:31.993447299
88,117.61,84,117.63,08:01:31.993477351
88,117.61,85,117.63,08:01:31.993477351
89,117.61,85,117.63,08:01:31.993494540
91,117.61,85,117.63,08:01:31.993494540
94,117.61,85,117.63,08:01:31.993494540
98,117.61,85,117.63,08:01:31.993509869
92,117.61,85,117.63,08:01:31.993509869
128,117.61,85,117.63,08:01:31.993871296
8,117.62,85,117.63,08:01:31.993956816
8,117.62,77,117.63,08:01:31.994030661
22,117.62,77,117.63,08:01:31.994105245
24,117.62,77,117.63,08:01:31.994277161
25,117.62,77,117.63,08:01:31.994352306
30,117.62,77,117.63,08:01:31.994352306
31,117.62,77,117.63,08:01:31.994367443
34,117.62,77,117.63,08:01:31.994367443
36,117.62,77,117.63,08:01:31.994469266
33,117.62,77,117.63,08:01:31.994595916
33,117.62,68,117.63,08:01:31.994740316
25,117.62,68,117.63,08:01:32.011414444
18,117.62,68,117.63,08:01:32.011414444
16,117.62,68,117.63,08:01:32.011618825
15,117.62,68,117.63,08:01:32.011698086
15,117.62,75,117.63,08:01:32.011698086
15,117.62,76,117.63,08:01:32.023478069
15,117.62,80,117.63,08:01:32.023627672
16,117.62,80,117.63,08:01:32.024895626
19,117.62,80,117.63,08:01:32.025089634
12,117.62,80,117.63,08:01:32.025351411
10,117.62,80,117.63,08:01:32.025578460
9,117.62,80,117.63,08:01:32.025595734
4,117.62,80,117.63,08:01:32.025595734
3,117.62,80,117.63,08:01:32.025595734
94,117.61,80,117.63,08:01:32.025595734
94,117.61,89,117.63,08:01:32.025770485
130,117.61,89,117.63,08:01:32.026469660
136,117.61,89,117.63,08:01:32.045176036
145,117.61,89,117.63,08:01:32.046942274
144,117.61,89,117.63,08:01:32.751035363
144,117.61,1,117.62,08:01:33.027837889
144,117.61,5,117.62,08:01:33.028119096
144,117.61,4,117.62,08:01:33.028431722
144,117.61,5,117.62,08:01:33.028608113
144,117.61,6,117.62,08:01:33.028608113
144,117.61,7,117.62,08:01:33.028865251
144,117.61,6,117.62,08:01:33.028900442
146,117.61,6,117.62,08:01:33.028974659
146,117.61,5,117.62,08:01:33.028974659
146,117.61,4,117.62,08:01:33.028974659
146,117.61,5,117.62,08:01:33.029329936
146,117.61,6,117.62,08:01:33.029357965
143,117.61,6,117.62,08:01:33.029357965
143,117.61,3,117.62,08:01:33.029420854
143,117.61,4,117.62,08:01:33.029915244
143,117.61,6,117.62,08:01:33.030132594
143,117.61,8,117.62,08:01:33.030296850
143,117.61,9,117.62,08:01:33.030364204
143,117.61,7,117.62,08:01:33.033147353
143,117.61,5,117.62,08:01:33.033308859
143,117.61,4,117.62,08:01:33.033374390
143,117.61,3,117.62,08:01:33.033872101
143,117.61,4,117.62,08:01:33.034424043
143,117.61,5,117.62,08:01:33.034551720
143,117.61,6,117.62,08:01:33.034686286
143,117.61,7,117.62,08:01:33.035399015
143,117.61,9,117.62,08:01:33.035636276
141,117.61,9,117.62,08:01:33.035847805
141,117.61,10,117.62,08:01:33.036167331
141,117.61,9,117.62,08:01:33.037273637
141,117.61,8,117.62,08:01:33.037273637
141,117.61,7,117.62,08:01:33.037273637
141,117.61,6,117.62,08:01:33.037365237
141,117.61,5,117.62,08:01:33.037383324
141,117.61,4,117.62,08:01:33.037383324
141,117.61,3,117.62,08:01:33.037383324
141,117.61,1,117.62,08:01:33.037383324
141,117.61,89,117.63,08:01:33.037383324
141,117.61,2,117.62,08:01:33.037609295
141,117.61,4,117.62,08:01:33.037680056
139,117.61,4,117.62,08:01:33.037738596
139,117.61,2,117.62,08:01:33.037883194
139,117.61,3,117.62,08:01:33.062312843
139,117.61,4,117.62,08:01:33.065407743
139,117.61,3,117.62,08:01:33.065721771
141,117.61,3,117.62,08:01:33.065959313
141,117.61,4,117.62,08:01:33.067015402
141,117.61,3,117.62,08:01:33.084190039
141,117.61,2,117.62,08:01:33.084404090
141,117.61,1,117.62,08:01:33.108247767
141,117.61,89,117.63,08:01:33.108393527
139,117.61,89,117.63,08:01:33.108580500
141,117.61,89,117.63,08:01:33.165211139
141,117.61,88,117.63,08:01:33.203086790
141,117.61,1,117.62,08:01:33.203768729
141,117.61,88,117.63,08:01:33.204158785
141,117.61,8,117.62,08:01:34.206019322
141,117.61,10,117.62,08:01:34.206329241
141,117.61,11,117.62,08:01:34.206724723
141,117.61,13,117.62,08:01:34.206724723
141,117.61,17,117.62,08:01:34.206979544
141,117.61,18,117.62,08:01:34.207719419
141,117.61,17,117.62,08:01:34.207926651
141,117.61,18,117.62,08:01:34.211046680
141,117.61,20,117.62,08:01:34.211733252
138,117.61,20,117.62,08:01:34.212212948
138,117.61,32,117.62,08:01:34.212303299
134,117.61,32,117.62,08:01:34.212383671
136,117.61,32,117.62,08:01:34.212472352
130,117.61,32,117.62,08:01:34.213227977
128,117.61,32,117.62,08:01:34.213447827
124,117.61,32,117.62,08:01:34.213709241
126,117.61,32,117.62,08:01:34.214046335
126,117.61,20,117.62,08:01:34.214129858
126,117.61,18,117.62,08:01:34.214217733
126,117.61,17,117.62,08:01:34.214217733
126,117.61,18,117.62,08:01:34.214646322
126,117.61,20,117.62,08:01:34.214709784
126,117.61,19,117.62,08:01:34.216137879
125,117.61,19,117.62,08:01:34.216287731
125,117.61,20,117.62,08:01:34.216443702
125,117.61,19,117.62,08:01:34.216591027
125,117.61,17,117.62,08:01:34.217002668
125,117.61,19,117.62,08:01:34.218100914
125,117.61,20,117.62,08:01:34.218434308
125,117.61,19,117.62,08:01:34.218843847
125,117.61,17,117.62,08:01:34.218843847
125,117.61,19,117.62,08:01:34.219482080
125,117.61,20,117.62,08:01:34.221085361
125,117.61,19,117.62,08:01:34.221248488
125,117.61,20,117.62,08:01:34.221727918
125,117.61,12,117.62,08:01:34.235472833
125,117.61,10,117.62,08:01:34.235472833
125,117.61,9,117.62,08:01:34.235550193
125,117.61,7,117.62,08:01:34.235566119
125,117.61,3,117.62,08:01:34.235566119
125,117.61,1,117.62,08:01:34.235566119
125,117.61,89,117.63,08:01:34.235739579
127,117.61,89,117.63,08:01:34.235739579
127,117.61,2,117.62,08:01:34.235843521
129,117.61,2,117.62,08:01:34.236011291
129,117.61,3,117.62,08:01:34.236257498
129,117.61,1,117.62,08:01:34.236257498
129,117.61,2,117.62,08:01:34.236331795
128,117.61,2,117.62,08:01:34.236452461
126,117.61,2,117.62,08:01:34.236594153
126,117.61,3,117.62,08:01:34.236612643
126,117.61,4,117.62,08:01:34.236655053
126,117.61,5,117.62,08:01:34.238622824
126,117.61,17,117.62,08:01:34.238765589
126,117.61,19,117.62,08:01:34.238891605
124,117.61,19,117.62,08:01:34.295300625
121,117.61,19,117.62,08:01:34.303847195
121,117.61,18,117.62,08:01:34.378448167
125,117.61,18,117.62,08:01:34.378627699
125,117.61,6,117.62,08:01:34.378825136
121,117.61,6,117.62,08:01:34.378825136
121,117.61,5,117.62,08:01:34.378952527
121,117.61,4,117.62,08:01:34.507569003
121,117.61,3,117.62,08:01:34.507633871
121,117.61,5,117.62,08:01:34.544728713
121,117.61,3,117.62,08:01:34.556801496
121,117.61,11,117.62,08:01:34.575812169
121,117.61,15,117.62,08:01:34.685119731
121,117.61,17,117.62,08:01:34.685260521
121,117.61,29,117.62,08:01:34.685408275
119,117.61,29,117.62,08:01:34.886462430
120,117.61,29,117.62,08:01:34.890102299
121,117.61,29,117.62,08:01:34.890265412
121,117.61,17,117.62,08:01:34.941829150
121,117.61,15,117.62,08:01:34.942007310
120,117.61,15,117.62,08:01:34.942068209
121,117.61,15,117.62,08:01:34.942138023
122,117.61,15,117.62,08:01:34.942302976
112,117.61,15,117.62,08:01:35.263175913
112,117.61,14,117.62,08:01:35.263191929
112,117.61,12,117.62,08:01:35.263191929
112,117.61,5,117.62,08:01:35.263263241
113,117.61,5,117.62,08:01:35.263492924
113,117.61,13,117.62,08:01:35.303502708
113,117.61,15,117.62,08:01:35.303664669
113,117.61,27,117.62,08:01:35.303822189
112,117.61,27,117.62,08:01:35.304000771
111,117.61,27,117.62,08:01:36.751069783
110,117.61,27,117.62,08:01:36.764311611
109,117.61,27,117.62,08:01:36.832597858
109,117.61,28,117.62,08:01:36.832794204
109,117.61,26,117.62,08:01:37.079131514
109,117.61,14,117.62,08:01:37.079270127
110,117.61,14,117.62,08:01:37.079402852
110,117.61,6,117.62,08:01:37.080144024
112,117.61,6,117.62,08:01:37.080278672
112,117.61,7,117.62,08:01:37.081009893
106,117.61,7,117.62,08:01:37.081257247
106,117.61,6,117.62,08:01:37.083325734
106,117.61,7,117.62,08:01:37.586543610
106,117.61,8,117.62,08:01:37.614419209
106,117.61,15,117.62,08:01:37.614579143
106,117.61,20,117.62,08:01:37.614681453
106,117.61,22,117.62,08:01:37.614752755
105,117.61,22,117.62,08:01:37.683664398
105,117.61,21,117.62,08:01:37.984998714
106,117.61,21,117.62,08:01:37.985069137
106,117.61,20,117.62,08:01:37.985069137
110,117.61,20,117.62,08:01:37.985214011
110,117.61,18,117.62,08:01:37.985374760
110,117.61,13,117.62,08:01:37.985552590
110,117.61,6,117.62,08:01:37.986164481
106,117.61,6,117.62,08:01:38.536751724
106,117.61,5,117.62,08:01:39.066921576
106,117.61,1,117.62,08:01:39.066921576
106,117.61,81,117.63,08:01:39.066936843
2,117.62,81,117.63,08:01:39.066995976
3,117.62,81,117.63,08:01:39.067143535
1,117.62,81,117.63,08:01:39.067220171
1,117.62,77,117.63,08:01:39.067220171
3,117.62,77,117.63,08:01:39.067435854
4,117.62,77,117.63,08:01:39.067617691
2,117.62,77,117.63,08:01:39.067617691
4,117.62,77,117.63,08:01:39.067734481
4,117.62,70,117.63,08:01:39.067885889
5,117.62,70,117.63,08:01:39.068068190
3,117.62,70,117.63,08:01:39.068361478
2,117.62,70,117.63,08:01:39.068506333
1,117.62,70,117.63,08:01:39.069240685
2,117.62,70,117.63,08:01:39.069382483
1,117.62,70,117.63,08:01:39.070588456
106,117.61,70,117.63,08:01:39.070893877
2,117.62,70,117.63,08:01:39.079751606
4,117.62,70,117.63,08:01:39.079920956
5,117.62,70,117.63,08:01:39.079992140
6,117.62,70,117.63,08:01:39.080068956
8,117.62,70,117.63,08:01:39.080184982
9,117.62,70,117.63,08:01:39.088917747
8,117.62,70,117.63,08:01:39.089062334
6,117.62,70,117.63,08:01:39.089206858
5,117.62,70,117.63,08:01:39.089352996
6,117.62,70,117.63,08:01:39.130962756
7,117.62,70,117.63,08:01:39.146606964
8,117.62,70,117.63,08:01:39.146789538
10,117.62,70,117.63,08:01:39.146851247
12,117.62,70,117.63,08:01:39.261125071
19,117.62,70,117.63,08:01:39.637384377
24,117.62,70,117.63,08:01:39.637449494
24,117.62,69,117.63,08:01:39.638491937
25,117.62,69,117.63,08:01:39.646516227
28,117.62,69,117.63,08:01:39.646783795
27,117.62,69,117.63,08:01:39.647188691
20,117.62,69,117.63,08:01:39.847914720
15,117.62,69,117.63,08:01:39.847974876
13,117.62,69,117.63,08:01:39.848167567
10,117.62,69,117.63,08:01:39.848167567
8,117.62,69,117.63,08:01:39.848338895
7,117.62,69,117.63,08:01:39.848506412
8,117.62,69,117.63,08:01:39.852285352
11,117.62,69,117.63,08:01:39.852466466
10,117.62,69,117.63,08:01:40.233883939
9,117.62,69,117.63,08:01:40.233982295
8,117.62,69,117.63,08:01:40.234089379
6,117.62,69,117.63,08:01:40.234199664
3,117.62,69,117.63,08:01:40.234979398
4,117.62,69,117.63,08:01:40.237509491
5,117.62,69,117.63,08:01:40.237648800
4,117.62,69,117.63,08:01:40.238397260
3,117.62,69,117.63,08:01:40.238684283
1,117.62,69,117.63,08:01:40.304153587
2,117.62,69,117.63,08:01:40.429996542
1,117.62,69,117.63,08:01:40.432305929
2,117.62,69,117.63,08:01:40.432480261
3,117.62,69,117.63,08:01:40.432669479
4,117.62,69,117.63,08:01:40.448046093
6,117.62,69,117.63,08:01:40.451149699
5,117.62,69,117.63,08:01:40.501855534
4,117.62,69,117.63,08:01:40.501918855
5,117.62,69,117.63,08:01:40.502125765
6,117.62,69,117.63,08:01:40.503363271
5,117.62,69,117.63,08:01:40.508608360
4,117.62,69,117.63,08:01:40.511138016
5,117.62,69,117.63,08:01:40.516481582
4,117.62,69,117.63,08:01:40.575458644
5,117.62,69,117.63,08:01:40.585853780
4,117.62,69,117.63,08:01:40.619842418
6,117.62,69,117.63,08:01:40.671058463
4,117.62,69,117.63,08:01:40.741092581
2,117.62,69,117.63,08:01:40.751659736
1,117.62,69,117.63,08:01:40.828150298
85,117.61,69,117.63,08:01:40.828334253
89,117.61,69,117.63,08:01:40.931251937
2,117.62,69,117.63,08:01:40.931657899
3,117.62,69,117.63,08:01:40.931843844
4,117.62,69,117.63,08:01:40.931920973
5,117.62,69,117.63,08:01:40.932026330
4,117.62,69,117.63,08:01:40.941977943
5,117.62,69,117.63,08:01:40.962379518
6,117.62,69,117.63,08:01:40.962525390
8,117.62,69,117.63,08:01:40.999297346
10,117.62,69,117.63,08:01:40.999360626
17,117.62,69,117.63,08:01:41.013508335
22,117.62,69,117.63,08:01:41.013612690
23,117.62,69,117.63,08:01:41.073222807
25,117.62,69,117.63,08:01:41.073411690
26,117.62,69,117.63,08:01:41.248502584
27,117.62,69,117.63,08:01:41.248682542
27,117.62,68,117.63,08:01:41.345997069
27,117.62,67,117.63,08:01:41.346065879
27,117.62,65,117.63,08:01:41.346065879
28,117.62,65,117.63,08:01:41.346202471
28,117.62,56,117.63,08:01:41.350571013
29,117.62,56,117.63,08:01:41.350743267
28,117.62,56,117.63,08:01:41.354820879
27,117.62,56,117.63,08:01:41.736383021
20,117.62,56,117.63,08:01:41.736552893
15,117.62,56,117.63,08:01:41.736615926
14,117.62,56,117.63,08:01:41.736767184
12,117.62,56,117.63,08:01:41.736842883
12,117.62,64,117.63,08:01:41.736983353
10,117.62,64,117.63,08:01:41.737057947
10,117.62,67,117.63,08:01:41.737163707
8,117.62,67,117.63,08:01:41.739046963
7,117.62,67,117.63,08:01:41.739933199
6,117.62,67,117.63,08:01:41.740082531
5,117.62,67,117.63,08:01:41.740220800
6,117.62,67,117.63,08:01:41.743407738
7,117.62,67,117.63,08:01:41.743574044
9,117.62,67,117.63,08:01:41.835641697
10,117.62,67,117.63,08:01:41.840434855
12,117.62,67,117.63,08:01:41.873131721
12,117.62,64,117.63,08:01:41.877599368
22,117.62,64,117.63,08:01:41.877761310
23,117.62,64,117.63,08:01:41.877967251
13,117.62,64,117.63,08:01:41.905820644
14,117.62,64,117.63,08:01:42.433204194
15,117.62,64,117.63,08:01:42.433404594
13,117.62,64,117.63,08:01:43.834641333
12,117.62,64,117.63,08:01:43.834778401
11,117.62,64,117.63,08:01:43.834792821
10,117.62,64,117.63,08:01:43.834792821
9,117.62,64,117.63,08:01:43.834792821
8,117.62,64,117.63,08:01:43.834792821
6,117.62,64,117.63,08:01:43.834998609
5,117.62,64,117.63,08:01:43.835019195
3,117.62,64,117.63,08:01:43.835019195
2,117.62,64,117.63,08:01:43.835019195
1,117.62,64,117.63,08:01:43.835019195
89,117.61,64,117.63,08:01:43.835019195
89,117.61,35,117.62,08:01:43.835019195
89,117.61,33,117.62,08:01:43.835181441
89,117.61,34,117.62,08:01:43.835181441
88,117.61,34,117.62,08:01:43.835214222
87,117.61,34,117.62,08:01:43.835232406
87,117.61,36,117.62,08:01:43.835232406
77,117.61,36,117.62,08:01:43.835337985
77,117.61,37,117.62,08:01:43.835602254
95,117.61,37,117.62,08:01:43.835966774
93,117.61,37,117.62,08:01:44.421468540
92,117.61,37,117.62,08:01:44.421801643
92,117.61,40,117.62,08:01:44.421993556
92,117.61,48,117.62,08:01:44.421993556
88,117.61,48,117.62,08:01:44.421993556
87,117.61,48,117.62,08:01:44.421993556
85,117.61,48,117.62,08:01:44.422008510
84,117.61,48,117.62,08:01:44.422008510
79,117.61,48,117.62,08:01:44.422008510
73,117.61,48,117.62,08:01:44.422008510
72,117.61,48,117.62,08:01:44.422008510
71,117.61,48,117.62,08:01:44.422008510
69,117.61,48,117.62,08:01:44.422023874
68,117.61,48,117.62,08:01:44.422023874
67,117.61,48,117.62,08:01:44.422023874
64,117.61,48,117.62,08:01:44.422023874
55,117.61,48,117.62,08:01:44.422023874
53,117.61,48,117.62,08:01:44.422366199
52,117.61,48,117.62,08:01:44.422379297
50,117.61,48,117.62,08:01:44.422395201
46,117.61,48,117.62,08:01:44.422415197
28,117.61,48,117.62,08:01:44.422428833
28,117.61,52,117.62,08:01:44.422579760
22,117.61,52,117.62,08:01:44.422610487
21,117.61,52,117.62,08:01:44.422623886
20,117.61,52,117.62,08:01:44.422639399
16,117.61,52,117.62,08:01:44.422652842
12,117.61,52,117.62,08:01:44.422670903
12,117.61,57,117.62,08:01:44.422687664
12,117.61,58,117.62,08:01:44.422687664
7,117.61,58,117.62,08:01:44.423004608
5,117.61,58,117.62,08:01:44.423018432
3,117.61,58,117.62,08:01:44.423032055
1,117.61,58,117.62,08:01:44.423047415
1,117.61,64,117.62,08:01:44.423078218
1,117.61,69,117.62,08:01:44.423093286
1,117.61,73,117.62,08:01:44.423109277
69,117.6,73,117.62,08:01:44.423130317
69,117.6,81,117.62,08:01:44.423130317
69,117.6,7,117.61,08:01:44.423389474
69,117.6,18,117.61,08:01:44.423455480
69,117.6,23,117.61,08:01:44.423455480
69,117.6,24,117.61,08:01:44.423468063
69,117.6,25,117.61,08:01:44.423502374
67,117.6,25,117.61,08:01:44.423534822
67,117.6,33,117.61,08:01:44.423534822
67,117.6,35,117.61,08:01:44.423942229
67,117.6,39,117.61,08:01:44.423942229
67,117.6,38,117.61,08:01:44.423965440
61,117.6,38,117.61,08:01:44.423984479
61,117.6,41,117.61,08:01:44.424073469
61,117.6,42,117.61,08:01:44.424092367
61,117.6,47,117.61,08:01:44.424092367
59,117.6,47,117.61,08:01:44.424092367
61,117.6,47,117.61,08:01:44.424116182
61,117.6,49,117.61,08:01:44.424116182
60,117.6,49,117.61,08:01:44.424134630
61,117.6,49,117.61,08:01:44.424151711
61,117.6,41,117.61,08:01:44.424151711
60,117.6,41,117.61,08:01:44.424191471
52,117.6,41,117.61,08:01:44.424220903
53,117.6,41,117.61,08:01:44.424220903
49,117.6,41,117.61,08:01:44.424220903
48,117.6,41,117.61,08:01:44.424220903
48,117.6,40,117.61,08:01:44.424252324
47,117.6,40,117.61,08:01:44.424252324
88,117.6,40,117.61,08:01:44.424252324
84,117.6,40,117.61,08:01:44.424252324
88,117.6,40,117.61,08:01:44.424253285
89,117.6,40,117.61,08:01:44.424270027
89,117.6,44,117.61,08:01:44.424270027
88,117.6,44,117.61,08:01:44.424270027
84,117.6,44,117.61,08:01:44.424465321
83,117.6,44,117.61,08:01:44.424701967
82,117.6,44,117.61,08:01:44.424701967
83,117.6,44,117.61,08:01:44.424892895
83,117.6,40,117.61,08:01:44.425469803
82,117.6,40,117.61,08:01:44.425817511
82,117.6,38,117.61,08:01:44.425817511
82,117.6,32,117.61,08:01:44.425902168
83,117.6,32,117.61,08:01:44.426053043
83,117.6,31,117.61,08:01:44.426202862
83,117.6,32,117.61,08:01:44.426379038
83,117.6,34,117.61,08:01:44.426516849
83,117.6,37,117.61,08:01:44.426586119
83,117.6,35,117.61,08:01:44.427843174
83,117.6,34,117.61,08:01:44.428003145
83,117.6,35,117.61,08:01:44.428496584
83,117.6,37,117.61,08:01:44.428568612
83,117.6,39,117.61,08:01:44.428634650
82,117.6,39,117.61,08:01:44.428860779
82,117.6,37,117.61,08:01:44.429224629
82,117.6,39,117.61,08:01:44.429351963
82,117.6,41,117.61,08:01:44.430844998
75,117.6,41,117.61,08:01:44.431671545
74,117.6,41,117.61,08:01:44.432588381
61,117.6,41,117.61,08:01:44.432844980
61,117.6,51,117.61,08:01:44.432988598
61,117.6,52,117.61,08:01:44.433064363
61,117.6,59,117.61,08:01:44.433192087
58,117.6,59,117.61,08:01:44.433388528
54,117.6,59,117.61,08:01:44.433851768
45,117.6,59,117.61,08:01:44.434019884
38,117.6,59,117.61,08:01:44.434468112
33,117.6,59,117.61,08:01:44.434468112
29,117.6,59,117.61,08:01:44.434584831
28,117.6,59,117.61,08:01:44.435557856
29,117.6,59,117.61,08:01:44.435633266
30,117.6,59,117.61,08:01:44.435767832
31,117.6,59,117.61,08:01:44.441109731
36,117.6,59,117.61,08:01:44.441273750
36,117.6,52,117.61,08:01:44.441370857
36,117.6,42,117.61,08:01:44.441965426
39,117.6,42,117.61,08:01:44.441965426
40,117.6,42,117.61,08:01:44.442140012
40,117.6,40,117.61,08:01:44.442140012
41,117.6,40,117.61,08:01:44.442214053
42,117.6,40,117.61,08:01:44.442214053
41,117.6,40,117.61,08:01:44.442448010
41,117.6,37,117.61,08:01:44.442448010
42,117.6,37,117.61,08:01:44.443635063
42,117.6,35,117.61,08:01:44.444203666
41,117.6,35,117.61,08:01:44.445243167
41,117.6,37,117.61,08:01:44.445440040
41,117.6,39,117.61,08:01:44.445824815
41,117.6,40,117.61,08:01:44.446020558
41,117.6,38,117.61,08:01:44.446470142
41,117.6,39,117.61,08:01:44.447495290
41,117.6,41,117.61,08:01:44.448666553
41,117.6,42,117.61,08:01:44.450222800
40,117.6,42,117.61,08:01:44.450870509
40,117.6,41,117.61,08:01:44.451459577
37,117.6,41,117.61,08:01:44.451876124
37,117.6,42,117.61,08:01:44.453045307
37,117.6,47,117.61,08:01:44.453254987
36,117.6,47,117.61,08:01:44.453482552
35,117.6,47,117.61,08:01:44.454655292
35,117.6,42,117.61,08:01:44.457054155
35,117.6,44,117.61,08:01:44.457238123
35,117.6,48,117.61,08:01:44.458466585
35,117.6,49,117.61,08:01:44.458669241
34,117.6,49,117.61,08:01:44.459986590
29,117.6,49,117.61,08:01:44.460136878
29,117.6,57,117.61,08:01:44.465611068
29,117.6,62,117.61,08:01:44.465843221
29,117.6,54,117.61,08:01:44.468001396
30,117.6,54,117.61,08:01:44.472963138
32,117.6,54,117.61,08:01:44.472963138
34,117.6,54,117.61,08:01:44.473080402
34,117.6,49,117.61,08:01:44.473857262
34,117.6,48,117.61,08:01:44.474008254
34,117.6,44,117.61,08:01:44.480127020
34,117.6,42,117.61,08:01:44.480303740
35,117.6,42,117.61,08:01:44.480495520
36,117.6,42,117.61,08:01:44.480571573
37,117.6,42,117.61,08:01:44.481026862
35,117.6,42,117.61,08:01:44.482903404
34,117.6,42,117.61,08:01:44.483147832
34,117.6,43,117.61,08:01:44.483761279
34,117.6,45,117.61,08:01:44.483932356
34,117.6,46,117.61,08:01:44.483994695
35,117.6,46,117.61,08:01:44.484146216
37,117.6,46,117.61,08:01:44.484260894
39,117.6,46,117.61,08:01:44.484638516
39,117.6,45,117.61,08:01:44.484727758
34,117.6,45,117.61,08:01:44.498687061
32,117.6,45,117.61,08:01:44.498849206
31,117.6,45,117.61,08:01:44.500281855
31,117.6,44,117.61,08:01:44.502475783
31,117.6,43,117.61,08:01:44.503062848
39,117.6,43,117.61,08:01:44.503248336
39,117.6,42,117.61,08:01:44.503248336
39,117.6,40,117.61,08:01:44.503455555
40,117.6,40,117.61,08:01:44.503531980
40,117.6,39,117.61,08:01:44.503670944
40,117.6,38,117.61,08:01:44.504082252
40,117.6,39,117.61,08:01:44.504226866
32,117.6,39,117.61,08:01:44.510468534
32,117.6,41,117.61,08:01:44.510636220
32,117.6,39,117.61,08:01:44.511616634
32,117.6,38,117.61,08:01:44.511854274
40,117.6,38,117.61,08:01:44.512596714
40,117.6,36,117.61,08:01:44.513212112
40,117.6,37,117.61,08:01:44.514485721
40,117.6,38,117.61,08:01:44.514583823
40,117.6,39,117.61,08:01:44.519118683
40,117.6,38,117.61,08:01:44.521482310
40,117.6,37,117.61,08:01:44.521621068
40,117.6,38,117.61,08:01:44.537975981
40,117.6,39,117.61,08:01:44.538038448
40,117.6,40,117.61,08:01:44.538185113
40,117.6,39,117.61,08:01:44.538707410
40,117.6,40,117.61,08:01:44.541056380
32,117.6,40,117.61,08:01:44.541331162
32,117.6,41,117.61,08:01:44.542096684
32,117.6,51,117.61,08:01:44.542274383
32,117.6,55,117.61,08:01:44.542356402
32,117.6,56,117.61,08:01:44.542423631
31,117.6,56,117.61,08:01:44.542848058
30,117.6,56,117.61,08:01:44.542921467
28,117.6,56,117.61,08:01:44.542921467
28,117.6,58,117.61,08:01:44.543041672
27,117.6,58,117.61,08:01:44.545638492
25,117.6,58,117.61,08:01:44.570261935
26,117.6,58,117.61,08:01:44.570612709
28,117.6,58,117.61,08:01:44.570738510
30,117.6,58,117.61,08:01:44.571075413
31,117.6,58,117.61,08:01:44.571075413
38,117.6,58,117.61,08:01:44.571135070
42,117.6,58,117.61,08:01:44.571208497
42,117.6,54,117.61,08:01:44.571282320
42,117.6,53,117.61,08:01:44.571520413
42,117.6,43,117.61,08:01:44.571520413
42,117.6,42,117.61,08:01:44.571656993
42,117.6,41,117.61,08:01:44.630652094
42,117.6,40,117.61,08:01:44.630732586
42,117.6,38,117.61,08:01:44.630836753
42,117.6,37,117.61,08:01:44.637935152
42,117.6,38,117.61,08:01:44.638089687
42,117.6,39,117.61,08:01:44.643901770
40,117.6,39,117.61,08:01:44.766623703
40,117.6,40,117.61,08:01:44.775989656
36,117.6,40,117.61,08:01:44.776180977
29,117.6,40,117.61,08:01:44.776180977
29,117.6,41,117.61,08:01:44.776246920
29,117.6,42,117.61,08:01:44.776359527
29,117.6,44,117.61,08:01:44.776429496
29,117.6,54,117.61,08:01:44.776537687
29,117.6,55,117.61,08:01:45.016250219
30,117.6,55,117.61,08:01:45.093734455
33,117.6,55,117.61,08:01:45.093897437
33,117.6,54,117.61,08:01:45.095135260
33,117.6,53,117.61,08:01:45.098386658
30,117.6,53,117.61,08:01:45.289768165
30,117.6,54,117.61,08:01:45.289928898
30,117.6,53,117.61,08:01:45.376429724
40,117.6,53,117.61,08:01:45.377575707
30,117.6,53,117.61,08:01:45.379243263
30,117.6,54,117.61,08:01:45.379517563
30,117.6,53,117.61,08:01:45.381671319
30,117.6,52,117.61,08:01:45.385974803
30,117.6,51,117.61,08:01:45.386045990
31,117.6,51,117.61,08:01:45.386114870
31,117.6,41,117.61,08:01:45.386254652
31,117.6,40,117.61,08:01:45.386324626
31,117.6,41,117.61,08:01:45.386399026
39,117.6,41,117.61,08:01:45.386465295
38,117.6,41,117.61,08:01:45.386535572
38,117.6,40,117.61,08:01:45.387183944
38,117.6,38,117.61,08:01:45.388236358
38,117.6,35,117.61,08:01:45.388880515
38,117.6,36,117.61,08:01:45.389129170
39,117.6,36,117.61,08:01:45.390283186
39,117.6,34,117.61,08:01:45.390499051
39,117.6,32,117.61,08:01:45.390640427
39,117.6,27,117.61,08:01:45.396545990
39,117.6,26,117.61,08:01:45.396707100
39,117.6,28,117.61,08:01:45.397270292
39,117.6,29,117.61,08:01:45.397353903
38,117.6,29,117.61,08:01:45.397413899
38,117.6,30,117.61,08:01:45.398872393
38,117.6,29,117.61,08:01:45.405656676
38,117.6,30,117.61,08:01:45.405817679
38,117.6,29,117.61,08:01:45.432480929
38,117.6,28,117.61,08:01:45.432763464
38,117.6,27,117.61,08:01:45.432763464
38,117.6,29,117.61,08:01:45.461591597
38,117.6,30,117.61,08:01:45.461770784
38,117.6,31,117.61,08:01:45.461908877
43,117.6,31,117.61,08:01:45.481708961
43,117.6,30,117.61,08:01:45.481871953
46,117.6,30,117.61,08:01:45.481933207
46,117.6,28,117.61,08:01:45.482034784
56,117.6,28,117.61,08:01:45.482280957
56,117.6,27,117.61,08:01:45.482390985
56,117.6,23,117.61,08:01:45.593435139
56,117.6,21,117.61,08:01:45.593538444
53,117.6,21,117.61,08:01:45.593719641
53,117.6,22,117.61,08:01:45.593966529
53,117.6,23,117.61,08:01:45.594089953
53,117.6,22,117.61,08:01:45.638817441
63,117.6,22,117.61,08:01:45.638940662
63,117.6,21,117.61,08:01:45.639133660
64,117.6,21,117.61,08:01:45.639133660
63,117.6,21,117.61,08:01:45.639289157
63,117.6,20,117.61,08:01:45.689033120
64,117.6,20,117.61,08:01:45.689197751
67,117.6,20,117.61,08:01:45.689409050
67,117.6,9,117.61,08:01:45.689562567
67,117.6,8,117.61,08:01:45.689792386
68,117.6,8,117.61,08:01:45.689874476
68,117.6,6,117.61,08:01:45.689874476
68,117.6,1,117.61,08:01:45.690023478
70,117.6,1,117.61,08:01:45.690180653
70,117.6,74,117.62,08:01:45.690403941
5,117.61,74,117.62,08:01:45.690403941
