price,volume,timestamp
117.64,3,08:00:00.008512922
117.64,1,08:00:00.008512922
117.64,1,08:00:00.008584148
117.63,1,08:00:03.348145218
117.63,1,08:00:03.348171201
117.63,3,08:00:03.348171201
117.63,5,08:00:03.348477707
117.63,3,08:00:03.348505739
117.63,4,08:00:03.348505739
117.63,1,08:00:03.348530520
117.63,3,08:00:03.348560535
117.63,1,08:00:03.348588062
117.63,2,08:00:03.348588062
117.63,1,08:00:03.348616605
117.63,1,08:00:03.348901214
117.63,1,08:00:03.371973768
117.63,1,08:00:03.372068196
117.63,1,08:00:03.372083041
117.63,3,08:00:03.372083041
117.63,1,08:00:03.484244099
117.63,1,08:00:03.484358351
117.63,1,08:00:03.484374306
117.63,2,08:00:03.484374306
117.63,2,08:00:15.929311122
117.63,11,08:00:15.929325682
117.63,1,08:00:15.929325682
117.63,3,08:00:15.929325682
117.63,2,08:00:15.929325682
117.63,1,08:00:15.929340748
117.63,3,08:00:15.929340748
117.63,9,08:00:15.929749242
117.63,13,08:00:15.929909432
117.64,1,08:00:20.647061599
117.64,10,08:00:36.006681212
117.64,1,08:00:36.006681212
117.64,1,08:00:36.006791644
117.64,3,08:00:36.006811148
117.64,1,08:00:36.006811148
117.64,2,08:00:36.028281007
117.64,3,08:00:36.028379013
117.64,1,08:00:36.028395310
117.64,1,08:00:36.109335555
117.64,10,08:00:36.109567437
117.64,2,08:00:36.109657759
117.64,1,08:00:36.109674050
117.64,1,08:00:36.145380853
117.64,4,08:00:36.145926154
117.63,1,08:00:47.158704260
117.63,2,08:00:47.159033187
117.63,2,08:00:47.159207239
117.63,2,08:00:47.159226612
117.63,1,08:00:47.159226612
117.63,5,08:00:47.159242800
117.63,2,08:00:47.159242800
117.63,1,08:00:47.159242800
117.63,1,08:00:47.159493313
117.63,2,08:00:47.159493313
117.63,1,08:00:47.353174337
117.63,1,08:00:47.390379102
117.64,1,08:00:49.467965954
117.64,6,08:00:49.467965954
117.64,1,08:00:49.468104776
117.64,1,08:00:49.468120047
117.64,50,08:00:49.468120047
117.64,3,08:00:49.468120047
117.64,1,08:00:49.468369384
117.64,2,08:00:49.468384018
117.64,2,08:00:49.468398468
117.64,10,08:00:49.468398468
117.64,1,08:00:49.468497213
117.64,1,08:00:49.468532168
117.64,6,08:00:49.468532168
117.64,2,08:00:49.468532168
117.64,1,08:00:49.489575336
117.64,1,08:00:52.278748792
117.64,2,08:00:52.278748792
117.64,1,08:00:52.278920427
117.64,1,08:00:52.278944094
117.64,2,08:00:52.278944094
117.64,1,08:00:53.652924679
117.64,1,08:00:57.396346898
117.64,1,08:00:59.655394035
117.64,2,08:01:00.084673252
117.64,2,08:01:00.284190279
117.64,1,08:01:01.170392017
117.64,1,08:01:01.170492106
117.64,4,08:01:01.170512852
117.64,2,08:01:01.170512852
117.64,1,08:01:01.171490201
117.64,2,08:01:01.437543720
117.64,2,08:01:01.925156485
117.64,5,08:01:01.925242354
117.64,1,08:01:01.925260517
117.64,1,08:01:02.184298833
117.64,1,08:01:02.184780749
117.64,2,08:01:03.039862674
117.64,1,08:01:05.812407159
117.64,1,08:01:05.812543670
117.64,3,08:01:05.813338281
117.64,1,08:01:05.813338281
117.63,3,08:01:08.544007794
117.63,1,08:01:08.544007794
117.63,8,08:01:08.544355302
117.63,2,08:01:08.544564322
117.63,1,08:01:08.544702597
117.63,4,08:01:08.544724873
117.63,1,08:01:08.544724873
117.63,2,08:01:08.746182319
117.63,2,08:01:11.500015166
117.63,1,08:01:16.466325239
117.62,5,08:01:31.992309476
117.62,1,08:01:31.992309476
117.62,1,08:01:31.992599716
117.62,1,08:01:31.992614734
117.62,2,08:01:31.992614734
117.62,1,08:01:31.992628148
117.62,1,08:01:31.992641572
117.62,1,08:01:31.992655034
117.62,3,08:01:31.992783108
117.62,1,08:01:31.992796983
117.62,1,08:01:31.992813060
117.62,2,08:01:31.992813060
117.62,1,08:01:31.992828170
117.62,8,08:01:31.992828170
117.62,8,08:01:31.993059898
117.62,10,08:01:31.993074193
117.62,11,08:01:31.993074193
117.62,2,08:01:31.993087498
117.62,2,08:01:31.993102551
117.62,8,08:01:32.011414444
117.62,7,08:01:32.011414444
117.62,7,08:01:32.025351411
117.62,2,08:01:32.025578460
117.62,3,08:01:32.025595734
117.62,1,08:01:32.025595734
117.62,5,08:01:32.025595734
117.62,1,08:01:33.028431722
117.62,1,08:01:33.028900442
117.62,1,08:01:33.037273637
117.62,1,08:01:33.037365237
117.62,1,08:01:33.037383324
117.62,2,08:01:33.037383324
117.62,1,08:01:33.065721771
117.62,1,08:01:33.204158785
117.62,8,08:01:34.235472833
117.62,2,08:01:34.235472833
117.62,1,08:01:34.235550193
117.62,2,08:01:34.235566119
117.62,4,08:01:34.235566119
117.62,1,08:01:34.378448167
117.62,1,08:01:35.263191929
117.62,2,08:01:35.263191929
117.62,7,08:01:35.263263241
117.62,1,08:01:39.066921576
117.62,4,08:01:39.066921576
117.62,1,08:01:39.066936843
117.62,2,08:01:43.834641333
117.62,1,08:01:43.834778401
117.62,1,08:01:43.834792821
117.62,2,08:01:43.834998609
117.62,1,08:01:43.835019195
117.62,2,08:01:43.835019195
117.62,2,08:01:43.835181441
117.61,2,08:01:44.421468540
117.61,1,08:01:44.421801643
117.61,1,08:01:44.421993556
117.61,6,08:01:44.422008510
117.61,1,08:01:44.422008510
117.61,5,08:01:44.422008510
117.61,2,08:01:44.422008510
117.61,2,08:01:44.422023874
117.61,1,08:01:44.422023874
117.61,3,08:01:44.422023874
117.61,9,08:01:44.422023874
117.61,2,08:01:44.422366199
117.61,1,08:01:44.422379297
117.61,2,08:01:44.422395201
117.61,4,08:01:44.422415197
117.61,18,08:01:44.422428833
117.61,6,08:01:44.422610487
117.61,1,08:01:44.422623886
117.61,1,08:01:44.422639399
117.61,4,08:01:44.422652842
117.61,4,08:01:44.422670903
117.61,5,08:01:44.423004608
117.61,2,08:01:44.423018432
117.61,2,08:01:44.423032055
117.61,2,08:01:44.423047415
117.61,1,08:01:44.423965440
117.61,1,08:01:45.690403941
117.62,1,08:01:50.211828970
117.63,8,08:01:50.531497226
117.63,5,08:01:50.531497226
117.63,2,08:01:50.556152372
117.63,1,08:01:50.556932220
117.63,1,08:02:00.129390191
117.63,1,08:02:00.129924238
117.63,1,08:02:00.130047891
117.63,5,08:02:00.130047891
117.63,1,08:02:00.130150081
117.62,2,08:02:06.836653203
117.62,5,08:02:06.836803020
117.62,1,08:02:06.836822962
117.62,2,08:02:06.836822962
117.62,7,08:02:06.837038491
117.62,1,08:02:06.837057532
117.62,2,08:02:06.837057532
117.62,1,08:02:06.837075358
117.62,1,08:02:06.837802404
117.62,2,08:02:06.849041008
117.62,1,08:02:06.849129741
117.63,9,08:02:08.075878118
117.63,3,08:02:08.075899062
117.63,10,08:02:08.075899062
117.63,1,08:02:08.075899062
117.63,2,08:02:08.075899062
117.63,2,08:02:08.075913000
117.63,1,08:02:08.075913000
117.63,1,08:02:08.076298725
117.63,2,08:02:08.076324226
117.63,11,08:02:08.076324226
117.63,5,08:02:08.076774786
117.64,1,08:02:14.254586656
117.63,1,08:02:16.016037291
117.63,2,08:02:18.672589002
117.63,1,08:02:18.672589002
117.63,5,08:02:18.672696456
117.63,2,08:02:18.672696456
117.63,1,08:02:18.673094151
117.63,2,08:02:18.673094151
117.63,4,08:02:18.673429860
117.63,1,08:02:18.673515088
117.63,1,08:02:18.673534390
117.63,8,08:02:18.673916966
117.63,1,08:02:18.674302649
117.64,4,08:02:25.774785323
117.64,2,08:02:25.774931741
117.64,8,08:02:25.774946740
117.64,1,08:02:25.774946740
117.64,2,08:02:25.774946740
117.64,2,08:02:25.775162320
117.64,1,08:02:25.775177617
117.64,2,08:02:25.775177617
117.64,3,08:02:25.775177617
117.64,5,08:02:25.775177617
117.64,1,08:02:25.775315402
117.64,1,08:02:25.775757721
117.64,1,08:02:25.776742943
117.64,4,08:02:39.902413821
117.64,1,08:02:39.902413821
117.64,1,08:02:39.902546724
117.64,2,08:02:39.902562890
117.64,1,08:02:39.902562890
117.64,8,08:02:39.902562890
117.64,2,08:02:39.902775175
117.64,1,08:02:39.902790493
117.64,1,08:02:39.902925646
117.64,2,08:02:39.927038756
117.64,14,08:02:39.949551446
117.64,5,08:02:39.949794505
117.64,2,08:02:39.998869765
117.64,1,08:02:40.050649061
117.64,1,08:02:40.122228906
117.64,6,08:02:40.122228906
117.64,1,08:02:40.178400859
117.64,2,08:02:40.200537666
117.64,2,08:02:40.221683019
117.63,4,08:02:49.174916847
117.63,1,08:02:49.175030821
117.63,1,08:02:49.175045001
117.63,4,08:02:49.175045001
117.63,2,08:02:49.175045001
117.63,2,08:02:49.175284447
117.63,1,08:02:49.175300046
117.63,8,08:02:49.175300046
117.63,2,08:03:00.083309705
117.63,1,08:03:00.083564591
117.63,1,08:03:00.212196431
117.63,4,08:03:00.212196431
117.63,3,08:03:00.237749033
117.63,1,08:03:00.284970566
117.63,1,08:03:00.285040492
117.62,3,08:03:02.712075770
117.62,2,08:03:02.712089271
117.62,1,08:03:02.712187923
117.62,1,08:03:02.712203825
117.62,4,08:03:02.712203825
117.62,1,08:03:02.712219302
117.62,4,08:03:02.712219302
117.62,1,08:03:02.712661611
117.62,2,08:03:05.345577294
117.63,1,08:03:08.180884851
117.63,3,08:03:08.180995596
117.63,1,08:03:08.181011724
117.63,1,08:03:08.181370827
117.63,1,08:03:08.181475129
117.63,2,08:03:15.708703183
117.63,2,08:03:15.709215063
117.63,1,08:03:15.709391979
117.63,1,08:03:16.373483905
117.63,1,08:03:16.475545899
117.63,8,08:03:18.941540973
117.63,2,08:03:18.941540973
117.63,1,08:03:18.941540973
117.63,2,08:03:18.941554678
117.63,2,08:03:18.941637974
117.63,2,08:03:18.941655324
117.63,1,08:03:18.941655324
117.62,1,08:03:25.920315120
117.62,1,08:03:25.920481290
117.62,1,08:03:25.920629741
117.62,1,08:03:25.920662685
117.62,1,08:03:29.104418289
117.62,1,08:03:29.104660676
117.62,1,08:03:29.104764957
117.62,1,08:03:29.104789847
117.62,1,08:03:47.143966119
117.62,1,08:03:47.144287924
117.62,1,08:03:49.764957716
117.62,2,08:03:50.369469066
117.62,1,08:03:50.369546128
117.62,4,08:03:50.369872160
117.62,1,08:03:50.369888979
117.62,1,08:03:50.373643052
117.61,1,08:03:59.070129723
117.62,1,08:04:00.062501590
117.62,1,08:04:00.097084404
117.61,1,08:04:07.371606275
117.61,1,08:04:07.371829425
117.61,3,08:04:07.371941089
117.61,1,08:04:07.371941089
117.61,1,08:04:07.372021463
117.61,4,08:04:07.372155904
117.61,2,08:04:07.372346595
117.61,10,08:04:07.372360899
117.61,1,08:04:07.372360899
117.61,2,08:04:07.372374618
117.61,1,08:04:07.372374618
117.61,4,08:04:07.372388147
117.61,3,08:04:07.372388147
117.61,1,08:04:07.372402176
117.61,1,08:04:07.372458157
117.61,2,08:04:07.373068223
117.61,1,08:04:07.373998149
117.61,2,08:04:07.373998149
117.61,1,08:04:07.375271638
117.61,4,08:04:07.381269441
117.61,2,08:04:07.381409137
117.61,1,08:04:07.381508148
117.61,2,08:04:07.381616986
117.61,1,08:04:07.381836444
117.61,2,08:04:07.382140116
117.61,1,08:04:07.382666731
117.61,1,08:04:07.382909004
117.61,2,08:04:07.411827434
117.61,1,08:04:07.428724413
117.61,1,08:04:07.516844052
117.61,1,08:04:09.250993245
117.61,2,08:04:09.250993245
117.61,1,08:04:09.251007828
117.61,6,08:04:09.251353783
117.61,2,08:04:09.251353783
117.61,1,08:04:09.251452378
117.61,1,08:04:09.811038359
117.61,3,08:04:09.811235447
117.6,1,08:04:17.932425327
117.6,1,08:04:17.932519385
117.6,4,08:04:17.932694761
117.6,1,08:04:17.932806943
117.6,2,08:04:17.932806943
117.6,1,08:04:17.932927916
117.6,5,08:04:17.933819441
117.6,2,08:04:17.934009316
117.6,3,08:04:17.934382733
117.6,3,08:04:20.647429761
117.6,2,08:04:20.647429761
117.6,1,08:04:22.298854312
117.6,3,08:04:23.680310770
117.6,2,08:04:23.680589245
117.6,1,08:04:23.701730794
117.6,1,08:04:40.819597642
117.6,1,08:04:40.819735687
117.6,1,08:04:40.820103937
117.6,1,08:04:40.820116458
117.6,1,08:04:40.820251952
117.6,1,08:04:40.820407478
117.6,1,08:04:40.925417539
117.6,1,08:04:41.670343001
117.6,1,08:04:41.821021532
117.6,1,08:04:57.423104442
117.6,1,08:04:57.423180534
117.6,7,08:04:57.423382973
117.6,1,08:05:00.092876771
117.6,4,08:05:03.451028850
117.6,3,08:05:03.451028850
117.6,5,08:05:03.451028850
117.6,1,08:05:05.017643679
117.6,1,08:05:05.017970934
117.6,1,08:05:05.315225218
117.6,1,08:05:05.315315059
117.6,1,08:05:09.463400877
117.59,2,08:05:13.462500790
117.59,1,08:05:51.017178455
117.6,1,08:05:55.459770047
117.59,1,08:06:01.585150380
117.59,1,08:06:01.585319474
117.59,1,08:06:01.585409333
117.59,1,08:06:01.585425957
117.59,3,08:06:01.585425957
117.59,1,08:06:01.585516770
117.59,5,08:06:01.585531106
117.59,2,08:06:01.585725362
117.59,5,08:06:01.585725362
117.59,1,08:06:01.585825521
117.59,1,08:06:01.586021893
117.59,2,08:06:01.586021893
117.59,1,08:06:01.596333963
117.59,1,08:06:01.604831581
117.59,1,08:06:01.734878515
117.59,1,08:06:04.421872188
117.59,2,08:06:04.422139963
117.59,1,08:06:04.422211650
117.59,1,08:06:04.422346869
117.59,2,08:06:04.422346869
117.59,2,08:06:04.422453928
117.59,1,08:06:04.422453928
117.59,1,08:06:04.422652559
117.59,4,08:06:04.422652559
117.59,5,08:06:04.422652559
117.59,1,08:06:04.422666427
117.59,2,08:06:04.422666427
117.59,2,08:06:04.422770084
117.59,1,08:06:04.424143709
117.59,2,08:06:04.424143709
117.59,1,08:06:04.424331210
117.59,1,08:06:09.160357136
117.59,1,08:06:10.170765636
117.59,3,08:06:10.170765636
117.59,1,08:06:10.170874154
117.59,1,08:06:10.170889767
117.59,1,08:06:10.171176749
117.59,1,08:06:13.176959025
117.6,1,08:06:13.728367222
117.6,1,08:06:13.728454278
117.6,4,08:06:13.728468732
117.6,1,08:06:13.733592363
117.6,1,08:06:13.733686237
117.6,2,08:06:13.733686237
117.6,1,08:06:13.734066503
117.6,1,08:06:13.777014759
117.6,1,08:06:13.777096747
117.6,3,08:06:15.368936563
117.6,1,08:06:15.369038163
117.6,1,08:06:15.369370248
117.6,1,08:06:21.145791228
117.6,1,08:06:21.147442340
117.6,1,08:06:23.271488408
117.59,1,08:06:30.512803537
117.59,2,08:06:30.512879613
117.59,1,08:06:30.513069356
117.59,1,08:06:30.513276301
117.59,1,08:06:30.513696656
117.59,2,08:06:30.513926453
117.59,7,08:06:30.515250724
117.59,1,08:06:30.515250724
117.59,1,08:06:30.515343745
117.59,2,08:06:30.918707021
117.59,1,08:06:30.918912732
117.59,1,08:06:30.918997571
117.59,2,08:06:30.919117574
117.59,1,08:06:32.023289530
117.59,1,08:06:32.023377233
117.59,1,08:06:32.025268159
117.59,1,08:06:32.172508484
117.59,3,08:06:34.453260466
117.59,3,08:06:34.453278837
117.59,2,08:06:47.297543200
117.59,4,08:06:47.297543200
117.59,1,08:06:47.297650470
117.59,2,08:06:47.297664893
117.59,1,08:06:47.297664893
117.59,1,08:06:47.297926899
117.59,1,08:06:47.297947840
117.59,9,08:06:47.297947840
117.6,1,08:07:05.174155359
117.6,3,08:07:08.646573817
117.6,2,08:07:08.646588415
117.6,2,08:07:18.593455214
117.6,2,08:07:18.593528417
117.6,1,08:07:30.199246551
117.59,2,08:07:34.915996472
117.59,1,08:07:34.916311274
117.59,2,08:07:34.916311274
117.59,2,08:07:34.916453543
117.59,1,08:07:34.916453543
117.59,1,08:07:34.916666176
117.59,1,08:07:34.916682330
117.59,1,08:07:34.916697790
117.59,3,08:07:34.916697790
117.59,4,08:07:34.916714611
117.59,2,08:07:34.916733251
117.59,1,08:07:34.917949657
117.59,1,08:07:34.918061625
117.59,3,08:07:34.918480745
117.59,1,08:07:34.942654076
117.59,1,08:07:35.583803197
117.59,1,08:07:35.673417186
117.59,2,08:07:35.673417186
117.58,2,08:07:43.036719964
117.58,7,08:07:43.036719964
117.58,9,08:07:43.036719964
117.58,8,08:07:43.036836101
117.58,2,08:07:43.036850092
117.58,3,08:07:43.036850092
117.58,1,08:07:43.036850092
117.58,5,08:07:43.037205012
117.58,9,08:07:43.037234481
117.58,1,08:07:43.037234481
117.58,1,08:08:00.270626313
117.58,9,08:08:00.270701977
117.59,1,08:08:03.979869618
117.59,2,08:08:03.980058800
117.59,3,08:08:03.980226345
117.59,3,08:08:03.980255785
117.59,2,08:08:03.980255785
117.59,1,08:08:03.980255785
117.59,3,08:08:03.980509375
117.59,1,08:08:04.019210157
117.6,1,08:08:06.444948330
117.6,3,08:08:06.445078698
117.6,1,08:08:06.445093252
117.6,2,08:08:06.445093252
117.6,1,08:08:06.445106311
117.59,1,08:08:13.040976604
117.59,1,08:08:13.041108281
117.59,3,08:08:13.041129049
117.59,6,08:08:13.041129049
117.59,2,08:08:13.041129049
117.59,1,08:08:13.041129049
117.59,1,08:08:13.041150768
117.59,3,08:08:13.051629218
117.59,1,08:08:13.080744958
117.59,1,08:08:13.082327062
117.59,4,08:08:49.593899676
117.59,2,08:08:54.344528010
117.59,1,08:08:54.344804999
117.59,1,08:08:54.344986457
117.59,1,08:08:54.345202755
117.59,4,08:08:54.345331472
117.59,5,08:08:54.345331472
117.59,6,08:08:54.345331472
117.59,2,08:08:54.345348691
117.59,1,08:08:54.345773292
117.59,7,08:08:54.345773292
117.59,16,08:08:54.345773292
117.59,2,08:08:54.345875580
117.59,4,08:08:54.345987171
117.59,5,08:08:54.346005279
117.59,1,08:08:54.346216603
117.59,4,08:08:54.346216603
117.59,2,08:08:54.346378213
117.59,2,08:08:54.346395257
117.59,1,08:08:54.346395257
117.59,1,08:08:54.346961583
117.59,4,08:08:54.363680735
117.59,2,08:08:54.363699730
117.59,5,08:08:54.363699730
117.59,1,08:08:54.363862564
117.59,10,08:08:54.363862564
117.59,3,08:08:54.363879592
117.59,1,08:08:54.363879592
117.59,1,08:08:54.379599984
117.59,1,08:08:54.379691042
117.59,2,08:08:54.379707465
117.59,1,08:08:54.379707465
117.59,1,08:08:54.392151361
117.59,4,08:08:54.394284143
117.59,2,08:08:54.439307690
117.59,1,08:08:54.439307690
117.59,1,08:08:54.439398416
117.59,2,08:08:54.439717687
117.59,1,08:08:54.439717687
117.59,1,08:08:54.439808883
117.59,1,08:08:54.439830692
117.59,1,08:08:54.440008391
117.59,2,08:08:54.440257482
117.59,2,08:08:54.440360368
117.59,1,08:08:54.440360368
117.59,1,08:08:54.440459942
117.59,1,08:08:54.441479260
117.59,1,08:08:54.461873611
117.59,3,08:08:54.495098924
117.59,1,08:08:54.560968360
117.59,1,08:08:54.605100910
117.59,1,08:08:54.605170734
117.59,1,08:08:54.605321592
117.59,1,08:08:55.161001247
117.6,6,08:08:59.407589195
117.6,3,08:08:59.407664027
117.6,2,08:08:59.407664027
117.59,1,08:09:00.077393705
117.59,2,08:09:00.077393705
117.59,1,08:09:00.077709129
117.59,1,08:09:05.110675033
117.58,1,08:09:21.620101814
117.58,2,08:09:24.207005080
117.58,1,08:09:24.207307476
117.58,9,08:09:24.207538132
117.58,1,08:09:24.207538132
117.58,1,08:09:24.207553025
117.58,1,08:09:24.207810167
117.58,1,08:09:24.207835293
117.58,8,08:09:24.207835293
117.58,20,08:09:24.207835293
117.58,1,08:09:24.225870060
117.58,1,08:09:24.251317207
117.58,1,08:09:24.251407040
117.58,1,08:09:24.251421712
117.58,5,08:09:24.403435547
117.58,1,08:09:28.074376132
117.58,1,08:09:35.625027346
117.58,1,08:09:35.625169333
117.58,1,08:09:35.625187221
117.58,2,08:09:35.625187221
117.58,1,08:09:35.625404139
117.58,2,08:09:35.625418981
117.58,1,08:09:35.625418981
117.58,3,08:09:35.625418981
117.58,1,08:09:35.625582212
117.58,3,08:09:35.661862915
117.58,2,08:09:35.692178275
117.58,1,08:09:35.759519105
117.58,1,08:09:35.760010014
117.58,1,08:09:47.324410509
117.58,1,08:09:47.324475914
117.58,9,08:09:48.890392667
117.58,1,08:09:48.890392667
117.58,1,08:09:52.361421357
117.57,4,08:09:55.178663963
117.58,4,08:09:56.005968930
117.57,2,08:09:57.821183051
117.57,4,08:09:57.821183051
117.57,7,08:09:57.821320664
117.57,6,08:09:57.821337368
117.57,1,08:09:57.821337368
117.57,4,08:09:57.821337368
117.57,2,08:09:57.821337368
117.57,3,08:09:57.821725867
117.57,4,08:09:57.821740894
117.57,2,08:09:57.821740894
117.57,1,08:09:57.821754507
117.57,5,08:09:57.821845246
117.57,1,08:09:57.821860065
117.57,5,08:09:57.821860065
117.57,1,08:09:57.821874500
117.57,1,08:09:57.821888260
117.57,1,08:09:57.821900948
117.57,2,08:09:57.821916001
117.57,16,08:09:57.821928394
117.57,9,08:09:57.821943630
117.57,3,08:09:57.821943630
117.57,1,08:09:57.821956423
117.57,1,08:09:57.821970023
117.57,3,08:09:57.822160929
117.57,1,08:09:57.822176842
117.57,4,08:09:57.822194487
117.57,2,08:09:57.869130077
117.57,4,08:09:57.869208926
117.57,2,08:09:57.869229170
117.57,1,08:09:57.869389047
117.57,1,08:09:57.869567696
117.57,1,08:09:57.869879102
117.57,1,08:09:57.903180379
117.57,2,08:09:57.903416247
117.57,12,08:09:57.903416247
117.57,1,08:10:00.102432206
117.58,5,08:10:37.714625047
117.58,3,08:10:37.714867399
117.58,1,08:10:37.714881917
117.58,2,08:10:37.714881917
117.58,7,08:10:37.714895917
117.58,5,08:10:37.715025539
117.58,4,08:10:37.715040356
117.58,2,08:10:37.715040356
117.58,2,08:10:37.715056387
117.58,1,08:10:37.715056387
117.58,2,08:10:37.715318128
117.58,6,08:10:37.715336688
117.58,2,08:10:37.715336688
117.58,3,08:10:37.715351670
117.58,1,08:10:37.715394464
117.58,1,08:10:37.715408447
117.58,6,08:10:37.715408447
117.58,4,08:10:37.715432947
117.58,1,08:10:37.742042073
117.59,2,08:10:48.805150575
117.59,1,08:10:48.808458885
117.59,2,08:10:48.808458885
117.59,1,08:10:48.808551935
117.59,1,08:10:48.808567365
117.59,4,08:10:48.808567365
117.59,6,08:10:48.808567365
117.59,1,08:10:48.831174406
117.59,1,08:10:48.839613378
117.59,2,08:10:48.840494740
117.59,1,08:10:48.840509828
117.6,1,08:10:51.028801803
117.6,4,08:10:51.029130644
117.6,1,08:10:51.029332708
117.6,3,08:10:51.029332708
117.6,4,08:10:51.029332708
117.6,44,08:10:51.029515255
117.6,2,08:10:51.029639486
117.6,3,08:10:51.029639486
117.6,4,08:10:51.040337990
117.6,2,08:10:51.040337990
117.6,2,08:10:51.040451734
117.6,1,08:10:51.040469609
117.6,2,08:10:51.040469609
117.6,8,08:10:51.040469609
117.6,3,08:10:51.040486282
117.6,2,08:10:51.074289273
117.6,1,08:10:51.077931759
117.6,9,08:10:51.131601004
117.6,1,08:10:51.204127892
117.6,1,08:10:51.347996443
117.6,14,08:10:51.910894485
117.6,1,08:10:51.921923429
117.6,2,08:10:51.921923429
117.6,3,08:10:51.921923429
117.6,24,08:10:52.840498106
117.6,25,08:10:52.840816688
117.6,10,08:10:52.851650517
117.6,1,08:10:52.851650517
117.6,3,08:10:52.851800402
117.6,5,08:10:52.851833654
117.6,2,08:10:52.851833654
117.6,1,08:10:52.851833654
117.6,9,08:10:52.851833654
117.6,1,08:10:52.852792750
117.6,5,08:10:52.852792750
117.6,2,08:10:52.853111883
117.61,1,08:10:53.315004387
117.61,1,08:10:54.263038598
117.61,1,08:10:54.294267282
117.61,1,08:10:54.294351093
117.61,2,08:10:54.791746522
117.61,1,08:10:54.791746522
117.61,6,08:10:56.125855761
117.61,1,08:10:56.125993079
117.61,6,08:10:56.126011670
117.61,8,08:10:56.126011670
117.61,5,08:10:56.126011670
117.61,3,08:10:56.126039681
117.61,1,08:10:56.126039681
117.61,9,08:10:56.126039681
117.61,21,08:10:56.126836560
117.61,2,08:10:56.127025627
117.61,4,08:10:56.127555343
117.61,1,08:11:00.204369354
117.61,1,08:11:00.204481438
117.61,1,08:11:00.204498920
117.6,1,08:11:00.236441893
117.6,1,08:11:02.664718128
117.6,6,08:11:02.664718128
117.6,1,08:11:02.664808569
117.6,2,08:11:02.664828960
117.6,1,08:11:02.664828960
117.6,5,08:11:02.678165569
117.6,26,08:11:02.678422825
117.6,2,08:11:02.678422825
117.6,7,08:11:02.691786765
117.6,36,08:11:02.706107002
117.6,9,08:11:03.066057606
117.6,2,08:11:03.851827339
117.6,2,08:11:03.993934927
117.6,3,08:11:03.993934927
117.6,1,08:11:03.994015948
117.6,1,08:11:07.231809134
117.6,1,08:11:07.231901938
117.6,5,08:11:07.231901938
117.6,1,08:11:07.260573942
117.6,2,08:11:07.853859354
117.6,3,08:11:07.853859354
117.6,1,08:11:07.875432806
117.6,2,08:11:11.566313531
117.6,1,08:11:11.566602372
117.6,1,08:11:11.566967396
117.6,1,08:11:11.567517920
117.6,7,08:11:11.567517920
117.6,2,08:11:11.567517920
117.6,4,08:11:12.137954616
117.6,1,08:11:36.091016498
117.6,1,08:11:36.091298181
117.6,1,08:11:40.274372141
117.6,3,08:11:40.274441184
117.59,1,08:11:54.500354499
117.59,1,08:11:54.500431321
117.59,9,08:11:54.500541558
117.59,3,08:11:54.500920038
117.59,6,08:11:54.501083140
117.59,1,08:11:54.501104370
117.58,1,08:11:54.527048814
117.59,1,08:11:54.542012630
117.59,2,08:11:59.179979760
117.59,1,08:11:59.180043510
117.59,2,08:12:00.194337740
117.6,1,08:12:00.308053955
117.6,1,08:12:07.569851883
117.6,3,08:12:08.089046800
117.6,1,08:12:08.089130483
117.6,2,08:12:08.089130483
117.6,1,08:12:10.219041773
117.6,3,08:12:10.219041773
117.6,1,08:12:10.219438854
117.6,3,08:12:10.219458989
117.6,2,08:12:10.219458989
117.6,1,08:12:10.219458989
117.6,2,08:12:10.219579192
117.6,1,08:12:10.219595007
117.6,1,08:12:12.937753567
117.6,1,08:12:13.182597191
117.6,1,08:12:19.233843261
117.6,1,08:12:19.233960634
117.6,1,08:12:19.233977543
117.6,1,08:12:19.258094110
117.6,1,08:12:19.279550414
117.6,1,08:12:19.338387743
117.6,4,08:12:26.935539868
117.6,3,08:12:26.935539868
117.6,1,08:12:27.288540911
117.6,1,08:12:29.187149722
117.59,1,08:12:29.187430996
117.59,1,08:12:30.209826121
117.6,2,08:12:50.112686082
117.6,1,08:12:52.578540847
117.6,2,08:12:54.587861956
117.6,1,08:12:54.587861956
117.6,1,08:12:59.033644564
117.6,1,08:13:02.378752532
117.61,1,08:13:08.155709400
117.6,1,08:13:18.129858094
117.61,1,08:13:29.861240088
117.61,1,08:13:29.861303922
117.61,3,08:13:29.861540971
117.61,1,08:13:29.861540971
117.61,1,08:13:29.861688789
117.61,3,08:13:29.861688789
117.61,3,08:13:29.861851115
117.61,1,08:13:29.861869937
117.61,2,08:13:29.861869937
117.61,3,08:13:29.861888036
117.61,1,08:13:29.861923950
117.61,1,08:13:29.861939118
117.61,14,08:13:31.002608633
117.61,6,08:13:31.002993209
117.61,1,08:13:31.003101874
117.61,1,08:13:31.003121806
117.61,1,08:13:31.052016633
117.61,1,08:13:32.067550045
117.61,3,08:13:33.884856950
117.61,1,08:13:37.652986876
117.61,1,08:13:37.653092924
117.61,1,08:13:37.653110841
117.6,2,08:13:39.191534390
117.6,2,08:13:40.226119297
117.61,1,08:13:40.260723702
117.61,1,08:13:53.009018407
117.61,1,08:14:00.269132705
117.61,1,08:14:00.905597361
117.61,2,08:14:00.905721517
117.61,1,08:14:00.905721517
117.61,1,08:14:03.188968201
117.62,6,08:14:05.333810809
117.62,2,08:14:05.334061257
117.62,1,08:14:05.334175538
117.62,2,08:14:05.334193942
117.62,13,08:14:05.339007374
117.62,27,08:14:05.339306904
117.62,2,08:14:05.339306904
117.62,1,08:14:05.339306904
117.62,1,08:14:05.349881499
117.62,4,08:14:05.349960651
117.62,1,08:14:05.372601136
117.62,11,08:14:05.916606625
117.62,32,08:14:06.467638485
117.62,10,08:14:06.467729579
117.62,1,08:14:06.467729579
117.62,4,08:14:06.478342370
117.62,2,08:14:06.478437313
117.62,1,08:14:06.478457384
117.62,9,08:14:06.478457384
117.62,10,08:14:06.478457384
117.62,2,08:14:06.478475841
117.62,11,08:14:06.479341227
117.62,10,08:14:06.479702547
117.62,1,08:14:06.479702547
117.62,1,08:14:06.479902644
117.62,1,08:14:06.651055473
117.61,2,08:14:08.807293950
117.61,3,08:14:08.807293950
117.61,1,08:14:08.807293950
117.62,2,08:14:09.008601405
117.62,1,08:14:09.008662595
117.61,1,08:14:09.177440729
117.61,2,08:14:09.177563974
117.61,6,08:14:09.177589161
117.61,1,08:14:09.177589161
117.61,2,08:14:09.177589161
117.61,8,08:14:09.178503625
117.61,1,08:14:09.179016059
117.61,1,08:14:09.356174167
117.61,1,08:14:09.356516631
117.61,6,08:14:10.263016997
117.62,8,08:14:12.388683193
117.62,4,08:14:12.388848616
117.62,4,08:14:12.389262757
117.62,1,08:14:12.389277135
117.62,2,08:14:12.389277135
117.62,8,08:14:12.389406277
117.62,1,08:14:12.389507993
117.62,2,08:14:12.389580412
117.62,4,08:14:12.389673919
117.62,6,08:14:12.389902657
117.62,1,08:14:12.390000059
117.62,6,08:14:15.178151471
117.62,10,08:14:15.178266107
117.62,18,08:14:15.178281714
117.62,1,08:14:15.178281714
117.62,1,08:14:15.178668750
117.62,2,08:14:15.178668750
117.62,67,08:14:15.178668750
117.62,10,08:14:15.199210581
117.62,1,08:14:15.199282930
117.63,1,08:14:15.214449332
117.63,1,08:14:15.214525018
117.62,1,08:14:19.151218904
117.62,1,08:14:19.151239960
117.62,1,08:14:19.192669990
117.62,2,08:14:19.192766197
117.62,1,08:14:19.363289729
117.62,1,08:14:19.460384401
117.62,2,08:14:19.460384401
117.62,1,08:14:19.460759348
117.62,8,08:14:20.597039243
117.62,6,08:14:20.597319089
117.62,1,08:14:20.597424359
117.62,1,08:14:20.765586740
117.62,2,08:14:20.843400536
117.62,1,08:14:20.962260148
117.62,1,08:14:24.651322847
117.62,1,08:14:28.283311493
117.62,2,08:14:28.311489474
117.62,2,08:14:38.499653093
117.62,2,08:14:38.499726949
117.62,1,08:14:39.349891552
117.62,1,08:14:40.271654904
117.62,1,08:14:41.637183677
117.63,1,08:14:42.033209141
117.62,3,08:14:45.450456447
117.62,1,08:14:45.450643995
117.62,1,08:14:45.450658302
117.62,2,08:14:45.450658302
117.62,1,08:14:45.450874273
117.62,1,08:14:45.450895422
117.62,2,08:14:45.450895422
117.62,1,08:14:45.451145892
117.62,2,08:14:45.451183809
117.62,1,08:14:45.451183809
117.62,1,08:14:45.451206402
117.63,1,08:14:50.898957001
117.63,1,08:14:50.899085778
117.63,1,08:14:50.899212780
117.63,2,08:14:50.899212780
117.63,2,08:14:50.899523179
117.63,1,08:14:50.982474973
117.63,1,08:14:51.104471054
117.62,1,08:14:57.584757793
117.62,1,08:14:57.594549765
117.62,1,08:14:57.594938504
117.62,1,08:14:57.789241934
117.62,1,08:14:59.203329145
117.62,2,08:14:59.203634440
117.62,1,08:15:25.046736280
117.62,1,08:15:25.046894354
117.62,2,08:15:25.046894354
117.62,2,08:15:25.046909313
117.62,1,08:15:25.046909313
117.62,1,08:15:25.047209860
117.62,1,08:15:25.047237073
117.62,2,08:15:27.277250037
117.62,1,08:15:27.404303577
117.62,1,08:15:27.404392637
117.62,1,08:15:27.404548235
117.62,2,08:15:29.190655041
117.62,1,08:15:30.204808721
117.62,1,08:15:40.259304741
117.62,2,08:15:40.259436690
117.62,1,08:15:40.259458169
117.62,1,08:15:40.259472402
117.62,2,08:15:40.259829538
117.62,1,08:15:45.444849712
117.62,1,08:15:45.445029632
117.62,2,08:15:45.445231951
117.62,1,08:15:46.078804721
117.62,1,08:15:46.079150861
117.62,2,08:15:46.079150861
117.62,2,08:15:46.079245946
117.62,2,08:16:01.111497454
117.62,1,08:16:01.111820591
117.62,2,08:16:01.111927580
117.62,1,08:16:01.111944395
117.62,1,08:16:01.112176117
117.62,1,08:16:01.112197729
117.62,1,08:16:01.410857313
117.62,2,08:16:05.457514710
117.62,2,08:16:05.457684008
117.62,2,08:16:05.457704613
117.62,1,08:16:05.457704613
117.62,2,08:16:05.457907346
117.62,1,08:16:05.457927951
117.62,5,08:16:05.457927951
117.62,7,08:16:05.457927951
117.62,2,08:16:05.457927951
117.62,13,08:16:05.458455947
117.62,1,08:16:05.458484865
117.62,1,08:16:05.458593608
117.61,1,08:16:06.661933723
117.61,2,08:16:06.662040828
117.61,12,08:16:06.662055446
117.61,1,08:16:06.662055446
117.61,2,08:16:06.662055446
117.61,2,08:16:06.673150423
117.61,9,08:16:06.673150423
117.61,2,08:16:06.673243054
117.61,1,08:16:06.673257255
117.61,4,08:16:06.673257255
117.61,1,08:16:06.673270158
117.61,1,08:16:06.684578308
117.61,4,08:16:06.684669418
117.61,2,08:16:06.684683415
117.61,3,08:16:06.684683415
117.62,1,08:16:07.535140878
117.62,8,08:16:07.535140878
117.61,1,08:16:09.191324377
117.61,2,08:16:09.191324377
117.61,1,08:16:09.191394092
117.61,1,08:16:15.505080010
117.61,1,08:16:15.505181759
117.61,8,08:16:15.505195862
117.61,10,08:16:15.505195862
117.61,11,08:16:15.515937228
117.61,1,08:16:15.516041109
117.61,4,08:16:15.516055717
117.61,2,08:16:15.516055717
117.61,3,08:16:15.526766887
117.61,7,08:16:15.526831904
117.61,2,08:16:19.187021226
117.62,1,08:16:20.242481613
117.62,1,08:16:20.242756263
117.62,1,08:16:20.242993952
117.62,2,08:16:20.243134181
117.62,2,08:16:20.243159158
117.62,1,08:16:20.243159158
117.62,4,08:16:20.243159158
117.62,1,08:16:27.263688008
117.62,1,08:16:27.263966705
117.61,3,08:16:29.186561645
117.62,9,08:16:36.026749234
117.62,2,08:16:36.026749234
117.62,1,08:16:36.026840924
117.62,4,08:16:36.026856514
117.62,2,08:16:36.026856514
117.62,2,08:16:37.208745584
117.61,2,08:16:39.183816679
117.62,1,08:16:44.854403591
117.62,8,08:16:44.854775081
117.62,1,08:16:45.064096591
117.62,1,08:16:48.014761901
117.62,1,08:16:48.014937376
117.62,3,08:16:48.015055178
117.62,1,08:16:48.015201408
117.62,1,08:16:48.124539147
117.62,1,08:16:48.399457316
117.61,2,08:16:49.186099664
117.62,2,08:16:52.439686488
117.62,1,08:16:52.439785921
117.62,1,08:16:52.439804900
117.62,1,08:16:52.440137883
117.61,1,08:16:59.182083700
117.62,2,08:17:00.256256416
117.62,1,08:17:00.256339100
117.62,1,08:17:07.508503811
117.62,4,08:17:08.679959790
117.61,2,08:17:09.198001593
117.61,1,08:17:12.796844436
117.61,2,08:17:12.796859342
117.61,3,08:17:12.796859342
117.61,12,08:17:12.796859342
117.61,18,08:17:12.796873835
117.61,3,08:17:12.796873835
117.61,2,08:17:12.796873835
117.61,1,08:17:12.796873835
117.61,1,08:17:12.796901169
117.61,4,08:17:12.796901169
117.61,9,08:17:12.796901169
117.61,1,08:17:12.951493685
117.61,1,08:17:12.951750127
117.61,1,08:17:13.072113150
117.61,2,08:17:13.072327182
117.61,1,08:17:13.072404868
117.61,13,08:17:13.266158370
117.61,2,08:17:16.756126821
117.61,3,08:17:16.756145384
117.61,1,08:17:16.921269467
117.61,2,08:17:16.943708524
117.61,3,08:17:16.943708524
117.6,2,08:17:19.176231077
117.61,4,08:17:20.274020735
117.6,2,08:17:29.192417980
117.61,1,08:17:30.640230685
117.61,1,08:17:30.640311843
117.61,1,08:17:30.640326553
117.61,1,08:17:30.640627715
117.61,1,08:17:30.645277748
117.61,2,08:17:30.645277748
117.61,2,08:17:30.645529869
117.61,1,08:17:30.645529869
117.61,1,08:17:30.647652102
117.62,1,08:17:31.783982375
117.62,2,08:17:31.784062078
117.62,1,08:17:31.784062078
117.61,1,08:17:39.179071624
117.61,2,08:17:39.179085099
117.61,1,08:17:40.178588241
117.61,2,08:17:40.179706249
117.61,1,08:17:40.179725248
117.61,1,08:17:40.179737561
117.61,1,08:17:40.179756736
117.61,1,08:17:40.179776640
117.61,2,08:17:40.180464332
117.61,4,08:17:40.180476607
117.61,2,08:17:40.180476607
117.61,3,08:17:40.180491554
117.61,1,08:17:40.180491554
117.61,2,08:17:40.180504828
117.61,1,08:17:40.180519679
117.61,1,08:17:40.200691305
117.61,1,08:17:42.458432699
117.61,2,08:17:42.470993001
117.62,2,08:17:43.575890710
117.62,1,08:17:43.575957249
117.61,1,08:17:43.709501327
117.61,1,08:17:43.709640870
117.61,4,08:17:43.709658402
117.61,3,08:17:43.709658402
117.61,1,08:17:43.709658402
117.61,1,08:17:43.709684514
117.61,2,08:17:43.709684514
117.61,1,08:17:43.785681112
117.61,1,08:17:43.785774539
117.61,2,08:17:43.785774539
117.61,4,08:17:43.911493793
117.61,4,08:17:44.110505891
117.61,1,08:17:44.110616274
117.61,1,08:17:44.150197052
117.61,1,08:17:44.159505614
117.61,2,08:17:44.255349281
117.6,2,08:17:49.189964035
117.6,1,08:17:51.922366282
117.6,1,08:17:51.922534778
117.6,1,08:17:51.922559472
117.6,6,08:17:51.922559472
117.6,3,08:17:51.922559472
117.6,2,08:17:51.922559472
117.6,3,08:17:51.922579012
117.6,2,08:17:51.922579012
117.6,1,08:17:51.922579012
117.6,3,08:17:51.923008029
117.6,1,08:17:51.963352663
117.6,1,08:17:51.991872143
117.61,1,08:17:52.343488494
117.6,8,08:17:52.992290822
117.6,1,08:17:52.992617445
117.6,5,08:17:52.992617445
117.6,4,08:17:53.014423851
117.6,1,08:17:53.014505959
117.6,1,08:17:53.054661131
117.6,2,08:17:59.183821978
117.6,1,08:17:59.184124726
117.6,1,08:18:00.145052450
117.6,2,08:18:00.145183680
117.6,1,08:18:02.796367549
117.6,1,08:18:02.796434012
117.61,1,08:18:05.369869269
117.61,5,08:18:05.369869269
117.61,7,08:18:05.370507828
117.61,1,08:18:05.370507828
117.61,1,08:18:05.410909391
117.61,2,08:18:05.410923525
117.61,2,08:18:05.410940224
117.61,1,08:18:05.410940224
117.61,2,08:18:05.410954833
117.61,1,08:18:05.410954833
117.61,1,08:18:05.410969719
117.61,1,08:18:05.410983409
117.61,2,08:18:05.411003181
117.61,1,08:18:09.187548733
117.61,1,08:18:09.187614908
117.61,1,08:18:10.024537114
117.61,1,08:18:10.071586142
117.61,9,08:18:10.071586142
117.61,2,08:18:10.071586142
117.61,1,08:18:10.071714647
117.61,1,08:18:10.071744295
117.61,2,08:18:10.071744295
117.61,1,08:18:10.072570509
117.61,2,08:18:10.481242471
117.61,1,08:18:10.481315200
117.61,2,08:18:10.575079468
117.61,3,08:18:10.712378646
117.61,1,08:18:10.712563663
117.6,1,08:18:19.058790165
117.6,4,08:18:19.058980395
117.6,1,08:18:19.058995628
117.6,1,08:18:19.059009055
117.6,1,08:18:19.059023400
117.6,1,08:18:19.059038030
117.6,3,08:18:19.059051035
117.6,1,08:18:19.059065074
117.6,3,08:18:19.059065074
117.6,1,08:18:19.059081621
117.6,1,08:18:19.059302069
117.6,1,08:18:19.147015808
117.59,2,08:18:19.183493839
117.6,3,08:18:19.228276677
117.6,1,08:18:19.228276677
117.6,2,08:18:19.418058209
117.6,2,08:18:26.593588057
117.6,4,08:18:26.593704857
117.6,4,08:18:26.593787455
117.6,1,08:18:26.594047060
117.6,2,08:18:26.594062827
117.6,1,08:18:26.594158562
117.6,1,08:18:27.960534022
117.6,1,08:18:31.614759948
117.6,2,08:18:31.614861384
117.6,2,08:18:31.614882616
117.6,1,08:18:36.504231886
117.6,3,08:18:36.504252542
117.6,3,08:18:49.296433867
117.6,2,08:18:49.296499019
117.6,1,08:19:02.499279157
117.6,2,08:19:03.758862365
117.6,10,08:19:03.758976329
117.6,8,08:19:03.758996732
117.6,1,08:19:03.758996732
117.6,2,08:19:03.758996732
117.6,1,08:19:03.809596953
117.6,2,08:19:04.314014215
117.6,2,08:19:04.314137473
117.6,1,08:19:04.314151585
117.6,3,08:19:04.314151585
117.6,2,08:19:04.314151585
117.6,1,08:19:04.314388979
117.6,9,08:19:04.314412838
117.6,2,08:19:04.314412838
117.61,1,08:19:04.965096935
117.61,1,08:19:04.965259232
117.61,1,08:19:04.965281187
117.61,10,08:19:04.965281187
117.61,2,08:19:04.965281187
117.61,2,08:19:04.965294969
117.61,1,08:19:04.965294969
117.6,1,08:19:06.248588968
117.6,7,08:19:06.248713562
117.6,5,08:19:06.248749044
117.6,1,08:19:06.285331684
117.59,1,08:19:06.289981775
117.59,6,08:19:06.290072329
117.59,1,08:19:06.290072329
117.59,5,08:19:06.290353970
117.59,1,08:19:06.290500258
117.59,9,08:19:06.290500258
117.59,4,08:19:06.290500258
117.59,10,08:19:06.290500258
117.59,1,08:19:06.290516924
117.59,8,08:19:06.290516924
117.59,1,08:19:06.290709116
117.59,1,08:19:06.290723889
117.59,2,08:19:06.290738018
117.59,1,08:19:06.290738018
117.59,8,08:19:06.290759016
117.59,1,08:19:06.549919210
117.58,6,08:19:08.953591457
117.58,4,08:19:08.953685590
117.58,1,08:19:08.953685590
117.58,4,08:19:08.953769267
117.58,6,08:19:08.954019952
117.58,1,08:19:08.954039098
117.58,2,08:19:08.954039098
117.58,13,08:19:10.901677455
117.58,2,08:19:10.901677455
117.58,1,08:19:14.139307999
117.59,1,08:19:17.870126597
117.6,1,08:19:19.205866206
117.6,1,08:19:19.205933787
117.6,3,08:19:19.206730948
117.6,4,08:19:25.254502082
117.6,1,08:19:25.254502082
117.6,5,08:19:25.254520850
117.59,1,08:19:31.524800698
117.59,1,08:19:31.524900870
117.59,1,08:19:31.524915942
117.59,2,08:19:31.524915942
117.59,1,08:19:31.525248707
117.59,1,08:19:31.525265002
117.59,1,08:19:31.525654326
117.59,1,08:19:36.566354873
117.59,1,08:19:37.107556355
117.59,1,08:19:37.141542406
117.59,2,08:19:37.252237469
117.59,1,08:19:39.197432455
117.59,1,08:19:43.038374643
117.58,3,08:19:49.187625536
117.58,2,08:19:50.058998216
117.58,1,08:19:50.059095463
117.58,1,08:19:50.059114302
117.58,3,08:19:50.059114302
117.58,1,08:19:50.059849252
117.58,1,08:19:51.075472205
117.58,2,08:19:51.075485539
117.58,3,08:19:51.075570838
117.58,8,08:19:51.075590164
117.58,2,08:19:51.075590164
117.58,6,08:19:51.075590164
117.58,2,08:19:51.075938013
117.58,1,08:19:54.045960543
117.58,1,08:19:54.046056923
117.58,8,08:19:54.046071830
117.58,1,08:19:54.046071830
117.57,1,08:19:54.096944666
117.57,17,08:19:54.097032193
117.57,1,08:19:54.097032193
117.57,1,08:19:54.378826360
117.56,4,08:19:55.321254245
117.56,9,08:19:55.321696667
117.56,1,08:19:55.321696667
117.56,1,08:19:55.393698902
117.56,4,08:19:55.393725939
117.56,1,08:19:55.393725939
117.56,1,08:19:55.394307111
117.56,1,08:19:55.394322484
117.56,1,08:19:55.545808555
117.56,2,08:19:55.545903115
117.56,1,08:19:55.554342701
117.57,2,08:19:56.004875465
117.57,3,08:19:56.004985301
117.57,1,08:19:56.005001829
117.57,2,08:19:56.005001829
117.57,7,08:19:56.005001829
117.57,2,08:19:59.809862308
117.57,4,08:19:59.809938063
117.57,1,08:19:59.876236359
117.57,1,08:19:59.958027284
117.56,1,08:20:00.118326035
117.56,2,08:20:00.118455558
117.56,1,08:20:00.118455558
117.56,2,08:20:00.118471030
117.56,1,08:20:00.118471030
117.56,5,08:20:00.118485132
117.56,3,08:20:00.123423841
117.56,5,08:20:00.123423841
117.56,2,08:20:00.123751730
117.56,5,08:20:00.123891105
117.56,1,08:20:00.123908705
117.56,4,08:20:00.123908705
117.56,2,08:20:00.123924653
117.56,1,08:20:00.123924653
117.56,1,08:20:00.264500024
117.56,1,08:20:00.738247425
117.56,1,08:20:00.869389930
117.56,3,08:20:00.992658264
117.56,1,08:20:00.992746313
117.56,3,08:20:01.153694276
117.56,1,08:20:01.153796528
117.56,1,08:20:01.153812189
117.56,1,08:20:01.890096506
117.56,1,08:20:02.083495849
117.56,1,08:20:02.135706732
117.56,1,08:20:02.288234912
117.56,1,08:20:02.288416967
117.56,7,08:20:02.288505453
117.56,2,08:20:02.288505453
117.56,3,08:20:02.288674442
117.55,1,08:20:02.862021396
117.55,1,08:20:02.899976691
117.55,1,08:20:03.015791215
117.56,1,08:20:03.023317451
117.56,1,08:20:03.023409573
117.56,1,08:20:03.024401677
117.56,1,08:20:03.024585133
117.56,1,08:20:03.063447332
117.56,1,08:20:03.098040217
117.56,2,08:20:03.273655443
117.55,1,08:20:03.770665778
117.56,1,08:20:06.521583597
117.56,1,08:20:06.521647004
117.56,1,08:20:09.176363582
117.56,1,08:20:09.176446680
117.56,1,08:20:10.247264358
117.56,1,08:20:10.715057062
117.56,1,08:20:14.098694462
117.56,1,08:20:14.731930112
117.56,1,08:20:17.634421118
117.56,1,08:20:17.635115198
117.56,2,08:20:19.187264055
117.56,5,08:20:19.187434816
117.56,1,08:20:20.075174346
117.56,1,08:20:20.101597565
117.56,1,08:20:20.410022131
117.56,1,08:20:22.010345157
117.56,1,08:20:23.324800053
117.56,4,08:20:24.239555379
117.56,1,08:20:25.749062195
117.56,1,08:20:26.262407840
117.57,1,08:20:27.926563119
117.56,1,08:20:28.316579328
117.56,1,08:20:28.404180563
117.56,2,08:20:29.179173011
117.56,1,08:20:30.836080271
117.56,1,08:20:31.926293469
117.57,1,08:20:33.018283555
117.57,2,08:20:34.288341054
117.57,1,08:20:34.288363473
117.57,2,08:20:34.288363473
117.57,2,08:20:34.288676375
117.57,2,08:20:34.288852036
117.57,2,08:20:34.289029776
117.57,1,08:20:34.289049216
117.57,2,08:20:34.289049216
117.57,1,08:20:34.289069889
117.57,3,08:20:34.289069889
117.57,2,08:20:34.289069889
117.57,3,08:20:34.289322767
117.57,1,08:20:34.289342015
117.57,3,08:20:34.289355868
117.57,6,08:20:34.289369692
117.57,1,08:20:34.289383215
117.57,1,08:20:34.289396707
117.57,3,08:20:34.289410480
117.57,1,08:20:34.289423389
117.57,1,08:20:34.289437321
117.57,1,08:20:34.289453385
117.57,1,08:20:34.289468317
117.57,2,08:20:34.289491350
117.57,2,08:20:34.289856998
117.57,4,08:20:34.289870460
117.57,1,08:20:34.289884524
117.57,1,08:20:34.289908899
117.57,2,08:20:34.290458067
117.57,1,08:20:34.320990097
117.56,1,08:20:34.338752296
117.57,1,08:20:34.342665072
117.57,4,08:20:34.342665072
117.57,1,08:20:34.342763796
117.57,1,08:20:34.347337302
117.57,1,08:20:34.358484357
117.57,2,08:20:34.369363580
117.57,1,08:20:34.393724007
117.57,1,08:20:34.446196261
117.57,8,08:20:34.486095041
117.57,2,08:20:34.486224090
117.57,1,08:20:34.486245716
117.57,1,08:20:34.486262903
117.57,2,08:20:34.486627713
117.57,1,08:20:34.504517613
117.57,3,08:20:35.443118108
117.57,1,08:20:35.443392856
117.56,1,08:20:37.469889742
117.56,1,08:20:37.469906177
117.57,2,08:20:38.477208101
117.57,1,08:20:38.477404048
117.57,1,08:20:38.506404473
117.58,2,08:20:40.199105849
117.58,1,08:20:40.199105849
117.59,1,08:20:40.715950006
117.59,2,08:20:40.716184495
117.59,1,08:20:40.716184495
117.59,2,08:20:40.716258767
117.59,1,08:20:40.754310925
117.59,2,08:20:40.754418445
117.59,1,08:20:40.754440814
117.59,2,08:20:40.754440814
117.59,1,08:20:40.790454391
117.6,1,08:20:42.325725099
117.59,1,08:20:42.328757311
117.59,1,08:20:42.328861873
117.59,1,08:20:42.328877252
117.59,1,08:20:42.328969010
117.59,1,08:20:42.328983794
117.59,3,08:20:42.328983794
117.59,1,08:20:42.329187653
117.58,1,08:20:42.666318092
117.58,1,08:20:42.666332208
117.58,3,08:20:42.666332208
117.58,1,08:20:42.666499820
117.58,1,08:20:42.666513231
117.58,1,08:20:42.666530316
117.58,3,08:20:42.666797161
117.58,4,08:20:42.667691016
117.58,3,08:20:42.667857547
117.58,1,08:20:42.676671305
117.58,1,08:20:42.676765449
117.58,1,08:20:43.785971224
117.57,1,08:20:46.236512690
117.57,1,08:20:48.286962562
117.57,1,08:20:50.696059191
117.57,1,08:20:53.991662312
117.58,1,08:20:56.372608670
117.58,1,08:20:56.372751585
117.58,1,08:20:56.372771467
117.58,1,08:20:56.373158106
117.58,1,08:20:56.373173955
117.58,2,08:20:56.373173955
117.58,3,08:20:56.373199568
117.58,1,08:20:56.373199568
117.58,1,08:20:56.413065174
117.58,1,08:20:57.099619317
117.59,2,08:20:57.474829675
117.59,1,08:20:57.474829675
117.58,1,08:20:59.147480317
117.58,7,08:21:01.023605614
117.58,1,08:21:01.023698794
117.58,4,08:21:01.023698794
117.58,1,08:21:01.023902797
117.58,10,08:21:01.024027578
117.58,2,08:21:01.024027578
117.58,2,08:21:01.024316004
117.58,6,08:21:01.024345711
117.58,1,08:21:01.024345711
117.58,1,08:21:01.024362729
117.58,2,08:21:01.024468905
117.58,1,08:21:01.024487587
117.58,2,08:21:01.062111141
117.58,4,08:21:01.098224567
117.58,1,08:21:01.118309740
117.58,4,08:21:01.196337758
117.58,1,08:21:01.217490232
117.58,3,08:21:01.242555992
117.57,1,08:21:02.639964738
117.57,1,08:21:04.734058920
117.58,3,08:21:04.810644720
117.58,2,08:21:04.810756858
117.58,1,08:21:04.810774643
117.58,3,08:21:04.810774643
117.58,1,08:21:04.810790503
117.58,3,08:21:04.845630651
117.58,1,08:21:04.845706401
117.58,1,08:21:04.870757783
117.59,1,08:21:05.564875165
117.59,1,08:21:05.564896881
117.59,5,08:21:05.564896881
117.59,1,08:21:05.564912545
117.59,5,08:21:05.564912545
117.59,7,08:21:05.564912545
117.59,3,08:21:06.144478784
117.59,4,08:21:06.144617583
117.59,3,08:21:06.144638032
117.59,4,08:21:06.144638032
117.59,1,08:21:06.144638032
117.59,2,08:21:06.144638032
117.59,2,08:21:06.144653282
117.59,1,08:21:06.144653282
117.59,3,08:21:06.144653282
117.59,1,08:21:06.182932336
117.59,1,08:21:06.183130095
117.59,1,08:21:06.183475261
117.59,1,08:21:06.183841980
117.59,1,08:21:06.184087727
117.59,1,08:21:06.653176851
117.59,1,08:21:06.653190338
117.59,1,08:21:06.653298784
117.59,2,08:21:06.653317361
117.59,9,08:21:06.653317361
117.59,8,08:21:06.653317361
117.59,1,08:21:06.653317361
117.59,1,08:21:06.654472684
117.59,1,08:21:06.654836011
117.59,1,08:21:06.655043570
117.6,3,08:21:07.382791821
117.6,7,08:21:07.382913551
117.6,9,08:21:07.382930070
117.6,1,08:21:07.382930070
117.6,2,08:21:07.382946396
117.6,1,08:21:07.382946396
117.59,1,08:21:08.237079521
117.59,2,08:21:08.480931493
117.59,1,08:21:09.613125977
117.59,1,08:21:09.613140832
117.59,1,08:21:09.672883427
117.59,3,08:21:09.673606860
117.6,1,08:21:10.225440154
117.6,1,08:21:10.225823135
117.6,1,08:21:10.227055861
117.6,2,08:21:10.227451537
117.6,1,08:21:10.227451537
117.6,1,08:21:10.227746779
117.6,1,08:21:10.227761719
117.6,1,08:21:10.227779601
117.6,1,08:21:10.231216391
117.6,1,08:21:10.252897670
117.6,1,08:21:12.065921133
117.6,1,08:21:12.065997732
117.6,1,08:21:12.066326166
117.6,1,08:21:12.066423385
117.6,2,08:21:12.066452288
117.6,1,08:21:12.860208795
117.6,1,08:21:12.860285528
117.6,1,08:21:14.466374104
117.6,4,08:21:14.466470395
117.6,1,08:21:14.466470395
117.6,2,08:21:15.985239191
117.59,1,08:21:18.552419080
117.59,1,08:21:21.561950816
117.59,1,08:21:21.576916930
117.59,1,08:21:23.146620460
117.59,2,08:21:23.146620460
117.59,2,08:21:23.146720839
117.59,1,08:21:23.146720839
117.59,1,08:21:23.147100294
117.59,1,08:21:23.147287046
117.59,1,08:21:23.147312153
117.59,2,08:21:23.147312153
117.59,2,08:21:23.147373090
117.59,2,08:21:23.147389570
117.59,5,08:21:23.152103796
117.59,10,08:21:23.152103796
117.59,2,08:21:23.194408149
117.59,2,08:21:23.231592441
117.59,1,08:21:23.289827989
117.6,2,08:21:23.335425896
117.6,1,08:21:23.335535845
117.6,2,08:21:23.335555144
117.6,8,08:21:23.335570367
117.6,1,08:21:23.335570367
117.6,4,08:21:23.335570367
117.6,3,08:21:23.826005073
117.6,2,08:21:23.826119719
117.6,1,08:21:23.826134269
117.6,2,08:21:23.826134269
117.6,8,08:21:23.826151176
117.6,1,08:21:23.826151176
117.6,4,08:21:23.826151176
117.6,2,08:21:23.826151176
117.6,2,08:21:24.335796100
117.6,1,08:21:24.335796100
117.6,1,08:21:24.335873784
117.6,1,08:21:24.335892546
117.6,2,08:21:24.336168511
117.61,12,08:21:24.876294399
117.61,9,08:21:24.876307800
117.61,1,08:21:24.876375051
117.61,3,08:21:24.876388437
117.6,1,08:21:26.158844863
117.6,16,08:21:26.159032175
117.6,1,08:21:26.159416587
117.6,2,08:21:26.159433416
117.6,1,08:21:26.168258746
117.6,2,08:21:26.168356815
117.6,1,08:21:26.168385689
117.6,2,08:21:26.168385689
117.6,7,08:21:26.168553481
117.6,2,08:21:26.168658649
117.6,6,08:21:26.169030040
117.6,5,08:21:26.169030040
117.6,1,08:21:26.169030040
117.6,2,08:21:26.234534467
117.6,1,08:21:26.234534467
117.6,1,08:21:26.234622237
117.6,1,08:21:26.234636781
117.6,1,08:21:26.234653738
117.59,2,08:21:27.781586394
117.59,2,08:21:27.781930436
117.59,1,08:21:27.782050068
117.59,1,08:21:29.726237841
117.59,1,08:21:29.726323405
117.59,2,08:21:29.726645802
117.59,1,08:21:29.726645802
117.59,1,08:21:29.727285791
117.59,1,08:21:29.727598205
117.59,1,08:21:31.100854517
117.58,1,08:21:35.385806345
117.58,1,08:21:38.183818290
117.58,2,08:21:39.464106025
117.59,1,08:21:42.699489894
117.59,1,08:21:42.699724851
117.59,1,08:21:42.699740425
117.59,1,08:21:42.699901711
117.59,3,08:21:42.700188840
117.59,1,08:21:42.700188840
117.59,3,08:21:42.701290484
117.59,3,08:21:42.701561342
117.59,1,08:21:42.701577460
117.59,1,08:21:43.155868302
117.59,1,08:21:43.155943178
117.59,1,08:21:43.252025734
117.58,1,08:21:50.051993763
117.58,1,08:21:50.052480534
117.59,1,08:21:50.322651110
117.58,1,08:21:52.032057725
117.58,2,08:21:55.032126498
117.59,1,08:21:57.245625146
117.59,2,08:21:57.245625146
117.59,2,08:21:57.245712724
117.59,1,08:21:57.245730058
117.59,1,08:21:57.245825026
117.59,2,08:21:57.245825026
117.59,1,08:21:57.246076691
117.59,1,08:21:58.185739377
117.59,3,08:22:01.309580488
117.59,1,08:22:01.309943105
117.59,2,08:22:01.310054980
117.59,4,08:22:01.310054980
117.59,3,08:22:01.310185191
117.59,1,08:22:01.310201107
117.59,1,08:22:01.310495850
117.59,2,08:22:01.310510061
117.59,2,08:22:01.310525825
117.59,9,08:22:01.310539824
117.59,1,08:22:01.310727479
117.59,1,08:22:01.310881178
117.59,3,08:22:01.310899389
117.59,1,08:22:01.352015085
117.59,3,08:22:01.352114138
117.59,1,08:22:01.352129574
117.58,3,08:22:08.984546960
117.58,1,08:22:08.984546960
117.58,3,08:22:08.984701287
117.58,1,08:22:08.984729540
117.58,2,08:22:08.984729540
117.58,6,08:22:08.984729540
117.58,2,08:22:08.985568752
117.58,1,08:22:09.014313296
117.58,1,08:22:09.020069082
117.58,1,08:22:09.021521814
117.58,1,08:22:09.145667207
117.58,2,08:22:09.183063922
117.58,3,08:22:09.183138532
117.58,2,08:22:09.749935651
117.58,1,08:22:09.750015997
117.58,2,08:22:10.213401881
117.58,1,08:22:10.462409868
117.58,1,08:22:10.462481234
117.58,1,08:22:19.179925565
117.58,3,08:22:23.176946226
117.58,5,08:22:23.177395958
117.58,1,08:22:23.177395958
117.58,2,08:22:23.177395958
117.58,17,08:22:23.177409900
117.58,1,08:22:23.177409900
117.58,2,08:22:23.177514866
117.58,2,08:22:23.177536178
117.57,1,08:22:23.201070524
117.57,8,08:22:23.201070524
117.57,4,08:22:23.201070524
117.57,2,08:22:23.201070524
117.57,1,08:22:23.202011606
117.57,2,08:22:23.216973966
117.56,1,08:22:23.301743939
117.56,4,08:22:23.301831683
117.56,2,08:22:23.321167604
117.56,1,08:22:23.341733201
117.55,2,08:22:29.181529768
117.55,2,08:22:31.260213901
117.55,1,08:22:31.260597574
117.55,7,08:22:31.260744780
117.55,1,08:22:31.260773971
117.55,3,08:22:31.296311100
117.55,1,08:22:32.337068424
117.55,2,08:22:32.337068424
117.55,1,08:22:32.337212482
117.55,1,08:22:32.337232447
117.55,2,08:22:32.337249602
117.55,1,08:22:32.337249602
117.55,1,08:22:32.362884615
117.55,1,08:22:35.982041224
117.56,1,08:22:37.745521001
117.56,3,08:22:37.745521001
117.56,5,08:22:37.745536781
117.56,3,08:22:37.746044329
117.56,2,08:22:37.746057779
117.56,2,08:22:37.746239219
117.56,1,08:22:37.746263068
117.56,2,08:22:37.746263068
117.56,4,08:22:37.746263068
117.56,1,08:22:37.752626749
117.56,1,08:22:37.784797926
117.56,1,08:22:37.821639809
117.56,2,08:22:40.002591150
117.56,1,08:22:40.048073211
117.55,2,08:22:41.490341277
117.56,1,08:22:53.027918342
117.56,1,08:22:53.028118928
117.56,2,08:22:58.128674413
117.56,2,08:22:58.128784672
117.56,1,08:22:58.128784672
117.56,2,08:22:58.128800496
117.56,1,08:22:58.128800496
117.56,1,08:23:03.671637374
117.55,1,08:23:06.950005368
117.55,2,08:23:06.950077710
117.56,1,08:23:07.027666553
117.55,1,08:23:08.424111346
117.55,1,08:23:08.424248821
117.55,3,08:23:08.424264472
117.55,1,08:23:08.424264472
117.55,1,08:23:08.424278440
117.55,1,08:23:08.424514037
117.55,1,08:23:08.424531895
117.55,2,08:23:11.139340778
117.55,1,08:23:11.139430359
117.55,3,08:23:11.139446250
117.55,1,08:23:11.139446250
117.55,1,08:23:11.166018178
117.55,1,08:23:12.112596983
117.55,1,08:23:12.481372689
117.55,1,08:23:12.481387142
117.55,3,08:23:13.134480807
117.55,1,08:23:13.134496477
117.55,2,08:23:13.134568531
117.55,1,08:23:13.134568531
117.55,1,08:23:13.865292181
117.56,2,08:23:15.193836488
117.56,1,08:23:15.193851863
117.56,1,08:23:15.194032891
117.56,2,08:23:15.194049892
117.56,1,08:23:15.194049892
117.56,4,08:23:15.194277745
117.56,1,08:23:15.194291911
117.56,1,08:23:15.194309736
117.56,2,08:23:15.194309736
117.56,2,08:23:15.194422509
117.56,1,08:23:15.194445684
117.56,1,08:23:15.194979420
117.56,1,08:23:15.194996652
117.56,1,08:23:15.195204201
117.56,2,08:23:15.195450499
117.56,3,08:23:15.195450499
117.56,1,08:23:15.255081539
117.56,3,08:23:15.671171716
117.56,4,08:23:15.671171716
117.57,1,08:23:16.185510273
117.57,2,08:23:16.185671599
117.57,2,08:23:16.185690195
117.57,1,08:23:16.185690195
117.57,8,08:23:16.185690195
117.57,2,08:23:16.185705753
117.57,1,08:23:16.185705753
117.57,1,08:23:16.185719940
117.56,2,08:23:19.241367606
117.56,3,08:23:19.241565231
117.56,2,08:23:19.241580450
117.56,1,08:23:19.241580450
117.56,8,08:23:19.241580450
117.56,1,08:23:19.241793516
117.56,1,08:23:19.241807672
117.56,7,08:23:19.241821352
117.56,5,08:23:19.241835535
117.56,1,08:23:19.241835535
117.56,1,08:23:19.241848863
117.56,1,08:23:19.241977205
117.56,2,08:23:19.241993685
117.56,4,08:23:19.241993685
117.56,7,08:23:19.241993685
117.56,2,08:23:19.242007019
117.56,1,08:23:19.242048238
117.56,1,08:23:19.242077887
117.56,3,08:23:19.242077887
117.56,1,08:23:19.265508220
117.56,1,08:23:19.279947728
117.56,2,08:23:21.117238421
117.56,1,08:23:21.117238421
117.56,2,08:23:21.514262508
117.56,2,08:23:21.763502981
117.56,1,08:23:21.832252468
117.56,2,08:23:29.180688975
117.57,1,08:23:29.744411723
117.57,2,08:23:29.744411723
117.57,2,08:23:29.744546917
117.57,3,08:23:29.744561467
117.57,1,08:23:29.744561467
117.57,1,08:23:29.744579598
117.57,1,08:23:29.745614192
117.57,1,08:23:29.745741706
117.57,1,08:23:29.747183801
117.57,1,08:23:29.773624148
117.58,1,08:23:35.027144770
117.58,1,08:23:36.412633273
117.58,2,08:23:36.412727154
117.58,1,08:23:36.412742799
117.58,2,08:23:43.493993632
117.58,2,08:23:44.140099129
117.58,1,08:23:44.140189341
117.58,2,08:23:44.140372972
117.58,1,08:23:44.140522558
117.58,13,08:23:44.140522558
117.58,1,08:23:44.140536658
117.58,2,08:23:44.140631205
117.58,2,08:23:44.140786133
117.58,1,08:23:44.140786133
117.58,1,08:23:44.140801880
117.58,1,08:23:44.140945993
117.58,1,08:23:44.141325352
117.58,1,08:23:44.177641051
117.58,1,08:23:45.026843015
117.58,2,08:23:49.178520784
117.58,2,08:23:59.931779136
117.58,1,08:23:59.931793744
117.58,1,08:24:00.858960752
117.58,1,08:24:01.076961564
117.57,1,08:24:07.685272573
117.57,3,08:24:07.685371021
117.57,1,08:24:07.695451415
117.57,1,08:24:07.695543370
117.57,2,08:24:07.695543370
117.57,2,08:24:07.695672221
117.57,2,08:24:07.696943512
117.57,1,08:24:07.697053803
117.57,6,08:24:07.735628131
117.57,3,08:24:07.735628131
117.57,1,08:24:07.735698663
117.57,1,08:24:07.785618263
117.57,5,08:24:08.718260354
117.57,1,08:24:08.718369592
117.57,8,08:24:08.718387407
117.57,2,08:24:08.718387407
117.57,3,08:24:08.718387407
117.57,5,08:24:08.718387407
117.57,1,08:24:08.718387407
117.57,1,08:24:08.719605527
117.57,1,08:24:08.720174429
117.57,1,08:24:08.722583617
117.57,2,08:24:09.284615320
117.57,1,08:24:09.284712622
117.57,1,08:24:09.284732418
117.57,8,08:24:09.284732418
117.57,2,08:24:09.284732418
117.57,11,08:24:09.285884721
117.58,1,08:24:09.286240714
117.57,1,08:24:12.280625144
117.56,1,08:24:14.489145489
117.56,1,08:24:14.489914479
117.56,1,08:24:14.490047638
117.56,1,08:24:14.490062474
117.56,2,08:24:14.490062474
117.56,1,08:24:14.490115338
117.56,2,08:24:14.490129245
117.56,1,08:24:14.490129245
117.56,3,08:24:14.490290249
117.56,1,08:24:14.490306275
117.56,1,08:24:14.490578874
117.56,1,08:24:16.685933730
117.56,1,08:24:17.510197883
117.56,1,08:24:18.684275986
117.56,4,08:24:18.684275986
117.56,2,08:24:18.684275986
117.56,2,08:24:18.684712995
117.56,1,08:24:18.685154869
117.56,2,08:24:18.737752638
117.56,1,08:24:18.737839620
117.56,2,08:24:18.737859281
117.56,1,08:24:18.737859281
117.56,1,08:24:18.772853855
117.56,1,08:24:21.321106318
117.56,1,08:24:21.321211227
117.56,2,08:24:21.321225845
117.56,1,08:24:21.321225845
117.56,2,08:24:21.321240604
117.56,2,08:24:21.321506805
117.56,1,08:24:21.321852100
117.56,2,08:24:21.321852100
117.56,2,08:24:21.363212604
117.56,1,08:24:21.363473388
117.56,1,08:24:22.839941305
117.56,1,08:24:25.381437071
117.56,1,08:24:25.381615228
117.56,2,08:24:26.739731927
117.56,1,08:24:26.846291937
117.56,1,08:24:26.846367853
117.56,2,08:24:34.401224953
117.56,2,08:24:34.401306687
117.56,1,08:24:34.401322165
117.56,2,08:24:34.401322165
117.56,1,08:24:34.401793749
117.56,1,08:24:34.441295445
117.55,2,08:24:39.205104899
117.55,1,08:24:39.231543369
117.56,2,08:24:41.030461240
117.56,1,08:24:41.030560817
117.56,1,08:24:41.030582928
117.56,2,08:24:41.030582928
117.56,2,08:24:41.030596814
117.56,2,08:24:41.030895891
117.56,1,08:24:41.030988849
117.56,3,08:24:41.030988849
117.56,1,08:24:41.032076403
117.56,1,08:24:41.461227155
117.56,1,08:24:41.461245811
117.56,1,08:24:41.461507232
117.56,2,08:24:42.350749094
117.56,1,08:24:42.353369171
117.56,1,08:24:42.353457194
117.57,1,08:24:43.602977187
117.57,1,08:24:43.603041945
117.56,1,08:24:44.698191375
117.56,1,08:24:44.698266351
117.56,2,08:24:44.698991874
117.56,1,08:24:45.478037296
117.55,1,08:24:49.190653085
117.55,1,08:24:49.190711133
117.55,1,08:24:49.421330773
117.56,1,08:24:49.655556026
117.56,1,08:24:49.655645644
117.56,1,08:24:50.035189747
117.56,1,08:24:50.035423731
117.56,2,08:24:51.886636668
117.56,1,08:24:53.143101340
117.56,2,08:24:53.143260786
117.56,1,08:24:53.143279560
117.56,2,08:24:53.143309539
117.56,8,08:24:53.143309539
117.56,1,08:24:53.143309539
117.56,2,08:24:53.143662197
117.56,2,08:24:53.144096888
117.56,1,08:24:53.179858745
117.57,2,08:24:53.554325471
117.57,2,08:24:53.554435826
117.57,8,08:24:53.554453512
117.57,1,08:24:53.554453512
117.57,2,08:24:53.554468747
117.57,3,08:24:53.554468747
117.57,4,08:24:53.554468747
117.56,1,08:24:54.805190610
117.56,1,08:24:54.805265215
117.56,1,08:24:54.805584073
117.56,3,08:24:55.066941185
117.56,1,08:24:55.066958846
117.56,2,08:24:55.066958846
117.56,2,08:24:55.066976494
117.56,1,08:24:55.066976494
117.56,2,08:24:55.067528452
117.56,1,08:24:55.067809952
117.56,1,08:24:55.069593573
117.56,1,08:25:05.586392674
117.56,2,08:25:05.586506853
117.56,1,08:25:05.586692754
117.56,1,08:25:05.586806414
117.56,1,08:25:06.016314204
117.56,1,08:25:06.170568714
117.56,3,08:25:06.628805339
117.56,2,08:25:06.628892454
117.56,1,08:25:06.628912793
117.57,1,08:25:10.285426899
117.57,2,08:25:10.285440844
117.57,1,08:25:10.285569817
117.57,1,08:25:10.285588114
117.57,2,08:25:10.285612501
117.57,3,08:25:10.285612501
117.57,8,08:25:10.287826159
117.57,1,08:25:10.288194420
117.57,1,08:25:10.314544058
117.57,1,08:25:10.314616256
117.56,1,08:25:10.339917978
117.57,1,08:25:10.367516194
117.57,1,08:25:15.176494816
117.57,1,08:25:15.176608093
117.57,2,08:25:15.176626032
117.57,1,08:25:15.176626032
117.57,5,08:25:15.176626032
117.57,1,08:25:15.177022483
117.57,1,08:25:15.214560362
117.57,1,08:25:15.214630115
117.56,8,08:25:19.583038275
117.56,2,08:25:19.583126250
117.56,1,08:25:19.583139937
117.57,1,08:25:21.206339009
117.57,1,08:25:21.206704650
117.57,1,08:25:22.534485353
117.57,1,08:25:22.534587215
117.57,1,08:25:22.534608655
117.57,2,08:25:22.534608655
117.57,2,08:25:22.534711632
117.57,4,08:25:22.535124294
117.57,9,08:25:22.535362703
117.57,1,08:25:22.792541219
117.57,8,08:25:23.052184917
117.57,2,08:25:23.052184917
117.57,1,08:25:23.052273138
117.57,13,08:25:23.053514734
117.57,2,08:25:23.293290574
117.57,1,08:25:23.358146896
117.58,1,08:25:23.556632392
117.58,7,08:25:23.556632392
117.58,1,08:25:23.556730803
117.58,2,08:25:23.556730803
117.58,2,08:25:23.556748175
117.58,10,08:25:23.556748175
117.57,10,08:25:23.567893586
117.57,2,08:25:23.567893586
117.57,1,08:25:23.567893586
117.57,1,08:25:23.567909535
117.57,5,08:25:23.567909535
117.57,10,08:25:23.567909535
117.57,1,08:25:23.568608348
117.57,1,08:25:23.579588275
117.58,1,08:25:30.200919238
117.58,2,08:25:30.201010941
117.58,1,08:25:32.015863923
117.58,1,08:25:33.270430717
117.58,1,08:25:35.467068085
117.58,1,08:25:41.054175194
117.58,1,08:25:41.054271578
117.58,2,08:25:41.054288608
117.58,8,08:25:41.054288608
117.58,1,08:25:41.054288608
117.58,1,08:25:43.817750821
117.58,1,08:25:43.847694414
117.59,2,08:25:46.503808667
117.59,1,08:25:46.503808667
117.59,2,08:25:46.504049633
117.59,1,08:25:46.504066216
117.59,7,08:25:46.504066216
117.59,2,08:25:46.504066216
117.59,1,08:25:46.504079422
117.59,12,08:25:46.504211672
117.59,2,08:25:46.504225979
117.59,11,08:25:46.504239598
117.59,4,08:25:46.504239598
117.59,1,08:25:46.504433604
117.59,1,08:25:46.504452501
117.59,3,08:25:46.504452501
117.59,10,08:25:46.504475253
117.59,1,08:25:46.504475253
117.59,2,08:25:46.504475253
117.59,3,08:25:46.504749713
117.59,8,08:25:46.504934772
117.59,1,08:25:46.504952308
117.59,2,08:25:46.504967947
117.59,8,08:25:46.504982660
117.59,7,08:25:46.504999492
117.59,1,08:25:46.505098702
117.59,1,08:25:47.210338903
117.59,2,08:25:47.210426151
117.59,8,08:25:47.210442410
117.59,2,08:25:47.210442410
117.59,3,08:25:47.210459904
117.6,1,08:25:56.436111855
117.6,2,08:25:56.436127464
117.6,8,08:25:56.436127464
117.6,4,08:25:56.436143147
117.6,1,08:25:56.436288645
117.6,4,08:25:56.436302415
117.6,6,08:25:56.436348682
117.6,2,08:25:56.436640690
117.6,1,08:25:56.437067499
117.6,1,08:25:56.437110964
117.6,1,08:25:56.437124068
117.6,8,08:25:56.437139066
117.6,2,08:25:56.437396334
117.6,4,08:25:56.437410177
117.6,1,08:25:56.437430410
117.6,2,08:25:56.437882378
117.6,1,08:25:56.438527507
117.6,4,08:25:56.438527507
117.6,6,08:25:56.438596739
117.6,1,08:25:56.438596739
117.6,2,08:25:56.438596739
117.6,1,08:25:56.438612828
117.6,1,08:25:56.439532306
117.59,2,08:25:56.461990902
117.6,10,08:25:56.477141149
117.6,1,08:25:56.502047086
117.6,1,08:25:56.616377081
117.6,1,08:25:56.617856324
117.6,3,08:25:57.663190778
117.61,1,08:25:58.015808339
117.6,3,08:25:58.224618969
117.6,2,08:25:58.260526968
117.6,1,08:25:58.260591696
117.6,2,08:25:59.300854004
117.6,1,08:25:59.300918969
117.59,3,08:25:59.758881435
117.6,2,08:26:01.256269229
117.6,2,08:26:01.256572299
117.6,1,08:26:01.536658880
117.6,1,08:26:02.136590726
117.6,1,08:26:11.016220496
117.59,1,08:26:14.294261331
117.59,4,08:26:14.294402881
117.59,10,08:26:14.294417630
117.59,3,08:26:14.294417630
117.59,1,08:26:14.294417630
117.59,7,08:26:14.294417630
117.59,2,08:26:14.294637882
117.59,1,08:26:14.294659518
117.59,4,08:26:14.337026651
117.58,2,08:26:15.940572990
117.58,4,08:26:15.940639089
117.58,2,08:26:17.846219225
117.58,1,08:26:17.846403350
117.58,1,08:26:17.935406553
117.58,1,08:26:17.935479654
117.58,2,08:26:19.185025726
117.58,1,08:26:19.185040829
117.58,2,08:26:19.185195085
117.58,6,08:26:19.185195085
117.58,2,08:26:19.185212003
117.58,4,08:26:19.185212003
117.58,10,08:26:19.185674032
117.58,1,08:26:19.195680356
117.58,1,08:26:26.096473592
117.58,2,08:26:26.271329639
117.58,2,08:26:26.271444192
117.58,1,08:26:26.271460336
117.58,3,08:26:26.271460336
117.58,1,08:26:26.298558640
117.58,8,08:26:29.602924589
117.58,2,08:26:29.603145035
117.58,10,08:26:29.603374612
117.58,1,08:26:29.603374612
117.58,1,08:26:29.603602202
117.58,2,08:26:29.603602202
117.58,2,08:26:29.625524283
117.59,5,08:26:32.092786203
117.59,1,08:26:32.092800646
117.59,5,08:26:32.092800646
117.59,1,08:26:32.092874456
117.59,2,08:26:32.092888001
117.59,2,08:26:32.092903572
117.59,1,08:26:32.092903572
117.59,8,08:26:32.092903572
117.59,6,08:26:32.092916753
117.59,1,08:26:32.093548955
117.59,2,08:26:32.093562664
117.59,1,08:26:32.093577963
117.59,1,08:26:32.093744902
117.59,1,08:26:32.093759034
117.59,1,08:26:32.133485297
117.59,3,08:26:34.080454997
117.59,1,08:26:34.080533438
117.59,1,08:26:34.080864331
117.59,1,08:26:34.080885042
117.59,1,08:26:36.739657007
117.59,1,08:26:36.739728030
117.59,1,08:26:36.805688492
117.59,1,08:26:43.330087225
117.59,2,08:26:43.330394524
117.59,1,08:26:43.330487884
117.59,3,08:26:43.330504995
117.59,2,08:26:43.330504995
117.59,1,08:26:43.414150877
117.59,2,08:26:46.874533604
117.59,1,08:26:46.874822554
117.59,2,08:26:46.885888116
117.59,3,08:26:49.248029448
117.59,2,08:26:49.253879310
117.59,9,08:26:49.253893636
117.59,1,08:26:49.736231751
117.59,3,08:26:52.164873547
117.59,2,08:26:53.016636277
117.59,1,08:26:53.069822527
117.59,1,08:26:53.069974731
117.59,1,08:26:53.070173899
117.59,1,08:26:53.082798257
117.59,1,08:26:53.265676743
117.59,1,08:26:57.037630640
117.58,2,08:26:57.742060945
117.58,1,08:26:57.742133678
117.59,1,08:26:59.266700531
117.59,2,08:26:59.266782857
117.59,2,08:26:59.266800432
117.59,1,08:26:59.267268594
117.59,1,08:26:59.267727506
117.58,2,08:27:01.770355575
117.59,1,08:27:04.031224685
117.58,1,08:27:04.358840271
117.58,5,08:27:04.358840271
117.58,2,08:27:05.013584200
117.59,2,08:27:19.022804003
117.59,1,08:27:19.022824999
117.59,2,08:27:19.022824999
117.59,1,08:27:19.023067002
117.59,1,08:27:19.023321534
117.59,1,08:27:19.023335978
117.59,1,08:27:19.023353409
117.59,1,08:27:24.345371946
117.59,1,08:27:24.345604302
117.59,1,08:27:29.835677459
117.59,2,08:27:29.835692055
117.59,1,08:27:29.835692055
117.59,1,08:27:29.835981392
117.59,1,08:27:29.836004653
117.59,2,08:27:29.836004653
117.59,1,08:27:29.846753050
117.58,6,08:27:33.030915243
117.58,4,08:27:33.031217602
117.58,2,08:27:33.031384843
117.58,1,08:27:33.031404734
117.58,3,08:27:33.031426626
117.58,1,08:27:33.031426626
117.58,5,08:27:33.031426626
117.58,1,08:27:33.031604977
117.58,1,08:27:33.031618411
117.58,1,08:27:33.031632826
117.58,3,08:27:33.031632826
117.58,2,08:27:33.031645630
117.58,1,08:27:33.031663972
117.58,3,08:27:33.031799265
117.58,2,08:27:33.031885991
117.58,1,08:27:33.031885991
117.58,3,08:27:33.031885991
117.58,1,08:27:33.054258167
117.58,1,08:27:33.147789246
117.58,1,08:27:37.207572070
117.57,1,08:27:38.488704668
117.57,1,08:27:38.488728768
117.57,8,08:27:38.488728768
117.57,3,08:27:38.488728768
117.57,1,08:27:38.488751846
117.57,3,08:27:38.488751846
117.57,2,08:27:38.531244278
117.56,1,08:27:38.563682896
117.56,10,08:27:38.590899059
117.56,2,08:27:38.590899059
117.56,1,08:27:38.590973372
117.55,1,08:27:48.075236459
117.56,2,08:27:55.656516115
117.56,4,08:27:55.656542200
117.56,6,08:27:55.656542200
117.56,2,08:27:55.656542200
117.56,3,08:27:55.656542200
117.56,1,08:27:55.656542200
117.56,1,08:27:55.656583976
117.56,3,08:27:55.656583976
117.56,2,08:27:55.656583976
117.56,3,08:27:55.667014978
117.56,1,08:27:55.685926380
117.56,1,08:27:55.698830162
117.56,2,08:27:55.781846775
117.56,1,08:27:56.034100948
117.56,1,08:27:56.034421713
117.56,1,08:27:56.034524817
117.56,3,08:28:01.176543879
117.55,1,08:28:02.145027791
117.55,3,08:28:02.182679176
117.55,4,08:28:02.242864600
117.56,1,08:28:04.463903599
117.56,2,08:28:17.643902275
117.56,4,08:28:17.643902275
117.56,1,08:28:17.643902275
117.56,1,08:28:18.050694239
117.56,1,08:28:19.226434712
117.56,1,08:28:19.226630366
117.56,1,08:28:19.410957658
117.56,4,08:28:19.411268737
117.56,3,08:28:19.411390942
117.57,5,08:28:20.144842569
117.57,7,08:28:20.144947110
117.57,1,08:28:20.144962578
117.57,3,08:28:20.144962578
117.57,4,08:28:20.144962578
117.56,1,08:28:22.008781216
117.57,1,08:28:26.800942316
117.57,1,08:28:27.038972398
117.57,1,08:28:27.039270420
117.58,1,08:28:27.261111060
117.58,4,08:28:27.261111060
117.58,1,08:28:27.261215154
117.58,14,08:28:27.261215154
117.58,4,08:28:27.262446679
117.58,6,08:28:27.262446679
117.58,1,08:28:27.262704698
117.58,1,08:28:27.264172073
117.58,4,08:28:27.264462178
117.58,1,08:28:27.364942768
117.58,1,08:28:28.884469375
117.58,1,08:28:28.884537603
117.58,1,08:28:29.026459108
117.58,1,08:28:35.025858608
117.58,2,08:28:36.299208403
117.58,1,08:28:36.299225709
117.58,1,08:28:38.210805093
117.58,1,08:28:38.210888254
117.58,2,08:28:38.210903777
117.58,1,08:28:38.221894010
117.58,1,08:28:38.260415373
117.58,1,08:28:42.836735002
117.58,7,08:28:42.836748707
117.58,1,08:28:42.836779523
117.58,1,08:28:42.836796781
117.58,3,08:28:42.836796781
117.58,1,08:28:42.836811440
117.58,2,08:28:42.836811440
117.58,3,08:28:42.870288319
117.58,1,08:28:42.870481778
117.58,2,08:28:49.890920045
117.58,2,08:28:49.891007638
117.58,2,08:28:49.901575143
117.59,1,08:28:58.186290753
117.58,3,08:29:00.144323498
117.58,1,08:29:03.000151174
117.58,2,08:29:03.000151174
117.58,1,08:29:03.000233242
117.58,2,08:29:03.000233242
117.58,1,08:29:03.000407674
117.58,1,08:29:03.000549427
117.58,1,08:29:03.000570160
117.58,8,08:29:03.000570160
117.58,1,08:29:03.000585779
117.58,2,08:29:03.617650618
117.58,1,08:29:03.617729230
117.58,8,08:29:03.617744968
117.58,1,08:29:06.758234697
117.58,1,08:29:07.396260954
117.58,2,08:29:07.432961629
117.58,1,08:29:07.578720589
117.58,1,08:29:07.580702202
117.58,3,08:29:09.187641015
117.58,1,08:29:10.077865798
117.58,5,08:29:10.077865798
117.58,1,08:29:10.077954352
117.58,1,08:29:10.077970656
117.58,1,08:29:10.090159458
117.58,1,08:29:10.116797706
117.57,1,08:29:21.000977847
117.57,1,08:29:21.000991358
117.57,2,08:29:21.001199767
117.57,3,08:29:21.001199767
117.57,1,08:29:21.001220990
117.57,1,08:29:21.001392109
117.57,4,08:29:21.001407568
117.57,3,08:29:21.001425033
117.57,1,08:29:21.001425033
117.58,1,08:29:21.001787497
117.58,3,08:29:21.002182067
117.58,5,08:29:21.002202512
117.58,1,08:29:21.002202512
117.58,3,08:29:21.002202512
117.58,2,08:29:21.002222650
117.58,1,08:29:21.002222650
117.57,1,08:29:22.414154893
117.57,1,08:29:22.414329293
117.57,8,08:29:22.414329293
117.57,1,08:29:22.414443840
117.57,2,08:29:22.414460432
117.57,1,08:29:22.414460432
117.57,1,08:29:22.454062571
117.57,3,08:29:22.454826502
117.57,1,08:29:22.454826502
117.58,1,08:29:27.139778463
117.58,1,08:29:27.139792306
117.58,2,08:29:27.139897561
117.58,8,08:29:27.139915395
117.58,9,08:29:27.139915395
117.58,1,08:29:27.139915395
117.58,2,08:29:27.139915395
117.58,2,08:29:27.139931888
117.59,1,08:29:27.229425163
117.58,24,08:29:29.459230733
117.58,1,08:29:29.459244262
117.58,1,08:29:29.459322752
117.58,1,08:29:29.459336879
117.58,5,08:29:29.459673529
117.58,5,08:29:29.459719394
117.58,12,08:29:29.459940876
117.58,3,08:29:29.459940876
117.58,1,08:29:31.543665714
117.58,25,08:29:31.543665714
117.58,1,08:29:31.543755148
117.58,1,08:29:31.543776898
117.58,1,08:29:31.565412672
117.58,3,08:29:36.360335445
117.58,2,08:29:36.360335445
117.58,2,08:29:36.360429352
117.58,3,08:29:36.360446579
117.58,4,08:29:36.360446579
117.58,3,08:29:36.402929188
117.57,1,08:29:39.182385247
117.58,1,08:29:40.830062356
117.58,2,08:29:40.830076080
117.58,1,08:29:40.830152112
117.59,1,08:29:41.644735586
117.58,1,08:29:41.902204599
117.58,1,08:29:42.160019573
117.57,1,08:29:49.184837926
117.57,1,08:29:49.184902243
117.57,1,08:29:51.401731418
117.57,1,08:29:51.401812067
117.57,6,08:29:51.436722328
117.57,1,08:29:51.673633970
117.57,1,08:29:51.673704343
117.56,1,08:29:54.788876977
117.56,1,08:29:54.788893517
117.58,4,08:29:56.135409425
117.58,1,08:29:56.135409425
117.59,1,08:29:56.152211478
117.59,2,08:29:56.152343326
117.59,3,08:29:56.152343326
117.59,1,08:29:56.152343326
117.58,1,08:29:56.420999435
117.58,2,08:29:57.094739743
117.59,1,08:29:57.340960792
117.57,1,08:30:00.165335260
117.57,1,08:30:00.165430545
117.57,1,08:30:01.324998590
117.58,2,08:30:01.408765289
117.58,1,08:30:01.408851512
117.58,1,08:30:01.408867157
117.59,2,08:30:01.504579359
117.59,1,08:30:01.504649336
117.58,1,08:30:01.734516362
117.58,1,08:30:01.734613709
117.58,4,08:30:01.734629340
117.58,1,08:30:01.734629340
117.56,1,08:30:02.128225710
117.56,3,08:30:02.128326364
117.56,1,08:30:02.128344049
117.55,9,08:30:02.136094134
117.55,7,08:30:02.136094134
117.56,1,08:30:02.170243574
117.56,1,08:30:02.207667088
117.53,1,08:30:02.349761281
117.52,1,08:30:02.355846432
117.52,2,08:30:02.725421867
117.52,5,08:30:02.725421867
117.52,5,08:30:02.725694945
117.52,1,08:30:02.725694945
117.51,3,08:30:02.887638223
117.51,2,08:30:02.887638223
117.51,2,08:30:02.887737241
117.51,4,08:30:03.034176225
117.52,1,08:30:03.043366937
117.52,1,08:30:03.054884998
117.52,1,08:30:03.056067533
117.52,1,08:30:03.062042604
117.52,1,08:30:03.098619034
117.52,1,08:30:03.362767485
117.51,1,08:30:03.578505117
117.51,4,08:30:03.708968579
117.5,1,08:30:03.841407865
117.5,3,08:30:03.873949412
117.49,1,08:30:04.045016327
117.49,1,08:30:04.166163730
117.5,2,08:30:04.421161423
117.5,1,08:30:04.801072062
117.53,2,08:30:04.882390031
117.53,1,08:30:04.882390031
117.54,1,08:30:05.982114493
117.56,1,08:30:06.091401650
117.56,1,08:30:06.091665529
117.56,5,08:30:06.091858424
117.56,1,08:30:06.091858424
117.55,1,08:30:06.115571736
117.56,1,08:30:06.194340849
117.56,1,08:30:06.229844624
117.54,1,08:30:06.268269450
117.53,1,08:30:06.274420291
117.54,1,08:30:06.304979929
117.53,1,08:30:07.468502002
117.53,1,08:30:07.506083630
117.52,1,08:30:07.512470565
117.52,1,08:30:07.512484380
117.53,1,08:30:07.541014300
117.51,1,08:30:08.196810702
117.52,1,08:30:08.410550082
117.52,2,08:30:08.410550082
117.53,1,08:30:08.410550082
117.53,1,08:30:08.410630246
117.53,1,08:30:08.411145308
117.53,4,08:30:08.411145308
117.53,1,08:30:08.411168001
117.53,2,08:30:08.411168001
117.53,3,08:30:08.411284126
117.52,1,08:30:08.412843770
117.53,1,08:30:08.524048958
117.54,1,08:30:09.281217442
117.52,1,08:30:10.867333024
117.52,1,08:30:10.904240684
117.51,1,08:30:11.044101789
117.52,1,08:30:11.229833364
117.51,1,08:30:11.955345440
117.51,1,08:30:11.955360314
117.51,1,08:30:11.955431235
117.52,2,08:30:11.979487618
117.52,2,08:30:11.979702581
117.52,1,08:30:11.983534927
117.53,1,08:30:12.187032190
117.53,2,08:30:12.187046519
117.51,1,08:30:13.808376312
117.52,1,08:30:13.905470990
117.52,1,08:30:15.076279166
117.53,1,08:30:15.092849302
117.53,1,08:30:15.093184682
117.53,1,08:30:16.052420611
117.53,1,08:30:16.052776908
117.53,1,08:30:16.184991169
117.53,2,08:30:17.882883034
117.53,1,08:30:17.882883034
117.53,1,08:30:17.911623073
117.54,1,08:30:18.424462918
117.54,2,08:30:18.424462918
117.54,1,08:30:18.424556861
117.54,2,08:30:18.424575795
117.54,1,08:30:18.424575795
117.54,1,08:30:19.046375772
117.55,2,08:30:19.413312608
117.55,1,08:30:19.413397401
117.55,3,08:30:19.413412156
117.56,2,08:30:19.492962008
117.56,1,08:30:20.509832536
117.56,2,08:30:20.509908011
117.56,1,08:30:20.606526236
117.57,1,08:30:21.911310392
117.57,1,08:30:21.911394781
117.57,1,08:30:21.919445402
117.57,1,08:30:23.966440463
117.57,15,08:30:23.966767032
117.57,1,08:30:24.003512953
117.57,1,08:30:24.040046055
117.56,1,08:30:24.045226216
117.56,1,08:30:24.045346293
117.55,1,08:30:24.126121440
117.55,1,08:30:24.126189104
117.55,1,08:30:24.562639536
117.55,5,08:30:24.562736250
117.55,1,08:30:24.562752480
117.54,1,08:30:25.009235359
117.54,1,08:30:25.020482867
117.54,1,08:30:25.029551425
117.54,2,08:30:25.177279879
117.54,1,08:30:25.880440558
117.54,1,08:30:26.087474007
117.54,1,08:30:27.848588590
117.54,1,08:30:27.848686181
117.54,1,08:30:27.848884961
117.54,1,08:30:27.865941103
117.54,1,08:30:27.866330133
117.54,1,08:30:27.890177953
117.53,1,08:30:29.670617395
117.53,1,08:30:30.743210454
117.52,1,08:30:32.208013667
117.52,1,08:30:32.271038859
117.52,1,08:30:32.302324029
117.51,1,08:30:33.342954944
117.51,1,08:30:33.343193698
117.51,1,08:30:33.469797020
117.51,1,08:30:33.908800757
117.51,2,08:30:33.909665098
117.51,1,08:30:33.934925615
117.5,1,08:30:34.452169115
117.5,1,08:30:34.452262545
117.51,1,08:30:35.604100116
117.51,2,08:30:35.604117277
117.51,1,08:30:35.604117277
117.52,1,08:30:36.246905982
117.52,1,08:30:36.247115201
117.52,1,08:30:36.247222692
117.52,1,08:30:36.247355968
117.53,1,08:30:37.167633758
117.53,1,08:30:37.167738149
117.53,2,08:30:37.167738149
117.53,1,08:30:37.167754714
117.53,4,08:30:37.167754714
117.53,1,08:30:37.197049826
117.53,2,08:30:39.646774622
117.53,2,08:30:39.646894107
117.53,1,08:30:39.646894107
117.53,1,08:30:39.676159205
117.53,1,08:30:39.847334177
117.53,1,08:30:39.847436667
117.53,1,08:30:39.847611607
117.53,1,08:30:39.848393773
117.52,1,08:30:40.187665265
117.52,1,08:30:40.187984526
117.53,1,08:30:40.264479668
117.52,2,08:30:41.843891028
117.52,1,08:30:41.843904721
117.52,4,08:30:41.843959466
117.52,1,08:30:41.870416795
117.53,1,08:30:41.909385811
117.52,2,08:30:42.213688096
117.53,1,08:30:44.608476050
117.53,1,08:30:44.608558741
117.53,2,08:30:44.608572965
117.53,1,08:30:44.608572965
117.52,1,08:30:44.985761019
117.52,1,08:30:44.985776430
117.52,2,08:30:44.985776430
117.52,2,08:30:46.293998360
117.52,1,08:30:46.293998360
117.52,2,08:30:46.294072127
117.52,1,08:30:46.294487631
117.52,1,08:30:46.331803344
117.52,1,08:30:47.051507270
117.52,1,08:30:47.060827202
117.52,2,08:30:49.214849082
117.51,1,08:30:50.148318992
117.51,1,08:30:50.148731743
117.51,1,08:30:50.148749083
117.51,1,08:30:50.149176235
117.51,4,08:30:50.149176235
117.51,2,08:30:50.149176235
117.51,13,08:30:50.149176235
117.51,1,08:30:50.149191333
117.51,1,08:30:50.149782459
117.51,1,08:30:50.156909960
117.51,1,08:30:50.188304119
117.51,1,08:30:53.820599972
117.51,1,08:30:55.183395111
117.51,1,08:30:55.312710974
117.51,1,08:30:55.398240430
117.51,1,08:30:55.398334650
117.51,1,08:30:55.398351476
117.5,2,08:30:57.443557222
117.5,2,08:30:57.443572566
117.5,1,08:30:57.443572566
117.5,1,08:30:57.443586441
117.5,1,08:30:57.443603097
117.5,4,08:30:57.443603097
117.49,1,08:30:57.443616374
117.49,1,08:30:57.443826775
117.49,1,08:30:57.443845466
117.49,1,08:30:57.443862397
117.49,1,08:30:57.443875780
117.49,1,08:30:57.443892336
117.49,1,08:30:57.443905351
117.49,1,08:30:57.444183907
117.49,2,08:30:57.444200672
117.49,20,08:30:57.444213875
117.49,1,08:30:57.444227546
117.49,2,08:30:57.444241773
117.49,2,08:30:57.444254487
117.49,2,08:30:57.444268554
117.49,2,08:30:57.444280701
117.49,2,08:30:57.444295731
117.49,1,08:30:57.444319732
117.49,1,08:30:57.445045049
117.49,30,08:30:57.445332258
117.49,1,08:30:57.445347916
117.49,3,08:30:57.445362764
117.49,6,08:30:57.445391649
117.49,1,08:30:57.467498691
117.5,1,08:30:57.482060804
117.5,1,08:30:57.508502625
117.5,1,08:30:57.508594081
117.5,2,08:30:57.516480129
117.5,1,08:30:57.735887637
117.49,4,08:30:59.101599764
117.49,1,08:30:59.101599764
117.49,15,08:30:59.101877972
117.49,1,08:30:59.101877972
117.49,1,08:30:59.102744951
117.49,1,08:30:59.106292497
117.49,1,08:30:59.106307111
117.49,1,08:30:59.125461025
117.5,1,08:31:00.132894455
117.49,2,08:31:00.145136527
117.49,1,08:31:00.145403481
117.49,1,08:31:00.145496877
117.49,5,08:31:00.165167689
117.49,1,08:31:00.165535003
117.49,1,08:31:01.011751065
117.49,1,08:31:01.011834656
117.49,1,08:31:02.144095624
117.49,2,08:31:02.304467527
117.49,1,08:31:02.625026932
117.49,2,08:31:03.358360930
117.49,8,08:31:03.358450594
117.49,1,08:31:04.570802147
117.49,1,08:31:04.570817255
117.49,1,08:31:04.582060359
117.49,1,08:31:04.652709385
117.49,1,08:31:04.686748403
117.49,3,08:31:04.686969429
117.49,1,08:31:04.737352659
117.49,2,08:31:04.801832682
117.5,1,08:31:06.730059379
117.5,2,08:31:06.730190986
117.5,2,08:31:06.730209785
117.5,1,08:31:06.730209785
117.5,1,08:31:06.730231779
117.5,4,08:31:06.730231779
117.5,2,08:31:06.730231779
117.5,1,08:31:06.741649767
117.5,1,08:31:06.741735840
117.5,2,08:31:07.048626706
117.5,1,08:31:07.048685775
117.5,1,08:31:07.048886386
117.5,1,08:31:09.288558898
117.49,1,08:31:09.519531959
117.49,1,08:31:09.519632743
117.49,1,08:31:09.519649936
117.49,1,08:31:09.531057611
117.49,2,08:31:09.531164493
117.49,1,08:31:09.531164493
117.5,1,08:31:09.664959983
117.5,1,08:31:09.665037186
117.49,1,08:31:10.830811530
117.49,1,08:31:10.841605217
117.49,2,08:31:10.841605217
117.49,1,08:31:10.842397293
117.49,1,08:31:10.842524043
117.48,1,08:31:11.983669261
117.48,1,08:31:11.983883498
117.48,1,08:31:11.983897937
117.48,2,08:31:11.983897937
117.48,1,08:31:11.983911485
117.48,1,08:31:11.983927098
117.48,1,08:31:11.983940637
117.48,1,08:31:11.983956561
117.48,2,08:31:11.983956561
117.48,1,08:31:11.983971584
117.48,4,08:31:11.983971584
117.48,7,08:31:11.983984874
117.48,5,08:31:11.984001485
117.48,2,08:31:11.984020161
117.48,3,08:31:11.984542212
117.48,2,08:31:12.019548534
117.49,1,08:31:12.301896417
117.49,1,08:31:13.061469417
117.49,1,08:31:13.061531702
117.49,1,08:31:13.061680515
117.49,1,08:31:13.061791289
117.49,1,08:31:13.362527679
117.49,2,08:31:13.363226443
117.49,1,08:31:16.413706662
117.49,1,08:31:16.450253153
117.49,1,08:31:16.806677941
117.49,1,08:31:17.408393896
117.48,1,08:31:19.437967081
117.48,1,08:31:19.437980386
117.48,1,08:31:19.438103823
117.48,1,08:31:19.438126351
117.48,2,08:31:19.438126351
117.49,2,08:31:20.271101495
117.49,1,08:31:20.271222851
117.49,1,08:31:20.271239468
117.49,2,08:31:20.271239468
117.49,2,08:31:20.271254031
117.49,1,08:31:20.271254031
117.49,1,08:31:20.271585785
117.49,1,08:31:20.323618990
117.49,1,08:31:21.366901473
117.48,2,08:31:22.047430820
117.48,1,08:31:22.047444849
117.48,1,08:31:22.047631290
117.48,1,08:31:22.055188350
117.48,3,08:31:22.082979607
117.48,1,08:31:24.628480897
117.47,1,08:31:28.294788571
117.47,1,08:31:28.294865919
117.48,1,08:31:28.550096307
117.48,1,08:31:28.550264614
117.48,1,08:31:28.550282672
117.47,2,08:31:28.550282672
117.47,2,08:31:28.550302054
117.47,1,08:31:28.550302054
117.47,3,08:31:28.550492783
117.47,1,08:31:28.550506684
117.47,1,08:31:28.550522579
117.47,2,08:31:28.550536415
117.47,1,08:31:28.550549990
117.47,1,08:31:28.550691595
117.47,3,08:31:28.550706053
117.47,1,08:31:28.550719681
117.47,2,08:31:28.550733684
117.47,6,08:31:28.550748992
117.47,2,08:31:28.550748992
117.47,11,08:31:28.550762543
117.47,2,08:31:28.550776556
117.47,3,08:31:28.550794323
117.47,1,08:31:28.551146363
117.47,23,08:31:28.551438052
117.47,6,08:31:28.552252305
117.47,3,08:31:28.552487716
117.47,1,08:31:28.552519083
117.47,7,08:31:28.552582711
117.47,2,08:31:28.552779815
117.47,1,08:31:28.587018190
117.47,27,08:31:29.251264627
117.47,57,08:31:29.251636977
117.47,3,08:31:29.251751481
117.47,9,08:31:29.251895867
117.47,4,08:31:29.251895867
117.47,3,08:31:29.251895867
117.48,3,08:31:29.577655585
117.48,1,08:31:29.577655585
117.48,1,08:31:29.628688708
117.48,1,08:31:29.634555894
117.48,2,08:31:29.634555894
117.48,1,08:31:29.634865385
117.48,1,08:31:29.721000349
117.48,1,08:31:29.833878704
117.48,1,08:31:30.834894431
117.48,2,08:31:30.834985411
117.48,1,08:31:30.834985411
117.48,1,08:31:30.835604978
117.48,2,08:31:30.835814366
117.48,8,08:31:30.835814366
117.48,1,08:31:32.934620163
117.48,1,08:31:32.934967881
117.48,1,08:31:32.938693590
117.48,1,08:31:32.938912767
117.48,1,08:31:32.939014933
117.48,1,08:31:32.939031324
117.47,3,08:31:34.491174505
117.47,2,08:31:34.491174505
117.47,3,08:31:34.491275269
117.47,2,08:31:34.491275269
117.47,1,08:31:34.491543292
117.47,1,08:31:34.491831801
117.47,1,08:31:34.491852617
117.47,7,08:31:34.491852617
117.47,1,08:31:34.528985464
117.47,1,08:31:34.565785621
117.47,2,08:31:34.565961885
117.47,1,08:31:35.000979633
117.48,2,08:31:35.830772800
117.48,1,08:31:35.830886586
117.48,1,08:31:35.830901975
117.48,2,08:31:35.830901975
117.48,1,08:31:35.830917379
117.48,2,08:31:35.830917379
117.48,1,08:31:35.831629094
117.48,5,08:31:36.029513812
117.48,1,08:31:37.276322663
117.48,1,08:31:37.276414116
117.48,2,08:31:37.276414116
117.48,1,08:31:37.276779063
117.48,1,08:31:37.277225629
117.48,1,08:31:37.277772759
117.48,1,08:31:40.265710990
117.48,1,08:31:40.265725687
117.48,1,08:31:40.265822334
117.48,2,08:31:40.265840203
117.48,1,08:31:40.265840203
117.48,1,08:31:40.868884294
117.48,4,08:31:40.942415934
117.49,2,08:31:41.262175828
117.49,9,08:31:41.262189690
117.49,1,08:31:41.262189690
117.49,5,08:31:41.262346624
117.49,8,08:31:41.262361289
117.49,1,08:31:41.262361289
117.49,2,08:31:41.262361289
117.49,1,08:31:41.262377469
117.49,2,08:31:41.262377469
117.49,2,08:31:41.262395034
117.49,4,08:31:41.262395034
117.49,1,08:31:41.273558267
117.49,1,08:31:41.273660385
117.49,24,08:31:41.273752110
117.49,17,08:31:41.274003866
117.49,119,08:31:41.274277991
117.5,1,08:31:41.313408314
117.5,2,08:31:41.313497549
117.5,6,08:31:41.313511747
117.5,7,08:31:41.313511747
117.5,1,08:31:41.313511747
117.49,2,08:31:42.886852442
117.49,1,08:31:43.182819914
117.48,1,08:31:43.501658030
117.48,3,08:31:43.501658030
117.49,1,08:31:44.119073550
117.49,1,08:31:47.884029691
117.49,2,08:31:47.888833822
117.49,1,08:31:47.933999758
117.49,1,08:31:48.417989519
117.49,1,08:31:51.258501398
117.49,1,08:31:51.258523343
117.49,1,08:31:51.259287791
117.49,1,08:31:51.259625295
117.49,1,08:31:51.259785826
117.49,1,08:31:51.259800891
117.49,9,08:31:51.286227594
117.49,2,08:31:51.430343997
117.49,1,08:31:51.611341468
117.48,2,08:31:54.087095216
117.48,1,08:31:54.087095216
117.48,1,08:31:54.087204643
117.48,1,08:31:54.087225712
117.48,3,08:31:54.087225712
117.48,1,08:31:54.115574790
117.48,3,08:31:54.115574790
117.48,1,08:31:54.118410415
117.48,1,08:31:54.118479603
117.48,5,08:31:54.119543912
117.48,1,08:31:54.162227207
117.49,1,08:31:54.898729706
117.49,1,08:31:54.898744992
117.49,1,08:31:55.292985322
117.49,3,08:31:55.293069241
117.49,1,08:31:56.137985612
117.49,1,08:31:56.138255061
117.49,3,08:31:56.175478720
117.49,1,08:31:57.220495432
117.49,1,08:32:00.309998091
117.49,1,08:32:00.310026720
117.49,4,08:32:00.310026720
117.49,2,08:32:01.691510552
117.49,1,08:32:01.691630094
117.49,1,08:32:01.691653496
117.49,5,08:32:01.691653496
117.49,1,08:32:02.144773216
117.49,1,08:32:02.378132434
117.49,3,08:32:02.378459285
117.49,2,08:32:02.378459285
117.49,1,08:32:02.378459285
117.5,1,08:32:03.168007504
117.5,2,08:32:03.168025821
117.5,1,08:32:03.168025821
117.5,2,08:32:03.168042784
117.5,1,08:32:03.168042784
117.5,1,08:32:03.228292501
117.5,2,08:32:03.366783431
117.5,1,08:32:04.822154989
117.5,1,08:32:05.011620703
117.5,1,08:32:05.011707304
117.5,1,08:32:05.011723150
117.5,1,08:32:05.075841544
117.51,1,08:32:06.898142718
117.51,1,08:32:06.898438830
117.51,1,08:32:06.995189586
117.51,1,08:32:06.995307384
117.51,1,08:32:06.995329074
117.51,2,08:32:06.995329074
117.51,3,08:32:07.029420868
117.51,4,08:32:07.321865660
117.51,1,08:32:07.664099636
117.51,1,08:32:07.664188068
117.51,1,08:32:07.665126385
117.51,1,08:32:07.665344484
117.51,2,08:32:07.665359421
117.51,1,08:32:07.665558551
117.51,1,08:32:07.696534137
117.5,1,08:32:08.016928473
117.51,1,08:32:12.138028894
117.51,3,08:32:12.316995211
117.51,2,08:32:12.317288327
117.51,1,08:32:12.317288327
117.51,3,08:32:12.350575868
117.52,1,08:32:14.050020494
117.52,1,08:32:14.050178238
117.52,2,08:32:14.050210040
117.52,1,08:32:14.050210040
117.51,3,08:32:19.613356451
117.51,1,08:32:19.613589180
117.51,1,08:32:19.613615020
117.51,2,08:32:19.613615020
117.51,1,08:32:19.613649917
117.51,2,08:32:19.613649917
117.51,1,08:32:19.624686025
117.51,2,08:32:19.648180708
117.51,1,08:32:19.648180708
117.51,1,08:32:19.653956253
117.51,1,08:32:19.668403931
117.52,1,08:32:39.013743334
117.52,1,08:32:39.013843597
117.52,2,08:32:39.013858558
117.52,1,08:32:39.013858558
117.52,1,08:32:39.014009827
117.52,2,08:32:39.207031761
117.52,1,08:32:39.207048587
117.52,1,08:32:44.968739906
117.52,1,08:32:44.968758943
117.52,2,08:32:44.968758943
117.52,3,08:32:44.968758943
117.52,4,08:32:44.968758943
117.52,1,08:32:44.969146878
117.52,1,08:32:44.997783937
117.52,1,08:32:44.997799217
117.52,1,08:32:45.053665473
117.52,1,08:32:45.180477518
117.52,1,08:32:45.180550324
117.53,2,08:32:47.479119636
117.53,1,08:32:47.521773739
117.53,2,08:32:47.521878510
117.53,1,08:32:47.521878510
117.53,1,08:32:47.540516568
117.53,1,08:32:47.540861476
117.53,1,08:32:47.540875863
117.53,1,08:32:47.540978619
117.53,7,08:32:47.564447153
117.53,2,08:32:47.566083914
117.52,1,08:32:47.607515359
117.52,6,08:32:47.607584088
117.53,1,08:32:47.614880629
117.53,1,08:32:47.615086312
117.53,1,08:32:47.662923899
117.52,1,08:32:47.937537847
117.53,1,08:32:48.808161323
117.53,1,08:32:50.662382181
117.52,2,08:32:55.427660980
117.52,1,08:32:55.427675265
117.52,1,08:32:55.427766973
117.52,1,08:32:55.427788106
117.52,13,08:32:55.427788106
117.52,3,08:32:55.427788106
117.52,3,08:32:55.461399039
117.52,1,08:32:55.467157277
117.52,1,08:32:56.336898284
117.51,1,08:33:02.425247933
117.51,14,08:33:02.425443801
117.51,1,08:33:02.425460858
117.51,1,08:33:02.425478087
117.51,2,08:33:02.425478087
117.51,1,08:33:02.425492227
117.51,2,08:33:02.425492227
117.51,1,08:33:02.425716006
117.5,1,08:33:02.425731350
117.5,1,08:33:02.425744915
117.5,1,08:33:02.425759062
117.5,1,08:33:02.425774975
117.5,1,08:33:02.425788153
117.5,1,08:33:02.425801936
117.5,1,08:33:02.426297084
117.5,1,08:33:02.426311625
117.5,4,08:33:02.426325455
117.5,1,08:33:02.426340038
117.5,1,08:33:02.426355583
117.5,8,08:33:02.426369196
117.5,1,08:33:02.426382543
117.5,6,08:33:02.426401004
117.5,2,08:33:02.426415122
117.5,1,08:33:02.426428437
117.5,1,08:33:02.426444230
117.5,6,08:33:02.427630843
117.5,2,08:33:02.428137614
117.5,3,08:33:02.428137614
117.5,6,08:33:02.428153761
117.5,4,08:33:02.428169940
117.5,2,08:33:02.428353636
117.5,1,08:33:02.436560689
117.5,1,08:33:02.436651785
117.5,1,08:33:02.455153032
117.5,1,08:33:02.464590036
117.5,1,08:33:04.352099795
117.5,2,08:33:04.352663631
117.5,1,08:33:04.352684585
117.5,3,08:33:04.352853260
117.5,1,08:33:04.352853260
117.5,3,08:33:04.353181693
117.5,2,08:33:04.353181693
117.5,5,08:33:04.353181693
117.5,5,08:33:04.353312382
117.5,2,08:33:04.353337622
117.5,1,08:33:04.353337622
117.5,1,08:33:04.374926167
117.5,1,08:33:04.375023823
117.5,7,08:33:04.375213488
117.5,1,08:33:04.375812831
117.5,1,08:33:04.382201604
117.51,1,08:33:08.433205876
117.51,1,08:33:08.433299816
117.51,1,08:33:08.437007518
117.51,1,08:33:08.437236196
117.51,2,08:33:08.450307405
117.51,1,08:33:08.464371614
117.51,2,08:33:09.513755009
117.51,4,08:33:09.513755009
117.51,1,08:33:09.513874515
117.51,1,08:33:09.513889148
117.51,1,08:33:09.513907590
117.51,2,08:33:09.513907590
117.51,1,08:33:09.525057912
117.51,1,08:33:09.556937589
117.51,1,08:33:10.642256802
117.51,1,08:33:10.642342156
117.51,2,08:33:10.642666711
117.51,1,08:33:11.034164711
117.51,2,08:33:11.034273867
117.51,1,08:33:11.034293473
117.51,4,08:33:11.034293473
117.51,2,08:33:11.034293473
117.51,2,08:33:11.044845155
117.51,1,08:33:11.045476818
117.51,3,08:33:11.047002845
117.51,1,08:33:11.047371812
117.5,3,08:33:13.092494600
117.5,1,08:33:13.092494600
117.5,1,08:33:13.092584017
117.51,1,08:33:15.450099380
117.51,1,08:33:15.450412363
117.51,1,08:33:17.711862686
117.51,1,08:33:18.925584670
117.51,2,08:33:19.696933420
117.51,1,08:33:19.697032702
117.51,1,08:33:19.697205759
117.51,1,08:33:19.697396274
117.51,1,08:33:19.698154824
117.51,1,08:33:19.698169681
117.51,1,08:33:19.734349556
117.51,1,08:33:24.606735261
117.51,1,08:33:25.501590091
117.51,2,08:33:25.501791665
117.51,1,08:33:25.501883409
117.51,1,08:33:25.502034951
117.51,1,08:33:26.026837875
117.51,1,08:33:29.192778961
117.51,1,08:33:29.192794055
117.51,2,08:33:29.364559200
117.51,1,08:33:29.364651582
117.51,1,08:33:29.364666168
117.51,1,08:33:29.364836655
117.51,2,08:33:29.364836655
117.51,2,08:33:29.364924761
117.51,1,08:33:29.404223438
117.5,1,08:33:29.782702819
117.51,1,08:33:30.108160942
117.51,1,08:33:30.108518463
117.51,4,08:33:30.108626474
117.51,2,08:33:36.655322416
117.51,1,08:33:36.655761767
117.51,1,08:33:36.655861249
117.51,1,08:33:36.671118463
117.51,1,08:33:36.671200505
117.51,1,08:33:37.664792153
117.51,2,08:33:39.194839883
117.51,1,08:33:40.043985900
117.51,2,08:33:40.044079385
117.51,1,08:33:40.044094975
117.51,1,08:33:40.195980986
117.52,2,08:33:42.818563533
117.52,1,08:33:42.818563533
117.52,2,08:33:42.818670519
117.52,2,08:33:42.818688821
117.52,1,08:33:42.818688821
117.52,3,08:33:42.818688821
117.52,3,08:33:42.818967655
117.52,1,08:33:42.819098823
117.52,1,08:33:42.819211412
117.52,1,08:33:42.819234202
117.52,1,08:33:42.877907927
117.52,1,08:33:42.892586488
117.52,2,08:33:48.543113419
117.52,1,08:33:48.543421182
117.52,1,08:33:53.769925343
117.52,1,08:33:53.770005346
117.52,1,08:33:53.770239375
117.52,2,08:33:53.770371195
117.52,1,08:33:53.770371195
117.52,1,08:33:53.770387659
117.52,2,08:33:53.770387659
117.52,1,08:33:53.770486395
117.52,1,08:33:53.770505192
117.53,1,08:33:53.854157304
117.53,1,08:33:53.871246269
117.53,1,08:33:56.034915157
117.52,1,08:33:59.585979683
117.52,1,08:33:59.586153197
117.52,1,08:33:59.586292537
117.52,3,08:33:59.586311663
117.52,1,08:33:59.586311663
117.52,1,08:33:59.586338089
117.52,1,08:33:59.627034356
117.52,1,08:33:59.664909298
117.51,1,08:34:01.516477808
117.51,1,08:34:01.516860294
117.51,1,08:34:01.516876486
117.51,2,08:34:01.516876486
117.51,1,08:34:01.516892444
117.51,1,08:34:01.517096328
117.51,3,08:34:01.517096328
117.51,8,08:34:01.517096328
117.51,1,08:34:01.528185107
117.51,1,08:34:01.528316498
117.51,1,08:34:01.554640073
117.51,1,08:34:01.840765835
117.51,3,08:34:02.797750965
117.51,1,08:34:02.798107870
117.51,1,08:34:02.798219540
117.51,1,08:34:02.798242698
117.51,3,08:34:04.523159095
117.51,1,08:34:04.523176244
117.51,2,08:34:04.533844637
117.51,1,08:34:04.533844637
117.51,1,08:34:05.265215963
117.5,1,08:34:06.360262287
117.5,1,08:34:06.360390482
117.5,1,08:34:06.509278045
117.5,3,08:34:06.509278045
117.5,1,08:34:06.509523946
117.5,1,08:34:06.509547293
117.5,1,08:34:06.509803898
117.5,1,08:34:06.553976610
117.5,1,08:34:06.590569777
117.5,1,08:34:06.590662282
117.5,1,08:34:07.792813675
117.5,1,08:34:07.793439015
117.5,2,08:34:07.839569912
117.5,1,08:34:07.839837764
117.5,3,08:34:07.839945972
117.5,2,08:34:07.839945972
117.5,1,08:34:07.839945972
117.5,1,08:34:07.840049348
117.5,1,08:34:07.977407014
117.5,1,08:34:07.992733439
117.49,1,08:34:12.463552330
117.5,1,08:34:13.173916920
117.5,1,08:34:13.174283208
117.5,2,08:34:13.174398577
117.5,1,08:34:13.174414978
117.5,2,08:34:13.174414978
117.5,3,08:34:13.174431166
117.5,2,08:34:13.174431166
117.5,1,08:34:13.230092754
117.5,1,08:34:13.230807903
117.5,2,08:34:13.233623535
117.5,1,08:34:13.233623535
117.51,1,08:34:13.238382175
117.51,1,08:34:13.238469301
117.51,1,08:34:13.238483362
117.51,2,08:34:13.238483362
117.51,1,08:34:13.238497592
117.51,2,08:34:13.296127611
117.51,1,08:34:13.340145023
117.51,1,08:34:13.928236938
117.51,1,08:34:14.275451923
117.5,1,08:34:15.041378847
117.5,2,08:34:15.041398680
117.5,1,08:34:15.041398680
117.5,2,08:34:15.041651282
117.5,1,08:34:15.041778546
117.5,1,08:34:15.097763815
117.5,1,08:34:15.352009186
117.5,1,08:34:19.208023035
117.5,1,08:34:19.208120296
117.5,1,08:34:19.208136312
117.5,1,08:34:19.211922942
117.5,1,08:34:19.212013266
117.5,1,08:34:19.212308881
117.51,1,08:34:20.249000438
117.51,1,08:34:20.249272627
117.51,2,08:34:20.249430649
117.51,1,08:34:20.249430649
117.51,1,08:34:20.281434648
117.52,1,08:34:22.111965128
117.52,1,08:34:22.112077985
117.52,3,08:34:22.112092462
117.52,1,08:34:22.112092462
117.52,1,08:34:22.199740022
117.52,1,08:34:22.199827388
117.52,1,08:34:22.200524572
117.52,1,08:34:22.363835331
117.52,1,08:34:22.363945408
117.52,1,08:34:22.363967213
117.52,11,08:34:22.364358521
117.52,2,08:34:22.410954815
117.52,1,08:34:27.240418017
117.52,3,08:34:27.240440296
117.52,2,08:34:27.240440296
117.52,1,08:34:27.240781156
117.52,3,08:34:27.240796071
117.52,4,08:34:27.240796071
117.52,2,08:34:27.240796071
117.52,1,08:34:27.240811601
117.52,2,08:34:27.277249356
117.52,1,08:34:31.204160606
117.52,2,08:34:31.204160606
117.52,2,08:34:31.204253085
117.52,1,08:34:31.204274084
117.52,2,08:34:31.204274084
117.53,1,08:34:31.583767894
117.53,3,08:34:32.310208939
117.53,1,08:34:32.310223377
117.53,2,08:34:32.310223377
117.53,2,08:34:32.310304238
117.53,2,08:34:32.310319623
117.53,1,08:34:32.310534299
117.53,1,08:34:32.310670788
117.53,1,08:34:32.339032678
117.53,1,08:34:32.344375519
117.53,2,08:34:32.371092648
117.53,1,08:34:34.848206193
117.53,1,08:34:34.848289006
117.53,1,08:34:34.848510471
117.53,2,08:34:34.848528074
117.53,1,08:34:34.885839927
117.53,2,08:34:34.898867930
117.53,1,08:34:34.923195247
117.53,1,08:34:34.957693448
117.54,1,08:34:37.857860984
117.54,1,08:34:37.858069755
117.54,1,08:34:38.277807374
117.54,1,08:34:38.320149150
117.54,4,08:34:40.261614140
117.54,1,08:34:52.554470220
117.54,2,08:34:52.554640895
117.54,2,08:34:52.554655513
117.54,1,08:34:52.554655513
117.54,1,08:34:52.554671208
117.54,1,08:34:52.554685672
117.54,2,08:34:52.554685672
117.54,1,08:34:52.554700463
117.54,2,08:34:52.554700463
117.54,3,08:34:52.554700463
117.54,1,08:34:52.554718835
117.55,1,08:34:53.324166231
117.55,4,08:34:53.362163409
117.55,1,08:34:53.375708044
117.55,1,08:34:53.375894997
117.55,1,08:34:53.376197364
117.55,2,08:34:53.410634830
117.56,1,08:34:56.089844939
117.56,2,08:34:56.089942303
117.56,3,08:34:56.089958700
117.56,5,08:34:56.089958700
117.56,1,08:34:56.137352878
117.56,1,08:34:56.301466470
117.56,1,08:34:57.368911115
117.56,1,08:34:57.368926075
117.56,1,08:34:57.740098159
117.56,1,08:34:57.740396635
117.56,1,08:34:57.740497736
117.56,1,08:34:57.740520984
117.56,1,08:34:57.741968330
117.56,2,08:34:57.745931994
117.56,2,08:34:57.758858876
117.56,1,08:34:57.766511557
117.57,2,08:34:57.792536809
117.57,2,08:34:57.832048853
117.57,1,08:35:04.265021884
117.57,1,08:35:04.265330431
117.57,2,08:35:04.265474274
117.57,1,08:35:04.265474274
117.57,1,08:35:04.265578130
117.58,1,08:35:04.579570033
117.57,1,08:35:06.531271775
117.57,3,08:35:06.531593484
117.57,2,08:35:06.531593484
117.57,2,08:35:06.532147743
117.57,2,08:35:06.532456763
117.57,1,08:35:06.532477988
117.57,3,08:35:06.532477988
117.57,1,08:35:06.532516158
117.57,2,08:35:06.532516158
117.57,1,08:35:06.563583182
117.57,2,08:35:06.574803866
117.57,1,08:35:06.574907686
117.57,2,08:35:06.574907686
117.57,2,08:35:06.577921506
117.57,2,08:35:06.581239137
117.57,2,08:35:06.584806884
117.57,2,08:35:06.587290710
117.56,1,08:35:07.388163170
117.56,1,08:35:07.388177823
117.56,8,08:35:07.513258907
117.56,2,08:35:07.513335227
117.56,1,08:35:07.555786862
117.56,2,08:35:07.555786862
