price,volume,timestamp
107.5,24,08:00:00.185002123
107.5,3,08:00:00.753589244
107.5,2,08:00:07.075975836
107.5,3,08:00:07.628071348
107.5,3,08:00:14.504389546
107.5,2,08:00:17.014710262
107.5,1,08:00:17.051079369
107.5,1,08:00:17.615552961
107.5,1,08:00:20.346364371
107.5,3,08:00:21.377778308
107.5,2,08:00:27.019118567
107.5,1,08:00:27.098267911
107.5,3,08:00:28.252452722
107.5,3,08:00:35.127168040
107.5,2,08:00:37.014865774
107.5,1,08:00:37.018031550
107.5,3,08:00:42.004972885
107.5,1,08:00:47.014110275
107.4844,3,08:00:48.244504086
107.4844,1,08:00:48.490597391
107.5,3,08:00:48.877677227
107.5,611,08:00:52.976403057
107.5,5,08:00:52.977111919
107.5,46,08:00:52.978449649
107.5,41,08:00:52.978652923
107.5,1,08:00:52.978920631
107.5,46,08:00:52.978994943
107.5,1,08:00:52.979043741
107.5,1,08:00:52.979178889
107.5,1,08:00:52.979211405
107.5,46,08:00:52.979588859
107.5,46,08:00:52.979661229
107.5,1,08:00:52.979901899
107.5,3,08:00:52.979973971
107.5,105,08:00:52.980289203
107.5,1,08:00:52.981301137
107.5,10,08:00:52.981678213
107.5,1,08:00:52.981678213
107.5,41,08:00:52.981778196
107.5,1,08:00:52.981888601
107.5,4,08:00:52.981920970
107.5,5,08:00:52.981968869
107.5,2,08:00:52.982019212
107.5,9,08:00:52.982046278
107.5,22,08:00:52.982129700
107.5,33,08:00:52.982193343
107.5,214,08:00:52.982578090
107.5,1,08:00:52.985175090
107.5,2,08:00:52.986167936
107.5,7,08:00:52.988051571
107.5,2,08:00:52.989523318
107.5,4,08:00:53.009979702
107.5,2,08:00:53.041767559
107.5,1,08:00:53.079269931
107.5,47,08:00:53.409457748
107.5,1,08:00:53.409594589
107.5,1,08:00:53.409705811
107.5156,3,08:00:55.040420664
107.5156,28,08:00:55.040436466
107.5156,1,08:00:55.040436466
107.5,100,08:00:55.058394910
107.5156,2,08:00:57.014372581
107.5156,1,08:00:57.015074029
107.5156,1,08:00:57.018077647
107.5,25,08:01:06.727566997
107.5,100,08:01:08.052098832
107.5,46,08:01:08.052570735
107.5,1,08:01:08.052624436
107.5,6,08:01:08.052717554
107.5,147,08:01:08.052937966
107.5,4,08:01:08.053099700
107.5,3,08:01:08.053172361
107.5,1,08:01:08.053242470
107.5,11,08:01:08.053394640
107.5,46,08:01:08.053423051
107.5,1,08:01:08.053455202
107.5,46,08:01:08.053676786
107.5,1,08:01:08.053798997
107.5,26,08:01:08.053860810
107.5,1,08:01:08.053976600
107.5,19,08:01:08.054228241
107.5,1,08:01:08.054280731
107.5,5,08:01:08.054401962
107.5,2,08:01:08.054442902
107.5,46,08:01:08.054705652
107.5,2,08:01:08.054929721
107.5,46,08:01:08.054929721
107.5,2,08:01:08.054974720
107.5,1,08:01:08.055010708
107.5,1,08:01:08.055066481
107.5,123,08:01:08.055303639
107.5,63,08:01:08.055625006
107.5,15,08:01:08.056935758
107.5,1,08:01:08.057067396
107.5,4,08:01:08.057107140
107.5,2,08:01:08.058985150
107.5,4,08:01:08.059629825
107.5,57,08:01:08.059806013
107.5,58,08:01:08.064162450
107.5,1,08:01:08.073899572
107.5,1,08:01:08.076237597
107.5,1,08:01:22.677124693
107.5,2,08:01:25.589243887
107.5,1,08:01:28.451304074
107.5,1,08:01:31.338447254
107.5,2,08:01:34.250882545
107.5,1,08:01:37.112128458
107.5,2,08:01:40.024254575
107.5,1,08:01:42.886321511
107.5,1,08:01:45.773429660
107.5,2,08:01:48.685748064
107.5,1,08:01:51.546947013
107.5,2,08:01:54.459269958
107.5,15,08:01:55.383659469
107.5,1,08:01:57.321329612
107.5,5,08:01:58.755548333
107.5,1,08:01:58.756143916
107.5,1,08:01:58.757957466
107.5,3,08:01:58.758819070
107.5,73,08:01:58.758841160
107.5,1,08:01:58.761880534
107.5,95,08:01:58.762014984
107.5,2,08:01:58.763542628
107.5,1,08:01:58.763593281
107.5,52,08:01:58.763679404
107.5,1,08:01:58.764287635
107.5,2,08:01:58.764342993
107.5,1,08:01:58.764630282
107.5,1,08:01:58.765110234
107.5,1,08:01:58.765143358
107.5,63,08:01:58.765230610
107.5,5,08:01:58.765332856
107.5,1,08:01:58.765453681
107.5,33,08:01:58.765529150
107.5,23,08:01:58.765655831
107.5,4,08:01:58.765698153
107.5,2,08:01:58.765718096
107.5,4,08:01:58.765740364
107.5,1,08:01:58.765768983
107.5,1,08:01:58.765791915
107.5,7,08:01:58.765831781
107.5,11,08:01:58.765871871
107.5,1,08:01:58.765903184
107.5,1,08:01:58.765931965
107.5,2,08:01:58.766008001
107.5,1,08:01:58.766037653
107.5,31,08:01:58.766098753
107.5,1,08:01:58.766111956
107.5,1,08:01:58.766123844
107.5,1,08:01:58.766138898
107.5,1,08:01:58.766167618
107.5,1,08:01:58.766191347
107.5,1,08:01:58.766205503
107.5,1,08:01:58.766220880
107.5,1,08:01:58.766236304
107.5,1,08:01:58.766253473
107.5,1,08:01:58.766273345
107.5,1,08:01:58.766292011
107.5,1,08:01:58.766310843
107.5,3,08:01:58.766408647
107.5,1,08:01:58.766575598
107.5,1,08:01:58.766611985
107.5,18,08:01:58.766746241
107.5,1,08:01:58.766825148
107.5,1,08:01:58.766864224
107.5,12,08:01:58.766894680
107.5,5,08:01:58.767253518
107.5,3,08:01:58.767307017
107.5,1,08:01:58.767393540
107.5,1,08:01:58.767423324
107.5,1,08:01:58.767469487
107.5,5,08:01:58.767528125
107.5,10,08:01:58.767625638
107.5,4,08:01:58.768367909
107.5,1,08:01:58.768539125
107.5,39,08:01:58.768573830
107.5,3,08:01:58.768695458
107.5,19,08:01:58.768749488
107.5,7,08:01:58.768788781
107.5,3,08:01:58.768815025
107.5,1,08:01:58.768838827
107.5,5,08:01:58.768875529
107.5,3,08:01:58.768995083
107.5,3,08:01:58.769140001
107.5,13,08:01:58.769204101
107.5,8,08:01:58.769275812
107.5,4,08:01:58.769371243
107.5,6,08:01:58.769512332
107.5,16,08:01:58.769562233
107.5,92,08:01:58.769630283
107.5,32,08:01:58.769672578
107.5,1,08:01:58.770064478
107.5,2,08:01:58.770268786
107.5,1,08:01:58.770344074
107.5,2,08:01:58.770456842
107.5,1,08:01:58.770559006
107.5,5,08:01:58.770602920
107.5,1,08:01:58.770992976
107.5,1,08:01:58.771365435
107.5,4,08:01:58.771563217
107.5,10,08:01:58.772203529
107.5,3,08:01:58.772257568
107.5,37,08:01:58.772695976
107.5,2,08:01:58.772763330
107.5,16,08:01:58.772931108
107.5,3,08:01:58.773097338
107.5,1,08:01:58.773300114
107.5,5,08:01:58.774180522
107.5,1,08:01:58.775579462
107.5,7,08:01:58.775718034
107.5,18,08:01:58.776364409
107.5,1,08:01:58.777785276
107.5,19,08:01:58.779032837
107.5,4,08:01:58.795523918
107.5156,1,08:02:00.208642569
107.5,1,08:02:01.145578123
107.5156,2,08:02:03.119871856
107.5156,1,08:02:04.011684497
107.5156,2,08:02:04.125537803
107.5156,1,08:02:05.982020281
107.5156,2,08:02:08.894444792
107.5156,3,08:02:11.001699267
107.5156,1,08:02:11.002868020
107.5156,2,08:02:11.002894465
107.5156,1,08:02:11.002956217
107.5156,1,08:02:11.003190427
107.5156,46,08:02:11.003663652
107.5156,10,08:02:11.003739791
107.5156,3,08:02:11.003808854
107.5156,46,08:02:11.003860344
107.5156,1,08:02:11.004116612
107.5156,1,08:02:11.004168145
107.5156,1,08:02:11.004200123
107.5156,14,08:02:11.004218194
107.5156,14,08:02:11.004235395
107.5156,1,08:02:11.004266771
107.5156,1,08:02:11.004302199
107.5156,2,08:02:11.004342843
107.5156,1,08:02:11.004361282
107.5156,1,08:02:11.004387055
107.5156,1,08:02:11.004409212
107.5156,1,08:02:11.004426724
107.5156,1,08:02:11.004448960
107.5156,1,08:02:11.004467956
107.5156,1,08:02:11.004487208
107.5156,1,08:02:11.004509314
107.5156,1,08:02:11.004532156
107.5156,1,08:02:11.004551676
107.5156,1,08:02:11.004577461
107.5156,1,08:02:11.004598137
107.5156,1,08:02:11.004617009
107.5156,1,08:02:11.004633953
107.5156,1,08:02:11.004660728
107.5156,1,08:02:11.004771073
107.5156,1,08:02:11.004793348
107.5156,1,08:02:11.004833842
107.5156,1,08:02:11.004873519
107.5156,1,08:02:11.004892806
107.5156,1,08:02:11.004909245
107.5156,1,08:02:11.004978955
107.5156,1,08:02:11.005101678
107.5156,1,08:02:11.005252734
107.5156,1,08:02:11.005273633
107.5156,43,08:02:11.005292789
107.5156,1,08:02:11.005317170
107.5156,1,08:02:11.005337356
107.5156,1,08:02:11.005362029
107.5156,4,08:02:11.005379760
107.5156,1,08:02:11.005403070
107.5156,1,08:02:11.005463480
107.5156,71,08:02:11.005565274
107.5156,1,08:02:11.005623522
107.5156,41,08:02:11.005740426
107.5156,5,08:02:11.005793954
107.5156,6,08:02:11.006529204
107.5156,8,08:02:11.006849399
107.5156,1,08:02:11.006873150
107.5156,1,08:02:11.006911250
107.5156,2,08:02:11.008426132
107.5156,2,08:02:11.009253035
107.5156,2,08:02:11.009406129
107.5156,2,08:02:11.009459049
107.5313,1,08:02:11.756555165
107.5313,1,08:02:11.756573789
107.5313,2,08:02:14.338777978
107.5313,2,08:02:14.668950517
107.5313,150,08:02:14.869177529
107.5313,1,08:02:17.530063065
107.5313,1,08:02:20.417257032
107.5313,2,08:02:23.329468612
107.5156,100,08:02:24.031750916
107.5313,2,08:02:24.052909836
107.5156,1,08:02:24.465614873
107.5156,4,08:02:24.468207773
107.5156,1,08:02:24.680738219
107.5156,3,08:02:25.161587891
107.5156,13,08:02:25.162171400
107.5156,40,08:02:25.162269194
107.5156,3,08:02:25.162338151
107.5156,2,08:02:25.162369781
107.5156,1,08:02:25.162572057
107.5156,11,08:02:25.162612715
107.5156,3,08:02:25.162670316
107.5156,2,08:02:25.162749751
107.5156,1,08:02:25.162780720
107.5156,1,08:02:25.162840250
107.5156,1,08:02:25.162887314
107.5156,15,08:02:25.162887314
107.5156,15,08:02:25.162976327
107.5156,1,08:02:25.163144088
107.5156,1,08:02:25.163275947
107.5156,1,08:02:25.163539386
107.5156,6,08:02:25.163633090
107.5156,1,08:02:25.163782783
107.5156,1,08:02:25.163816364
107.5313,1,08:02:26.191628161
107.5156,1,08:02:26.985536455
107.5313,2,08:02:29.102906399
107.5156,1,08:02:29.485571382
107.5313,1,08:02:31.965052579
107.5156,1,08:02:31.985572678
107.5156,1,08:02:34.585507622
107.5313,1,08:02:34.852182106
107.5156,6,08:02:36.838724671
107.5156,2,08:02:36.839703028
107.5156,4,08:02:36.839831974
107.5156,2,08:02:36.840013542
107.5156,1,08:02:36.840055696
107.5156,1,08:02:36.840608946
107.5156,5,08:02:36.843003484
107.5156,1,08:02:36.843179475
107.5156,114,08:02:36.843782853
107.5156,50,08:02:36.846690970
107.5156,3,08:02:36.847155305
107.5,5,08:02:40.286458821
107.5156,3,08:02:40.431285352
107.5156,1,08:02:40.438068762
107.5156,1,08:02:47.235528061
107.5156,1,08:02:49.287351481
107.5156,2,08:02:52.199581766
107.5156,1,08:02:55.061750166
107.5,46,08:02:56.401509598
107.5,46,08:02:56.409756023
107.5,128,08:02:56.409853709
107.5,92,08:02:56.410095656
107.5,81,08:02:56.410199936
107.5,41,08:02:56.410307328
107.5,41,08:02:56.410469581
107.5,24,08:02:56.410516452
107.5,19,08:02:56.410579529
107.5,82,08:02:56.410603717
107.5,1,08:02:56.414737611
107.5,1,08:02:56.414760517
107.5,1,08:02:56.416282882
107.5,60,08:02:56.416608088
107.5,4,08:02:56.417057841
107.5,28,08:02:56.417781434
107.5,1,08:02:56.419282417
107.5,1,08:02:56.419314991
107.5,129,08:02:56.419343755
107.5,2,08:02:56.419372972
107.5,79,08:02:56.419398406
107.5,2,08:02:56.419420167
107.5,3,08:02:56.419455643
107.5,1,08:02:56.419488479
107.5,9,08:02:56.419507699
107.5,1,08:02:56.419530189
107.5,1,08:02:56.419826233
107.5,1,08:02:56.419882714
107.5,3,08:02:56.419924549
107.5,3,08:02:56.420665716
107.5,2,08:02:56.421608071
107.5,1,08:02:56.424930198
107.5,1,08:02:58.429685674
107.5,1,08:02:58.430986240
107.5,1,08:02:58.431616907
107.5,44,08:03:01.066251915
107.5,1,08:03:01.066890488
107.5,1,08:03:01.066913036
107.5,1,08:03:01.066931254
107.5,10,08:03:01.066952992
107.5,1,08:03:01.066987094
107.5,1,08:03:01.067002730
107.5,1,08:03:01.067024190
107.5,1,08:03:01.067047090
107.5,1,08:03:01.067072873
107.5,1,08:03:01.067091599
107.5,1,08:03:01.067110733
107.5,1,08:03:01.067133021
107.5,1,08:03:01.067158849
107.5,1,08:03:01.067181633
107.5,1,08:03:01.067199614
107.5,1,08:03:01.067223842
107.5,1,08:03:01.067243900
107.5,1,08:03:01.067268477
107.5,1,08:03:01.067289255
107.5,1,08:03:01.067308481
107.5,1,08:03:01.067331643
107.5,1,08:03:01.067351931
107.5,1,08:03:01.067378728
107.5,2,08:03:01.067409353
107.5,1,08:03:01.067429821
107.5,1,08:03:01.067566860
107.5,2,08:03:01.067635713
107.5,7,08:03:01.067698583
107.5,1,08:03:01.067738859
107.5,1,08:03:01.067788116
107.5,1,08:03:01.067812171
107.5,4,08:03:01.068207196
107.5,1,08:03:01.068420842
107.5,1,08:03:01.068456145
107.5,1,08:03:01.068517913
107.5,1,08:03:01.068687356
107.5,2,08:03:01.069138748
107.5,1,08:03:01.069238027
107.5,1,08:03:06.609761013
107.5,50,08:03:09.181822530
107.5,138,08:03:09.181943464
107.5,1,08:03:09.181998745
107.5,1,08:03:09.182034199
107.5,1,08:03:09.182100062
107.5,1,08:03:09.182103633
107.5,1,08:03:09.182143765
107.5,1,08:03:09.182209859
107.5,1,08:03:09.182233917
107.5,1,08:03:09.182295222
107.5,1,08:03:09.182332963
107.5,1,08:03:09.182398481
107.5,1,08:03:09.182432527
107.5,1,08:03:09.182517997
107.5,1,08:03:09.182547889
107.5,1,08:03:09.182610966
107.5,1,08:03:09.182649910
107.5,1,08:03:09.182716808
107.5,1,08:03:09.182759790
107.5,1,08:03:09.182871655
107.5,1,08:03:09.182912363
107.5,2,08:03:09.183024951
107.5,2,08:03:09.183057512
107.5,2,08:03:09.183444809
107.5,4,08:03:09.183495185
107.5,1,08:03:09.183537272
107.5,1,08:03:09.183711317
107.5,1,08:03:09.183949828
107.5,1,08:03:09.183997921
107.5,1,08:03:09.184021106
107.5,3,08:03:09.184080322
107.5,21,08:03:09.184309498
107.5,3,08:03:09.184364559
107.5,4,08:03:09.184899716
107.5,1,08:03:09.185474818
107.5,1,08:03:09.185495952
107.5,1,08:03:09.185516237
107.5,1,08:03:09.185537658
107.5,1,08:03:09.185558580
107.5,1,08:03:09.185582387
107.5,1,08:03:09.185605873
107.5,1,08:03:09.185622815
107.5,1,08:03:09.185643702
107.5,1,08:03:09.185663081
107.5,1,08:03:09.185684077
107.5,1,08:03:09.185709431
107.5,1,08:03:09.185725684
107.5,1,08:03:09.185746750
107.5,1,08:03:09.185770981
107.5,1,08:03:09.185800127
107.5,1,08:03:09.185817903
107.5,1,08:03:09.185835018
107.5,1,08:03:09.185861731
107.5,1,08:03:09.185875220
107.5,1,08:03:09.185913397
107.5,1,08:03:09.185977686
107.5,1,08:03:09.186050030
107.5,110,08:03:09.186489997
107.5,3,08:03:09.186554962
107.5,3,08:03:09.187917155
107.5,1,08:03:09.187940666
107.5,1,08:03:09.187974990
107.5,1,08:03:09.188168722
107.5,1,08:03:09.496891240
107.5,2,08:03:12.408393652
107.5,18,08:03:13.483673876
107.5,1,08:03:13.483926019
107.5,46,08:03:13.484240434
107.5,1,08:03:13.484395202
107.5,1,08:03:13.484433658
107.5,3,08:03:13.484473947
107.5,1,08:03:13.484504463
107.5,1,08:03:13.484541040
107.5,4,08:03:13.484559612
107.5,1,08:03:13.484587405
107.5,1,08:03:13.484609072
107.5,1,08:03:13.484642075
107.5,1,08:03:13.484656741
107.5,1,08:03:13.484687641
107.5,1,08:03:13.484713104
107.5,1,08:03:13.484761019
107.5,1,08:03:13.484785966
107.5,1,08:03:13.484808376
107.5,1,08:03:13.484838223
107.5,1,08:03:13.484864933
107.5,1,08:03:13.484898649
107.5,1,08:03:13.484921938
107.5,1,08:03:13.484971314
107.5,1,08:03:13.485049005
107.5,1,08:03:13.485146786
107.5,1,08:03:13.485199110
107.5,1,08:03:13.485232887
107.5,4,08:03:13.485859812
107.5,6,08:03:13.486008985
107.5,46,08:03:13.486587884
107.5,35,08:03:13.486759343
107.5,1,08:03:13.486799235
107.5,6,08:03:13.486888843
107.5,4,08:03:13.487079131
107.5,3,08:03:13.487548882
107.5,3,08:03:13.487806929
107.5,4,08:03:13.488434116
107.5,1,08:03:13.488717309
107.5,1,08:03:13.489260286
107.5,5,08:03:13.489699003
107.5,3,08:03:13.541081125
107.5,1,08:03:15.270386412
107.5,1,08:03:16.222378210
107.5,1,08:03:16.975227413
107.5,1,08:03:16.975902182
107.5,1,08:03:18.157542658
107.5,2,08:03:21.069907270
107.5,1,08:03:21.074162225
107.5,2,08:03:22.618401638
107.5,2,08:03:22.622423444
107.5,1,08:03:23.931091284
107.5,2,08:03:26.843294899
107.5,1,08:03:26.847460910
107.5,1,08:03:29.705800506
107.5,3,08:03:29.731064435
107.4844,4,08:03:32.005506899
107.5,1,08:03:32.569239833
107.5,25,08:03:32.569765607
107.5,2,08:03:32.569797240
107.5,35,08:03:32.570018311
107.5,20,08:03:32.570286561
107.5,52,08:03:32.570957582
107.5,6,08:03:32.572027390
107.5,1,08:03:32.572501557
107.5,10,08:03:32.572540543
107.5,1,08:03:32.572752041
107.5,1,08:03:32.572880796
107.5,1,08:03:32.572982302
107.5,1,08:03:32.573003922
107.5,1,08:03:32.573036703
107.5,1,08:03:32.573110890
107.5,1,08:03:32.573233981
107.5156,1,08:03:32.592206267
107.5,2,08:03:32.602939721
107.5156,2,08:03:35.504855659
107.5156,9,08:03:37.798368858
107.5156,1,08:03:38.366166435
107.5156,2,08:03:41.278248131
107.5156,46,08:03:43.557379002
107.5156,46,08:03:43.557454861
107.5156,32,08:03:43.558552648
107.5156,1,08:03:43.558604795
107.5156,1,08:03:43.558691632
107.5156,15,08:03:43.558757490
107.5156,11,08:03:43.558888795
107.5156,1,08:03:43.558888795
107.5156,104,08:03:43.558961113
107.5156,1,08:03:43.559008823
107.5156,1,08:03:43.559112643
107.5156,3,08:03:43.559126112
107.5156,1,08:03:43.559197627
107.5156,3,08:03:43.559291718
107.5156,1,08:03:43.559291718
107.5156,1,08:03:43.559476967
107.5156,92,08:03:43.559566943
107.5156,5,08:03:43.559566943
107.5156,92,08:03:43.559947460
107.5156,1,08:03:43.560258464
107.5156,1,08:03:43.560341115
107.5156,1,08:03:43.560385062
107.5156,2,08:03:43.560426118
107.5156,1,08:03:43.560457703
107.5156,2,08:03:43.560569849
107.5156,1,08:03:43.560569849
107.5156,1,08:03:43.560945936
107.5156,1,08:03:43.560962415
107.5156,2,08:03:43.561047552
107.5156,7,08:03:43.561065715
107.5156,1,08:03:43.561197689
107.5156,7,08:03:43.561285675
107.5156,1,08:03:43.561389367
107.5156,2,08:03:43.561389367
107.5156,26,08:03:43.561572171
107.5156,5,08:03:43.561599425
107.5156,1,08:03:43.561830857
107.5156,3,08:03:43.561879304
107.5156,1,08:03:43.562136777
107.5156,11,08:03:43.562398805
107.5156,1,08:03:43.562765682
107.5156,1,08:03:43.562835063
107.5156,17,08:03:43.563110646
107.5313,2,08:03:43.591700168
107.5313,2,08:03:43.829415035
107.5313,1,08:03:43.853220237
107.5313,2,08:03:43.854866103
107.5313,1,08:03:44.140442626
107.5313,1,08:03:47.027891763
107.5313,2,08:03:49.939156842
107.5313,1,08:03:52.801346436
107.5156,11,08:03:53.274801204
107.5156,2,08:03:53.275402954
107.5156,9,08:03:53.275439460
107.5156,21,08:03:53.275611883
107.5156,1,08:03:53.275631685
107.5156,1,08:03:53.275757377
107.5156,10,08:03:53.275869840
107.5156,1,08:03:53.276181014
107.5156,1,08:03:53.276340125
107.5156,1,08:03:53.276558654
107.5156,1,08:03:53.276601631
107.5156,3,08:03:53.277929698
107.5156,260,08:03:53.356268371
107.5156,1,08:03:53.395212161
107.5156,2,08:03:53.405644998
107.5156,1,08:04:10.123380961
107.5156,1,08:04:13.010370827
107.5156,1,08:04:15.897769283
107.5156,2,08:04:18.809024131
107.5156,1,08:04:21.671229226
107.5156,2,08:04:24.583407417
107.5156,1,08:04:27.445533912
107.5156,1,08:04:30.332664923
107.5156,2,08:04:33.243958387
107.5156,1,08:04:36.106375118
107.5,1,08:04:36.273397534
107.5156,2,08:04:39.018526390
107.5156,1,08:04:41.880588382
107.5156,2,08:04:44.792824014
107.5,50,08:04:45.466178922
107.5,5,08:04:45.474861410
107.5156,1,08:04:47.654047400
107.5156,1,08:04:50.541175838
107.5156,2,08:04:53.453508449
107.5156,1,08:04:56.315690083
107.5156,2,08:04:59.227820049
107.5,50,08:05:01.471761967
107.5156,1,08:05:02.089024544
107.5156,1,08:05:04.976199540
107.5156,2,08:05:07.888442647
107.5156,1,08:05:10.750656260
107.5156,2,08:05:13.663008078
107.5156,1,08:05:16.524055702
107.5156,1,08:05:19.411294533
107.5,2,08:05:21.511166925
107.5156,2,08:05:22.323482234
107.5156,1,08:05:25.185653581
107.5,1,08:05:26.292036957
107.5156,150,08:05:27.574730244
107.5156,2,08:05:28.096880524
107.5156,3,08:05:28.792989785
107.5156,1,08:05:30.959060596
107.5156,1,08:05:33.846143098
107.5156,2,08:05:36.758461766
107.5156,1,08:05:39.620453530
107.5,2,08:05:42.392197576
107.5156,2,08:05:42.531865583
107.5,3,08:05:44.478365366
107.5156,3,08:05:45.419143371
107.5156,2,08:05:47.473319660
107.5,1,08:05:49.211359023
107.5,3,08:05:51.640735654
107.5,1,08:06:00.047359358
107.5,5,08:06:02.347078940
107.5,2,08:06:02.614602703
107.5156,79,08:06:04.494768190
107.5,2,08:06:14.605406109
107.5,2,08:06:19.408366238
107.5,3,08:06:20.775617615
107.5,1,08:06:21.900342796
107.5,2,08:06:32.150122009
107.5,50,08:06:36.709254412
107.5,3,08:06:38.962135535
107.5,2,08:06:42.207754037
107.5,4,08:06:43.053114482
107.5,12,08:06:48.052950517
107.5,1,08:06:48.055308101
107.5,430,08:06:48.055879969
107.5,839,08:06:48.059043954
107.5,1,08:06:48.060649902
107.5,1,08:06:48.060742795
107.5,4,08:06:48.060882546
107.5,1,08:06:48.063503802
107.5,19,08:06:48.063619165
107.5,2,08:06:48.063860315
107.5,22,08:06:48.063890501
107.5,5,08:06:48.063933437
107.5,1,08:06:48.063969498
107.5,18,08:06:48.064210616
107.5,5,08:06:48.064253664
107.5,18,08:06:48.064318993
107.5,15,08:06:48.064362462
107.5,10,08:06:48.066228736
107.5,3,08:06:48.066446088
107.5,3,08:06:48.066522131
107.5,92,08:06:48.067501470
107.5,1,08:06:48.067683844
107.5,1,08:06:48.068248173
107.5,1,08:06:48.068679493
107.5,3,08:06:48.068802168
107.5,26,08:06:48.069102107
107.5,36,08:06:48.069561885
107.5,2,08:06:48.069757170
107.5,1,08:06:48.069855712
107.5,16,08:06:48.070121935
107.5,7,08:06:48.070627501
107.5,1,08:06:48.070973873
107.5,1,08:06:48.071021082
107.5,1,08:06:48.072721943
107.5,1,08:06:48.072755716
107.5,1,08:06:48.072965592
107.5,1,08:06:48.073125557
107.5,1,08:06:48.073309552
107.5,1,08:06:48.073787881
107.5,5,08:06:48.074063055
107.5,1,08:06:48.074268383
107.5,2,08:06:48.075620619
107.5,3,08:06:48.076137397
107.5,23,08:06:48.077458982
107.5,6,08:06:48.077458982
107.5,1,08:06:48.077541453
107.5,1,08:06:48.077812515
107.5156,2,08:06:48.081988669
107.5,1,08:06:48.085567677
107.5,38,08:06:48.101137472
107.5,2,08:06:49.552394382
107.5156,1,08:06:50.578572507
107.5156,2,08:06:52.199179677
107.5,23,08:06:52.508747735
107.5,2,08:06:57.097410309
107.5156,2,08:06:59.570530283
107.5156,1,08:07:01.159264391
107.5156,1,08:07:01.302094093
107.5156,2,08:07:02.578229628
107.5156,1,08:07:02.603395895
107.5156,1,08:07:02.622000023
107.5156,1,08:07:02.645854355
107.5,2,08:07:03.471403923
107.5,4,08:07:04.064109186
107.5,1,08:07:06.228131720
107.5,3,08:07:15.283647387
107.5,1,08:07:19.530275102
107.5,5,08:07:21.153261643
107.5,25,08:07:21.520829582
107.5,1,08:07:23.026195420
107.5,4,08:07:24.222909849
107.5156,250,08:07:27.516431452
107.5156,2,08:07:27.881628109
107.5,1,08:07:27.978333398
107.5,2,08:07:33.419756490
107.5,1,08:07:33.570130025
107.5,1,08:07:42.845046333
107.5,5,08:07:45.777896530
107.5,50,08:07:46.751639981
107.5,3,08:07:51.605846218
107.5,1,08:07:53.229555561
107.5,1,08:08:01.583713107
107.5,2,08:08:01.621433401
107.5,5,08:08:05.928372024
107.5,1,08:08:06.305400178
107.5,2,08:08:09.741126274
107.5,10,08:08:15.590740624
107.5,10,08:08:23.593854513
107.5,4,08:08:25.996897274
107.5,5,08:08:26.215499924
107.5,1,08:08:26.216102720
107.5,5,08:08:26.217951317
107.5,1,08:08:26.218255931
107.5,2,08:08:26.241781383
107.5,1,08:08:26.245522578
107.5,176,08:08:26.301556235
107.5,1,08:08:26.302234728
107.5,1,08:08:26.302326438
107.5,8,08:08:26.302459779
107.5,1,08:08:26.302613248
107.5,1,08:08:26.302656388
107.5,3,08:08:26.302688852
107.5,4,08:08:26.302708030
107.5,1,08:08:26.302732809
107.5,3,08:08:26.302761558
107.5,5,08:08:26.302778855
107.5,1,08:08:26.302804058
107.5,1,08:08:26.302888098
107.5,1,08:08:26.303524972
107.5,181,08:08:26.304113169
107.5,1,08:08:26.304604674
107.5,1,08:08:26.304627784
107.5,4,08:08:26.304670502
107.5,1,08:08:26.304715805
107.5,6,08:08:26.304745185
107.5,1,08:08:26.304783714
107.5,5,08:08:26.304962274
107.5,3,08:08:26.305141756
107.5,4,08:08:26.305383680
107.5,41,08:08:26.305806208
107.5,1,08:08:26.306012647
107.5,1,08:08:26.306061800
107.5,1,08:08:26.306100793
107.5,6,08:08:26.353644532
107.5,1,08:08:26.353882390
107.5,1,08:08:27.147984526
107.5,3,08:08:27.902267589
107.5,20,08:08:27.912640768
107.5,3,08:08:28.745643652
107.5,9,08:08:30.044502225
107.5,1,08:08:31.245558720
107.5,1,08:08:33.652779281
107.5,2,08:08:36.145597116
107.5,9,08:08:38.454895877
107.5,10,08:08:38.492816366
107.5,1,08:08:38.493027267
107.5,9,08:08:38.529505004
107.5,4,08:08:38.665516357
107.5,50,08:08:40.047056266
107.5,1,08:08:40.047514830
107.5,2,08:08:41.165571785
107.5,1,08:08:43.685514020
107.5,3,08:08:46.088540333
107.5,4,08:08:47.419715387
107.5,1,08:08:47.425515030
107.5,1,08:08:49.925521776
107.5,1,08:08:51.369476410
107.5,2,08:08:52.445507969
107.5,10,08:08:53.410850297
107.5,2,08:08:54.009417937
107.5,2,08:08:54.945544590
107.5,1,08:08:59.824361633
107.5,1,08:09:03.678486051
107.5,2,08:09:04.224743717
107.5,4,08:09:09.096947008
107.5,3,08:09:22.410039518
107.5,1177,08:09:22.411249654
107.5,1,08:09:22.413769122
107.5,2,08:09:22.413801193
107.5,21,08:09:22.419641793
107.5,4,08:09:22.421911823
107.5,2,08:09:22.423421924
107.5,1,08:09:22.433862217
107.5,1,08:09:22.434029661
107.5,46,08:09:22.435119004
107.5,41,08:09:22.435190058
107.5,46,08:09:22.435227182
107.5,46,08:09:22.435255528
107.5,81,08:09:22.435275384
107.5,46,08:09:22.435351162
107.5,41,08:09:22.435378785
107.5,41,08:09:22.435487571
107.5,41,08:09:22.435540081
107.5,2,08:09:22.435580892
107.5,44,08:09:22.438565387
107.5,1,08:09:22.438638703
107.5,2,08:09:22.438782652
107.5,1,08:09:22.438939894
107.5,1,08:09:22.439029508
107.5,1,08:09:22.439149792
107.5,1,08:09:22.439233784
107.5,11,08:09:22.439274515
107.5,75,08:09:22.439955482
107.5,2,08:09:22.440604762
107.5,1,08:09:22.440653794
107.5,1,08:09:22.440674389
107.5,1,08:09:22.440719289
107.5,1,08:09:22.441613211
107.5,1,08:09:22.441678704
107.5,1,08:09:22.441749025
107.5,8,08:09:22.442323501
107.5,1,08:09:22.442553573
107.5,1,08:09:22.442587772
107.5,3,08:09:22.470319455
107.5,1,08:09:22.470553764
107.5,88,08:09:22.495458886
107.5,1,08:09:22.495519987
107.5,4,08:09:22.495566196
107.5,1,08:09:22.495621686
107.5,1,08:09:22.495742568
107.5,1,08:09:22.495773970
107.5,1,08:09:22.495856004
107.5,5,08:09:22.496108838
107.5,10,08:09:22.516262904
107.5,25,08:09:22.543040550
107.5,1,08:09:22.543400134
107.5,1,08:09:22.543462442
107.5,1,08:09:22.543557894
107.5156,1,08:09:22.545850180
107.5,9,08:09:22.556208094
107.5,1,08:09:22.556476749
107.5,4,08:09:29.839208681
107.5156,26,08:09:30.047516965
107.5156,15,08:09:30.047867855
107.5156,233,08:09:30.048481711
107.5156,26,08:09:30.048859779
107.5156,11,08:09:30.048987942
107.5156,5,08:09:30.049136041
107.5156,3,08:09:30.049191988
107.5156,514,08:09:30.049438760
107.5156,1,08:09:30.054332490
107.5156,1,08:09:30.054431946
107.5156,1,08:09:30.054621537
107.5313,3,08:09:30.074417989
107.5313,100,08:09:30.074434827
107.5156,4,08:09:30.155419193
107.5313,1,08:09:32.138480625
107.5156,9,08:09:32.343439603
107.5156,10,08:09:32.392301577
107.5156,9,08:09:32.429292593
107.5156,9,08:09:32.467510231
107.5156,10,08:09:32.505608542
107.5156,12,08:09:32.506028070
107.5156,1,08:09:32.506081963
107.5156,1,08:09:32.506238120
107.5156,9,08:09:32.543231077
107.5156,1,08:09:32.543601616
107.5156,10,08:09:32.586938269
107.5156,9,08:09:32.626128967
107.5156,9,08:09:32.663784552
107.5156,10,08:09:32.703171219
107.5156,9,08:09:32.741102013
107.5156,9,08:09:32.777945684
107.5156,5,08:09:32.778279083
107.5156,1,08:09:32.778462386
107.5313,1,08:09:35.461603801
107.5156,10,08:09:39.705462233
107.5156,1,08:09:39.706216492
107.5156,9,08:09:39.745273951
107.5156,9,08:09:39.783098891
107.5156,177,08:09:39.791304249
107.5156,1,08:09:39.794835565
107.5156,1,08:09:39.822227821
107.5156,2,08:09:40.997024453
107.5156,1,08:09:40.999619253
107.5156,2,08:09:41.032598175
107.5156,20,08:09:41.324628571
107.5156,1,08:09:41.357566189
107.5156,300,08:09:44.267798917
107.5156,1,08:09:44.269273383
107.5156,3,08:09:44.269292001
107.5156,2,08:09:44.269389922
107.5156,7,08:09:44.269416077
107.5156,17,08:09:44.269448947
107.5156,3,08:09:44.269468174
107.5156,3,08:09:44.269495554
107.5156,53,08:09:44.269533081
107.5156,4,08:09:44.269593287
107.5156,1,08:09:44.271054964
107.5156,41,08:09:44.271394177
107.5156,5,08:09:44.271545626
107.5156,1,08:09:44.272702411
107.5156,1,08:09:44.272723666
107.5156,1,08:09:44.272761936
107.5156,6,08:09:44.272799495
107.5156,1,08:09:44.272837557
107.5156,1,08:09:44.272921850
107.5156,7,08:09:44.273217144
107.5156,1,08:09:44.273382131
107.5156,1,08:09:44.274182659
107.5156,1,08:09:44.274406798
107.5156,1,08:09:44.274650252
107.5156,1,08:09:44.274991366
107.5156,1,08:09:44.275083631
107.5156,1,08:09:44.276234140
107.5156,1,08:09:44.276462247
107.5156,2,08:09:44.276489477
107.5156,54,08:09:44.276585010
107.5156,2,08:09:44.292030944
107.5156,2,08:09:44.372917066
107.5156,6,08:09:49.485771768
107.5156,1,08:09:49.489412104
107.5156,1,08:09:49.489639801
107.5156,27,08:09:50.063920382
107.5156,1,08:09:51.476105923
107.5156,10,08:09:55.686410824
107.5156,1,08:09:55.687216751
107.5156,46,08:09:55.962590556
107.5156,3,08:09:55.962727058
107.5156,1,08:09:55.962799929
107.5156,15,08:09:55.963004173
107.5156,4,08:09:55.963095039
107.5156,1,08:09:55.965667818
107.5156,1,08:09:55.966047361
107.5156,46,08:09:56.822109909
107.5156,121,08:09:56.823394629
107.5156,1,08:09:56.823478855
107.5156,1,08:09:56.823515138
107.5156,4,08:09:56.823571837
107.5156,20,08:09:56.823604557
107.5156,1,08:09:56.823671259
107.5156,1,08:09:56.825501568
107.5156,1,08:09:56.844431200
107.5313,4,08:09:57.802027953
107.5313,1434,08:10:03.563928271
107.5313,1,08:10:03.566483378
107.5313,1,08:10:03.573168119
107.5313,46,08:10:03.577920088
107.5313,46,08:10:03.579439242
107.5313,26,08:10:03.579460893
107.5313,2,08:10:03.581374311
107.5313,1,08:10:03.581467266
107.5313,1,08:10:03.597181058
107.5313,8,08:10:03.692495403
107.5313,25,08:10:03.743329385
107.5313,32,08:10:03.743600299
107.5313,2,08:10:03.760800991
107.5313,2,08:10:03.761508019
107.5313,46,08:10:03.762884831
107.5313,257,08:10:03.762916632
107.5313,3,08:10:03.763434710
107.5313,2,08:10:03.763463405
107.5313,47,08:10:03.763714972
107.5313,1,08:10:03.765147418
107.5313,1,08:10:03.766212311
107.5313,47,08:10:03.766301248
107.5313,1,08:10:03.766537496
107.5313,1,08:10:03.826582456
107.5313,10,08:10:03.826905429
107.5313,2,08:10:03.827043423
107.5313,12,08:10:03.827245881
107.5313,2,08:10:03.827377551
107.5313,2,08:10:03.827474167
107.5313,2,08:10:03.827612044
107.5313,2,08:10:03.827720560
107.5313,2,08:10:03.827749907
107.5313,2,08:10:03.827908717
107.5313,10,08:10:03.828091950
107.5313,92,08:10:03.828326463
107.5313,2,08:10:03.828471878
107.5313,12,08:10:03.828584855
107.5313,2,08:10:03.828694883
107.5313,2,08:10:03.828836973
107.5313,18,08:10:03.828962585
107.5313,1,08:10:03.829089112
107.5313,6,08:10:03.831981010
107.5313,2,08:10:03.832208378
107.5313,4,08:10:03.832302588
107.5313,3,08:10:03.868814550
107.5313,15,08:10:03.869161371
107.5313,1,08:10:03.869419491
107.5313,23,08:10:05.724617154
107.5313,50,08:10:05.725038951
107.5313,46,08:10:05.725784822
107.5313,1,08:10:05.726095581
107.5313,1,08:10:05.726246092
107.5313,1,08:10:05.726301441
107.5313,5,08:10:05.726459639
107.5313,15,08:10:05.726648983
107.5313,1,08:10:05.726648983
107.5313,10,08:10:05.726718800
107.5313,1,08:10:05.726718800
107.5313,4,08:10:05.726788257
107.5313,296,08:10:05.726898807
107.5313,15,08:10:05.726948049
107.5313,1,08:10:05.727015321
107.5313,6,08:10:05.727015321
107.5313,9,08:10:05.727051363
107.5313,4,08:10:05.727064236
107.5313,2,08:10:05.727109323
107.5313,1,08:10:05.727173577
107.5313,1,08:10:05.727217216
107.5313,1,08:10:05.727733707
107.5313,1,08:10:05.727988256
107.5313,4,08:10:05.728012749
107.5313,2,08:10:05.728034163
107.5313,1,08:10:05.728056395
107.5313,1,08:10:05.728076901
107.5313,7,08:10:05.728100428
107.5313,1,08:10:05.728123478
107.5313,11,08:10:05.728274754
107.5313,1,08:10:05.728330320
107.5313,3,08:10:05.728386514
107.5313,1,08:10:05.728424764
107.5313,1,08:10:05.728497200
107.5313,3,08:10:05.728598834
107.5313,1,08:10:05.729577705
107.5313,1,08:10:05.729613088
107.5313,20,08:10:05.732172970
107.5313,1,08:10:05.732833294
107.5313,1,08:10:05.732992571
107.5313,2,08:10:05.733063167
107.5313,2,08:10:05.733249776
107.5313,1,08:10:05.733322459
107.5313,2,08:10:05.733395656
107.5313,7,08:10:05.739343550
107.5313,10,08:10:05.751380886
107.5313,2,08:10:05.756908658
107.5313,24,08:10:08.387334037
107.5313,1,08:10:08.826118366
107.5313,1,08:10:08.826186130
107.5313,1,08:10:08.826209996
107.5313,4,08:10:08.826245184
107.5313,2,08:10:08.826310136
107.5313,20,08:10:08.830320214
107.5313,1,08:10:08.830562567
107.5313,1,08:10:08.830642859
107.5313,3,08:10:08.832721433
107.5313,2,08:10:08.832779043
107.5313,1,08:10:08.833225936
107.5313,1,08:10:08.833335791
107.5313,3,08:10:08.833374689
107.5313,15,08:10:08.833406592
107.5313,4,08:10:08.833444893
107.5313,2,08:10:08.833477022
107.5313,1,08:10:08.833512956
107.5313,1,08:10:08.833547750
107.5313,1,08:10:08.833601851
107.5313,1,08:10:08.833641222
107.5313,1,08:10:08.833744158
107.5313,1,08:10:08.833997603
107.5313,10,08:10:08.834364068
107.5313,20,08:10:08.834685236
107.5313,1,08:10:08.834874734
107.5313,1,08:10:08.834916092
107.5313,1,08:10:08.834968649
107.5313,46,08:10:08.842159473
107.5313,1,08:10:08.842235593
107.5313,8,08:10:08.842346846
107.5313,3,08:10:08.843932241
107.5313,18,08:10:08.844859184
107.5313,1,08:10:28.388469379
107.5313,1,08:10:30.120687550
107.5313,1,08:10:35.236783098
107.5313,95,08:10:38.863949600
107.5313,70,08:10:44.370914449
107.5156,75,08:10:46.114050596
107.5313,1,08:10:47.829621087
107.5156,1,08:10:49.701705001
107.5156,2,08:10:50.778932363
107.5156,1213,08:10:50.779921401
107.5156,37,08:10:50.781539119
107.5156,4,08:10:50.783750064
107.5156,1,08:10:50.784116836
107.5156,11,08:10:50.784194447
107.5156,2,08:10:50.790352699
107.5156,2,08:10:50.790393551
107.5313,13,08:11:03.482736997
107.5156,3,08:11:28.509209695
107.5156,8,08:11:28.510107915
107.5156,7,08:11:28.510942313
107.5313,1,08:11:29.813238257
107.5156,1,08:11:33.836687169
107.5313,1,08:11:44.643697548
107.5156,1,08:11:47.673135967
107.5156,292,08:11:57.782921619
107.5156,28,08:11:57.783444602
107.5156,5,08:11:57.785369546
107.5313,1,08:11:57.800349804
107.5156,2,08:11:58.273614175
107.5313,100,08:11:58.481220108
107.5156,6,08:12:00.255440908
107.5313,13,08:12:00.318329648
107.5313,44,08:12:04.523387534
107.5313,1,08:12:04.523658316
107.5313,10,08:12:04.524394729
107.5313,2,08:12:04.524591958
107.5313,2,08:12:04.524867141
107.5313,2,08:12:04.524977911
107.5313,1,08:12:04.526215780
107.5313,1,08:12:05.777103043
107.5156,3,08:12:05.859398604
107.5313,10,08:12:07.018923134
107.5313,6,08:12:07.019017766
107.5313,1,08:12:08.725663615
107.5313,5,08:12:08.726669625
107.5313,64,08:12:08.727941891
107.5313,50,08:12:08.727980295
107.5313,27,08:12:08.728240266
107.5313,1,08:12:08.728426033
107.5313,1,08:12:08.728705302
107.5313,10,08:12:08.728866272
107.5313,375,08:12:08.729273339
107.5313,2,08:12:08.732147042
107.5313,17,08:12:08.732211127
107.5313,1,08:12:08.732620302
107.5313,1,08:12:08.732689251
107.5313,1,08:12:08.732714599
107.5313,12,08:12:08.733851131
107.5313,92,08:12:08.733885861
107.5313,46,08:12:08.733926325
107.5313,92,08:12:08.734958411
107.5313,1,08:12:08.735517046
107.5313,26,08:12:08.735579728
107.5313,46,08:12:08.735714269
107.5313,71,08:12:08.735975369
107.5313,1,08:12:08.736220427
107.5313,73,08:12:08.737686603
107.5313,11,08:12:08.738294833
107.5313,1,08:12:08.738372073
107.5313,1,08:12:08.738397536
107.5313,7,08:12:08.738436510
107.5313,1,08:12:08.738790158
107.5313,4,08:12:08.746810365
107.5313,1,08:12:08.747148372
107.5313,3,08:12:08.747204731
107.5313,15,08:12:08.768162987
107.5313,33,08:12:08.768287694
107.5313,15,08:12:08.768603188
107.5313,46,08:12:08.768725745
107.5313,15,08:12:08.768993468
107.5313,46,08:12:08.769196848
107.5313,1,08:12:08.769329757
107.5313,3,08:12:08.769447372
107.5313,10,08:12:08.773435116
107.5313,1,08:12:08.778794104
107.5313,2,08:12:08.813208334
107.5313,20,08:12:08.813362164
107.5313,3,08:12:08.813961882
107.5313,473,08:12:08.835027551
107.5313,67,08:12:08.837854069
107.5313,1,08:12:08.838803788
107.5313,4,08:12:08.989702139
107.5313,2,08:12:09.020296180
107.5156,1,08:12:11.011514814
107.5313,437,08:12:12.696650397
107.5313,1,08:12:12.706924803
107.5313,92,08:12:13.111753877
107.5313,46,08:12:13.112427824
107.5313,158,08:12:13.113237216
107.5313,164,08:12:13.113493663
107.5313,46,08:12:13.113523113
107.5313,40,08:12:13.113550271
107.5313,26,08:12:13.113691215
107.5313,1,08:12:13.113922478
107.5313,1,08:12:13.113972495
107.5313,1,08:12:13.114002537
107.5313,43,08:12:13.114032025
107.5313,1,08:12:13.114055919
107.5313,1,08:12:13.114076615
107.5313,1,08:12:13.114133919
107.5313,1,08:12:13.114166892
107.5313,1,08:12:13.114218528
107.5313,1,08:12:13.114251019
107.5313,1,08:12:13.114310261
107.5313,1,08:12:13.114337750
107.5313,1,08:12:13.114402746
107.5313,1,08:12:13.114434629
107.5313,1,08:12:13.114475157
107.5313,1,08:12:13.114499843
107.5313,1,08:12:13.114539463
107.5313,1,08:12:13.114558420
107.5313,2,08:12:13.114662428
107.5313,1,08:12:13.114662428
107.5313,1,08:12:13.114836409
107.5313,92,08:12:13.115115401
107.5313,16,08:12:13.115354331
107.5313,5,08:12:13.115479258
107.5313,12,08:12:13.116055154
107.5313,3,08:12:13.116390093
107.5313,1,08:12:13.116421773
107.5313,2,08:12:13.118091730
107.5313,1,08:12:13.118917513
107.5313,14,08:12:13.118955990
107.5313,3,08:12:13.119380360
107.5313,4,08:12:13.119607725
107.5313,2,08:12:13.120621381
107.5313,1,08:12:13.120704336
107.5313,1,08:12:13.120922280
107.5313,2,08:12:13.121224030
107.5313,5,08:12:13.121352797
107.5313,2,08:12:13.121417384
107.5313,2,08:12:13.121542308
107.5313,7,08:12:13.121748254
107.5313,2,08:12:13.121789301
107.5313,2,08:12:13.121889973
107.5313,2,08:12:13.121922722
107.5313,2,08:12:13.122073868
107.5313,2,08:12:13.122284397
107.5313,4,08:12:13.122509396
107.5313,4,08:12:13.122652590
107.5313,2,08:12:13.123020991
107.5313,4,08:12:13.123099792
107.5313,1,08:12:13.123234793
107.5313,2,08:12:13.609773659
107.5313,229,08:12:13.976796735
107.5313,2,08:12:13.980323798
107.5313,2,08:12:14.003568939
107.5313,92,08:12:14.059844000
107.5313,92,08:12:14.060096072
107.5313,6,08:12:14.060578908
107.5313,25,08:12:14.080982151
107.5313,1,08:12:14.081080069
107.5313,1,08:12:14.081117491
107.5313,1,08:12:14.081183083
107.5313,1,08:12:14.081209839
107.5313,1,08:12:14.081236207
107.5313,1,08:12:14.081268717
107.5313,16,08:12:14.081396169
107.5313,1,08:12:14.081436480
107.5313,1,08:12:14.081467616
107.5313,1,08:12:14.081505067
107.5313,1,08:12:14.081558060
107.5313,1,08:12:14.081588039
107.5313,1,08:12:14.081641082
107.5313,1,08:12:14.081669144
107.5313,1,08:12:14.081746717
107.5313,4,08:12:14.082068217
107.5313,16,08:12:14.083458521
107.5313,7,08:12:14.120758588
107.5313,1,08:12:14.120975466
107.5313,1,08:12:14.139828696
107.5313,25,08:12:14.149419332
107.5313,6,08:12:14.149668966
107.5313,11,08:12:14.149860739
107.5313,1,08:12:14.149916837
107.5313,3,08:12:14.150514535
107.5313,1,08:12:14.150729311
107.5313,6,08:12:14.151142650
107.5313,23,08:12:14.158367145
107.5313,168,08:12:15.660901372
107.5313,170,08:12:19.526077443
107.5313,1,08:12:19.526363321
107.5313,1,08:12:19.526432331
107.5313,1,08:12:19.526462897
107.5313,3,08:12:19.526505554
107.5313,1,08:12:19.526534281
107.5313,1,08:12:19.526563260
107.5313,1,08:12:19.526587495
107.5313,1,08:12:19.526622319
107.5313,1,08:12:19.526651814
107.5313,1,08:12:19.526693123
107.5313,1,08:12:19.526713879
107.5313,1,08:12:19.526748107
107.5313,1,08:12:19.526786712
107.5313,1,08:12:19.526805013
107.5313,1,08:12:19.526827410
107.5313,1,08:12:19.526852656
107.5313,1,08:12:19.526876778
107.5313,1,08:12:19.526899364
107.5313,1,08:12:19.526925454
107.5313,1,08:12:19.526966822
107.5313,1,08:12:19.526993328
107.5313,1,08:12:19.527033046
107.5313,29,08:12:19.527368432
107.5313,23,08:12:19.529717497
107.5313,1,08:12:19.530936697
107.5313,2,08:12:20.020287850
107.5313,88,08:12:20.280668480
107.5313,1,08:12:20.280731356
107.5313,1,08:12:20.280810737
107.5313,1,08:12:20.280836740
107.5313,1,08:12:20.280864718
107.5313,1,08:12:20.280927996
107.5313,1,08:12:20.280944775
107.5313,1,08:12:20.280970657
107.5313,1,08:12:20.281004171
107.5313,1,08:12:20.281014168
107.5313,1,08:12:20.281049068
107.5313,1,08:12:20.281068626
107.5313,1,08:12:20.281167054
107.5313,1,08:12:20.281194040
107.5313,6,08:12:20.282941781
107.5313,1,08:12:20.283559755
107.5313,1,08:12:20.301694143
107.5313,24,08:12:20.302126638
107.5313,6,08:12:20.303148976
107.5313,1,08:12:20.303788592
107.5313,1,08:12:20.574856405
107.5313,92,08:12:20.575273242
107.5313,1,08:12:20.575474301
107.5313,1,08:12:20.575562333
107.5313,1,08:12:20.575693720
107.5313,1,08:12:20.575727805
107.5313,1,08:12:20.595192066
107.5313,1,08:12:20.616395153
107.5313,7,08:12:24.122097675
107.5313,1,08:12:24.966034001
107.5313,603,08:12:24.968033190
107.5313,22,08:12:24.968884979
107.5313,1,08:12:24.969223022
107.5313,16,08:12:24.969758783
107.5313,2,08:12:24.972804947
107.5313,1,08:12:24.973568191
107.5313,35,08:12:24.977242761
107.5313,1,08:12:24.977386483
107.5313,1,08:12:24.977420470
107.5313,1,08:12:24.977470955
107.5313,1,08:12:24.977507611
107.5313,1,08:12:24.977538719
107.5313,1,08:12:24.977612957
107.5313,1,08:12:24.977677660
107.5313,1,08:12:24.977734240
107.5313,1,08:12:24.977805550
107.5313,1,08:12:24.977835746
107.5313,1,08:12:24.977863673
107.5313,1,08:12:24.977899478
107.5313,1,08:12:24.977958043
107.5313,1,08:12:24.977979460
107.5313,1,08:12:24.978007449
107.5313,1,08:12:24.978076320
107.5313,1,08:12:24.978105277
107.5313,12,08:12:24.978255271
107.5313,2,08:12:24.978431729
107.5313,1,08:12:24.978466850
107.5313,1,08:12:24.979014183
107.5313,5,08:12:24.979088616
107.5313,26,08:12:24.979690740
107.5313,3,08:12:24.980427811
107.5313,34,08:12:24.983808848
107.5313,1,08:12:24.983913023
107.5313,1,08:12:24.983936540
107.5313,1,08:12:24.983972731
107.5313,1,08:12:24.984000129
107.5313,1,08:12:24.984031883
107.5313,1,08:12:24.984093475
107.5313,2,08:12:24.984126119
107.5313,1,08:12:24.984182860
107.5313,1,08:12:24.984209903
107.5313,1,08:12:24.984242627
107.5313,1,08:12:24.984271268
107.5313,1,08:12:24.984307985
107.5313,1,08:12:24.984331080
107.5313,1,08:12:24.984367698
107.5313,1,08:12:24.984391782
107.5313,1,08:12:24.984426202
107.5313,1,08:12:24.984454980
107.5313,1,08:12:24.984492330
107.5313,1,08:12:24.984526152
107.5313,1,08:12:24.984574554
107.5313,1,08:12:24.984601441
107.5313,1,08:12:24.984659778
107.5313,1,08:12:24.984695583
107.5313,1,08:12:24.984724489
107.5313,10,08:12:24.984837797
107.5313,1,08:12:25.012971532
107.5313,12,08:12:25.032230771
107.5313,1,08:12:25.032482329
107.5313,1,08:12:25.123808169
107.5313,1,08:12:25.213188487
107.5313,5,08:12:25.288230989
107.5313,3,08:12:25.300962794
107.5313,10,08:12:28.694745309
107.5313,50,08:12:28.883750850
107.5313,1,08:12:28.884060255
107.5313,3,08:12:28.903127650
107.5313,650,08:12:29.988936654
107.5313,1,08:12:29.990649016
107.5313,3,08:12:29.990823617
107.5313,3,08:12:29.997519649
107.5313,2,08:12:29.997569026
107.5469,9,08:12:34.504225782
107.5313,41,08:12:38.251187705
107.5313,50,08:12:42.480628588
107.5313,46,08:12:42.480887141
107.5313,1,08:12:42.480953337
107.5313,137,08:12:42.481348999
107.5313,1,08:12:42.481568172
107.5313,15,08:12:42.481610473
107.5313,46,08:12:42.481652208
107.5313,1,08:12:42.481730415
107.5313,229,08:12:42.481947309
107.5313,1,08:12:42.484197716
107.5313,1,08:12:42.503541527
107.5313,1,08:12:42.503791660
107.5156,46,08:12:42.981950593
107.5156,46,08:12:42.982127312
107.5156,92,08:12:42.982516939
107.5156,26,08:12:42.982884634
107.5156,41,08:12:42.983334710
107.5156,1,08:12:42.983741467
107.5156,92,08:12:42.983888948
107.5156,1,08:12:42.984228907
107.5156,18,08:12:42.984449637
107.5156,1,08:12:42.984540824
107.5156,92,08:12:42.984819085
107.5156,462,08:12:42.985174491
107.5156,29,08:12:42.990807667
107.5156,2,08:12:42.991000199
107.5156,37,08:12:42.991288758
107.5156,4,08:12:42.991372942
107.5156,1,08:12:42.992079766
107.5156,2,08:12:42.992826805
107.5156,1,08:12:42.993225917
107.5156,2,08:12:42.996778555
107.5156,3,08:12:43.000466274
107.5156,1,08:12:43.025893734
107.5156,92,08:12:49.318243065
107.5156,1,08:12:49.318480442
107.5156,15,08:12:49.318651316
107.5156,3,08:12:49.318737932
107.5156,1,08:12:49.319123250
107.5156,50,08:12:49.319374246
107.5156,11,08:12:49.319491109
107.5156,7,08:12:49.319553959
107.5156,1,08:12:49.319553959
107.5156,42,08:12:49.319779431
107.5156,1,08:12:49.319964373
107.5156,2,08:12:49.320065733
107.5156,3,08:12:49.320161241
107.5156,1,08:12:49.321029944
107.5156,47,08:12:49.322036069
107.5156,6,08:12:49.772121653
107.5156,1,08:12:49.790615846
107.5156,196,08:12:52.287977872
107.5156,31,08:12:52.288342661
107.5156,1,08:12:52.288440794
107.5156,2,08:12:52.289270567
107.5156,31,08:12:52.292295636
107.5156,1,08:12:52.307137996
107.5156,44,08:12:52.506351480
107.5156,1,08:12:52.506444435
107.5156,40,08:12:52.506921181
107.5156,1,08:12:52.507061411
107.5156,1,08:12:52.507197114
107.5156,1,08:12:52.507267867
107.5156,1,08:12:52.507351369
107.5156,2,08:12:52.507413355
107.5156,2,08:12:52.507635987
107.5156,1,08:12:52.507690502
107.5156,4,08:12:52.511519518
107.5156,1,08:12:52.524108869
107.5156,1,08:12:52.527604766
107.5156,5,08:12:53.039908756
107.5,1,08:12:53.174164717
107.5156,51,08:12:53.789372664
107.5156,1,08:12:53.789531600
107.5156,1,08:12:53.789593595
107.5156,1,08:12:53.789709009
107.5156,14,08:12:53.789905622
107.5156,4,08:12:53.791061657
107.5156,1,08:12:53.791257265
107.5156,8,08:12:53.791517900
107.5156,1,08:12:53.791943605
107.5156,2,08:12:53.792174717
107.5156,1,08:12:53.828536228
107.5156,1,08:12:53.830537775
107.5156,20,08:12:53.831235255
107.5156,1,08:12:53.831489657
107.5156,89,08:12:53.831647241
107.5156,8,08:12:53.933215557
107.5156,1,08:12:53.933367180
107.5156,1,08:12:53.933460490
107.5156,2,08:12:53.933564624
107.5156,2,08:12:53.934545549
107.5156,1,08:12:53.934842582
107.5156,6,08:12:53.938517415
107.5156,1,08:12:53.938774425
107.5156,2,08:12:53.938921052
107.5156,1,08:12:53.939287184
107.5156,1,08:12:53.985850599
107.5156,3,08:12:54.007896273
107.5156,2,08:12:54.054936671
107.5156,12,08:12:54.055136518
107.5156,1,08:12:54.055320256
107.5156,1,08:12:54.055412661
107.5156,29,08:12:54.228404763
107.5156,6,08:12:54.302897135
107.5156,15,08:12:54.303190703
107.5156,10,08:12:54.322801467
107.5156,1,08:12:54.322967646
107.5156,1,08:12:54.323043984
107.5156,4,08:12:54.341594249
107.5156,100,08:13:04.929669476
107.5156,1,08:13:04.930010140
107.5156,1,08:13:04.930266827
107.5156,2,08:13:04.931043153
107.5156,75,08:13:17.885806091
107.5156,1,08:13:20.227844758
107.5,360,08:13:20.859744330
107.5,15,08:13:20.860390836
107.5156,70,08:13:21.775633311
107.5156,2,08:13:22.178100158
107.5,19,08:13:29.394440997
107.5,295,08:13:29.394931689
107.5,18,08:13:29.394963389
107.5156,1,08:13:30.060799804
107.5156,2,08:13:34.036451916
107.5,20,08:13:35.243278082
107.5,50,08:13:38.966143733
107.5,166,08:13:44.270078710
107.5,22,08:13:44.270154686
107.5,3,08:13:44.271411799
107.5,68,08:13:44.271903812
107.5,2,08:13:44.272280236
107.5,1,08:13:44.272369428
107.5,3,08:13:44.272390517
107.5,20,08:13:44.276367317
107.5,20,08:13:44.280600790
107.5,1,08:13:44.280834770
107.5,127,08:13:44.297906102
107.5,78,08:13:44.298321329
107.5,2,08:13:44.299231831
107.5,3,08:13:44.299844401
107.5,2,08:13:44.302199427
107.5,50,08:13:49.928782763
107.5,50,08:13:51.337176498
107.4844,9,08:13:53.478361892
107.5,1,08:13:53.495560875
107.5,41,08:13:55.610086539
107.5,41,08:13:55.610279209
107.5,40,08:13:55.610279209
107.5,41,08:13:55.610469244
107.5,41,08:13:55.610637068
107.5,2,08:13:55.615604484
107.5,108,08:13:55.615692898
107.5,3,08:13:55.616863731
107.5,1,08:13:55.617004675
107.5,2,08:13:55.617699278
107.5,5,08:13:55.626442452
107.5,3,08:13:55.626734627
107.5,89,08:13:55.627221345
107.5,2,08:13:55.628423612
107.5,12,08:13:55.628590271
107.5,10,08:13:55.628655809
107.5,1,08:13:55.628715656
107.5,18,08:13:55.628757606
107.5,5,08:13:55.629546479
107.5,3,08:13:55.629622033
107.5,2,08:13:55.629774462
107.5,5,08:13:55.629997503
107.5,1,08:13:55.630309831
107.5,2,08:13:55.630987238
107.5,2,08:13:55.631507786
107.5,2,08:13:55.633957656
107.5,2,08:13:55.714021256
107.5,2,08:13:55.714254197
107.5,5,08:13:56.149657351
107.5,2,08:13:56.153343611
107.5,2,08:13:56.153572422
107.5,6,08:13:56.153730165
107.5,2,08:13:56.154085654
107.5,1,08:13:56.154173472
107.5,5,08:13:56.164989906
107.5,1,08:13:58.011599309
107.5,5,08:13:59.460049832
107.5,1,08:13:59.468725683
107.5,73,08:13:59.604339378
107.5,1,08:13:59.605825984
107.5,48,08:13:59.607032760
107.5,1,08:13:59.607100678
107.5,1,08:13:59.607433546
107.5,1,08:13:59.607641284
107.5,20,08:13:59.607735731
107.5,1,08:13:59.607763760
107.5,3,08:13:59.607801512
107.5,4,08:13:59.608600859
107.5,1,08:13:59.609045060
107.5156,1,08:13:59.627510968
107.5,13,08:13:59.634700802
107.5,2,08:13:59.635094646
107.5,1,08:13:59.636073992
107.4844,2,08:14:00.323269638
107.5,86,08:14:01.915319191
107.5,1,08:14:01.916810073
107.5,29,08:14:02.024399911
107.5,5,08:14:02.055264705
107.5,4,08:14:02.055512262
107.5,8,08:14:02.055830073
107.5,6,08:14:02.156336551
107.5,1,08:14:02.156593826
107.5,2,08:14:02.167074776
107.5,87,08:14:02.787046168
107.5,27,08:14:02.787212257
107.5,1,08:14:02.787290800
107.5,1,08:14:02.787530903
107.5,1,08:14:02.788491781
107.5,1,08:14:02.788798002
107.5,1,08:14:02.888315577
107.5,30,08:14:03.014621892
107.5,17,08:14:03.014648219
107.5,64,08:14:03.322650324
107.5,14,08:14:03.322685634
107.5,11,08:14:03.391250995
107.5,5,08:14:03.393991626
107.5,4,08:14:04.371405398
107.5,5,08:14:04.371530020
107.5,9,08:14:04.372429799
107.5,1,08:14:04.372711297
107.5,1,08:14:04.372839950
107.5156,2,08:14:04.392506500
107.5,1,08:14:04.506623841
107.5,6,08:14:06.266811550
107.5156,1,08:14:06.666700546
107.5156,1,08:14:08.674259314
107.5,282,08:14:10.868581507
107.5,1,08:14:10.871860276
107.5,5,08:14:10.872295712
107.5,4,08:14:10.873069114
107.5,2,08:14:10.875729279
107.5,1,08:14:10.876828798
107.5,3,08:14:10.877375149
107.5,3,08:14:10.877426846
107.5,4,08:14:10.877786072
107.5,2,08:14:10.881002666
107.5,7,08:14:10.881781171
107.5,1,08:14:10.882017275
107.5,2,08:14:10.918990833
107.5,1,08:14:11.115413967
107.5,12,08:14:14.896706598
107.5,7,08:14:14.905519874
107.5,7,08:14:14.909341784
107.5,7,08:14:14.909466058
107.5,6,08:14:14.909782929
107.5,2,08:14:14.909925546
107.5,6,08:14:14.957171361
107.5,1,08:14:14.957660318
107.5,7,08:14:14.957938288
107.5,1,08:14:14.957995172
107.5,4,08:14:14.958206364
107.5,6,08:14:15.094664082
107.5,32,08:14:15.094937140
107.5,2,08:14:15.095394887
107.5,2,08:14:15.095817327
107.5,4,08:14:15.096018038
107.5,1,08:14:15.096063198
107.5,4,08:14:15.096641066
107.5,2,08:14:15.364681520
107.5,1,08:14:15.365548341
107.5,4,08:14:15.365701118
107.5,2,08:14:15.365808947
107.5,1,08:14:15.614637856
107.5,1,08:14:15.834602447
107.5,5,08:14:16.220257679
107.5,10,08:14:16.656333720
107.5,13,08:14:16.656692579
107.5,26,08:14:16.656770190
107.5156,5,08:14:18.847066487
107.5,20,08:14:19.282405728
107.5,13,08:14:19.282559891
107.5,56,08:14:19.282903882
107.5,7,08:14:19.285497432
107.5,10,08:14:19.474590533
107.5,5,08:14:19.674605168
107.5,7,08:14:19.684275016
107.5,7,08:14:19.688208513
107.5,7,08:14:19.688296163
107.5,20,08:14:19.699181758
107.5,1,08:14:19.699553583
107.5,2,08:14:19.874579807
107.5,89,08:14:20.082595342
107.5,10,08:14:20.082703721
107.5,8,08:14:20.090522694
107.5,7,08:14:20.095337844
107.5156,84,08:14:20.621319235
107.5,7,08:14:20.639674957
107.5,1,08:14:22.091882703
107.5,1,08:14:22.294631538
107.5,28,08:14:29.608997686
107.5,22,08:14:29.615215242
107.5,3,08:14:29.615941554
107.5,2,08:14:29.616331914
107.5,4,08:14:29.616416696
107.5,3,08:14:29.616568834
107.5,8,08:14:29.629175273
107.5,1,08:14:29.629527177
107.5,27,08:14:29.629596885
107.5,1,08:14:29.629698192
107.5,3,08:14:29.681611140
107.5,1,08:14:29.681858968
107.5,2,08:14:30.006386689
107.4844,4,08:14:30.006675232
107.5156,2,08:14:30.007427507
107.5,1,08:14:30.483239842
107.5,1,08:14:30.745763427
107.5,1,08:14:39.841607038
107.5,19,08:14:41.493755757
107.5156,700,08:14:44.964104934
107.5156,1,08:14:44.965360495
107.5156,108,08:14:44.965774711
107.5156,5,08:14:44.967439753
107.5156,3,08:14:44.967596495
107.5156,3,08:14:44.967737701
107.5156,1,08:14:44.967777142
107.5156,15,08:14:44.967912882
107.5156,6,08:14:44.967919292
107.5156,4,08:14:44.969415226
107.5156,1,08:14:45.067172202
107.5156,3,08:14:46.379141847
107.5,2,08:14:51.045631203
107.5156,20,08:14:51.295903314
107.5,2,08:14:51.305078007
107.5,316,08:14:57.582810300
107.4844,145,08:14:57.586117490
107.4844,10,08:14:57.587718233
107.4844,2,08:14:57.587960810
107.4844,6,08:14:57.589429889
107.4844,2,08:14:57.589576394
107.4844,4,08:14:57.589755770
107.4844,2,08:14:57.589861780
107.4844,10,08:14:57.590085515
107.4844,2,08:14:57.591676817
107.4844,6,08:14:57.591981419
107.4844,12,08:14:57.592648331
107.4844,12,08:14:57.592701741
107.4844,4,08:14:57.594550591
107.4844,4,08:14:57.594961918
107.4844,1,08:14:57.595623896
107.4844,12,08:14:57.597593241
107.4844,12,08:14:57.598134743
107.4844,12,08:14:57.598289785
107.4688,22,08:14:57.610125672
107.4531,7,08:14:57.610141782
107.4531,2,08:14:57.611629104
107.4688,9,08:14:57.614010288
107.4688,4,08:14:57.614769193
107.4688,1,08:14:57.615049250
107.4688,4,08:14:57.615967592
107.4688,4,08:14:57.618909136
107.4688,2,08:14:59.005514257
107.4844,90,08:15:00.035786236
107.4844,4,08:15:00.035935968
107.4844,3,08:15:00.036033554
107.5,112,08:15:00.041725089
107.5,4,08:15:00.042550370
107.5156,24,08:15:00.042583270
107.5,1,08:15:00.042583270
107.5156,17,08:15:00.042595926
107.5156,4,08:15:00.042603830
107.5156,62,08:15:00.042616883
107.5313,37,08:15:00.042624483
107.5156,3,08:15:00.042624483
107.5313,105,08:15:00.042624483
107.5313,102,08:15:00.042634333
107.5469,4,08:15:00.044706045
107.5469,20,08:15:00.044716951
107.5469,6,08:15:00.044738062
107.5313,32,08:15:00.047340946
107.5313,2,08:15:00.047701625
107.5313,3,08:15:00.048421671
107.5313,51,08:15:00.048421671
107.5313,26,08:15:00.048510259
107.5313,4,08:15:00.048510259
107.5313,1,08:15:00.048592299
107.5313,3,08:15:00.048804553
107.5313,2,08:15:00.049501883
107.5313,2,08:15:00.049765295
107.5313,1,08:15:00.051000082
107.5313,1,08:15:00.051173331
107.5,2,08:15:00.051259694
107.5,1,08:15:00.051620773
107.5313,2,08:15:00.052560452
107.5469,59,08:15:00.052560452
107.5469,4,08:15:00.052802307
107.5469,4,08:15:00.054808578
107.5313,4,08:15:00.055490105
107.5313,1,08:15:00.057553590
107.5313,1,08:15:00.059238859
107.5156,7,08:15:00.059634621
107.5313,2,08:15:00.061596021
107.5313,4,08:15:00.062716506
107.5313,15,08:15:00.063624317
107.5313,14,08:15:00.063777485
107.5313,1,08:15:00.064725632
107.5313,1,08:15:00.067071695
107.5156,1,08:15:00.067480177
107.5313,8,08:15:00.067648488
107.5156,1,08:15:00.067948683
107.5156,1,08:15:00.068053965
107.5156,1,08:15:00.068208329
107.5156,1,08:15:00.068266324
107.5156,1,08:15:00.068464632
107.5313,55,08:15:00.069943979
107.5313,4,08:15:00.070651310
107.5313,8,08:15:00.073111065
107.5313,2,08:15:00.077577945
107.5313,1,08:15:00.077582966
107.5313,1,08:15:00.079085172
107.5313,1,08:15:00.080258127
107.5313,1,08:15:00.080338939
107.5313,1,08:15:00.080406094
107.5313,1,08:15:00.080457229
107.5156,10,08:15:00.080878939
107.5313,6,08:15:00.081786055
107.5313,8,08:15:00.083932630
107.5313,1,08:15:00.086593343
107.5313,1,08:15:00.086654717
107.5313,33,08:15:00.088522744
107.5313,7,08:15:00.088737056
107.5313,1,08:15:00.089364765
107.5313,4,08:15:00.091347505
107.5313,2,08:15:00.091713804
107.5313,1,08:15:00.092186562
107.5313,4,08:15:00.093208823
107.5313,1,08:15:00.093426370
107.5313,7,08:15:00.094759533
107.5313,7,08:15:00.096650053
107.5313,1,08:15:00.098606343
107.5313,18,08:15:00.099591396
107.5313,1,08:15:00.100545060
107.5313,4,08:15:00.100989626
107.5313,1,08:15:00.101261142
107.5313,2,08:15:00.101656222
107.5313,1,08:15:00.104095522
107.5313,2,08:15:00.116757438
107.5313,6,08:15:00.129074828
107.5156,1,08:15:00.129074828
107.5313,19,08:15:00.194749177
107.5313,3,08:15:00.203358861
107.5313,15,08:15:00.232418482
107.5313,18,08:15:00.263543781
107.5313,1,08:15:00.287436848
107.5313,7,08:15:00.288585367
107.5313,12,08:15:00.288854207
107.5313,22,08:15:00.295384140
107.5313,5,08:15:00.295893328
107.5313,25,08:15:00.523615865
107.5313,1,08:15:00.523992572
107.5313,1,08:15:00.524528736
107.5313,9,08:15:00.524626658
107.5313,2,08:15:00.525052376
107.5313,2,08:15:00.525543147
107.5313,9,08:15:00.525733141
107.5313,2,08:15:00.526145319
107.5313,2,08:15:00.526614097
107.5313,2,08:15:00.527034816
107.5313,2,08:15:00.527454302
107.5313,1,08:15:00.762215177
107.5469,27,08:15:00.920291942
107.5469,3,08:15:00.921438099
107.5469,4,08:15:00.921508567
107.5469,3,08:15:00.921730412
107.5469,14,08:15:00.923177231
107.5469,5,08:15:01.022961644
107.5469,3,08:15:01.023787561
107.5469,3,08:15:01.023830268
107.5469,3,08:15:01.027144464
107.5469,15,08:15:01.081697926
107.5469,8,08:15:01.593730140
107.5469,10,08:15:02.136814772
107.5469,53,08:15:02.137041422
107.5469,1,08:15:02.138115358
107.5469,3,08:15:02.138606853
107.5469,2,08:15:02.139030877
107.5469,1,08:15:02.139640233
107.5313,4,08:15:03.049799883
107.5313,8,08:15:03.066071672
107.5313,22,08:15:03.066624736
107.5313,17,08:15:03.066853812
107.5313,8,08:15:03.067090791
107.5313,6,08:15:03.069356814
107.5313,5,08:15:03.069470902
107.5313,1,08:15:03.070368681
107.5313,21,08:15:03.070692854
107.5313,1,08:15:03.071580171
107.5313,4,08:15:03.072389982
107.5156,29,08:15:03.081340661
107.5156,2,08:15:03.087160461
107.5156,2,08:15:03.087240754
107.5156,1,08:15:03.088098954
107.5156,2,08:15:03.088620712
107.5156,2,08:15:03.089176947
107.5156,2,08:15:03.089322275
107.5156,1,08:15:03.089422497
107.5156,1,08:15:03.089528548
107.5156,1,08:15:03.089987936
107.5156,2,08:15:03.090725353
107.5156,4,08:15:03.090849342
107.5156,62,08:15:03.091205195
107.5156,2,08:15:03.091703929
107.5156,1,08:15:03.092137582
107.5156,1,08:15:03.092621831
107.5156,1,08:15:03.092697452
107.5156,1,08:15:03.092737229
107.5156,3,08:15:03.092962578
107.5156,3,08:15:03.093612607
107.5156,1,08:15:03.094304163
107.5156,1,08:15:03.095121463
107.5156,1,08:15:03.095171736
107.5156,1,08:15:03.095210738
107.5156,1,08:15:03.595060760
107.5156,17,08:15:03.603085638
107.5156,2,08:15:03.603491550
107.5156,1,08:15:03.603633370
107.5156,1,08:15:03.604034595
107.5156,4,08:15:03.604435169
107.5156,5,08:15:03.786587250
107.5156,68,08:15:03.815650634
107.5156,1,08:15:03.816425651
107.5156,4,08:15:03.816720453
107.5156,1,08:15:03.816999170
107.5156,3,08:15:03.817306181
107.5156,1,08:15:04.188043201
107.5156,6,08:15:04.188446722
107.5156,1,08:15:04.189133978
107.5156,1,08:15:04.189418109
107.5156,2,08:15:04.189855580
107.5,27,08:15:05.054092793
107.4844,4,08:15:05.054112188
107.4844,36,08:15:05.054112188
107.4844,20,08:15:05.054112188
107.4844,6,08:15:05.054147200
107.5,2,08:15:05.054770128
107.5,4,08:15:05.054882072
107.5,1,08:15:05.055332059
107.5,1,08:15:05.055373970
107.5,1,08:15:05.055468474
107.5,14,08:15:05.055858988
107.5,1,08:15:05.056593185
107.5,1,08:15:05.056681558
107.5,13,08:15:05.084700236
107.5,1,08:15:05.085023280
107.5,1,08:15:05.085107816
107.5,6,08:15:05.109920602
107.5,1,08:15:05.110945177
107.5,1,08:15:05.111005139
107.5,1,08:15:05.111376005
107.5,1,08:15:05.111489262
107.5,1,08:15:05.111566308
107.5,1,08:15:05.143015227
107.5,1,08:15:05.143756237
107.5,1,08:15:05.173146210
107.5,1,08:15:05.203002596
107.5,1,08:15:05.203558764
107.5,1,08:15:05.203626902
107.5,1,08:15:05.204021186
107.5,1,08:15:05.237111304
107.5,4,08:15:05.237774271
107.5,3,08:15:05.238084872
107.5,1,08:15:05.238246597
107.5,3,08:15:05.267753353
107.5,1,08:15:05.597322987
107.5,1,08:15:05.597353516
107.4844,53,08:15:05.602428671
107.4844,1,08:15:05.603111027
107.4844,1,08:15:05.603234492
107.4844,1,08:15:05.603966794
107.4844,67,08:15:05.632761594
107.4844,2,08:15:05.633268228
107.4844,1,08:15:05.633708998
107.4844,5,08:15:05.664706020
107.4844,2,08:15:05.696668842
107.4844,2,08:15:05.727265296
107.4844,1,08:15:06.022833788
107.4844,1,08:15:06.023753484
107.4844,1,08:15:06.373466159
107.4844,1,08:15:06.373589409
107.4844,1,08:15:06.375506421
107.4844,2,08:15:06.375657390
107.4844,7,08:15:06.376994217
107.4844,2,08:15:06.378638756
107.4844,1,08:15:06.380462539
107.4688,29,08:15:06.433628906
107.4688,67,08:15:06.433650055
107.4688,240,08:15:06.434219549
107.4688,2,08:15:06.434883223
107.4688,6,08:15:06.437747648
107.4688,1,08:15:06.441125469
107.4531,20,08:15:06.459405417
107.4375,2,08:15:06.459430707
107.4531,1,08:15:06.459430707
107.4375,24,08:15:06.459430707
107.4375,1,08:15:06.459430707
107.4531,1,08:15:06.462488427
107.4531,2,08:15:06.948551816
107.4531,26,08:15:06.948913757
107.4531,1,08:15:06.950709796
107.4531,4,08:15:06.950790841
107.4531,1,08:15:06.951307744
107.4531,1,08:15:06.953523961
107.4531,1,08:15:06.953795944
107.4531,5,08:15:06.955699109
107.4688,57,08:15:06.961492979
107.4844,2,08:15:06.961506857
107.4688,2,08:15:06.962642798
107.4688,1,08:15:06.962999954
107.4688,6,08:15:06.964660093
107.4688,86,08:15:06.970531692
107.4688,31,08:15:06.970636644
107.4688,3,08:15:06.971609390
107.4688,2,08:15:06.976831259
107.4688,7,08:15:06.982610091
107.4688,2,08:15:07.444750226
107.4688,1,08:15:07.591114686
107.4688,1,08:15:07.747862350
107.4844,27,08:15:08.191845404
107.4844,1,08:15:08.192008220
107.4844,1,08:15:08.192142680
107.4844,1,08:15:08.192306159
107.4844,1,08:15:08.192593940
107.4844,7,08:15:08.193984758
107.4844,6,08:15:08.377397008
107.4844,31,08:15:08.378259503
107.4844,6,08:15:08.378334493
107.4844,4,08:15:08.378602521
107.4844,1,08:15:08.379185054
107.4844,1,08:15:08.379475876
107.4844,1,08:15:08.379591395
107.4844,2,08:15:08.381604056
107.4844,1,08:15:08.382259199
107.4844,3,08:15:08.382310390
107.4844,1,08:15:08.382594178
107.4844,3,08:15:09.021759597
107.4844,1,08:15:09.021945668
107.4844,71,08:15:10.383040866
107.4844,1,08:15:10.385130309
107.4844,2,08:15:10.385611355
107.4688,5,08:15:10.429299887
107.4688,5,08:15:10.431288630
107.4688,1,08:15:10.440355319
107.4688,5,08:15:10.837440305
107.4688,4,08:15:10.837914684
107.4688,2,08:15:10.838967659
107.4688,1,08:15:10.839197865
107.4688,1,08:15:10.839226262
107.4688,11,08:15:10.969413913
107.4844,12,08:15:10.991253936
107.4844,10,08:15:10.991560340
107.4844,1,08:15:10.991699993
107.4844,1,08:15:10.991983894
107.4844,15,08:15:11.137707853
107.4844,6,08:15:11.138735590
107.4844,1,08:15:11.139193948
107.4844,23,08:15:11.139486331
107.4844,1,08:15:11.140564302
107.4844,3,08:15:11.141680657
107.4688,28,08:15:11.317938089
107.4688,1,08:15:11.878849529
107.4688,1,08:15:11.878904791
107.4688,9,08:15:11.879001277
107.4688,32,08:15:11.879153261
107.4688,8,08:15:11.886806256
107.4688,1,08:15:11.887513502
107.4688,2,08:15:11.888418987
107.4844,175,08:15:12.049521025
107.4688,25,08:15:12.049521025
107.4688,3,08:15:12.051918974
107.4688,12,08:15:12.052739736
107.4688,1,08:15:12.054028469
107.4688,1,08:15:12.054276209
107.4688,23,08:15:12.335501464
107.4531,76,08:15:13.170209783
107.4531,2,08:15:13.170416871
107.4531,2,08:15:13.170950786
107.4531,3,08:15:13.171553717
107.4531,1,08:15:13.171669809
107.4531,1,08:15:13.171693422
107.4531,1,08:15:13.172834159
107.4531,2,08:15:13.288029743
107.4531,12,08:15:13.288269789
107.4531,1,08:15:13.288577046
107.4531,4,08:15:13.289892349
107.4531,6,08:15:13.290677693
107.4531,5,08:15:13.290696846
107.4531,16,08:15:13.290723204
107.4531,4,08:15:13.290868446
107.4531,1,08:15:13.291019899
107.4531,25,08:15:13.291930819
107.4531,1,08:15:13.292329330
107.4531,81,08:15:13.292413225
107.4531,1,08:15:13.292768570
107.4531,1,08:15:13.292887360
107.4531,4,08:15:13.292935588
107.4531,1,08:15:13.293051149
107.4531,1,08:15:13.295949153
107.4531,1,08:15:13.323302900
107.4531,1,08:15:13.323550073
107.4531,2,08:15:13.338915995
107.4531,10,08:15:13.453461255
107.4531,1,08:15:13.453762429
107.4531,16,08:15:13.737593459
107.4531,1,08:15:14.109872291
107.4531,10,08:15:14.110047062
107.4531,65,08:15:14.110687200
107.4531,5,08:15:14.110772335
107.4531,1,08:15:14.110932863
107.4531,9,08:15:14.111010589
107.4531,2,08:15:14.111043617
107.4531,6,08:15:14.111078911
107.4531,8,08:15:14.111662925
107.4531,18,08:15:14.112075458
107.4531,1,08:15:14.112675006
107.4531,1,08:15:14.113262327
107.4531,6,08:15:14.113284922
107.4531,1,08:15:14.113306980
107.4531,2,08:15:14.114024460
107.4531,250,08:15:14.947227080
107.4531,5,08:15:15.010386710
107.4531,2,08:15:15.010542989
107.4531,37,08:15:15.010752394
107.4531,2,08:15:15.012559119
107.4531,4,08:15:15.013068758
107.4531,1,08:15:15.095802960
107.4531,1,08:15:15.095851470
107.4531,51,08:15:15.144628286
107.4531,16,08:15:15.146115769
107.4531,100,08:15:15.893188988
107.4531,39,08:15:16.008104142
107.4531,1,08:15:16.009601304
107.4531,50,08:15:16.035503006
107.4531,1,08:15:16.099270715
107.4531,1,08:15:16.595546253
107.4531,98,08:15:16.595726093
107.4531,300,08:15:16.758531861
107.4531,3,08:15:17.334825994
107.4531,3,08:15:18.338990598
107.4531,3,08:15:18.599699291
107.4531,192,08:15:18.738924292
107.4531,2,08:15:18.740823131
107.4531,3,08:15:18.742470630
107.4531,3,08:15:18.742521978
107.4531,25,08:15:19.029000262
107.4531,153,08:15:19.160937976
107.4531,14,08:15:19.162955651
107.4531,1,08:15:19.163906086
107.4531,3,08:15:19.164447719
107.4531,14,08:15:19.164790997
107.4531,2,08:15:19.165443100
107.4531,1,08:15:19.165884030
107.4531,2,08:15:19.167111201
107.4531,2,08:15:19.167360870
107.4531,15,08:15:21.510720190
107.4531,28,08:15:21.511566703
107.4531,72,08:15:21.511845952
107.4531,15,08:15:21.511853636
107.4531,144,08:15:21.512025653
107.4531,72,08:15:21.512070134
107.4531,15,08:15:21.512130576
107.4531,15,08:15:21.512217177
107.4531,36,08:15:21.512260576
107.4531,14,08:15:21.513343039
107.4531,1,08:15:21.514922662
107.4531,1,08:15:21.514968164
107.4531,1,08:15:21.516203056
107.4531,63,08:15:21.519803784
107.4531,16,08:15:21.533257456
107.4531,23,08:15:21.533293642
107.4531,38,08:15:21.570421389
107.4531,2,08:15:21.570440376
107.4531,16,08:15:21.570487958
107.4531,1,08:15:21.571220251
107.4531,5,08:15:21.822621024
107.4531,1,08:15:22.068173417
107.4531,3,08:15:22.068234813
107.4531,5,08:15:22.068405255
107.4531,1,08:15:22.068429825
107.4531,1,08:15:22.068467586
107.4531,7,08:15:22.068592302
107.4531,7,08:15:22.069574872
107.4531,1,08:15:22.069682356
107.4531,4,08:15:22.070043226
107.4531,1,08:15:22.486925986
107.4531,5,08:15:22.684369235
107.4531,1,08:15:22.685403941
107.4531,1,08:15:22.685600127
107.4531,84,08:15:22.686088364
107.4531,12,08:15:22.686408658
107.4531,5,08:15:22.823259038
107.4531,2,08:15:23.125588230
107.4531,35,08:15:23.268313935
107.4531,16,08:15:23.269618787
107.4531,1,08:15:23.269855857
107.4531,1,08:15:23.269879423
107.4531,5,08:15:23.269905228
107.4531,1,08:15:23.270163316
107.4531,1,08:15:23.270881609
107.4531,4,08:15:23.271307803
107.4531,1,08:15:23.271788040
107.4531,4,08:15:23.775483103
107.4531,12,08:15:23.775788297
107.4531,1,08:15:23.776454102
107.4531,2,08:15:23.776886966
107.4531,1,08:15:23.776963347
107.4531,1,08:15:23.777627467
107.4531,1,08:15:24.937069566
107.4688,300,08:15:26.718112054
107.4688,74,08:15:26.728560535
107.4688,8,08:15:26.729569996
107.4688,1,08:15:26.730859049
107.4688,1,08:15:26.731590168
107.4688,1,08:15:26.731685264
107.4688,20,08:15:26.731738011
107.4688,4,08:15:26.732312403
107.4688,1,08:15:26.732374407
107.4688,1,08:15:26.733163274
107.4688,1,08:15:26.733492872
107.4688,2,08:15:26.748220134
107.4688,1,08:15:26.748372002
107.4688,1,08:15:26.748483659
107.4688,18,08:15:26.748810130
107.4688,20,08:15:26.749321023
107.4688,8,08:15:26.749789397
107.4688,1,08:15:26.750424306
107.4688,1,08:15:26.750537134
107.4688,200,08:15:28.104217321
107.4688,19,08:15:30.146602677
107.4688,58,08:15:30.146751391
107.4688,19,08:15:30.147008973
107.4688,72,08:15:30.147229527
107.4688,130,08:15:30.147421321
107.4688,9,08:15:30.148138465
107.4688,4,08:15:30.148861688
107.4688,19,08:15:30.150335043
107.4688,38,08:15:30.150651757
107.4688,6,08:15:30.150680643
107.4688,1,08:15:30.150880981
107.4688,7,08:15:30.151015041
107.4688,15,08:15:30.151178852
107.4688,26,08:15:30.151701461
107.4688,26,08:15:30.152197545
107.4688,1,08:15:30.152866649
107.4688,1,08:15:30.152883149
107.4688,1,08:15:30.152916625
107.4688,1,08:15:30.152938632
107.4688,1,08:15:30.153941451
107.4688,1,08:15:30.153981600
107.4688,1,08:15:30.154029722
107.4688,7,08:15:30.154050049
107.4688,10,08:15:30.155287024
107.4688,10,08:15:30.155339601
107.4688,22,08:15:30.155459287
107.4688,11,08:15:30.155486986
107.4688,1,08:15:30.155971189
107.4688,4,08:15:30.156134517
107.4688,1,08:15:30.156175362
107.4688,1,08:15:30.156328412
107.4688,16,08:15:30.157394680
107.4688,5,08:15:30.157442850
107.4688,2,08:15:30.157692807
107.4688,2,08:15:30.157781321
107.4688,1,08:15:30.158104510
107.4688,2,08:15:30.158204805
107.4688,1,08:15:30.158614573
107.4688,27,08:15:30.160244462
107.4531,1,08:15:30.880069033
107.4531,9,08:15:30.887013777
107.4688,10,08:15:30.898912464
107.4531,10,08:15:30.990125247
107.4531,227,08:15:32.491653383
107.4531,217,08:15:32.491823690
107.4531,33,08:15:32.491851713
107.4531,10,08:15:32.493574541
107.4531,5,08:15:32.493722320
107.4531,6,08:15:32.493939470
107.4531,1,08:15:32.495771782
107.4531,1,08:15:33.546091428
107.4375,1,08:15:36.116681395
107.4375,100,08:15:37.217653744
107.4531,200,08:15:37.635946531
107.4531,50,08:15:37.636754585
107.4531,1,08:15:37.637813570
107.4531,1,08:15:37.638175577
107.4531,29,08:15:37.638648390
107.4531,52,08:15:37.639497462
107.4531,8,08:15:37.640124970
107.4531,1,08:15:37.640534590
107.4531,1,08:15:37.640601293
107.4531,1,08:15:37.640741414
107.4531,1,08:15:37.641052003
107.4531,38,08:15:37.641179342
107.4531,3,08:15:37.641659948
107.4531,1,08:15:37.641710125
107.4531,6,08:15:37.641802392
107.4531,9,08:15:37.641883207
107.4531,24,08:15:37.645078114
107.4531,1,08:15:37.646000621
107.4531,1,08:15:37.646524231
107.4688,2,08:15:38.039279881
107.4688,23,08:15:38.039506356
107.4688,12,08:15:38.040258966
107.4688,1,08:15:38.040730471
107.4688,27,08:15:38.040930939
107.4688,2,08:15:38.040977180
107.4688,1,08:15:38.041148540
107.4688,1,08:15:38.041197024
107.4688,1,08:15:38.041403188
107.4688,1,08:15:38.042173805
107.4688,38,08:15:38.042314077
107.4688,3,08:15:38.042381105
107.4688,2,08:15:38.042414936
107.4688,3,08:15:38.042483386
107.4688,4,08:15:38.042522705
107.4688,1,08:15:38.042619990
107.4688,6,08:15:38.042900296
107.4688,2,08:15:38.042989713
107.4688,11,08:15:38.043028302
107.4688,1,08:15:38.043231359
107.4688,13,08:15:38.043253824
107.4688,4,08:15:38.043281434
107.4688,9,08:15:38.043425597
107.4688,4,08:15:38.043645348
107.4688,6,08:15:38.043692447
107.4688,1,08:15:38.043802052
107.4688,49,08:15:38.044012792
107.4688,1,08:15:38.044035750
107.4688,11,08:15:38.044058771
107.4688,13,08:15:38.044186229
107.4688,1,08:15:38.044225343
107.4688,25,08:15:38.044603504
107.4688,8,08:15:38.062021986
107.4688,13,08:15:38.062978427
107.4688,12,08:15:38.065223126
107.4688,1,08:15:38.065431754
107.4688,3,08:15:38.617761425
107.4688,4,08:15:38.617788522
107.4688,6,08:15:38.629220113
107.4688,1,08:15:38.629443717
107.4688,12,08:15:38.629625468
107.4688,7,08:15:38.629840740
107.4688,1,08:15:38.629926187
107.4688,16,08:15:38.631650075
107.4688,17,08:15:38.632893485
107.4688,5,08:15:38.632973922
107.4688,3,08:15:38.633006211
107.4688,1,08:15:38.633218750
107.4688,1,08:15:38.633466502
107.4688,18,08:15:38.637103321
107.4688,19,08:15:38.709813190
107.4688,1,08:15:38.710028343
107.4688,2,08:15:38.909908006
107.4531,100,08:15:39.065348275
107.4688,18,08:15:40.947976592
107.4688,3,08:15:40.948010974
107.4688,4,08:15:40.948069580
107.4688,1,08:15:40.948186913
107.4688,67,08:15:40.948641120
107.4688,1,08:15:40.948987851
107.4688,6,08:15:40.949038901
107.4688,1,08:15:40.949065049
107.4688,1,08:15:40.949110603
107.4688,1,08:15:40.949190908
107.4688,4,08:15:40.949497557
107.4688,1,08:15:40.949547238
107.4688,4,08:15:40.949604987
107.4688,1,08:15:40.949638008
107.4688,47,08:15:40.949952059
107.4688,8,08:15:41.118057558
107.4844,1,08:15:41.145497271
107.4688,15,08:15:43.209705518
107.4688,100,08:15:45.046128751
107.4688,1,08:15:45.046777893
107.4688,1,08:15:45.762215211
107.4688,8,08:15:45.763557775
107.4688,8,08:15:45.763614937
107.4688,1,08:15:45.763916292
107.4688,1,08:15:45.764060483
107.4688,19,08:15:45.764091406
107.4688,19,08:15:45.764146619
107.4688,4,08:15:45.764180489
107.4688,4,08:15:45.764222791
107.4688,1,08:15:45.764262218
107.4688,1,08:15:45.764299276
107.4688,123,08:15:45.764517238
107.4688,227,08:15:45.769696312
107.4688,1,08:15:45.771349126
107.4688,1,08:15:45.771401815
107.4688,6,08:15:45.771425633
107.4688,1,08:15:45.771442898
107.4688,1,08:15:45.771587550
107.4688,1,08:15:45.771671634
107.4688,2,08:15:45.771721478
107.4688,9,08:15:45.771756443
107.4688,14,08:15:45.771784667
107.4688,5,08:15:45.772251522
107.4688,1,08:15:45.772383073
107.4688,1,08:15:45.772491027
107.4688,1,08:15:45.774113972
107.4688,1,08:15:45.774461304
107.4688,9,08:15:45.775433080
107.4688,100,08:15:48.661677651
107.4688,1,08:15:49.243673908
107.4688,1,08:15:49.973881650
107.4688,49,08:15:50.603043415
107.4688,48,08:15:50.604276974
107.4688,19,08:15:50.604477414
107.4688,70,08:15:50.604685620
107.4688,4,08:15:50.605049480
107.4688,1,08:15:50.605062853
107.4688,2,08:15:50.605120790
107.4688,7,08:15:50.605142813
107.4688,2,08:15:50.605142813
107.4688,1,08:15:50.605206648
107.4688,47,08:15:50.605337617
107.4688,1,08:15:50.609465908
107.4688,40,08:15:50.610243719
107.4688,850,08:15:50.763591746
107.4688,1,08:15:50.764431910
107.4688,1,08:15:50.764693429
107.4688,1,08:15:50.765235072
107.4688,12,08:15:50.766621397
107.4688,24,08:15:50.766746296
107.4688,36,08:15:50.766759669
107.4688,2,08:15:50.767847630
107.4688,1,08:15:50.768422090
107.4688,1,08:15:50.768450001
107.4688,36,08:15:50.768481681
107.4688,12,08:15:50.768514761
107.4688,1,08:15:50.770673756
107.4688,1,08:15:50.770703200
107.4688,8,08:15:50.770824218
107.4688,22,08:15:50.772231869
107.4688,20,08:15:50.971488471
107.4688,1,08:15:50.971676997
107.4688,2,08:15:51.354201903
107.4688,100,08:15:53.251188788
107.4688,50,08:15:54.490923240
107.4688,120,08:15:54.491101795
107.4688,46,08:15:54.491192244
107.4688,18,08:15:54.770488474
107.4688,19,08:16:04.718185803
107.4688,19,08:16:04.747012251
107.4688,19,08:16:04.773878729
107.4688,9,08:16:04.797941268
107.4688,9,08:16:04.798841852
107.4688,569,08:16:05.808460112
107.4844,1,08:16:05.834541152
107.4844,23,08:16:05.835200016
107.4844,46,08:16:05.835716039
107.4844,1,08:16:05.836131142
107.4844,14,08:16:05.836195575
107.4844,203,08:16:05.836283724
107.4844,1,08:16:05.836443891
107.4844,23,08:16:05.836595237
107.4844,23,08:16:05.836802813
107.4844,24,08:16:05.836841790
107.4844,1,08:16:05.836926350
107.4844,86,08:16:05.837031099
107.4844,38,08:16:05.837068306
107.4844,18,08:16:05.837143469
107.4844,4,08:16:05.837190555
107.4844,3,08:16:05.837190555
107.4844,1,08:16:05.837208175
107.4844,4,08:16:05.837268579
107.4844,1,08:16:05.837268579
107.4844,1,08:16:05.837364209
107.4844,50,08:16:05.837448103
107.4844,5,08:16:05.837477140
107.4844,28,08:16:05.837523557
107.4844,20,08:16:05.837559840
107.4844,41,08:16:05.837750727
107.4844,14,08:16:05.837816894
107.4844,24,08:16:05.837983997
107.4844,3,08:16:05.838035454
107.4844,2,08:16:05.840376789
107.4844,3,08:16:05.840942208
107.4844,2,08:16:05.841922129
107.4844,2,08:16:05.842701901
107.4844,1,08:16:05.911123004
107.5,9,08:16:05.928687965
107.4844,13,08:16:05.999559940
107.4844,25,08:16:06.044644203
107.5,5,08:16:08.498464220
107.4844,9,08:16:09.052485152
107.4844,1,08:16:09.054975999
107.4844,2,08:16:09.058613073
107.4844,7,08:16:09.061339387
107.4844,221,08:16:09.069214979
107.4844,1,08:16:09.071811178
107.4844,1,08:16:09.071932668
107.4844,9,08:16:09.072173975
107.4844,12,08:16:09.073271102
107.4844,214,08:16:09.075301370
107.4844,1,08:16:09.075571465
107.4844,13,08:16:09.075596563
107.4844,5,08:16:09.075638574
107.4844,2,08:16:09.076129303
107.4844,1,08:16:09.076571130
107.4844,195,08:16:09.079754794
107.4844,12,08:16:09.079832660
107.4844,1,08:16:09.079945510
107.4844,15,08:16:09.080008649
107.4844,15,08:16:09.080113227
107.4844,14,08:16:09.080141128
107.4844,16,08:16:09.080409766
107.4844,1,08:16:09.080442929
107.4844,4,08:16:09.080542096
107.4844,1,08:16:09.080901371
107.4844,12,08:16:09.081063254
107.4844,12,08:16:09.081097192
107.4844,1,08:16:09.081489437
107.4844,51,08:16:09.081877588
107.4844,1,08:16:09.081966851
107.4844,2,08:16:09.082040453
107.4844,1,08:16:09.082077294
107.4844,1,08:16:09.082226133
107.4844,1,08:16:09.082245372
107.4844,24,08:16:09.082335027
107.4844,1,08:16:09.082414009
107.4844,1,08:16:09.082687496
107.4844,54,08:16:09.083526460
107.4844,1,08:16:09.083762999
107.4844,4,08:16:09.083780750
107.4844,1,08:16:09.083804309
107.4844,46,08:16:09.084074266
107.4844,2,08:16:09.084466946
107.4844,1,08:16:09.084486198
107.4844,1,08:16:09.084540772
107.4844,4,08:16:09.084739912
107.4844,19,08:16:09.085719595
107.4844,1,08:16:09.085998276
107.4844,1,08:16:09.086144599
107.4844,18,08:16:09.089294259
107.4844,1,08:16:09.090127444
107.4844,1,08:16:09.090218627
107.4844,33,08:16:09.090703746
107.4844,1,08:16:09.090928432
107.4844,1,08:16:09.090961720
107.4844,1,08:16:09.090994482
107.4844,1,08:16:09.091048252
107.4844,1,08:16:09.091074954
107.4844,1,08:16:09.091492268
107.4844,19,08:16:09.091710279
107.4844,9,08:16:09.091868205
107.4844,1,08:16:09.092135374
107.4844,1,08:16:09.092174851
107.4844,4,08:16:09.092217022
107.4844,1,08:16:09.092629414
107.4844,10,08:16:09.092760402
107.4844,1,08:16:09.092802700
107.4844,1,08:16:09.092934495
107.4844,27,08:16:09.099262213
107.4844,1,08:16:09.100247250
107.4844,19,08:16:09.325571629
107.4844,1,08:16:09.325698790
107.4844,60,08:16:09.326152121
107.4844,41,08:16:09.329326072
107.4844,1,08:16:09.329655554
107.4844,1,08:16:09.329723309
107.4844,250,08:16:10.605768351
107.4844,5,08:16:10.606169815
107.4844,8,08:16:10.606238571
107.4844,2,08:16:10.606274214
107.4844,13,08:16:10.606392725
107.4844,39,08:16:10.606510725
107.4844,6,08:16:10.606603148
107.4844,1,08:16:10.606603148
107.4844,7,08:16:10.606651118
107.4844,1,08:16:10.606981553
107.4844,2,08:16:10.607150158
107.4844,20,08:16:10.608109118
107.4844,29,08:16:10.608258501
107.4844,1,08:16:10.609214683
107.4844,1,08:16:10.609387508
107.4844,2,08:16:10.609825082
107.4844,1,08:16:10.610286711
107.4844,4,08:16:10.610332926
107.4844,1,08:16:10.610332926
107.4844,1,08:16:10.610590956
107.4844,2,08:16:10.614191270
107.4844,1,08:16:10.614413696
107.4844,1,08:16:10.615567691
107.4844,27,08:16:10.615750171
107.4844,2,08:16:10.616182663
107.4844,2,08:16:10.616278851
107.4844,7,08:16:10.616577438
107.4844,1,08:16:10.616748415
107.4844,1,08:16:10.616987556
107.4844,16,08:16:10.622000915
107.4844,8,08:16:10.730115050
107.4844,2,08:16:10.730251914
107.4844,1,08:16:10.730299633
107.4844,1,08:16:10.730381106
107.4844,10,08:16:10.730492328
107.4844,1,08:16:10.731319001
107.4844,1,08:16:10.803372210
107.4844,19,08:16:10.807228185
107.4844,66,08:16:10.807721357
107.4844,4,08:16:10.807771124
107.4844,1,08:16:10.807833422
107.4844,19,08:16:10.807833422
107.4844,3,08:16:12.541090905
107.4844,1,08:16:12.557709883
107.4844,1,08:16:12.557814445
107.4844,1,08:16:12.557945337
107.4844,6,08:16:12.569687662
107.4844,200,08:16:15.039810224
107.4844,46,08:16:15.041172610
107.4844,1219,08:16:15.041678869
107.4844,31,08:16:15.041901076
107.4844,51,08:16:15.042434188
107.4844,10,08:16:15.042608792
107.4844,1,08:16:15.042737553
107.4844,19,08:16:15.042746235
107.4844,1,08:16:15.042802809
107.4844,1,08:16:15.042886513
107.4844,1,08:16:15.042906088
107.4844,1,08:16:15.042938533
107.4844,4,08:16:15.042965622
107.4844,4,08:16:15.048963858
107.4844,27,08:16:15.052596977
107.4844,1,08:16:15.468198432
107.4844,15,08:16:15.864164991
107.4688,1,08:16:16.500381191
107.4688,10,08:16:16.500435176
107.4688,10,08:16:16.500502355
107.4688,361,08:16:16.501029105
107.4688,19,08:16:16.501718974
107.4688,5,08:16:16.501765811
107.4688,3,08:16:16.501765811
107.4688,1,08:16:16.501794343
107.4688,1,08:16:16.501845527
107.4688,1,08:16:16.501919615
107.4688,1,08:16:16.502033064
107.4688,1,08:16:16.502075932
107.4688,1,08:16:16.502106825
107.4688,1,08:16:16.502126454
107.4688,1,08:16:16.502145572
107.4688,1,08:16:16.502174580
107.4688,1,08:16:16.502197323
107.4688,1,08:16:16.502225512
107.4688,1,08:16:16.502246547
107.4688,1,08:16:16.502278086
107.4688,1,08:16:16.502308209
107.4688,1,08:16:16.502341259
107.4688,1,08:16:16.502366351
107.4688,1,08:16:16.502391288
107.4688,1,08:16:16.502438736
107.4688,1,08:16:16.502456436
107.4688,1,08:16:16.502493390
107.4688,1,08:16:16.502888822
107.4688,33,08:16:16.503138737
107.4688,19,08:16:16.506047878
107.4688,10,08:16:16.506197884
107.4688,5,08:16:16.506675340
107.4688,52,08:16:16.506802712
107.4688,1,08:16:16.507126037
107.4688,11,08:16:16.507341875
107.4688,5,08:16:16.507419179
107.4688,3,08:16:16.507477606
107.4688,6,08:16:16.507510537
107.4688,1,08:16:16.507562058
107.4688,6,08:16:16.510751604
107.4688,1,08:16:16.510774750
107.4688,24,08:16:16.510820418
107.4688,1,08:16:16.510875242
107.4688,1,08:16:16.511324067
107.4688,12,08:16:16.511411288
107.4688,39,08:16:16.512298339
107.4688,52,08:16:16.512611972
107.4688,7,08:16:16.512664510
107.4688,1,08:16:16.514108779
107.4688,1,08:16:16.514193219
107.4688,1,08:16:16.514726996
107.4688,1,08:16:16.514838090
107.4688,4,08:16:16.515159098
107.4688,1,08:16:16.515248789
107.4688,1,08:16:16.515516119
107.4688,1,08:16:16.515542430
107.4688,1,08:16:16.519971914
107.4688,1,08:16:16.520365542
107.4688,2,08:16:16.520752711
107.4688,2,08:16:16.521100104
107.4688,23,08:16:16.523816388
107.4688,1,08:16:16.524030994
107.4688,1,08:16:16.524054928
107.4688,14,08:16:16.524113767
107.4688,10,08:16:16.524246234
107.4688,1,08:16:16.524302722
107.4688,1,08:16:16.524389171
107.4688,1,08:16:16.524678434
107.4688,1,08:16:16.524722109
107.4688,9,08:16:16.524814894
107.4688,1,08:16:16.525008640
107.4688,1,08:16:16.525055213
107.4688,14,08:16:16.525284933
107.4688,6,08:16:16.525553342
107.4688,1,08:16:16.525650063
107.4688,4,08:16:16.525820586
107.4688,1,08:16:16.525935001
107.4688,10,08:16:16.526080794
107.4688,66,08:16:16.527726614
107.4688,1,08:16:16.528171497
107.4688,1,08:16:16.528192931
107.4688,1,08:16:16.528217558
107.4688,1,08:16:16.528378224
107.4688,19,08:16:16.594389007
107.4688,9,08:16:16.696381140
107.4688,9,08:16:16.697349163
107.4688,10,08:16:16.718325642
107.4688,9,08:16:16.721370123
107.4688,10,08:16:16.750355336
107.4688,9,08:16:16.756337959
107.4688,9,08:16:16.774350125
107.4688,10,08:16:16.779330497
107.4844,1692,08:16:16.802055066
107.4688,308,08:16:16.802055066
107.4844,7,08:16:16.809219370
107.4844,8,08:16:16.814708425
107.4844,9,08:16:16.814819057
107.4844,18,08:16:16.816346749
107.4844,9,08:16:16.817290064
107.4844,20,08:16:17.456190213
107.4844,6,08:16:17.456253552
107.4844,1,08:16:17.456411933
107.4844,1,08:16:17.499052916
107.4844,9,08:16:17.530879157
107.4844,9,08:16:17.531034503
107.4844,1,08:16:17.531447293
107.4844,1,08:16:19.387494883
107.4844,19,08:16:19.450062130
107.4844,1,08:16:19.450255671
107.4844,1,08:16:19.450324283
107.4844,1,08:16:19.450351992
107.4844,1,08:16:19.450379877
107.4844,1,08:16:19.450462938
107.4844,1,08:16:19.450501732
107.4844,1,08:16:19.450573005
107.4844,1,08:16:19.450592736
107.4844,1,08:16:19.450610126
107.4844,1,08:16:19.450698038
107.4844,1,08:16:19.450729475
107.4844,1,08:16:19.450759353
107.4844,1,08:16:19.450827646
107.4844,1,08:16:19.450891594
107.4844,1,08:16:19.450928455
107.4844,1,08:16:19.450950631
107.4844,1,08:16:19.450987717
107.4844,1,08:16:19.451011871
107.4844,1,08:16:19.451072919
107.4844,1,08:16:19.451329350
107.4844,1,08:16:19.452073256
107.4844,5,08:16:19.452302467
107.4844,1,08:16:19.455021565
107.4844,1,08:16:19.458697345
107.4844,12,08:16:19.458976175
107.4844,1,08:16:19.460249440
107.5,1,08:16:19.487435427
107.5,5,08:16:19.487508250
107.5,4,08:16:19.487607308
107.4844,2,08:16:19.600928379
107.4844,61,08:16:19.601379124
107.4844,1,08:16:19.601546145
107.4844,1,08:16:19.601608549
107.4844,1,08:16:19.601651958
107.4844,16,08:16:19.601755685
107.4844,4,08:16:19.601796733
107.4844,1,08:16:19.601823990
107.4844,1,08:16:19.601872657
107.4844,1,08:16:19.601916606
107.4844,9,08:16:19.602081528
107.4844,1,08:16:19.602273443
107.4844,1,08:16:19.603088989
107.4844,1,08:16:19.603236432
107.4844,3,08:16:19.763920875
107.4844,1,08:16:20.194584443
107.4844,53,08:16:20.194994563
107.5,5,08:16:20.846804021
107.4844,5,08:16:23.810284827
107.5,36,08:16:31.658494181
107.5,24,08:16:31.658646367
107.5,23,08:16:31.658646367
107.5,36,08:16:31.658705731
107.5,24,08:16:31.658705731
107.5,23,08:16:31.658795620
107.5,36,08:16:31.658795620
107.5,1,08:16:31.704306149
107.5,106,08:16:31.704780191
107.5,19,08:16:31.704860801
107.5,1,08:16:31.704947848
107.5,3,08:16:31.705211009
107.5,1,08:16:31.705264277
107.5,20,08:16:31.705429772
107.5,65,08:16:31.705878920
107.5,1,08:16:31.705976723
107.5,1,08:16:31.706018952
107.5,1,08:16:31.706168555
107.5,5,08:16:31.706197336
107.5,1,08:16:31.706221535
107.5,53,08:16:31.706248713
107.5,1,08:16:31.706292093
107.5,19,08:16:31.706319844
107.5,3,08:16:31.706363105
107.5,2,08:16:31.706412844
107.5,1,08:16:31.706456001
107.5,1,08:16:31.706794954
107.5,11,08:16:31.706854421
107.5,1,08:16:31.706909353
107.5,1,08:16:31.706935008
107.5,5,08:16:31.707054198
107.5,1,08:16:31.707275470
107.5,1,08:16:31.707482021
107.5,12,08:16:31.707531334
107.5,1,08:16:31.707585179
107.5,1,08:16:31.707758228
107.5,1,08:16:31.707811215
107.5,12,08:16:31.707994306
107.5,4,08:16:31.708430783
107.5,9,08:16:31.708779004
107.5,42,08:16:31.710218793
107.5,5,08:16:31.710523672
107.5,18,08:16:31.862103300
107.5,6,08:16:31.862321661
107.5,1,08:16:31.862399259
107.5,50,08:16:31.862610847
107.5,1,08:16:31.862645014
107.5,1,08:16:31.862767628
107.5,1,08:16:31.862835540
107.5,1,08:16:31.862877621
107.5,1,08:16:31.862931043
107.5,1,08:16:31.863000686
107.5,2,08:16:33.845616737
107.5156,240,08:16:37.460492546
107.5,197,08:16:43.953799400
107.5,1,08:16:43.956338370
107.5,46,08:16:43.976869499
107.5,1,08:16:47.696460263
107.5,2,08:16:47.696711209
107.5,48,08:16:47.696944186
107.5,44,08:16:47.697201971
107.5,1,08:16:47.697571543
107.5,1,08:16:47.697610881
107.5,1,08:16:47.697683260
107.5,1,08:16:47.697700608
107.5,1,08:16:47.697733293
107.5,1,08:16:47.697768190
107.5,1,08:16:47.697802924
107.5,1,08:16:47.697826294
107.5,1,08:16:47.697903857
107.5,1,08:16:47.697971004
107.5,1,08:16:47.698008579
107.5,1,08:16:47.698025946
107.5,10,08:16:47.699235407
107.5,4,08:16:47.699520930
107.5,4,08:16:47.699551957
107.5,13,08:16:47.699584573
107.5,1,08:16:47.699633719
107.5,2,08:16:47.699655000
107.5,1,08:16:47.699690652
107.5,1,08:16:47.699860626
107.5,10,08:16:47.699900486
107.5,5,08:16:47.700134510
107.5,1,08:16:47.700863718
107.5,1,08:16:47.701373770
107.5,9,08:16:47.718576817
107.5,3,08:16:47.721201360
107.5,43,08:16:47.844509745
107.5,7,08:16:48.753380640
107.5,7,08:16:48.753448808
107.5,24,08:16:48.754193575
107.5,23,08:16:48.754382919
107.5,6,08:16:48.863080914
107.5,15,08:16:50.617299785
107.5,25,08:16:52.720541888
107.5,1,08:16:52.720820387
107.5,1,08:16:52.721349962
107.5,20,08:16:52.727396205
107.5,1,08:16:52.727514835
107.5,1,08:16:52.727595514
107.5,1,08:16:52.727675225
107.5,1,08:16:52.727947698
107.5,20,08:16:52.732610701
107.5,1,08:16:52.732711686
107.5,1,08:16:52.732774460
107.5,1,08:16:52.732802691
107.5,1,08:16:52.732853845
107.5,1,08:16:52.732885734
107.5,3,08:16:52.764307130
107.5,15,08:16:53.831164122
107.4844,20,08:16:53.842711071
107.5,2,08:16:54.144072656
107.5,100,08:16:54.943819148
107.5,1,08:16:55.130207844
107.5,14,08:16:55.131234763
107.5,1,08:16:55.132333499
107.5,1,08:16:55.143530528
107.5,2,08:16:55.159325631
107.5,9,08:16:55.728813858
107.5,9,08:16:55.729592005
107.4844,38,08:16:57.110779661
107.5,14,08:17:01.021751729
107.5,9,08:17:05.788219009
107.5,10,08:17:05.788343255
107.5,550,08:17:08.302253683
107.5,1,08:17:08.304498493
107.5,3,08:17:08.305384165
107.5,2,08:17:08.307546087
107.5,1,08:17:08.308910018
107.5,5,08:17:08.309963195
107.5,24,08:17:08.312158630
107.5,23,08:17:08.312192299
107.5,62,08:17:08.312305018
107.5,1,08:17:08.312438562
107.5,5,08:17:08.313237052
107.5,5,08:17:08.317334383
107.5,1,08:17:08.328207399
107.4844,30,08:17:08.457193537
107.5,9,08:17:16.481941657
107.5,10,08:17:16.483908426
107.5,24,08:17:28.470792352
107.5,1,08:17:28.471115427
107.5,46,08:17:28.471416115
107.5,23,08:17:28.471618730
107.5,32,08:17:28.471819930
107.5,34,08:17:28.471971795
107.5,48,08:17:28.472004561
107.5,23,08:17:28.472025285
107.5,34,08:17:28.472395101
107.5,10,08:17:28.472792926
107.5,3,08:17:28.474743894
107.5,1,08:17:28.572828285
107.5,67,08:17:28.576373508
107.5,2,08:17:29.762494925
107.5156,1,08:17:30.403799056
107.5156,13,08:17:39.637989030
107.5156,2,08:17:39.656393481
107.5156,1,08:17:39.658542837
107.5156,1,08:17:39.658636480
107.5156,1,08:17:39.659070505
107.5156,10,08:17:39.659136864
107.5156,4,08:17:39.659334516
107.5156,5,08:17:39.659489361
107.5156,4,08:17:39.659489361
107.5156,5,08:17:39.659520805
107.5156,1,08:17:39.659588282
107.5156,1,08:17:39.660682518
107.5156,5,08:17:39.661802915
107.5156,15,08:17:39.662905623
107.5156,1,08:17:39.662975828
107.5156,1,08:17:39.663008655
107.5156,1,08:17:39.663282855
107.5156,1,08:17:39.664888645
107.5156,1,08:17:39.664939711
107.5156,1,08:17:39.664947781
107.5156,1,08:17:39.665468768
107.5156,1,08:17:39.665550444
107.5156,1,08:17:39.665600348
107.5156,1,08:17:39.665638845
107.5156,1,08:17:39.665684139
107.5156,1,08:17:39.665711902
107.5156,1,08:17:39.665755388
107.5156,1,08:17:39.665796176
107.5156,1,08:17:39.665838948
107.5156,1,08:17:39.665895166
107.5156,1,08:17:39.665938375
107.5156,1,08:17:39.666008408
107.5156,1,08:17:39.666073782
107.5156,1,08:17:39.666095892
107.5156,1,08:17:39.666189948
107.5156,129,08:17:39.666429927
107.5156,1,08:17:39.667310447
107.5156,24,08:17:39.667353079
107.5156,23,08:17:39.667375056
107.5156,4,08:17:39.667436882
107.5156,1,08:17:39.667700250
107.5156,1,08:17:39.668091390
107.5156,1,08:17:39.668204523
107.5156,1,08:17:39.668252140
107.5156,1,08:17:39.668327706
107.5156,1,08:17:39.668361204
107.5156,1,08:17:39.668394677
107.5156,1,08:17:39.668425778
107.5156,1,08:17:39.668469628
107.5156,1,08:17:39.668504007
107.5156,1,08:17:39.668570489
107.5156,1,08:17:39.668598287
107.5156,1,08:17:39.668625923
107.5156,1,08:17:39.668661050
107.5156,26,08:17:39.668743839
107.5156,2,08:17:39.671130348
107.5156,20,08:17:39.671195588
107.5156,11,08:17:39.671215147
107.5156,1,08:17:39.671237915
107.5156,1,08:17:39.671494195
107.5156,1,08:17:39.672050507
107.5156,4,08:17:39.672091507
107.5313,3,08:17:39.692992991
107.5313,160,08:17:39.732435773
107.5313,1,08:17:39.732775624
107.5313,1,08:17:39.732807163
107.5313,2,08:17:39.732917940
107.5313,3,08:17:39.732964008
107.5313,1,08:17:39.732996265
107.5313,1,08:17:39.733118613
107.5313,6,08:17:39.733188941
107.5313,1,08:17:39.733188941
107.5313,1,08:17:39.734073551
107.5313,1,08:17:39.735025640
107.5313,70,08:17:39.735377621
107.5313,1,08:17:39.736149708
107.5313,19,08:17:39.736196838
107.5313,1,08:17:39.736221581
107.5313,10,08:17:39.736245272
107.5313,1,08:17:39.736285947
107.5313,1,08:17:39.736415217
107.5313,1,08:17:39.737179063
107.5313,1,08:17:39.737283677
107.5313,98,08:17:39.737655098
107.5313,1,08:17:39.738116519
107.5313,1,08:17:39.738247859
107.5313,5,08:17:39.738374398
107.5313,1,08:17:39.738865090
107.5313,15,08:17:39.738894637
107.5313,6,08:17:39.738946494
107.5313,2,08:17:39.738979832
107.5313,2,08:17:39.739253863
107.5313,24,08:17:39.739341353
107.5313,2,08:17:39.739410400
107.5313,7,08:17:39.739449800
107.5313,21,08:17:39.739691502
107.5313,14,08:17:39.740544747
107.5313,4,08:17:39.740964761
107.5313,1,08:17:39.741496932
107.5313,13,08:17:39.741791902
107.5313,2,08:17:39.741932727
107.5313,1,08:17:39.742333160
107.5313,3,08:17:39.742470744
107.5313,1,08:17:39.744078711
107.5313,3,08:17:39.744120678
107.5313,1,08:17:39.744170663
107.5313,1,08:17:39.744207905
107.5313,1,08:17:39.744269776
107.5313,1,08:17:39.744327070
107.5313,1,08:17:39.744388715
107.5313,1,08:17:39.744444870
107.5313,1,08:17:39.744943066
107.5313,1,08:17:39.745085997
107.5156,35,08:17:39.801426288
107.5313,1,08:17:39.819978525
107.5313,1,08:17:39.820044298
107.5313,1,08:17:39.820201880
107.5313,9,08:17:39.823359037
107.5313,19,08:17:41.311526090
107.5313,1,08:17:45.548998370
107.5313,1,08:17:46.342600174
107.5313,10,08:17:46.904494563
107.5313,19,08:17:46.904635722
107.5313,1,08:17:48.483883420
107.5313,1,08:17:52.808732968
107.5313,13,08:17:53.191795126
107.5313,3,08:17:53.191932764
107.5313,1,08:17:53.192339674
107.5313,1,08:17:53.676828214
107.5313,136,08:17:53.678089136
107.5313,1,08:17:53.782629397
107.5313,3,08:17:54.001679287
107.5313,32,08:17:54.001917507
107.5313,1,08:17:54.002126611
107.5313,1,08:17:54.002344049
107.5313,4,08:17:54.002631863
107.5313,1,08:17:54.381215094
107.5313,1,08:17:54.381406982
107.5313,1,08:17:54.381527740
107.5313,7,08:17:54.381649976
107.5313,49,08:17:54.382266701
107.5313,7,08:17:54.382427944
107.5313,10,08:17:54.382555406
107.5313,47,08:17:54.382982099
107.5313,1,08:17:54.383287737
107.5313,1,08:17:54.383414252
107.5313,14,08:17:54.383424931
107.5313,7,08:17:54.383757788
107.5313,2,08:17:54.383948717
107.5313,1,08:17:54.384266099
107.5313,14,08:17:54.384472046
107.5313,1,08:17:54.384518200
107.5313,1,08:17:54.384776265
107.5313,23,08:17:54.385786459
107.5313,5,08:17:54.385924427
107.5313,1,08:17:54.385969118
107.5313,23,08:17:54.386218791
107.5313,4,08:17:54.386535473
107.5313,24,08:17:54.386698087
107.5313,1,08:17:54.386767055
107.5313,24,08:17:54.386849600
107.5313,1,08:17:54.387044325
107.5313,15,08:17:54.387183230
107.5313,10,08:17:54.387220200
107.5313,12,08:17:54.387537195
107.5313,1,08:17:54.387732435
107.5313,7,08:17:54.387746480
107.5313,9,08:17:54.387771760
107.5313,1,08:17:54.387922429
107.5313,1,08:17:54.388141636
107.5313,1,08:17:54.388501733
107.5313,1,08:17:54.389377844
107.5313,3,08:17:54.394163146
107.5313,23,08:18:08.177987347
107.5313,24,08:18:08.178059476
107.5313,74,08:18:08.178436954
107.5313,24,08:18:08.178775093
107.5313,23,08:18:08.178849287
107.5313,102,08:18:08.178849287
107.5313,34,08:18:08.179115971
107.5313,34,08:18:08.179741100
107.5313,34,08:18:08.179937885
107.5313,34,08:18:08.179958971
107.5313,20,08:18:08.180103130
107.5313,52,08:18:08.181811875
107.5313,10,08:18:08.181953833
107.5313,1,08:18:08.181966566
107.5313,43,08:18:08.182040288
107.5313,13,08:18:08.182167223
107.5313,15,08:18:08.182252006
107.5313,17,08:18:08.182351335
107.5313,5,08:18:08.182391765
107.5313,16,08:18:08.182610752
107.5313,1,08:18:08.182636317
107.5313,4,08:18:08.182731510
107.5313,27,08:18:08.182902300
107.5313,2,08:18:08.182941117
107.5313,1,08:18:08.182969422
107.5313,22,08:18:08.183216082
107.5313,1,08:18:08.183254360
107.5313,1,08:18:08.183285696
107.5313,20,08:18:08.183550576
107.5313,2,08:18:08.183662156
107.5313,3,08:18:08.183683919
107.5313,1,08:18:08.183724547
107.5313,3,08:18:08.183816968
107.5313,1,08:18:08.184400103
107.5313,6,08:18:08.184518246
107.5313,1,08:18:08.184736356
107.5313,1,08:18:08.186560208
107.5313,4,08:18:08.187340453
107.5313,1,08:18:08.188550965
107.5313,4,08:18:08.188664270
107.5313,4,08:18:08.188709407
107.5313,6,08:18:08.188907493
107.5313,2,08:18:08.217838621
107.5313,1,08:18:08.226321192
107.5313,50,08:18:10.424994811
107.5313,100,08:18:11.609184613
107.5313,2,08:18:11.611190580
107.5313,13,08:18:12.191982166
107.5313,15,08:18:12.193992239
107.5313,1,08:18:12.194304563
107.5313,164,08:18:12.194792931
107.5313,2,08:18:12.197339658
107.5313,1,08:18:12.197723515
107.5313,1,08:18:12.197864263
107.5313,1,08:18:12.199546864
107.5313,33,08:18:12.199604564
107.5313,2,08:18:12.199632180
107.5313,2,08:18:12.201837310
107.5313,107,08:18:12.202190705
107.5313,2,08:18:12.202314068
107.5313,1,08:18:12.202620020
107.5313,8,08:18:12.202774567
107.5313,1,08:18:12.203793372
107.5313,1,08:18:12.203828905
107.5313,1,08:18:12.204801208
107.5313,1,08:18:12.204834164
107.5313,4,08:18:12.205069298
107.5313,23,08:18:12.205162785
107.5313,1,08:18:12.205552710
107.5313,1,08:18:12.205605715
107.5313,1,08:18:12.205668920
107.5313,5,08:18:12.205690040
107.5313,1,08:18:12.205798222
107.5313,1,08:18:12.206037852
107.5313,1,08:18:12.206081229
107.5313,1,08:18:12.206437611
107.5313,2,08:18:12.206582711
107.5313,6,08:18:12.206661983
107.5313,1,08:18:12.207264600
107.5313,2,08:18:12.211200078
107.5313,2,08:18:12.211458632
107.5313,2,08:18:12.211700693
107.5313,1,08:18:12.211822090
107.5313,1,08:18:12.211919008
107.5313,4,08:18:12.211963526
107.5313,2,08:18:21.600097433
107.5313,5,08:18:26.826902530
107.5313,40,08:18:28.637189429
107.5313,243,08:18:28.637758379
107.5313,25,08:18:28.676288644
107.5313,1,08:18:28.740185667
107.5313,50,08:18:46.174244515
107.5313,1,08:18:50.959380291
107.5313,1,08:18:55.784616157
107.5469,30,08:19:00.052212576
107.5469,104,08:19:00.052276459
107.5469,30,08:19:00.052455273
107.5469,60,08:19:00.052634434
107.5469,68,08:19:00.052801766
107.5469,34,08:19:00.052964710
107.5469,34,08:19:00.053073725
107.5469,34,08:19:00.053889743
107.5469,21,08:19:00.054045045
107.5469,18,08:19:00.055110760
107.5469,1,08:19:00.055206285
107.5469,1,08:19:00.055345203
107.5469,60,08:19:00.055416718
107.5469,3,08:19:00.055447861
107.5469,1,08:19:00.055631250
107.5469,28,08:19:00.055804879
107.5469,1,08:19:00.055886951
107.5469,34,08:19:00.056119887
107.5469,1,08:19:00.056171865
107.5469,1,08:19:00.056198762
107.5469,2,08:19:00.056348845
107.5469,1,08:19:00.056348845
107.5469,1,08:19:00.056373200
107.5469,108,08:19:00.056720184
107.5469,60,08:19:00.057049666
107.5469,12,08:19:00.057193921
107.5469,1,08:19:00.058249149
107.5469,2,08:19:00.058495441
107.5469,1,08:19:00.058586535
107.5469,8,08:19:00.061806347
107.5469,1,08:19:00.062087214
107.5469,8,08:19:00.062260241
107.5469,2,08:19:00.062287653
107.5469,28,08:19:00.063242328
107.5469,1,08:19:00.063431311
107.5469,142,08:19:00.064126099
107.5469,1,08:19:00.064270051
