bidVolume,bidPrice,askVolume,askPrice,timestamp
111,110.66,145,110.67,14:20:00.262231083
111,110.66,144,110.67,14:20:00.262379147
111,110.66,130,110.67,14:20:00.263081757
111,110.66,145,110.67,14:20:01.513085397
111,110.66,146,110.67,14:20:01.513230968
111,110.66,160,110.67,14:20:01.513995194
111,110.66,159,110.67,14:20:01.876364285
127,110.66,159,110.67,14:20:03.470161715
138,110.66,159,110.67,14:20:03.470267484
138,110.66,141,110.67,14:20:03.470282832
138,110.66,126,110.67,14:20:03.483004772
138,110.66,116,110.67,14:20:03.483185783
138,110.66,102,110.67,14:20:03.484160197
138,110.66,103,110.67,14:20:03.805762984
137,110.66,103,110.67,14:20:07.220915706
139,110.66,103,110.67,14:20:07.231631122
139,110.66,72,110.67,14:20:09.312293001
139,110.66,48,110.67,14:20:09.312293001
139,110.66,46,110.67,14:20:09.312477186
139,110.66,44,110.67,14:20:10.886457122
140,110.66,44,110.67,14:20:12.435262907
140,110.66,93,110.67,14:20:13.039311681
140,110.66,103,110.67,14:20:13.039481628
129,110.66,103,110.67,14:20:13.041165146
113,110.66,103,110.67,14:20:13.041250151
113,110.66,93,110.67,14:20:16.159561980
111,110.66,93,110.67,14:20:17.278826588
116,110.66,93,110.67,14:20:17.289675572
116,110.66,94,110.67,14:20:17.525317635
116,110.66,93,110.67,14:20:17.525469289
116,110.66,94,110.67,14:20:17.538575333
116,110.66,93,110.67,14:20:17.538725247
116,110.66,94,110.67,14:20:17.991898927
116,110.66,45,110.67,14:20:18.540376644
116,110.66,55,110.67,14:20:18.540560231
116,110.66,56,110.67,14:20:18.540635132
140,110.66,56,110.67,14:20:19.250571410
140,110.66,55,110.67,14:20:19.250735749
140,110.66,56,110.67,14:20:21.085364421
140,110.66,55,110.67,14:20:21.145315969
140,110.66,56,110.67,14:20:21.198831334
116,110.66,56,110.67,14:20:21.199317215
116,110.66,66,110.67,14:20:21.199702145
116,110.66,84,110.67,14:20:21.199702145
116,110.66,99,110.67,14:20:21.262047525
116,110.66,113,110.67,14:20:21.263874714
116,110.66,112,110.67,14:20:26.734373552
131,110.66,112,110.67,14:20:26.734568315
143,110.66,112,110.67,14:20:26.734719434
143,110.66,97,110.67,14:20:28.013283259
143,110.66,96,110.67,14:20:28.013474977
143,110.66,82,110.67,14:20:28.014469118
143,110.66,81,110.67,14:20:29.075968141
143,110.66,82,110.67,14:20:31.573271176
143,110.66,83,110.67,14:20:31.573504926
143,110.66,82,110.67,14:20:31.573572525
143,110.66,81,110.67,14:20:31.580916843
143,110.66,96,110.67,14:20:31.762753438
143,110.66,110,110.67,14:20:31.763954378
143,110.66,100,110.67,14:20:52.691790353
143,110.66,82,110.67,14:20:52.691805534
143,110.66,72,110.67,14:20:52.692262005
143,110.66,57,110.67,14:20:52.703484872
143,110.66,43,110.67,14:20:52.705305024
143,110.66,28,110.67,14:20:52.705457053
138,110.66,28,110.67,14:20:57.243063671
144,110.66,28,110.67,14:20:57.253948955
144,110.66,42,110.67,14:20:58.013830603
144,110.66,52,110.67,14:20:59.906431843
144,110.66,42,110.67,14:21:00.083227128
144,110.66,52,110.67,14:21:01.182475141
144,110.66,42,110.67,14:21:01.183418295
144,110.66,52,110.67,14:21:02.170225405
144,110.66,62,110.67,14:21:02.170397786
144,110.66,74,110.67,14:21:02.253207220
144,110.66,75,110.67,14:21:02.253222584
144,110.66,79,110.67,14:21:02.253222584
144,110.66,78,110.67,14:21:02.253496494
144,110.66,79,110.67,14:21:11.999629801
144,110.66,94,110.67,14:21:12.013274849
144,110.66,93,110.67,14:21:12.013420869
144,110.66,107,110.67,14:21:12.013862397
144,110.66,125,110.67,14:21:12.014032548
144,110.66,110,110.67,14:21:16.513153349
144,110.66,96,110.67,14:21:16.513741624
144,110.66,97,110.67,14:21:17.233792222
129,110.66,97,110.67,14:21:17.233892410
117,110.66,97,110.67,14:21:17.233892410
117,110.66,96,110.67,14:21:17.234101015
117,110.66,97,110.67,14:21:17.237030761
117,110.66,96,110.67,14:21:17.243574111
117,110.66,111,110.67,14:21:17.262729641
117,110.66,125,110.67,14:21:17.263297827
117,110.66,110,110.67,14:21:17.512180894
117,110.66,96,110.67,14:21:17.512744367
141,110.66,96,110.67,14:21:17.512916553
141,110.66,86,110.67,14:21:19.161790974
141,110.66,68,110.67,14:21:19.162112103
141,110.66,58,110.67,14:21:19.162112103
141,110.66,46,110.67,14:21:19.162537658
141,110.66,42,110.67,14:21:19.162537658
141,110.66,41,110.67,14:21:19.173208479
141,110.66,51,110.67,14:21:21.580152758
141,110.66,61,110.67,14:21:22.014767720
141,110.66,62,110.67,14:21:22.014767720
141,110.66,63,110.67,14:21:22.014895243
141,110.66,62,110.67,14:21:22.068420155
141,110.66,52,110.67,14:21:22.089269495
141,110.66,51,110.67,14:21:22.111636198
141,110.66,41,110.67,14:21:24.128686102
141,110.66,57,110.67,14:21:25.366012016
141,110.66,58,110.67,14:21:25.366092813
141,110.66,68,110.67,14:21:25.366134932
141,110.66,86,110.67,14:21:25.366474621
141,110.66,87,110.67,14:21:25.366768592
140,110.66,87,110.67,14:21:25.366917530
140,110.66,88,110.67,14:21:25.367028295
140,110.66,90,110.67,14:21:25.367218306
116,110.66,90,110.67,14:21:25.367344390
117,110.66,90,110.67,14:21:25.367344390
117,110.66,130,110.67,14:21:25.369893802
117,110.66,145,110.67,14:21:25.369972874
116,110.66,145,110.67,14:21:25.370427070
116,110.66,165,110.67,14:21:25.373315378
116,110.66,171,110.67,14:21:25.373391512
117,110.66,171,110.67,14:21:25.374486887
117,110.66,165,110.67,14:21:25.378175630
117,110.66,145,110.67,14:21:25.378259230
117,110.66,144,110.67,14:21:25.378321985
117,110.66,145,110.67,14:21:25.379177725
116,110.66,145,110.67,14:21:25.379865890
117,110.66,145,110.67,14:21:25.380131145
117,110.66,105,110.67,14:21:25.380769909
117,110.66,90,110.67,14:21:25.380838690
117,110.66,88,110.67,14:21:25.381400543
117,110.66,87,110.67,14:21:25.509124217
117,110.66,102,110.67,14:21:25.512877394
117,110.66,116,110.67,14:21:25.513459925
111,110.66,116,110.67,14:21:27.202296844
118,110.66,116,110.67,14:21:27.213086599
118,110.66,125,110.67,14:21:27.767951712
118,110.66,126,110.67,14:21:31.909386730
118,110.66,125,110.67,14:21:31.909540062
118,110.66,110,110.67,14:21:32.013127866
118,110.66,96,110.67,14:21:32.013757433
138,110.66,96,110.67,14:21:32.579641831
145,110.66,96,110.67,14:21:32.579704461
145,110.66,95,110.67,14:21:32.737308615
145,110.66,96,110.67,14:21:36.415453009
145,110.66,97,110.67,14:21:36.415539450
125,110.66,97,110.67,14:21:36.415640624
118,110.66,97,110.67,14:21:36.415640624
118,110.66,96,110.67,14:21:36.417135017
118,110.66,95,110.67,14:21:36.417279926
118,110.66,96,110.67,14:21:36.419317508
118,110.66,111,110.67,14:21:36.513211481
118,110.66,110,110.67,14:21:36.513353741
118,110.66,124,110.67,14:21:36.513840649
118,110.66,125,110.67,14:21:38.024089681
118,110.66,124,110.67,14:21:38.024942221
118,110.66,125,110.67,14:21:42.014400849
118,110.66,124,110.67,14:21:42.014582312
118,110.66,125,110.67,14:21:43.253362808
142,110.66,125,110.67,14:21:43.253645755
142,110.66,124,110.67,14:21:43.253798612
142,110.66,110,110.67,14:21:44.798257666
142,110.66,95,110.67,14:21:48.762658676
142,110.66,77,110.67,14:21:48.762847090
142,110.66,67,110.67,14:21:48.763039131
142,110.66,77,110.67,14:21:49.028850444
142,110.66,95,110.67,14:21:49.029010873
142,110.66,110,110.67,14:21:49.262971171
142,110.66,111,110.67,14:21:49.542907606
142,110.66,110,110.67,14:21:50.543691783
142,110.66,95,110.67,14:22:00.512594600
142,110.66,85,110.67,14:22:00.742964485
142,110.66,67,110.67,14:22:00.742964485
142,110.66,82,110.67,14:22:01.512230485
142,110.66,92,110.67,14:22:01.512421423
142,110.66,82,110.67,14:22:02.171576774
142,110.66,67,110.67,14:22:03.262398321
142,110.66,82,110.67,14:22:04.762388381
142,110.66,67,110.67,14:22:05.012445587
142,110.66,82,110.67,14:22:05.262009747
142,110.66,67,110.67,14:22:06.012441813
135,110.66,67,110.67,14:22:07.262792120
143,110.66,67,110.67,14:22:07.273557798
143,110.66,66,110.67,14:22:08.978551022
143,110.66,67,110.67,14:22:09.003464913
143,110.66,77,110.67,14:22:09.003751056
143,110.66,67,110.67,14:22:16.977936124
143,110.66,66,110.67,14:22:23.021574882
143,110.66,50,110.67,14:22:30.751458461
143,110.66,60,110.67,14:22:33.652255250
143,110.66,73,110.67,14:22:33.652517657
143,110.66,74,110.67,14:22:34.336446975
143,110.66,89,110.67,14:22:34.512836013
143,110.66,99,110.67,14:22:34.513118108
135,110.66,99,110.67,14:22:37.222537517
144,110.66,99,110.67,14:22:37.233314971
144,110.66,89,110.67,14:22:37.664076345
144,110.66,88,110.67,14:22:37.664369759
144,110.66,73,110.67,14:22:37.724316771
144,110.66,63,110.67,14:22:37.725214256
144,110.66,73,110.67,14:22:50.015521232
144,110.66,91,110.67,14:22:50.015686192
144,110.66,92,110.67,14:22:50.015765853
144,110.66,91,110.67,14:22:50.015959411
120,110.66,91,110.67,14:22:50.026929166
120,110.66,92,110.67,14:22:50.027109914
120,110.66,93,110.67,14:22:50.027177351
141,110.66,93,110.67,14:22:50.214630295
147,110.66,93,110.67,14:22:50.214739837
147,110.66,92,110.67,14:22:50.214805341
147,110.66,91,110.67,14:22:50.214872573
147,110.66,106,110.67,14:22:50.262994591
126,110.66,106,110.67,14:22:50.697259187
120,110.66,106,110.67,14:22:50.697326662
120,110.66,120,110.67,14:22:50.707537936
120,110.66,106,110.67,14:22:50.726063885
141,110.66,106,110.67,14:22:51.479052696
147,110.66,106,110.67,14:22:51.479118784
147,110.66,91,110.67,14:22:52.512631828
147,110.66,106,110.67,14:22:54.262465460
147,110.66,105,110.67,14:22:57.799957884
147,110.66,95,110.67,14:22:57.800913377
147,110.66,77,110.67,14:22:57.800913377
147,110.66,62,110.67,14:22:57.814389353
147,110.66,49,110.67,14:22:57.814541332
147,110.66,48,110.67,14:22:58.431519506
147,110.66,47,110.67,14:22:59.078536594
147,110.66,49,110.67,14:23:08.199749344
147,110.66,59,110.67,14:23:08.199921817
147,110.66,68,110.67,14:23:08.199940592
126,110.66,68,110.67,14:23:08.199940592
126,110.66,78,110.67,14:23:08.199940592
126,110.66,79,110.67,14:23:08.200042572
126,110.66,91,110.67,14:23:08.200042572
120,110.66,91,110.67,14:23:08.200288687
120,110.66,95,110.67,14:23:08.200304908
120,110.66,96,110.67,14:23:08.200304908
120,110.66,97,110.67,14:23:08.200304908
120,110.66,98,110.67,14:23:08.200507282
120,110.66,116,110.67,14:23:08.200547651
120,110.66,115,110.67,14:23:08.200566223
120,110.66,114,110.67,14:23:08.200566223
120,110.66,129,110.67,14:23:08.215402195
120,110.66,111,110.67,14:23:13.349934932
138,110.66,111,110.67,14:23:13.350390033
147,110.66,111,110.67,14:23:13.350407425
147,110.66,102,110.67,14:23:13.350407425
147,110.66,92,110.67,14:23:13.350407425
147,110.66,91,110.67,14:23:13.350789166
147,110.66,81,110.67,14:23:13.350803930
147,110.66,66,110.67,14:23:13.361721208
147,110.66,54,110.67,14:23:13.361910695
147,110.66,50,110.67,14:23:13.361980872
147,110.66,49,110.67,14:23:13.365306258
147,110.66,59,110.67,14:23:15.414690294
147,110.66,60,110.67,14:23:15.414893926
147,110.66,61,110.67,14:23:15.414893926
147,110.66,70,110.67,14:23:15.414893926
147,110.66,80,110.67,14:23:15.414893926
147,110.66,94,110.67,14:23:15.414968572
147,110.66,112,110.67,14:23:15.415065491
129,110.66,112,110.67,14:23:15.415526988
120,110.66,112,110.67,14:23:15.415546018
120,110.66,98,110.67,14:23:15.416390206
120,110.66,113,110.67,14:23:15.450157680
120,110.66,98,110.67,14:23:15.512688712
120,110.66,113,110.67,14:23:15.762895940
111,110.66,113,110.67,14:23:17.237326564
121,110.66,113,110.67,14:23:17.248138936
121,110.66,98,110.67,14:23:18.012797788
121,110.66,97,110.67,14:23:18.013023677
121,110.66,112,110.67,14:23:18.762240629
121,110.66,97,110.67,14:23:19.762235175
143,110.66,97,110.67,14:23:20.411870309
143,110.66,79,110.67,14:23:20.412038536
143,110.66,70,110.67,14:23:20.412389771
143,110.66,60,110.67,14:23:20.412618000
143,110.66,50,110.67,14:23:20.520186403
143,110.66,49,110.67,14:23:20.705781183
143,110.66,50,110.67,14:23:20.766446601
143,110.66,60,110.67,14:23:20.766539346
143,110.66,50,110.67,14:23:20.791982814
143,110.66,60,110.67,14:23:21.138634980
143,110.66,70,110.67,14:23:21.138926698
143,110.66,85,110.67,14:23:21.262183176
143,110.66,70,110.67,14:23:21.512200662
143,110.66,60,110.67,14:23:21.702516236
143,110.66,50,110.67,14:23:21.704061658
143,110.66,49,110.67,14:23:21.744549906
143,110.66,50,110.67,14:23:22.555626439
143,110.66,60,110.67,14:23:22.815414331
143,110.66,61,110.67,14:23:22.815430493
143,110.66,70,110.67,14:23:22.815430493
143,110.66,79,110.67,14:23:22.815579031
143,110.66,93,110.67,14:23:22.815648436
143,110.66,95,110.67,14:23:22.815665498
143,110.66,102,110.67,14:23:22.815665498
121,110.66,102,110.67,14:23:22.815680957
121,110.66,103,110.67,14:23:22.815680957
121,110.66,132,110.67,14:23:22.815818250
121,110.66,142,110.67,14:23:22.815890401
121,110.66,154,110.67,14:23:22.816291108
121,110.66,172,110.67,14:23:22.816311100
121,110.66,198,110.67,14:23:22.816326276
120,110.66,198,110.67,14:23:22.816860694
120,110.66,228,110.67,14:23:22.816988921
120,110.66,227,110.67,14:23:22.817048451
120,110.66,198,110.67,14:23:22.817477807
120,110.66,186,110.67,14:23:22.817477807
120,110.66,172,110.67,14:23:22.817477807
120,110.66,146,110.67,14:23:22.817498495
121,110.66,146,110.67,14:23:22.817537330
121,110.66,116,110.67,14:23:22.817573452
121,110.66,132,110.67,14:23:22.837117306
121,110.66,147,110.67,14:23:22.837117306
121,110.66,161,110.67,14:23:22.838257061
121,110.66,145,110.67,14:23:22.841635253
121,110.66,131,110.67,14:23:22.842354562
121,110.66,163,110.67,14:23:25.758516341
121,110.66,186,110.67,14:23:25.758848445
121,110.66,216,110.67,14:23:25.758866992
120,110.66,216,110.67,14:23:25.758866992
120,110.66,217,110.67,14:23:25.758866992
121,110.66,217,110.67,14:23:25.759275235
121,110.66,187,110.67,14:23:25.759582842
120,110.66,187,110.67,14:23:25.759698333
120,110.66,203,110.67,14:23:25.770629422
120,110.66,217,110.67,14:23:25.771733382
120,110.66,229,110.67,14:23:26.166024340
120,110.66,228,110.67,14:23:26.777809983
121,110.66,228,110.67,14:23:26.777825589
121,110.66,216,110.67,14:23:26.777998968
121,110.66,217,110.67,14:23:26.782953873
121,110.66,219,110.67,14:23:26.783082503
121,110.66,218,110.67,14:23:26.783438827
121,110.66,220,110.67,14:23:26.783559546
121,110.66,216,110.67,14:23:26.783952387
121,110.66,218,110.67,14:23:26.784627353
121,110.66,219,110.67,14:23:26.784998966
121,110.66,217,110.67,14:23:26.785302908
121,110.66,216,110.67,14:23:26.785401407
121,110.66,218,110.67,14:23:26.785768811
121,110.66,216,110.67,14:23:26.786303365
121,110.66,217,110.67,14:23:26.786387592
121,110.66,219,110.67,14:23:26.786695687
121,110.66,218,110.67,14:23:26.787008837
121,110.66,216,110.67,14:23:26.787341661
121,110.66,202,110.67,14:23:26.789985035
121,110.66,186,110.67,14:23:26.791102446
121,110.66,187,110.67,14:23:28.295219254
121,110.66,186,110.67,14:23:28.460699282
121,110.66,187,110.67,14:23:30.413149707
121,110.66,186,110.67,14:23:31.329863641
121,110.66,187,110.67,14:23:33.862943905
121,110.66,186,110.67,14:23:34.317316711
121,110.66,154,110.67,14:23:34.767121714
121,110.66,131,110.67,14:23:34.767121714
137,110.66,131,110.67,14:23:34.767340099
148,110.66,131,110.67,14:23:34.767446249
148,110.66,129,110.67,14:23:36.772608809
148,110.66,128,110.67,14:23:37.290728205
148,110.66,119,110.67,14:23:37.298779719
148,110.66,118,110.67,14:23:43.455249829
148,110.66,119,110.67,14:23:43.560108644
138,110.66,119,110.67,14:23:47.196685291
149,110.66,119,110.67,14:23:47.207488751
149,110.66,118,110.67,14:23:48.402905035
149,110.66,119,110.67,14:23:50.245486569
149,110.66,118,110.67,14:24:02.253219892
149,110.66,119,110.67,14:24:02.568755091
149,110.66,162,110.67,14:24:14.034248502
138,110.66,162,110.67,14:24:14.034248502
122,110.66,162,110.67,14:24:14.034248502
122,110.66,163,110.67,14:24:14.034494716
122,110.66,175,110.67,14:24:14.034494716
122,110.66,176,110.67,14:24:14.034675792
122,110.66,188,110.67,14:24:14.034797795
122,110.66,176,110.67,14:24:14.035400514
122,110.66,175,110.67,14:24:14.035553154
122,110.66,132,110.67,14:24:14.038543219
122,110.66,120,110.67,14:24:14.038543219
122,110.66,119,110.67,14:24:14.038745705
122,110.66,101,110.67,14:24:14.038834128
122,110.66,102,110.67,14:24:14.038944611
122,110.66,101,110.67,14:24:14.039183977
122,110.66,102,110.67,14:24:14.039263692
122,110.66,101,110.67,14:24:14.040912798
122,110.66,115,110.67,14:24:14.049030387
122,110.66,131,110.67,14:24:14.049932547
122,110.66,115,110.67,14:24:14.055888628
122,110.66,101,110.67,14:24:14.055969985
146,110.66,101,110.67,14:24:14.144057574
146,110.66,119,110.67,14:24:14.595295917
122,110.66,119,110.67,14:24:16.150310278
122,110.66,120,110.67,14:24:16.150395206
121,110.66,120,110.67,14:24:16.150684069
121,110.66,121,110.67,14:24:16.150684069
121,110.66,133,110.67,14:24:16.150764050
122,110.66,133,110.67,14:24:16.150995073
122,110.66,183,110.67,14:24:16.150995073
121,110.66,183,110.67,14:24:16.151117868
121,110.66,171,110.67,14:24:16.151196715
121,110.66,187,110.67,14:24:16.161527446
121,110.66,201,110.67,14:24:16.162542174
122,110.66,201,110.67,14:24:16.176221463
122,110.66,200,110.67,14:24:16.176295869
122,110.66,201,110.67,14:24:16.176563751
122,110.66,151,110.67,14:24:16.176955958
122,110.66,150,110.67,14:24:16.177253619
122,110.66,132,110.67,14:24:16.177253619
122,110.66,133,110.67,14:24:16.178606357
122,110.66,117,110.67,14:24:16.189453154
122,110.66,103,110.67,14:24:16.189801032
111,110.66,103,110.67,14:24:17.195468771
123,110.66,103,110.67,14:24:17.206271928
150,110.66,103,110.67,14:24:19.072626208
150,110.66,102,110.67,14:24:19.072711324
150,110.66,101,110.67,14:24:19.072711324
150,110.66,119,110.67,14:24:19.816588155
123,110.66,119,110.67,14:24:19.816706903
123,110.66,120,110.67,14:24:19.816833022
123,110.66,121,110.67,14:24:19.816833022
123,110.66,123,110.67,14:24:19.816905198
123,110.66,121,110.67,14:24:19.817384247
123,110.66,120,110.67,14:24:19.841719239
123,110.66,119,110.67,14:24:19.841719239
123,110.66,135,110.67,14:24:19.852928192
123,110.66,136,110.67,14:24:19.853108074
123,110.66,137,110.67,14:24:19.853178349
123,110.66,151,110.67,14:24:19.853978997
122,110.66,151,110.67,14:24:21.031955319
122,110.66,202,110.67,14:24:21.032300710
123,110.66,202,110.67,14:24:21.334763294
123,110.66,201,110.67,14:24:22.066081372
123,110.66,202,110.67,14:24:23.153994211
122,110.66,202,110.67,14:24:29.857075253
123,110.66,202,110.67,14:24:30.564470205
122,110.66,202,110.67,14:24:31.262966366
123,110.66,202,110.67,14:24:31.263769850
122,110.66,202,110.67,14:24:32.321114439
123,110.66,202,110.67,14:24:32.323230184
122,110.66,202,110.67,14:24:32.329773096
123,110.66,202,110.67,14:24:32.555993238
122,110.66,202,110.67,14:24:32.558466195
120,110.66,202,110.67,14:24:34.796469292
121,110.66,202,110.67,14:24:34.799632771
122,110.66,202,110.67,14:24:34.801922049
121,110.66,202,110.67,14:24:34.811819743
122,110.66,202,110.67,14:24:34.815779641
121,110.66,202,110.67,14:24:40.752488847
120,110.66,202,110.67,14:24:40.753028160
121,110.66,202,110.67,14:24:40.753177345
122,110.66,202,110.67,14:24:40.755156531
121,110.66,202,110.67,14:24:40.755479046
120,110.66,202,110.67,14:24:40.755587823
119,110.66,202,110.67,14:24:40.755662264
120,110.66,202,110.67,14:24:40.777441946
121,110.66,202,110.67,14:24:40.784527706
120,110.66,202,110.67,14:24:40.862148713
121,110.66,202,110.67,14:24:40.870676066
122,110.66,202,110.67,14:24:40.880808470
121,110.66,202,110.67,14:24:41.333271771
122,110.66,202,110.67,14:24:43.564190095
121,110.66,202,110.67,14:24:43.566489197
120,110.66,202,110.67,14:24:43.566489197
122,110.66,202,110.67,14:24:43.566611075
123,110.66,202,110.67,14:24:49.276658412
122,110.66,202,110.67,14:24:51.853913735
123,110.66,202,110.67,14:24:55.760894857
122,110.66,202,110.67,14:24:55.761340092
123,110.66,202,110.67,14:24:55.779333869
122,110.66,202,110.67,14:24:56.657118344
110,110.66,202,110.67,14:24:57.210822927
123,110.66,202,110.67,14:24:57.221631206
123,110.66,202,110.67,14:24:57.221631206
123,110.66,201,110.67,14:25:00.275082859
124,110.66,201,110.67,14:25:00.275295185
123,110.66,201,110.67,14:25:00.275438996
124,110.66,201,110.67,14:25:03.244690612
123,110.66,201,110.67,14:25:03.244856010
124,110.66,201,110.67,14:25:03.510789105
123,110.66,201,110.67,14:25:03.510946712
124,110.66,201,110.67,14:25:07.338619965
123,110.66,201,110.67,14:25:07.475730064
123,110.66,213,110.67,14:25:07.535236420
123,110.66,201,110.67,14:25:07.566829632
123,110.66,187,110.67,14:25:07.578700019
124,110.66,187,110.67,14:25:07.587727477
124,110.66,201,110.67,14:25:07.599692238
123,110.66,201,110.67,14:25:07.600806199
123,110.66,204,110.67,14:25:08.602827876
110,110.66,204,110.67,14:25:17.196755483
124,110.66,204,110.67,14:25:17.207527899
125,110.66,204,110.67,14:25:22.942523832
124,110.66,204,110.67,14:25:22.942863779
125,110.66,204,110.67,14:25:23.031465393
124,110.66,204,110.67,14:25:23.090377286
122,110.66,204,110.67,14:25:27.289352533
123,110.66,204,110.67,14:25:27.290343450
122,110.66,204,110.67,14:25:27.324214119
124,110.66,204,110.67,14:25:27.451261706
124,110.66,214,110.67,14:25:30.038679987
124,110.66,204,110.67,14:25:30.074072825
125,110.66,204,110.67,14:25:30.213936100
124,110.66,204,110.67,14:25:30.214127252
124,110.66,214,110.67,14:25:30.239802512
124,110.66,204,110.67,14:25:30.252079014
124,110.66,190,110.67,14:25:30.348253224
124,110.66,174,110.67,14:25:30.371507265
125,110.66,174,110.67,14:25:30.371700876
125,110.66,123,110.67,14:25:30.371877116
125,110.66,105,110.67,14:25:30.372008108
152,110.66,105,110.67,14:25:30.372268699
151,110.66,105,110.67,14:25:31.447078983
151,110.66,123,110.67,14:25:31.447176888
151,110.66,131,110.67,14:25:31.447376477
152,110.66,131,110.67,14:25:31.447376477
125,110.66,131,110.67,14:25:31.447376477
124,110.66,131,110.67,14:25:31.447558756
124,110.66,123,110.67,14:25:31.447719698
125,110.66,123,110.67,14:25:31.447902906
124,110.66,123,110.67,14:25:31.490021110
124,110.66,137,110.67,14:25:31.502469942
125,110.66,137,110.67,14:25:31.502760128
125,110.66,153,110.67,14:25:31.503771835
125,110.66,139,110.67,14:25:31.512972761
124,110.66,139,110.67,14:25:31.567686304
125,110.66,139,110.67,14:25:31.612130984
125,110.66,149,110.67,14:25:31.612941392
124,110.66,149,110.67,14:25:31.613127536
124,110.66,139,110.67,14:25:31.613681960
124,110.66,153,110.67,14:25:31.762867023
110,110.66,153,110.67,14:25:37.234186314
110,110.66,197,110.67,14:25:37.234415111
96,110.66,197,110.67,14:25:37.234415111
96,110.66,208,110.67,14:25:37.234556074
96,110.66,218,110.67,14:25:37.235158012
111,110.66,218,110.67,14:25:37.244919880
111,110.66,208,110.67,14:25:37.245484589
112,110.66,208,110.67,14:25:39.961126007
111,110.66,208,110.67,14:25:39.961281726
112,110.66,208,110.67,14:25:39.964666462
111,110.66,208,110.67,14:25:39.995192011
112,110.66,208,110.67,14:25:51.250331148
126,110.66,208,110.67,14:25:51.250482990
112,110.66,208,110.67,14:25:51.250720652
112,110.66,218,110.67,14:25:51.250915521
111,110.66,218,110.67,14:25:51.251022511
111,110.66,208,110.67,14:25:51.251468500
112,110.66,208,110.67,14:25:51.294436820
126,110.66,208,110.67,14:25:51.294436820
112,110.66,208,110.67,14:25:51.295883839
111,110.66,208,110.67,14:25:51.296001439
111,110.66,194,110.67,14:25:51.307423426
125,110.66,194,110.67,14:25:51.319430903
125,110.66,150,110.67,14:25:51.319743473
126,110.66,150,110.67,14:25:51.319743473
126,110.66,139,110.67,14:25:51.319743473
126,110.66,123,110.67,14:25:51.330965297
126,110.66,105,110.67,14:25:51.331155580
153,110.66,105,110.67,14:25:51.331492866
153,110.66,104,110.67,14:25:52.690818255
138,110.66,104,110.67,14:25:57.222305014
154,110.66,104,110.67,14:25:57.232971750
154,110.66,105,110.67,14:25:58.454061183
154,110.66,104,110.67,14:25:58.456235651
154,110.66,101,110.67,14:26:00.260192717
154,110.66,100,110.67,14:26:00.260352522
154,110.66,102,110.67,14:26:00.978996246
154,110.66,103,110.67,14:26:00.979154162
154,110.66,102,110.67,14:26:01.370475356
154,110.66,103,110.67,14:26:03.384646610
154,110.66,104,110.67,14:26:03.384818474
154,110.66,103,110.67,14:26:03.469845603
154,110.66,102,110.67,14:26:06.728584388
138,110.66,102,110.67,14:26:17.242958379
155,110.66,102,110.67,14:26:17.253707609
155,110.66,103,110.67,14:26:20.283882416
155,110.66,102,110.67,14:26:20.303237037
155,110.66,103,110.67,14:26:30.016928001
128,110.66,103,110.67,14:26:33.088820343
128,110.66,104,110.67,14:26:33.089364992
128,110.66,122,110.67,14:26:33.089512572
128,110.66,126,110.67,14:26:33.089848329
128,110.66,122,110.67,14:26:33.090549720
128,110.66,138,110.67,14:26:33.126234456
128,110.66,152,110.67,14:26:33.178987622
128,110.66,138,110.67,14:26:36.263497869
128,110.66,137,110.67,14:26:36.263655220
128,110.66,121,110.67,14:26:36.264953198
128,110.66,135,110.67,14:26:36.512863266
127,110.66,135,110.67,14:26:36.513098157
127,110.66,136,110.67,14:26:36.513098157
127,110.66,152,110.67,14:26:36.514112517
110,110.66,152,110.67,14:26:37.235069729
96,110.66,152,110.67,14:26:37.235315943
96,110.66,193,110.67,14:26:37.235395133
96,110.66,207,110.67,14:26:37.235395133
114,110.66,207,110.67,14:26:37.245726815
214,110.66,207,110.67,14:26:41.606294995
214,110.66,166,110.67,14:26:41.606526374
214,110.66,152,110.67,14:26:41.606598934
228,110.66,152,110.67,14:26:41.606598934
229,110.66,152,110.67,14:26:41.606665811
229,110.66,151,110.67,14:26:41.606734094
229,110.66,152,110.67,14:26:41.627785525
229,110.66,153,110.67,14:26:41.627964302
230,110.66,153,110.67,14:26:41.706451099
216,110.66,153,110.67,14:27:00.032549227
216,110.66,151,110.67,14:27:00.978262163
216,110.66,150,110.67,14:27:01.003477175
230,110.66,150,110.67,14:27:01.003590394
229,110.66,150,110.67,14:27:01.200908276
230,110.66,150,110.67,14:27:01.201175498
212,110.66,150,110.67,14:27:07.233936068
231,110.66,150,110.67,14:27:07.244625509
231,110.66,155,110.67,14:27:09.551716147
217,110.66,155,110.67,14:27:15.120546323
198,110.66,155,110.67,14:27:27.263589142
218,110.66,155,110.67,14:27:27.274292362
218,110.66,154,110.67,14:27:32.175198862
218,110.66,155,110.67,14:27:32.181264028
232,110.66,155,110.67,14:27:42.640241871
232,110.66,154,110.67,14:27:42.640322002
218,110.66,154,110.67,14:27:44.821818845
218,110.66,155,110.67,14:27:44.821980567
218,110.66,154,110.67,14:27:44.944075068
218,110.66,155,110.67,14:27:44.944880705
218,110.66,154,110.67,14:27:44.947379311
232,110.66,154,110.67,14:27:45.485483454
252,110.66,154,110.67,14:27:47.107330512
252,110.66,153,110.67,14:27:47.107518115
252,110.66,152,110.67,14:27:47.107518115
252,110.66,134,110.67,14:27:47.107533468
252,110.66,124,110.67,14:27:47.107533468
259,110.66,124,110.67,14:27:47.107887266
259,110.66,108,110.67,14:27:47.120270021
259,110.66,94,110.67,14:27:47.121079502
259,110.66,110,110.67,14:27:47.127631987
259,110.66,124,110.67,14:27:47.147385878
260,110.66,124,110.67,14:27:47.203285223
240,110.66,124,110.67,14:27:47.207939469
261,110.66,124,110.67,14:27:47.218715563
261,110.66,110,110.67,14:27:47.262950302
261,110.66,124,110.67,14:27:47.513226533
261,110.66,142,110.67,14:27:47.513429679
261,110.66,152,110.67,14:27:47.513510761
254,110.66,152,110.67,14:27:52.395991624
234,110.66,152,110.67,14:27:52.395991624
234,110.66,153,110.67,14:27:52.396225918
234,110.66,154,110.67,14:27:52.396401550
234,110.66,153,110.67,14:27:53.157744648
234,110.66,143,110.67,14:27:57.389355661
234,110.66,138,110.67,14:28:00.259963690
234,110.66,139,110.67,14:28:02.428563738
234,110.66,141,110.67,14:28:04.647814805
234,110.66,140,110.67,14:28:05.887607582
234,110.66,141,110.67,14:28:05.892347148
234,110.66,142,110.67,14:28:05.892416921
234,110.66,141,110.67,14:28:05.892576620
234,110.66,140,110.67,14:28:06.285776204
213,110.66,140,110.67,14:28:07.195199487
235,110.66,140,110.67,14:28:07.205841258
235,110.66,141,110.67,14:28:20.468809876
235,110.66,140,110.67,14:28:21.796132173
235,110.66,141,110.67,14:28:21.800716489
235,110.66,140,110.67,14:28:21.800864770
235,110.66,141,110.67,14:28:22.113073752
235,110.66,142,110.67,14:28:22.113073752
221,110.66,142,110.67,14:28:22.113210533
220,110.66,142,110.67,14:28:22.113340886
220,110.66,152,110.67,14:28:22.113550965
221,110.66,152,110.67,14:28:22.113720936
221,110.66,153,110.67,14:28:22.135193893
221,110.66,203,110.67,14:28:33.556637082
220,110.66,203,110.67,14:28:33.556729489
220,110.66,153,110.67,14:28:33.559021039
221,110.66,153,110.67,14:28:33.559237368
221,110.66,143,110.67,14:28:33.559314488
221,110.66,156,110.67,14:28:33.563410830
220,110.66,156,110.67,14:28:33.563553620
221,110.66,156,110.67,14:28:33.564900516
221,110.66,168,110.67,14:28:33.572394615
221,110.66,182,110.67,14:28:33.572472097
221,110.66,169,110.67,14:28:33.582480530
221,110.66,157,110.67,14:28:33.588490023
221,110.66,143,110.67,14:28:33.592548330
221,110.66,155,110.67,14:28:33.609209715
221,110.66,168,110.67,14:28:33.609209715
221,110.66,182,110.67,14:28:33.770724364
221,110.66,169,110.67,14:28:34.356921759
221,110.66,157,110.67,14:28:34.367018385
221,110.66,143,110.67,14:28:34.367101953
221,110.66,142,110.67,14:28:34.367208402
221,110.66,143,110.67,14:28:34.729307009
221,110.66,142,110.67,14:28:36.167288793
221,110.66,141,110.67,14:28:36.167744025
221,110.66,142,110.67,14:28:36.454001299
199,110.66,142,110.67,14:28:37.196799257
222,110.66,142,110.67,14:28:37.207693168
222,110.66,141,110.67,14:28:37.424049269
222,110.66,140,110.67,14:28:38.270871575
222,110.66,141,110.67,14:28:38.275182166
236,110.66,141,110.67,14:28:38.275245296
236,110.66,140,110.67,14:28:38.275359552
236,110.66,141,110.67,14:28:39.896754031
222,110.66,141,110.67,14:28:40.342425554
222,110.66,142,110.67,14:28:40.342673778
222,110.66,143,110.67,14:28:40.342673778
222,110.66,153,110.67,14:28:40.342880646
222,110.66,143,110.67,14:28:40.357167652
222,110.66,142,110.67,14:28:40.357316451
222,110.66,143,110.67,14:28:41.959618261
222,110.66,146,110.67,14:28:43.425194354
236,110.66,146,110.67,14:28:52.070427999
235,110.66,146,110.67,14:28:56.239810332
221,110.66,146,110.67,14:28:56.240114546
221,110.66,201,110.67,14:28:56.240337602
222,110.66,201,110.67,14:28:56.240409439
222,110.66,146,110.67,14:28:56.241453236
222,110.66,158,110.67,14:28:56.254201372
222,110.66,172,110.67,14:28:56.262312477
222,110.66,185,110.67,14:28:56.262312477
199,110.66,185,110.67,14:28:57.230183430
223,110.66,185,110.67,14:28:57.240849101
223,110.66,183,110.67,14:29:00.979791688
223,110.66,182,110.67,14:29:00.979983176
237,110.66,182,110.67,14:29:01.532211841
237,110.66,181,110.67,14:29:01.532392011
237,110.66,182,110.67,14:29:01.535670347
237,110.66,170,110.67,14:29:01.538655426
237,110.66,157,110.67,14:29:01.546545000
237,110.66,143,110.67,14:29:01.546626936
237,110.66,155,110.67,14:29:01.559825759
237,110.66,168,110.67,14:29:01.566626632
237,110.66,182,110.67,14:29:01.566712238
236,110.66,182,110.67,14:29:01.566828581
237,110.66,182,110.67,14:29:01.621972429
236,110.66,182,110.67,14:29:01.748965964
222,110.66,182,110.67,14:29:01.841770292
223,110.66,182,110.67,14:29:02.120287733
222,110.66,182,110.67,14:29:05.086445296
223,110.66,182,110.67,14:29:06.539394203
223,110.66,181,110.67,14:29:07.551865970
237,110.66,181,110.67,14:29:07.706404080
237,110.66,182,110.67,14:29:07.706564352
237,110.66,191,110.67,14:29:08.810315836
237,110.66,179,110.67,14:29:09.901005235
237,110.66,165,110.67,14:29:09.909097741
237,110.66,152,110.67,14:29:09.909120989
223,110.66,152,110.67,14:29:13.876680365
237,110.66,152,110.67,14:29:13.878362101
237,110.66,164,110.67,14:29:13.883967532
237,110.66,178,110.67,14:29:13.891965884
237,110.66,191,110.67,14:29:13.892045577
237,110.66,179,110.67,14:29:13.901983412
237,110.66,165,110.67,14:29:13.904912229
237,110.66,152,110.67,14:29:13.911952188
223,110.66,152,110.67,14:29:14.397773672
199,110.66,152,110.67,14:29:17.213267687
224,110.66,152,110.67,14:29:17.223885758
224,110.66,164,110.67,14:29:21.976224416
223,110.66,164,110.67,14:29:21.976331719
223,110.66,178,110.67,14:29:21.984059334
223,110.66,191,110.67,14:29:21.984059334
224,110.66,191,110.67,14:29:21.984165466
224,110.66,177,110.67,14:29:23.351259291
224,110.66,165,110.67,14:29:23.359989488
224,110.66,152,110.67,14:29:23.360075472
238,110.66,152,110.67,14:29:27.640097107
261,110.66,152,110.67,14:29:27.640589707
261,110.66,151,110.67,14:29:27.640605349
261,110.66,150,110.67,14:29:27.640605349
261,110.66,149,110.67,14:29:27.640637093
269,110.66,149,110.67,14:29:27.640676200
269,110.66,135,110.67,14:29:27.654551464
269,110.66,119,110.67,14:29:27.654991305
269,110.66,135,110.67,14:29:27.657902611
269,110.66,149,110.67,14:29:27.661670781
269,110.66,150,110.67,14:29:30.015604569
269,110.66,149,110.67,14:29:35.347048742
244,110.66,149,110.67,14:29:37.239095287
244,110.66,150,110.67,14:29:37.239290253
270,110.66,150,110.67,14:29:37.249898516
270,110.66,149,110.67,14:29:39.300903669
270,110.66,150,110.67,14:29:39.305096757
247,110.66,150,110.67,14:29:39.807651574
239,110.66,150,110.67,14:29:39.807651574
239,110.66,162,110.67,14:29:40.263156894
239,110.66,175,110.67,14:29:40.265280210
239,110.66,189,110.67,14:29:40.516178505
239,110.66,176,110.67,14:29:42.435866870
239,110.66,175,110.67,14:29:42.435940894
239,110.66,163,110.67,14:29:42.445876706
239,110.66,149,110.67,14:29:42.446030485
239,110.66,150,110.67,14:29:45.512695162
239,110.66,149,110.67,14:29:48.740065040
239,110.66,150,110.67,14:29:49.902916414
239,110.66,151,110.67,14:29:51.184666673
225,110.66,151,110.67,14:29:51.186888898
225,110.66,161,110.67,14:29:51.186965391
224,110.66,161,110.67,14:29:51.187055263
224,110.66,162,110.67,14:29:51.235656761
224,110.66,152,110.67,14:29:51.287100951
225,110.66,152,110.67,14:29:51.287320941
224,110.66,152,110.67,14:29:51.451224963
238,110.66,152,110.67,14:29:54.100852264
238,110.66,151,110.67,14:29:54.299470859
238,110.66,161,110.67,14:29:56.868262364
238,110.66,161,110.67,14:29:56.868262364
238,110.66,162,110.67,14:29:57.312867665
224,110.66,162,110.67,14:29:57.935761186
224,110.66,163,110.67,14:29:57.936010200
223,110.66,163,110.67,14:29:57.936010200
223,110.66,194,110.67,14:29:57.945005947
223,110.66,218,110.67,14:29:57.945160628
223,110.66,231,110.67,14:29:58.155478572
223,110.66,230,110.67,14:29:58.155618131
224,110.66,230,110.67,14:29:58.155682953
224,110.66,242,110.67,14:29:58.164408472
224,110.66,256,110.67,14:29:58.164575265
223,110.66,256,110.67,14:29:58.164647493
223,110.66,243,110.67,14:29:58.174440089
223,110.66,231,110.67,14:29:58.176620011
223,110.66,217,110.67,14:29:58.184435531
224,110.66,217,110.67,14:29:58.184574654
223,110.66,217,110.67,14:29:58.327459739
224,110.66,217,110.67,14:29:58.339870420
223,110.66,217,110.67,14:29:58.357066739
224,110.66,217,110.67,14:29:58.645370470
224,110.66,186,110.67,14:29:58.793374320
224,110.66,162,110.67,14:29:58.793444572
224,110.66,152,110.67,14:29:58.793595641
224,110.66,164,110.67,14:30:00.035024130
224,110.66,178,110.67,14:30:00.043249845
224,110.66,191,110.67,14:30:00.043249845
224,110.66,179,110.67,14:30:00.085263895
224,110.66,165,110.67,14:30:00.094127996
224,110.66,152,110.67,14:30:00.094127996
224,110.66,143,110.67,14:30:00.321789315
224,110.66,146,110.67,14:30:03.663412343
198,110.66,146,110.67,14:30:03.896171828
198,110.66,147,110.67,14:30:03.896355894
225,110.66,147,110.67,14:30:03.906850216
225,110.66,146,110.67,14:30:03.907008574
198,110.66,146,110.67,14:30:07.242365104
198,110.66,147,110.67,14:30:07.242564696
197,110.66,147,110.67,14:30:07.242631890
225,110.66,147,110.67,14:30:07.253090701
226,110.66,147,110.67,14:30:07.253241620
226,110.66,146,110.67,14:30:11.056885229
226,110.66,147,110.67,14:30:20.932398437
226,110.66,146,110.67,14:30:20.968722379
226,110.66,145,110.67,14:30:26.524052682
240,110.66,145,110.67,14:30:26.524221705
240,110.66,146,110.67,14:30:26.689321288
226,110.66,146,110.67,14:30:26.950569062
226,110.66,156,110.67,14:30:26.963740411
225,110.66,156,110.67,14:30:26.963857983
226,110.66,156,110.67,14:30:28.042710957
225,110.66,156,110.67,14:30:28.043399495
225,110.66,146,110.67,14:30:28.057801007
226,110.66,146,110.67,14:30:28.057994841
226,110.66,145,110.67,14:30:31.025796551
240,110.66,145,110.67,14:30:31.026059008
240,110.66,155,110.67,14:30:32.027912114
226,110.66,155,110.67,14:30:32.028071404
226,110.66,145,110.67,14:30:33.581717933
225,110.66,145,110.67,14:30:40.274515957
225,110.66,155,110.67,14:30:40.274533093
226,110.66,155,110.67,14:30:40.274674347
226,110.66,145,110.67,14:30:40.288982957
226,110.66,147,110.67,14:30:43.034965924
226,110.66,145,110.67,14:30:43.045036142
226,110.66,157,110.67,14:30:43.045471492
226,110.66,171,110.67,14:30:43.053493965
226,110.66,184,110.67,14:30:43.053575351
226,110.66,194,110.67,14:30:43.061374526
226,110.66,182,110.67,14:30:43.063604139
226,110.66,168,110.67,14:30:43.066958076
226,110.66,155,110.67,14:30:43.067419067
226,110.66,145,110.67,14:30:43.283106586
198,110.66,145,110.67,14:30:47.227647381
227,110.66,145,110.67,14:30:47.238329019
227,110.66,155,110.67,14:30:50.420327929
226,110.66,155,110.67,14:30:54.254202013
227,110.66,155,110.67,14:30:54.271317642
227,110.66,145,110.67,14:30:58.637683041
227,110.66,144,110.67,14:31:00.082432490
227,110.66,145,110.67,14:31:00.268471918
227,110.66,155,110.67,14:31:00.268820364
227,110.66,145,110.67,14:31:00.875124501
227,110.66,144,110.67,14:31:00.875362709
227,110.66,145,110.67,14:31:01.732903274
227,110.66,155,110.67,14:31:03.197456675
227,110.66,145,110.67,14:31:05.360121583
227,110.66,144,110.67,14:31:05.360234447
241,110.66,144,110.67,14:31:05.360371074
241,110.66,143,110.67,14:31:09.218321005
241,110.66,142,110.67,14:31:09.265937745
241,110.66,143,110.67,14:31:15.085457997
241,110.66,144,110.67,14:31:16.256409152
241,110.66,143,110.67,14:31:16.256557405
241,110.66,144,110.67,14:31:16.644690646
241,110.66,143,110.67,14:31:17.704978788
241,110.66,142,110.67,14:31:18.340265722
241,110.66,143,110.67,14:31:20.296747908
241,110.66,144,110.67,14:31:20.296887529
241,110.66,154,110.67,14:31:20.296991954
241,110.66,144,110.67,14:31:20.434669963
241,110.66,143,110.67,14:31:20.434913237
241,110.66,144,110.67,14:31:20.503406416
241,110.66,143,110.67,14:31:23.336597984
241,110.66,144,110.67,14:31:26.185344304
241,110.66,143,110.67,14:31:26.213461342
212,110.66,143,110.67,14:31:27.195764087
212,110.66,144,110.67,14:31:27.195939428
242,110.66,144,110.67,14:31:27.206392353
242,110.66,143,110.67,14:31:27.206537407
242,110.66,153,110.67,14:31:29.540829004
242,110.66,154,110.67,14:31:29.540993686
242,110.66,155,110.67,14:31:32.866516647
242,110.66,163,110.67,14:31:32.870364820
242,110.66,169,110.67,14:31:32.870740425
242,110.66,168,110.67,14:31:32.881348395
242,110.66,158,110.67,14:31:32.881348395
242,110.66,169,110.67,14:31:32.881362187
242,110.66,155,110.67,14:31:32.881515559
242,110.66,144,110.67,14:31:32.893340337
242,110.66,145,110.67,14:31:32.903550160
242,110.66,144,110.67,14:31:32.903676135
242,110.66,145,110.67,14:31:33.134660912
242,110.66,157,110.67,14:31:33.139983268
242,110.66,171,110.67,14:31:33.147959595
242,110.66,184,110.67,14:31:33.148033060
242,110.66,172,110.67,14:31:33.158009584
242,110.66,158,110.67,14:31:33.160344590
242,110.66,145,110.67,14:31:33.167939512
242,110.66,144,110.67,14:31:33.168110534
242,110.66,143,110.67,14:31:35.992069460
242,110.66,144,110.67,14:31:36.068979969
242,110.66,143,110.67,14:31:36.071592140
242,110.66,144,110.67,14:31:40.267109520
242,110.66,154,110.67,14:31:40.267261067
242,110.66,155,110.67,14:31:40.267404821
242,110.66,154,110.67,14:31:40.267560321
242,110.66,144,110.67,14:31:40.281959150
242,110.66,143,110.67,14:31:40.282117768
242,110.66,144,110.67,14:31:42.471644066
242,110.66,143,110.67,14:31:44.983982097
212,110.66,143,110.67,14:31:46.476173587
228,110.66,143,110.67,14:31:46.486868538
228,110.66,132,110.67,14:31:47.274269966
228,110.66,129,110.67,14:31:47.274269966
256,110.66,129,110.67,14:31:47.274551857
256,110.66,128,110.67,14:31:47.274658744
256,110.66,142,110.67,14:31:47.274797060
256,110.66,143,110.67,14:32:00.871929797
256,110.66,144,110.67,14:32:00.872043573
240,110.66,144,110.67,14:32:07.214380564
257,110.66,144,110.67,14:32:07.225061602
257,110.66,154,110.67,14:32:10.170759901
257,110.66,155,110.67,14:32:10.170914589
257,110.66,154,110.67,14:32:11.395013836
256,110.66,154,110.67,14:32:14.878616471
257,110.66,154,110.67,14:32:14.878916999
257,110.66,155,110.67,14:32:14.881087509
256,110.66,155,110.67,14:32:14.881231442
228,110.66,155,110.67,14:32:14.881734120
214,110.66,155,110.67,14:32:14.881849047
214,110.66,157,110.67,14:32:14.882121533
215,110.66,157,110.67,14:32:14.882336561
213,110.66,157,110.67,14:32:14.882452657
213,110.66,156,110.67,14:32:14.882740305
213,110.66,168,110.67,14:32:14.882829613
212,110.66,168,110.67,14:32:14.882846020
212,110.66,217,110.67,14:32:14.883125961
212,110.66,218,110.67,14:32:14.883125961
212,110.66,243,110.67,14:32:14.883125961
212,110.66,257,110.67,14:32:14.883313859
212,110.66,249,110.67,14:32:14.883313859
212,110.66,273,110.67,14:32:14.883637772
212,110.66,284,110.67,14:32:14.895779337
212,110.66,278,110.67,14:32:14.897915787
212,110.66,280,110.67,14:32:14.898270583
212,110.66,284,110.67,14:32:14.898910973
212,110.66,287,110.67,14:32:14.902176389
212,110.66,300,110.67,14:32:14.911647776
213,110.66,300,110.67,14:32:14.912601002
213,110.66,270,110.67,14:32:14.912878781
212,110.66,270,110.67,14:32:14.912878781
211,110.66,270,110.67,14:32:14.913000172
211,110.66,280,110.67,14:32:14.913301087
211,110.66,278,110.67,14:32:14.913677768
211,110.66,290,110.67,14:32:14.913933630
211,110.66,294,110.67,14:32:14.914045000
204,110.66,294,110.67,14:32:14.914624840
204,110.66,291,110.67,14:32:14.914624840
204,110.66,279,110.67,14:32:14.915910502
204,110.66,309,110.67,14:32:14.921570796
204,110.66,323,110.67,14:32:14.921734514
204,110.66,295,110.67,14:32:14.922410161
204,110.66,311,110.67,14:32:14.923670365
204,110.66,315,110.67,14:32:14.925669372
204,110.66,304,110.67,14:32:14.927267086
204,110.66,300,110.67,14:32:14.927579517
204,110.66,303,110.67,14:32:14.929669504
204,110.66,295,110.67,14:32:14.930477490
204,110.66,297,110.67,14:32:14.930814475
204,110.66,285,110.67,14:32:14.931095476
204,110.66,315,110.67,14:32:14.934146325
204,110.66,287,110.67,14:32:14.935206574
204,110.66,298,110.67,14:32:14.936596512
204,110.66,299,110.67,14:32:14.937172071
204,110.66,303,110.67,14:32:14.937802757
204,110.66,327,110.67,14:32:14.939934033
204,110.66,323,110.67,14:32:14.943304286
204,110.66,312,110.67,14:32:14.946825461
204,110.66,292,110.67,14:32:14.947153608
204,110.66,288,110.67,14:32:14.947505537
204,110.66,302,110.67,14:32:14.947883444
204,110.66,286,110.67,14:32:14.962266822
204,110.66,297,110.67,14:32:14.963303147
204,110.66,286,110.67,14:32:14.967553502
204,110.66,300,110.67,14:32:14.970663868
204,110.66,302,110.67,14:32:14.971031560
204,110.66,313,110.67,14:32:14.975884709
204,110.66,297,110.67,14:32:14.977185514
204,110.66,286,110.67,14:32:14.979455704
204,110.66,297,110.67,14:32:15.015590930
204,110.66,286,110.67,14:32:15.020015913
204,110.66,274,110.67,14:32:15.065006751
204,110.66,261,110.67,14:32:15.067102759
204,110.66,247,110.67,14:32:15.076232083
204,110.66,260,110.67,14:32:15.135850939
204,110.66,247,110.67,14:32:15.163432438
204,110.66,260,110.67,14:32:15.175381462
204,110.66,247,110.67,14:32:15.209776178
204,110.66,260,110.67,14:32:15.226377720
204,110.66,247,110.67,14:32:15.244612083
204,110.66,244,110.67,14:32:15.698369569
204,110.66,274,110.67,14:32:15.931762060
204,110.66,264,110.67,14:32:15.932614215
204,110.66,274,110.67,14:32:15.932996100
204,110.66,254,110.67,14:32:15.946695424
204,110.66,265,110.67,14:32:15.947033363
204,110.66,255,110.67,14:32:15.947114617
204,110.66,257,110.67,14:32:15.949853598
204,110.66,270,110.67,14:32:15.950973155
204,110.66,284,110.67,14:32:15.960005657
204,110.66,282,110.67,14:32:15.961446081
204,110.66,271,110.67,14:32:15.973934119
204,110.66,258,110.67,14:32:15.981214984
204,110.66,244,110.67,14:32:15.981373649
204,110.66,219,110.67,14:32:16.069062938
205,110.66,219,110.67,14:32:16.069377796
219,110.66,219,110.67,14:32:16.076684100
219,110.66,205,110.67,14:32:16.076878746
219,110.66,156,110.67,14:32:16.076949428
219,110.66,146,110.67,14:32:16.077178029
219,110.66,159,110.67,14:32:16.087746721
205,110.66,159,110.67,14:32:16.578054631
205,110.66,169,110.67,14:32:16.859826776
205,110.66,224,110.67,14:32:16.859935045
204,110.66,224,110.67,14:32:16.859935045
205,110.66,224,110.67,14:32:16.874392026
205,110.66,230,110.67,14:32:19.374599556
204,110.66,230,110.67,14:32:19.374860061
205,110.66,230,110.67,14:32:20.284764125
205,110.66,217,110.67,14:32:22.804793965
204,110.66,217,110.67,14:32:22.859406922
204,110.66,247,110.67,14:32:22.860151200
204,110.66,277,110.67,14:32:22.860632719
204,110.66,257,110.67,14:32:22.861466328
204,110.66,269,110.67,14:32:22.861847448
204,110.66,263,110.67,14:32:22.862175899
205,110.66,263,110.67,14:32:22.875297979
205,110.66,247,110.67,14:32:22.875621108
204,110.66,247,110.67,14:32:22.875621108
204,110.66,260,110.67,14:32:22.876534233
204,110.66,271,110.67,14:32:22.876670978
204,110.66,275,110.67,14:32:22.877818270
204,110.66,271,110.67,14:32:22.881400911
204,110.66,285,110.67,14:32:22.886520101
204,110.66,272,110.67,14:32:22.889891292
204,110.66,274,110.67,14:32:22.890655713
204,110.66,272,110.67,14:32:22.891163067
204,110.66,258,110.67,14:32:22.899901543
204,110.66,247,110.67,14:32:22.903055406
204,110.66,249,110.67,14:32:22.912078529
204,110.66,255,110.67,14:32:22.912477245
204,110.66,263,110.67,14:32:22.912796154
204,110.66,247,110.67,14:32:22.925924979
204,110.66,249,110.67,14:32:22.940935374
204,110.66,247,110.67,14:32:22.941308100
204,110.66,258,110.67,14:32:22.948202383
204,110.66,247,110.67,14:32:22.951673362
204,110.66,277,110.67,14:32:25.088626383
204,110.66,299,110.67,14:32:25.088850246
167,110.66,299,110.67,14:32:25.089040182
148,110.66,299,110.67,14:32:25.089055068
148,110.66,283,110.67,14:32:25.089452200
148,110.66,291,110.67,14:32:25.090136308
148,110.66,277,110.67,14:32:25.090601876
148,110.66,269,110.67,14:32:25.091189655
148,110.66,273,110.67,14:32:25.093596827
148,110.66,277,110.67,14:32:25.094004452
148,110.66,286,110.67,14:32:25.095671491
148,110.66,288,110.67,14:32:25.095923836
148,110.66,284,110.67,14:32:25.098300433
148,110.66,280,110.67,14:32:25.099369821
148,110.66,293,110.67,14:32:25.173013473
148,110.66,307,110.67,14:32:25.182964488
148,110.66,294,110.67,14:32:25.288109745
148,110.66,280,110.67,14:32:25.320544258
148,110.66,286,110.67,14:32:26.915015157
148,110.66,298,110.67,14:32:26.915471166
148,110.66,304,110.67,14:32:26.915984644
148,110.66,306,110.67,14:32:26.916345438
148,110.66,308,110.67,14:32:26.916793914
148,110.66,310,110.67,14:32:26.917140378
148,110.66,308,110.67,14:32:26.917629119
147,110.66,308,110.67,14:32:26.923554864
147,110.66,296,110.67,14:32:26.925801120
147,110.66,294,110.67,14:32:26.926258659
147,110.66,292,110.67,14:32:26.926692867
147,110.66,290,110.67,14:32:26.926991193
147,110.66,294,110.67,14:32:26.936862593
147,110.66,298,110.67,14:32:26.937288522
147,110.66,302,110.67,14:32:26.937780522
147,110.66,280,110.67,14:32:26.940892616
147,110.66,282,110.67,14:32:26.942397437
147,110.66,288,110.67,14:32:26.942807264
147,110.66,284,110.67,14:32:26.945296769
147,110.66,298,110.67,14:32:26.947910163
147,110.66,304,110.67,14:32:26.954483835
147,110.66,312,110.67,14:32:26.954880244
147,110.66,325,110.67,14:32:26.955736890
147,110.66,307,110.67,14:32:26.956870755
147,110.66,293,110.67,14:32:26.965986901
147,110.66,305,110.67,14:32:26.969142246
147,110.66,292,110.67,14:32:26.972238704
147,110.66,280,110.67,14:32:26.990276336
147,110.66,292,110.67,14:32:27.011250880
147,110.66,306,110.67,14:32:27.011405823
147,110.66,319,110.67,14:32:27.021260183
147,110.66,307,110.67,14:32:27.027127325
147,110.66,293,110.67,14:32:27.027362106
147,110.66,280,110.67,14:32:27.037125331
147,110.66,292,110.67,14:32:31.799599513
147,110.66,306,110.67,14:32:31.808702009
147,110.66,319,110.67,14:32:31.808777564
147,110.66,307,110.67,14:32:31.818630558
147,110.66,293,110.67,14:32:31.822364782
147,110.66,280,110.67,14:32:31.828620630
147,110.66,284,110.67,14:32:37.142654752
147,110.66,288,110.67,14:32:37.143166274
147,110.66,292,110.67,14:32:37.161076319
147,110.66,288,110.67,14:32:37.168483804
147,110.66,294,110.67,14:32:37.264481209
147,110.66,300,110.67,14:32:37.304914698
147,110.66,296,110.67,14:32:37.415339941
147,110.66,304,110.67,14:32:38.597310430
147,110.66,310,110.67,14:32:38.597730572
147,110.66,340,110.67,14:32:38.651373360
147,110.66,354,110.67,14:32:38.764371242
147,110.66,367,110.67,14:32:38.772276334
141,110.66,367,110.67,14:32:38.772811309
140,110.66,367,110.67,14:32:38.772811309
139,110.66,367,110.67,14:32:38.773193025
138,110.66,367,110.67,14:32:38.773210362
137,110.66,367,110.67,14:32:38.773224142
134,110.66,367,110.67,14:32:38.773241684
132,110.66,367,110.67,14:32:38.773257434
131,110.66,367,110.67,14:32:38.773272650
130,110.66,367,110.67,14:32:38.773287278
129,110.66,367,110.67,14:32:38.773287278
128,110.66,367,110.67,14:32:38.773301822
127,110.66,367,110.67,14:32:38.773301822
124,110.66,367,110.67,14:32:38.773316465
123,110.66,367,110.67,14:32:38.773316465
122,110.66,367,110.67,14:32:38.773712707
121,110.66,367,110.67,14:32:38.773725868
119,110.66,367,110.67,14:32:38.773739718
19,110.66,367,110.67,14:32:38.773754228
18,110.66,367,110.67,14:32:38.773767568
17,110.66,367,110.67,14:32:38.773781626
187,110.65,367,110.67,14:32:38.773781626
187,110.65,2,110.66,14:32:38.774773421
187,110.65,24,110.66,14:32:38.774833791
187,110.65,25,110.66,14:32:38.774833791
187,110.65,34,110.66,14:32:38.774833791
187,110.65,49,110.66,14:32:38.774833791
187,110.65,63,110.66,14:32:38.774852505
157,110.65,63,110.66,14:32:38.774872608
157,110.65,65,110.66,14:32:38.775103635
157,110.65,75,110.66,14:32:38.775376696
157,110.65,73,110.66,14:32:38.775399503
157,110.65,61,110.66,14:32:38.775399503
157,110.65,75,110.66,14:32:38.775399503
157,110.65,89,110.66,14:32:38.775554934
157,110.65,75,110.66,14:32:38.775630678
157,110.65,73,110.66,14:32:38.775722249
157,110.65,87,110.66,14:32:38.775722249
139,110.65,87,110.66,14:32:38.775833903
139,110.65,97,110.66,14:32:38.776774287
139,110.65,113,110.66,14:32:38.778549030
139,110.65,114,110.66,14:32:38.778869064
139,110.65,115,110.66,14:32:38.779122015
139,110.65,133,110.66,14:32:38.779762929
139,110.65,143,110.66,14:32:38.779851859
139,110.65,168,110.66,14:32:38.781239534
139,110.65,170,110.66,14:32:38.781378794
139,110.65,172,110.66,14:32:38.785448033
139,110.65,173,110.66,14:32:38.785617957
139,110.65,163,110.66,14:32:38.786289159
139,110.65,162,110.66,14:32:38.786289159
139,110.65,153,110.66,14:32:38.786373290
139,110.65,148,110.66,14:32:38.786373290
139,110.65,147,110.66,14:32:38.786662084
139,110.65,146,110.66,14:32:38.786767348
139,110.65,144,110.66,14:32:38.786786058
139,110.65,145,110.66,14:32:38.786882010
139,110.65,127,110.66,14:32:38.787118240
139,110.65,129,110.66,14:32:38.787220505
141,110.65,129,110.66,14:32:38.792517334
143,110.65,129,110.66,14:32:38.792590336
144,110.65,129,110.66,14:32:38.803381620
145,110.65,129,110.66,14:32:38.803450686
145,110.65,119,110.66,14:32:38.804365900
145,110.65,105,110.66,14:32:38.804365900
145,110.65,95,110.66,14:32:38.804461599
145,110.65,81,110.66,14:32:38.804477149
145,110.65,77,110.66,14:32:38.804477149
145,110.65,76,110.66,14:32:38.804550989
145,110.65,74,110.66,14:32:38.804550989
145,110.65,90,110.66,14:32:38.805512018
145,110.65,104,110.66,14:32:38.815568260
146,110.65,104,110.66,14:32:38.820238583
146,110.65,105,110.66,14:32:38.821788661
146,110.65,104,110.66,14:32:38.860774108
145,110.65,104,110.66,14:32:38.865354303
143,110.65,104,110.66,14:32:38.870744567
144,110.65,104,110.66,14:32:38.912916849
144,110.65,107,110.66,14:32:38.934790388
144,110.65,109,110.66,14:32:38.935003181
144,110.65,107,110.66,14:32:40.099527207
145,110.65,107,110.66,14:32:40.226262546
143,110.65,107,110.66,14:32:40.269514139
144,110.65,107,110.66,14:32:41.287643876
144,110.65,108,110.66,14:32:41.309001769
144,110.65,109,110.66,14:32:42.667082605
144,110.65,110,110.66,14:32:42.972465736
144,110.65,109,110.66,14:32:43.234400986
144,110.65,111,110.66,14:32:44.030264404
144,110.65,109,110.66,14:32:45.046758993
144,110.65,110,110.66,14:32:46.064343057
144,110.65,111,110.66,14:32:47.928871522
144,110.65,113,110.66,14:32:54.736210104
144,110.65,126,110.66,14:32:54.768575846
144,110.65,127,110.66,14:32:55.040502232
144,110.65,126,110.66,14:32:55.088187512
144,110.65,127,110.66,14:32:55.390934765
136,110.65,127,110.66,14:32:55.391035489
115,110.65,127,110.66,14:32:55.391263749
115,110.65,126,110.66,14:32:55.739728381
115,110.65,127,110.66,14:32:58.077156795
115,110.65,126,110.66,14:32:58.079243898
115,110.65,127,110.66,14:32:58.090268395
115,110.65,126,110.66,14:32:58.099199432
115,110.65,127,110.66,14:32:58.099576845
115,110.65,126,110.66,14:32:58.103605252
115,110.65,127,110.66,14:32:58.110930012
115,110.65,126,110.66,14:33:01.022458156
115,110.65,125,110.66,14:33:01.025132669
115,110.65,126,110.66,14:33:01.053939854
115,110.65,127,110.66,14:33:01.066913943
115,110.65,128,110.66,14:33:13.696278540
115,110.65,146,110.66,14:33:18.301240731
115,110.65,188,110.66,14:33:18.301414962
115,110.65,209,110.66,14:33:18.301551435
115,110.65,208,110.66,14:33:22.315189698
115,110.65,209,110.66,14:33:22.529720863
114,110.65,209,110.66,14:33:31.009618886
115,110.65,209,110.66,14:33:33.211091387
114,110.65,209,110.66,14:33:33.211230622
115,110.65,209,110.66,14:33:33.726087608
114,110.65,209,110.66,14:33:34.130667098
115,110.65,209,110.66,14:33:35.453237321
114,110.65,209,110.66,14:33:38.594080209
115,110.65,209,110.66,14:33:40.906844804
114,110.65,209,110.66,14:33:40.906994477
115,110.65,209,110.66,14:33:46.460172375
114,110.65,209,110.66,14:33:46.471915528
115,110.65,209,110.66,14:33:48.636399594
114,110.65,209,110.66,14:33:48.637934832
114,110.65,207,110.66,14:33:48.650900879
115,110.65,207,110.66,14:33:55.120975119
114,110.65,207,110.66,14:33:55.351827027
114,110.65,215,110.66,14:33:55.957219619
114,110.65,219,110.66,14:33:55.957632534
114,110.65,220,110.66,14:33:55.978545969
115,110.65,220,110.66,14:33:56.051829274
115,110.65,199,110.66,14:34:10.676989670
115,110.65,157,110.66,14:34:10.677072582
116,110.65,157,110.66,14:34:10.677266098
116,110.65,156,110.66,14:34:10.678786772
116,110.65,155,110.66,14:34:10.680319625
116,110.65,154,110.66,14:34:10.680339542
146,110.65,154,110.66,14:34:10.682292267
146,110.65,155,110.66,14:34:10.682529595
146,110.65,156,110.66,14:34:10.683688749
146,110.65,155,110.66,14:34:10.684992678
146,110.65,154,110.66,14:34:10.685459426
146,110.65,156,110.66,14:34:10.686028041
146,110.65,154,110.66,14:34:10.686548869
146,110.65,156,110.66,14:34:10.687449931
146,110.65,154,110.66,14:34:10.689916885
146,110.65,156,110.66,14:34:10.690689627
116,110.65,156,110.66,14:34:10.696829350
116,110.65,143,110.66,14:34:10.715567516
116,110.65,191,110.66,14:34:11.979301023
116,110.65,206,110.66,14:34:11.980379294
116,110.65,207,110.66,14:34:11.984495336
116,110.65,206,110.66,14:34:19.417213370
116,110.65,204,110.66,14:34:22.549850604
116,110.65,203,110.66,14:34:22.551480474
146,110.65,203,110.66,14:34:22.554110001
146,110.65,199,110.66,14:34:22.567751191
146,110.65,191,110.66,14:34:22.568774749
146,110.65,192,110.66,14:34:22.589680068
146,110.65,144,110.66,14:34:22.594112199
146,110.65,129,110.66,14:34:22.594112199
146,110.65,130,110.66,14:34:22.601483573
146,110.65,142,110.66,14:34:22.672433637
146,110.65,143,110.66,14:34:22.688343127
116,110.65,143,110.66,14:34:22.688483978
116,110.65,144,110.66,14:34:22.688636951
116,110.65,207,110.66,14:34:23.474578807
116,110.65,208,110.66,14:34:23.474736161
116,110.65,207,110.66,14:34:23.477675861
117,110.65,207,110.66,14:34:25.992585141
117,110.65,208,110.66,14:34:25.992750568
117,110.65,207,110.66,14:34:27.858083792
117,110.65,208,110.66,14:34:27.860732004
117,110.65,207,110.66,14:34:27.863931256
117,110.65,208,110.66,14:34:27.865878548
117,110.65,207,110.66,14:34:29.618616814
117,110.65,208,110.66,14:34:30.012278766
116,110.65,208,110.66,14:34:32.409141628
117,110.65,208,110.66,14:34:34.160030521
116,110.65,208,110.66,14:34:34.695181751
117,110.65,208,110.66,14:34:35.699604378
116,110.65,208,110.66,14:34:39.082835335
116,110.65,196,110.66,14:34:39.102721422
117,110.65,196,110.66,14:34:39.106531887
116,110.65,196,110.66,14:34:39.107057774
116,110.65,223,110.66,14:34:39.187260897
116,110.65,236,110.66,14:34:39.194256753
115,110.65,236,110.66,14:34:39.199439105
115,110.65,237,110.66,14:34:39.199529632
115,110.65,247,110.66,14:34:39.204482656
116,110.65,247,110.66,14:34:39.204623876
115,110.65,247,110.66,14:34:39.205779414
116,110.65,247,110.66,14:34:39.500914192
115,110.65,247,110.66,14:34:39.531659944
116,110.65,247,110.66,14:34:39.556119343
115,110.65,247,110.66,14:34:40.165940486
115,110.65,220,110.66,14:34:40.168620206
115,110.65,207,110.66,14:34:40.181117222
116,110.65,207,110.66,14:34:40.333019070
115,110.65,207,110.66,14:34:40.340588427
116,110.65,207,110.66,14:34:40.344410960
116,110.65,220,110.66,14:34:40.347046938
116,110.65,207,110.66,14:34:40.441622376
116,110.65,220,110.66,14:34:40.459834816
116,110.65,207,110.66,14:34:42.661603199
116,110.65,220,110.66,14:34:42.673294198
116,110.65,207,110.66,14:34:42.686877344
116,110.65,220,110.66,14:34:42.704916405
115,110.65,220,110.66,14:34:45.141832319
116,110.65,220,110.66,14:34:45.142376286
115,110.65,220,110.66,14:34:45.146100360
116,110.65,220,110.66,14:34:45.147912231
116,110.65,207,110.66,14:34:45.160400797
116,110.65,220,110.66,14:34:45.224651940
116,110.65,207,110.66,14:34:45.253101036
116,110.65,220,110.66,14:34:45.467059867
116,110.65,207,110.66,14:34:45.485885194
116,110.65,220,110.66,14:34:45.765825352
116,110.65,207,110.66,14:34:46.969467125
116,110.65,220,110.66,14:34:46.983385514
116,110.65,207,110.66,14:34:46.994616360
116,110.65,220,110.66,14:34:47.014700326
116,110.65,210,110.66,14:34:47.257810146
140,110.65,210,110.66,14:34:48.390741698
147,110.65,210,110.66,14:34:48.390803525
147,110.65,147,110.66,14:34:48.402268185
147,110.65,146,110.66,14:34:48.403153538
147,110.65,147,110.66,14:34:48.404534369
147,110.65,146,110.66,14:34:48.407487339
147,110.65,133,110.66,14:34:48.415881908
147,110.65,134,110.66,14:34:48.417591904
147,110.65,133,110.66,14:34:48.421796019
147,110.65,134,110.66,14:34:48.422843346
147,110.65,147,110.66,14:34:48.436358071
140,110.65,147,110.66,14:34:48.505680877
116,110.65,147,110.66,14:34:48.505747440
116,110.65,182,110.66,14:34:48.508210878
116,110.65,210,110.66,14:34:48.508282606
116,110.65,209,110.66,14:34:50.507812929
116,110.65,174,110.66,14:34:50.508575962
116,110.65,146,110.66,14:34:50.508643370
141,110.65,146,110.66,14:34:50.508729110
141,110.65,147,110.66,14:34:50.508765571
141,110.65,146,110.66,14:34:50.510422949
141,110.65,147,110.66,14:34:50.510671074
141,110.65,134,110.66,14:34:50.523042580
141,110.65,147,110.66,14:34:50.762789807
116,110.65,147,110.66,14:34:51.513168531
116,110.65,187,110.66,14:34:51.514020415
116,110.65,210,110.66,14:34:51.514092311
115,110.65,210,110.66,14:34:51.514196016
116,110.65,210,110.66,14:34:51.515015622
116,110.65,209,110.66,14:34:51.526103699
116,110.65,210,110.66,14:34:51.526315773
115,110.65,210,110.66,14:34:52.732532198
116,110.65,210,110.66,14:34:52.843747442
143,110.65,210,110.66,14:34:53.568638374
116,110.65,210,110.66,14:34:55.478378449
115,110.65,210,110.66,14:34:56.286625691
115,110.65,210,110.66,14:34:56.286625691
116,110.65,210,110.66,14:34:57.107595363
147,110.65,210,110.66,14:35:00.110533973
116,110.65,210,110.66,14:35:00.268615612
115,110.65,210,110.66,14:35:00.268712444
115,110.65,209,110.66,14:35:00.272476809
116,110.65,209,110.66,14:35:00.272635990
116,110.65,208,110.66,14:35:00.297659328
116,110.65,207,110.66,14:35:00.297765100
116,110.65,206,110.66,14:35:00.297829414
116,110.65,205,110.66,14:35:00.297900889
116,110.65,165,110.66,14:35:00.312222661
116,110.65,142,110.66,14:35:00.312292629
147,110.65,142,110.66,14:35:00.368977996
147,110.65,144,110.66,14:35:01.981961080
116,110.65,144,110.66,14:35:03.793010046
137,110.65,144,110.66,14:35:09.099079249
147,110.65,144,110.66,14:35:09.099152101
147,110.65,143,110.66,14:35:09.978769021
147,110.65,130,110.66,14:35:09.991751797
147,110.65,128,110.66,14:35:13.342005459
147,110.65,127,110.66,14:35:13.650470743
147,110.65,128,110.66,14:35:13.669492168
137,110.65,128,110.66,14:35:20.714631633
137,110.65,178,110.66,14:35:20.714702932
116,110.65,178,110.66,14:35:20.714799731
116,110.65,191,110.66,14:35:20.714815232
116,110.65,192,110.66,14:35:20.714876202
116,110.65,200,110.66,14:35:20.715193890
116,110.65,204,110.66,14:35:20.715612754
116,110.65,154,110.66,14:35:24.723871676
116,110.65,141,110.66,14:35:24.723927183
116,110.65,140,110.66,14:35:24.724025266
116,110.65,195,110.66,14:35:25.757149527
116,110.65,196,110.66,14:35:25.757321465
134,110.65,196,110.66,14:35:29.601635507
147,110.65,196,110.66,14:35:29.602121193
147,110.65,195,110.66,14:35:29.602140422
147,110.65,196,110.66,14:35:29.602297328
147,110.65,184,110.66,14:35:29.602372911
147,110.65,183,110.66,14:35:29.602372911
134,110.65,183,110.66,14:35:29.602387097
116,110.65,183,110.66,14:35:29.602387097
116,110.65,184,110.66,14:35:29.602413683
116,110.65,194,110.66,14:35:29.602638110
116,110.65,196,110.66,14:35:29.603041279
116,110.65,192,110.66,14:35:29.625330922
116,110.65,184,110.66,14:35:29.625711733
116,110.65,196,110.66,14:35:29.909915464
136,110.65,196,110.66,14:35:31.488458587
136,110.65,141,110.66,14:35:31.488727528
147,110.65,141,110.66,14:35:31.488871551
147,110.65,140,110.66,14:35:31.488885880
147,110.65,128,110.66,14:35:31.488962718
147,110.65,110,110.66,14:35:31.489380231
147,110.65,111,110.66,14:35:31.489859070
147,110.65,110,110.66,14:35:31.489983556
147,110.65,128,110.66,14:35:31.490001521
127,110.65,128,110.66,14:35:31.499219290
116,110.65,128,110.66,14:35:31.499330086
116,110.65,130,110.66,14:35:31.499345443
116,110.65,140,110.66,14:35:31.499583758
116,110.65,141,110.66,14:35:31.499754656
116,110.65,140,110.66,14:35:31.503818185
116,110.65,128,110.66,14:35:31.504070649
116,110.65,188,110.66,14:35:31.593639194
116,110.65,189,110.66,14:35:31.593905895
116,110.65,201,110.66,14:35:31.594353323
116,110.65,193,110.66,14:35:31.653177340
116,110.65,201,110.66,14:35:31.653550904
116,110.65,189,110.66,14:35:31.679285569
116,110.65,201,110.66,14:35:31.789421266
145,110.65,201,110.66,14:35:34.463883351
145,110.65,200,110.66,14:35:34.464104136
145,110.65,201,110.66,14:35:34.642853325
145,110.65,193,110.66,14:35:34.728766152
145,110.65,199,110.66,14:35:34.729900055
145,110.65,201,110.66,14:35:34.730295798
145,110.65,200,110.66,14:35:35.913910950
145,110.65,201,110.66,14:35:36.142313558
145,110.65,200,110.66,14:35:36.558722562
145,110.65,194,110.66,14:35:36.558821805
145,110.65,188,110.66,14:35:36.559553724
145,110.65,189,110.66,14:35:36.569118270
145,110.65,188,110.66,14:35:36.600650105
145,110.65,189,110.66,14:35:36.601512290
145,110.65,188,110.66,14:35:36.601663384
145,110.65,189,110.66,14:35:36.962726063
145,110.65,188,110.66,14:35:37.564407266
145,110.65,194,110.66,14:35:37.996950994
145,110.65,195,110.66,14:35:37.997110364
145,110.65,197,110.66,14:35:37.997382904
145,110.65,201,110.66,14:35:38.821171633
145,110.65,197,110.66,14:35:41.998221971
145,110.65,201,110.66,14:35:42.084745890
116,110.65,201,110.66,14:35:44.186402576
115,110.65,201,110.66,14:36:08.060932657
116,110.65,201,110.66,14:36:10.034865974
117,110.65,201,110.66,14:36:10.035018861
117,110.65,200,110.66,14:36:33.542654963
137,110.65,200,110.66,14:36:33.542654963
148,110.65,200,110.66,14:36:33.542814084
148,110.65,201,110.66,14:36:33.567062382
128,110.65,201,110.66,14:36:33.579023992
117,110.65,201,110.66,14:36:33.579095098
137,110.65,201,110.66,14:36:34.117941324
137,110.65,200,110.66,14:36:34.118046684
148,110.65,200,110.66,14:36:34.118126598
148,110.65,201,110.66,14:36:34.118209349
148,110.65,200,110.66,14:36:34.546780779
148,110.65,188,110.66,14:36:34.546950810
148,110.65,189,110.66,14:36:34.633277296
148,110.65,188,110.66,14:36:34.633512027
148,110.65,189,110.66,14:36:34.989592065
148,110.65,188,110.66,14:36:35.330851913
148,110.65,128,110.66,14:36:35.342004260
148,110.65,110,110.66,14:36:35.342198810
148,110.65,109,110.66,14:36:37.982938941
148,110.65,108,110.66,14:36:37.984435135
148,110.65,107,110.66,14:36:37.984579813
148,110.65,108,110.66,14:36:37.984734984
148,110.65,107,110.66,14:36:37.984966817
148,110.65,108,110.66,14:36:38.019436032
148,110.65,109,110.66,14:36:38.098992670
148,110.65,110,110.66,14:36:38.772363724
148,110.65,109,110.66,14:36:39.542379957
148,110.65,110,110.66,14:36:40.268552643
128,110.65,110,110.66,14:36:40.468254645
113,110.65,110,110.66,14:36:40.468469159
112,110.65,110,110.66,14:36:40.468484359
110,110.65,110,110.66,14:36:40.468484359
109,110.65,110,110.66,14:36:40.468484359
98,110.65,110,110.66,14:36:40.468499262
97,110.65,110,110.66,14:36:40.468499262
96,110.65,110,110.66,14:36:40.468513688
94,110.65,110,110.66,14:36:40.468513688
93,110.65,110,110.66,14:36:40.468533544
92,110.65,110,110.66,14:36:40.468533544
78,110.65,110,110.66,14:36:40.468547678
77,110.65,110,110.66,14:36:40.468996724
58,110.65,110,110.66,14:36:40.469010320
57,110.65,110,110.66,14:36:40.469025300
56,110.65,110,110.66,14:36:40.469025300
55,110.65,110,110.66,14:36:40.469039223
54,110.65,110,110.66,14:36:40.469053620
45,110.65,110,110.66,14:36:40.469068196
44,110.65,110,110.66,14:36:40.469068196
42,110.65,110,110.66,14:36:40.469082285
40,110.65,110,110.66,14:36:40.469097652
39,110.65,110,110.66,14:36:40.469097652
38,110.65,110,110.66,14:36:40.469111469
37,110.65,110,110.66,14:36:40.469125037
36,110.65,110,110.66,14:36:40.469138768
35,110.65,110,110.66,14:36:40.469153892
34,110.65,110,110.66,14:36:40.469168641
33,110.65,110,110.66,14:36:40.469168641
32,110.65,110,110.66,14:36:40.469182375
31,110.65,110,110.66,14:36:40.469182375
11,110.65,110,110.66,14:36:40.469195884
224,110.64,110,110.66,14:36:40.469211005
224,110.64,2,110.65,14:36:40.469211005
198,110.64,2,110.65,14:36:40.469436384
198,110.64,1,110.65,14:36:40.469722813
198,110.64,204,110.66,14:36:40.469737498
1,110.65,204,110.66,14:36:40.469737498
7,110.65,204,110.66,14:36:40.469755825
21,110.65,204,110.66,14:36:40.469842058
22,110.65,204,110.66,14:36:40.469949504
21,110.65,204,110.66,14:36:40.470222857
15,110.65,204,110.66,14:36:40.470547830
1,110.65,204,110.66,14:36:40.470564342
198,110.64,204,110.66,14:36:40.470583529
198,110.64,3,110.65,14:36:40.470583529
198,110.64,179,110.66,14:36:40.470602095
198,110.64,1,110.65,14:36:40.470602095
198,110.64,187,110.66,14:36:40.470645388
198,110.64,16,110.65,14:36:40.470667705
198,110.64,28,110.65,14:36:40.470667705
198,110.64,26,110.65,14:36:40.470681676
198,110.64,12,110.65,14:36:40.470695398
198,110.64,159,110.66,14:36:40.470725964
198,110.64,161,110.66,14:36:40.470783852
174,110.64,161,110.66,14:36:40.470871765
6,110.65,161,110.66,14:36:40.470931977
6,110.65,171,110.66,14:36:40.470957111
6,110.65,189,110.66,14:36:40.470957111
6,110.65,179,110.66,14:36:40.470969861
8,110.65,179,110.66,14:36:40.471066616
8,110.65,180,110.66,14:36:40.471080376
2,110.65,180,110.66,14:36:40.471128313
174,110.64,180,110.66,14:36:40.471298902
174,110.64,2,110.65,14:36:40.471298902
174,110.64,180,110.66,14:36:40.471331698
2,110.65,180,110.66,14:36:40.471367439
2,110.65,178,110.66,14:36:40.471402847
3,110.65,178,110.66,14:36:40.471441931
17,110.65,178,110.66,14:36:40.471441931
18,110.65,178,110.66,14:36:40.471471576
18,110.65,188,110.66,14:36:40.471491528
20,110.65,188,110.66,14:36:40.471491528
26,110.65,188,110.66,14:36:40.471491528
12,110.65,188,110.66,14:36:40.471557417
12,110.65,218,110.66,14:36:40.471586779
13,110.65,218,110.66,14:36:40.471680175
12,110.65,218,110.66,14:36:40.471868977
12,110.65,200,110.66,14:36:40.472025259
10,110.65,200,110.66,14:36:40.472115679
10,110.65,196,110.66,14:36:40.472466478
21,110.65,196,110.66,14:36:40.479064044
21,110.65,200,110.66,14:36:40.479356393
21,110.65,204,110.66,14:36:40.479438150
21,110.65,208,110.66,14:36:40.495330191
21,110.65,205,110.66,14:36:40.530077761
21,110.65,208,110.66,14:36:40.623569868
35,110.65,208,110.66,14:36:40.751527097
35,110.65,190,110.66,14:36:42.885751439
44,110.65,190,110.66,14:36:42.885869589
54,110.65,190,110.66,14:36:42.885869589
103,110.65,190,110.66,14:36:42.885869589
103,110.65,178,110.66,14:36:42.885959746
117,110.65,178,110.66,14:36:42.885959746
118,110.65,178,110.66,14:36:42.886062444
118,110.65,168,110.66,14:36:42.886241298
117,110.65,168,110.66,14:36:42.886241298
117,110.65,170,110.66,14:36:42.907319230
118,110.65,170,110.66,14:36:42.982854307
119,110.65,170,110.66,14:36:43.714845768
120,110.65,170,110.66,14:36:43.715036782
121,110.65,170,110.66,14:36:43.715109313
120,110.65,170,110.66,14:36:43.715219300
119,110.65,170,110.66,14:36:43.891284167
119,110.65,180,110.66,14:36:43.891410976
70,110.65,180,110.66,14:36:43.891410976
61,110.65,180,110.66,14:36:43.891410976
51,110.65,180,110.66,14:36:43.891410976
51,110.65,198,110.66,14:36:43.891410976
37,110.65,198,110.66,14:36:43.891410976
38,110.65,198,110.66,14:36:43.891807443
37,110.65,198,110.66,14:36:43.912915266
36,110.65,198,110.66,14:36:43.913009483
34,110.65,198,110.66,14:36:43.913025442
32,110.65,198,110.66,14:36:43.913025442
31,110.65,198,110.66,14:36:43.913275093
17,110.65,198,110.66,14:36:43.913371138
17,110.65,220,110.66,14:36:43.914055553
17,110.65,222,110.66,14:36:43.914418397
17,110.65,210,110.66,14:36:43.926765571
16,110.65,210,110.66,14:36:43.942993512
15,110.65,210,110.66,14:36:43.947158212
15,110.65,230,110.66,14:36:44.136016741
17,110.65,230,110.66,14:36:44.168528198
18,110.65,230,110.66,14:36:45.157378549
17,110.65,230,110.66,14:36:45.281859820
13,110.65,230,110.66,14:36:45.282232954
11,110.65,230,110.66,14:36:45.282386931
15,110.65,230,110.66,14:36:46.065471069
18,110.65,230,110.66,14:36:46.146248914
14,110.65,230,110.66,14:36:46.242752628
15,110.65,230,110.66,14:36:46.490835908
14,110.65,230,110.66,14:36:47.611249781
11,110.65,230,110.66,14:36:47.678211107
12,110.65,230,110.66,14:36:48.123969770
13,110.65,230,110.66,14:36:49.112823742
12,110.65,230,110.66,14:36:49.280176195
11,110.65,230,110.66,14:36:49.289661087
10,110.65,230,110.66,14:36:54.101651174
9,110.65,230,110.66,14:36:54.102176502
9,110.65,248,110.66,14:36:54.102402767
8,110.65,248,110.66,14:36:54.102559580
8,110.65,230,110.66,14:36:54.186034863
8,110.65,226,110.66,14:37:17.426829391
9,110.65,226,110.66,14:37:20.435415511
10,110.65,226,110.66,14:37:20.435839991
12,110.65,226,110.66,14:37:20.712272274
26,110.65,226,110.66,14:37:20.712335826
27,110.65,226,110.66,14:37:20.712594219
85,110.65,226,110.66,14:37:24.137409921
86,110.65,226,110.66,14:37:24.137481480
86,110.65,206,110.66,14:37:24.251113518
78,110.65,206,110.66,14:37:25.844701593
77,110.65,206,110.66,14:37:25.844806571
76,110.65,206,110.66,14:37:25.844833353
74,110.65,206,110.66,14:37:25.844833353
60,110.65,206,110.66,14:37:25.844833353
59,110.65,206,110.66,14:37:25.844833353
36,110.65,206,110.66,14:37:25.844833353
1,110.65,206,110.66,14:37:25.844988533
2,110.65,206,110.66,14:37:25.845284469
1,110.65,206,110.66,14:37:25.845640888
1,110.65,228,110.66,14:37:25.845860852
12,110.65,228,110.66,14:37:25.855663655
12,110.65,206,110.66,14:37:25.856315871
12,110.65,203,110.66,14:37:25.916896412
12,110.65,223,110.66,14:37:25.957422950
12,110.65,226,110.66,14:37:25.999012795
13,110.65,226,110.66,14:37:30.967518659
27,110.65,226,110.66,14:37:33.615642289
28,110.65,226,110.66,14:37:33.615642289
68,110.65,226,110.66,14:37:33.615732168
67,110.65,226,110.66,14:37:33.615801380
90,110.65,226,110.66,14:37:33.615878072
90,110.65,208,110.66,14:37:33.617244646
90,110.65,200,110.66,14:37:33.617438765
90,110.65,198,110.66,14:37:33.617844796
90,110.65,216,110.66,14:37:33.620291316
90,110.65,218,110.66,14:37:33.620308461
90,110.65,224,110.66,14:37:33.620682694
90,110.65,206,110.66,14:37:33.621338921
90,110.65,198,110.66,14:37:33.621685574
50,110.65,198,110.66,14:37:33.627352628
27,110.65,198,110.66,14:37:33.627352628
31,110.65,198,110.66,14:37:33.684871809
32,110.65,198,110.66,14:37:33.685079249
31,110.65,198,110.66,14:37:33.706733290
71,110.65,198,110.66,14:37:33.737967480
94,110.65,198,110.66,14:37:33.739086451
54,110.65,198,110.66,14:37:36.507778445
31,110.65,198,110.66,14:37:36.507958147
34,110.65,198,110.66,14:37:36.577811244
35,110.65,198,110.66,14:37:36.577958038
76,110.65,198,110.66,14:37:36.618427206
98,110.65,198,110.66,14:37:36.619482754
98,110.65,216,110.66,14:37:36.665976365
97,110.65,216,110.66,14:37:36.666101913
75,110.65,216,110.66,14:37:40.270964364
34,110.65,216,110.66,14:37:40.271061999
35,110.65,216,110.66,14:37:40.271199065
36,110.65,216,110.66,14:37:40.533232289
83,110.65,216,110.66,14:37:40.533404263
83,110.65,198,110.66,14:37:40.533584889
99,110.65,198,110.66,14:37:40.534488114
99,110.65,197,110.66,14:37:41.065139230
109,110.65,197,110.66,14:37:43.009405050
110,110.65,197,110.66,14:37:43.018483149
110,110.65,177,110.66,14:37:43.118661691
111,110.65,177,110.66,14:37:43.145057005
112,110.65,177,110.66,14:37:43.158498809
111,110.65,177,110.66,14:37:50.122144286
101,110.65,177,110.66,14:37:50.785402499
100,110.65,177,110.66,14:37:50.785467065
101,110.65,177,110.66,14:37:50.953923559
100,110.65,177,110.66,14:37:53.201705133
99,110.65,177,110.66,14:37:54.738389827
100,110.65,177,110.66,14:37:55.776828620
99,110.65,177,110.66,14:38:00.280161614
100,110.65,177,110.66,14:38:00.291184263
102,110.65,177,110.66,14:38:00.291325330
100,110.65,177,110.66,14:38:01.262518706
99,110.65,177,110.66,14:38:01.634220751
100,110.65,177,110.66,14:38:01.656949466
99,110.65,177,110.66,14:38:02.555450030
98,110.65,177,110.66,14:38:04.244734469
51,110.65,177,110.66,14:38:06.101355761
35,110.65,177,110.66,14:38:06.101355761
35,110.65,195,110.66,14:38:06.101447476
32,110.65,195,110.66,14:38:06.101699037
31,110.65,195,110.66,14:38:06.101699037
31,110.65,197,110.66,14:38:06.101897977
31,110.65,203,110.66,14:38:06.102298582
94,110.65,203,110.66,14:38:06.236966117
31,110.65,203,110.66,14:38:08.588646279
30,110.65,203,110.66,14:38:08.588906998
16,110.65,203,110.66,14:38:08.701912271
16,110.65,223,110.66,14:38:08.814180347
15,110.65,223,110.66,14:38:22.135507192
4,110.65,223,110.66,14:38:22.135585374
193,110.64,223,110.66,14:38:22.135606824
193,110.64,9,110.65,14:38:22.135606824
177,110.64,9,110.65,14:38:22.136125156
177,110.64,245,110.66,14:38:22.146319260
2,110.65,245,110.66,14:38:22.146319260
2,110.65,223,110.66,14:38:22.146976418
2,110.65,220,110.66,14:38:22.211189707
182,110.64,220,110.66,14:38:22.291422721
182,110.64,1,110.65,14:38:22.291422721
180,110.64,1,110.65,14:38:22.291932084
180,110.64,242,110.66,14:38:22.302110547
10,110.65,242,110.66,14:38:22.302110547
10,110.65,220,110.66,14:38:22.302740370
8,110.65,220,110.66,14:38:22.372342877
7,110.65,220,110.66,14:38:22.378822028
7,110.65,222,110.66,14:38:22.453732169
8,110.65,222,110.66,14:38:26.020549438
7,110.65,222,110.66,14:38:26.530329581
7,110.65,221,110.66,14:38:39.026230989
8,110.65,221,110.66,14:38:39.026414631
7,110.65,221,110.66,14:38:39.026560650
184,110.64,221,110.66,14:38:42.496261696
184,110.64,43,110.65,14:38:42.496261696
184,110.64,49,110.65,14:38:42.496574301
184,110.64,52,110.65,14:38:42.496778077
178,110.64,52,110.65,14:38:42.497038012
178,110.64,66,110.65,14:38:42.497636499
178,110.64,55,110.65,14:38:42.507086866
178,110.64,52,110.65,14:38:42.507281519
178,110.64,38,110.65,14:38:42.507356831
178,110.64,28,110.65,14:38:42.507442679
178,110.64,42,110.65,14:38:42.507550247
178,110.64,43,110.65,14:38:42.507628722
178,110.64,42,110.65,14:38:42.507902782
178,110.64,31,110.65,14:38:42.517769223
181,110.64,31,110.65,14:38:42.518404493
184,110.64,31,110.65,14:38:42.518469212
184,110.64,20,110.65,14:38:42.528404233
184,110.64,18,110.65,14:38:42.528600172
184,110.64,4,110.65,14:38:42.528678209
184,110.64,2,110.65,14:38:42.528822549
200,110.64,2,110.65,14:38:42.528964114
200,110.64,232,110.66,14:38:42.529185566
184,110.64,232,110.66,14:38:42.530250839
184,110.64,242,110.66,14:38:42.530350749
11,110.65,242,110.66,14:38:42.539030186
13,110.65,242,110.66,14:38:42.539227162
13,110.65,220,110.66,14:38:42.539806563
13,110.65,218,110.66,14:38:42.565097046
12,110.65,218,110.66,14:38:42.572390254
12,110.65,198,110.66,14:38:42.640613220
12,110.65,200,110.66,14:38:42.644968926
12,110.65,220,110.66,14:38:42.647263685
13,110.65,220,110.66,14:38:42.831070524
12,110.65,220,110.66,14:38:46.026437608
10,110.65,220,110.66,14:38:47.630119745
11,110.65,220,110.66,14:38:49.753075976
13,110.65,220,110.66,14:38:50.741900820
11,110.65,220,110.66,14:38:50.977009419
10,110.65,220,110.66,14:38:50.977214218
7,110.65,220,110.66,14:38:50.977289182
6,110.65,220,110.66,14:38:50.977511665
6,110.65,242,110.66,14:38:50.977940243
6,110.65,220,110.66,14:38:51.018402162
4,110.65,220,110.66,14:38:57.360158128
2,110.65,220,110.66,14:38:57.360369395
193,110.64,220,110.66,14:38:57.360469232
193,110.64,1,110.65,14:38:57.360469232
193,110.64,2,110.65,14:38:57.360700234
193,110.64,35,110.65,14:38:57.360798054
189,110.64,35,110.65,14:38:57.361111180
187,110.64,35,110.65,14:38:57.361675473
187,110.64,2,110.65,14:38:57.361675473
187,110.64,7,110.65,14:38:57.370986418
187,110.64,9,110.65,14:38:57.371082581
187,110.64,8,110.65,14:38:57.371308811
187,110.64,7,110.65,14:38:57.371397675
187,110.64,2,110.65,14:38:57.371415691
187,110.64,242,110.66,14:38:57.371415691
2,110.65,242,110.66,14:38:57.371415691
187,110.64,242,110.66,14:38:57.371532721
189,110.64,242,110.66,14:38:57.372063898
189,110.64,220,110.66,14:38:57.372193140
187,110.64,220,110.66,14:38:57.372402586
187,110.64,242,110.66,14:38:57.372565513
11,110.65,242,110.66,14:38:57.382265974
11,110.65,238,110.66,14:38:57.382793695
11,110.65,220,110.66,14:38:57.383146286
11,110.65,218,110.66,14:38:57.437997913
10,110.65,218,110.66,14:38:57.441729430
1,110.65,218,110.66,14:38:57.457317567
1,110.65,240,110.66,14:38:57.457985119
190,110.64,240,110.66,14:38:57.458243637
11,110.65,240,110.66,14:38:57.468691637
11,110.65,236,110.66,14:38:57.469409866
12,110.65,236,110.66,14:38:57.469593562
12,110.65,218,110.66,14:38:57.470041567
12,110.65,198,110.66,14:38:57.470871426
12,110.65,218,110.66,14:38:57.477406379
12,110.65,220,110.66,14:38:57.517123920
11,110.65,220,110.66,14:38:57.538620517
11,110.65,200,110.66,14:38:57.660662016
11,110.65,220,110.66,14:38:57.712375200
1,110.65,220,110.66,14:38:59.718341700
197,110.64,220,110.66,14:38:59.718341700
197,110.64,39,110.65,14:38:59.718341700
187,110.64,39,110.65,14:38:59.718977548
187,110.64,28,110.65,14:38:59.729138853
187,110.64,17,110.65,14:38:59.739816903
187,110.64,6,110.65,14:38:59.750555681
187,110.64,5,110.65,14:38:59.750698136
187,110.64,242,110.66,14:38:59.761244976
6,110.65,242,110.66,14:38:59.761244976
3,110.65,242,110.66,14:38:59.761693161
3,110.65,220,110.66,14:38:59.762193622
3,110.65,218,110.66,14:38:59.799754990
2,110.65,218,110.66,14:38:59.806517682
192,110.64,218,110.66,14:38:59.879197574
190,110.64,218,110.66,14:38:59.879704497
190,110.64,240,110.66,14:38:59.879779582
190,110.64,1,110.65,14:38:59.885309339
190,110.64,240,110.66,14:38:59.885529271
11,110.65,240,110.66,14:38:59.889777739
12,110.65,240,110.66,14:38:59.890041851
12,110.65,218,110.66,14:38:59.890512602
10,110.65,218,110.66,14:38:59.959006410
9,110.65,218,110.66,14:38:59.961738162
9,110.65,198,110.66,14:38:59.990477779
9,110.65,218,110.66,14:38:59.999460963
9,110.65,220,110.66,14:39:00.039545045
8,110.65,220,110.66,14:39:00.039706539
9,110.65,220,110.66,14:39:01.619312142
10,110.65,220,110.66,14:39:03.180449797
11,110.65,220,110.66,14:39:03.180519250
12,110.65,220,110.66,14:39:03.597018876
11,110.65,220,110.66,14:39:04.028765526
10,110.65,220,110.66,14:39:04.028839440
9,110.65,220,110.66,14:39:04.028980291
8,110.65,220,110.66,14:39:06.201115636
9,110.65,220,110.66,14:39:12.823608577
8,110.65,220,110.66,14:39:13.314324221
9,110.65,220,110.66,14:39:13.329065930
8,110.65,220,110.66,14:39:14.522801425
195,110.64,220,110.66,14:39:14.995732267
195,110.64,1,110.65,14:39:14.995732267
187,110.64,1,110.65,14:39:14.996361265
187,110.64,242,110.66,14:39:15.006655205
1,110.65,242,110.66,14:39:15.006655205
1,110.65,240,110.66,14:39:15.006796118
2,110.65,240,110.66,14:39:15.061672927
1,110.65,240,110.66,14:39:15.061864290
1,110.65,218,110.66,14:39:15.062491777
1,110.65,240,110.66,14:39:15.062952583
1,110.65,238,110.66,14:39:15.076517435
187,110.64,238,110.66,14:39:15.082213936
190,110.64,238,110.66,14:39:15.092787586
190,110.64,2,110.65,14:39:15.156169963
190,110.64,3,110.65,14:39:15.160266699
187,110.64,3,110.65,14:39:15.239832961
202,110.64,3,110.65,14:39:15.328159627
205,110.64,3,110.65,14:39:15.371264329
188,110.64,3,110.65,14:39:17.211050777
206,110.64,3,110.65,14:39:17.222359582
206,110.64,4,110.65,14:39:21.824786755
206,110.64,18,110.65,14:39:22.285231276
206,110.64,19,110.65,14:39:23.251566857
206,110.64,20,110.65,14:39:23.251795330
206,110.64,22,110.65,14:39:25.031141303
206,110.64,20,110.65,14:39:27.505520749
206,110.64,21,110.65,14:39:27.750750734
206,110.64,22,110.65,14:39:27.964814435
206,110.64,23,110.65,14:39:31.055224487
206,110.64,24,110.65,14:39:31.055343843
206,110.64,26,110.65,14:39:31.434489036
206,110.64,27,110.65,14:39:31.469730741
206,110.64,26,110.65,14:39:31.507755145
188,110.64,26,110.65,14:39:37.231318290
173,110.64,26,110.65,14:39:37.231577157
192,110.64,26,110.65,14:39:37.242600070
192,110.64,28,110.65,14:39:37.850853066
192,110.64,26,110.65,14:39:37.851017418
192,110.64,27,110.65,14:39:39.142430020
192,110.64,28,110.65,14:39:39.143951085
192,110.64,29,110.65,14:39:39.144355624
192,110.64,39,110.65,14:39:39.147721821
192,110.64,79,110.65,14:39:39.147721821
192,110.64,97,110.65,14:39:39.148092198
174,110.64,97,110.65,14:39:39.148230915
174,110.64,79,110.65,14:39:39.148809587
174,110.64,39,110.65,14:39:39.148974880
174,110.64,29,110.65,14:39:39.149333842
174,110.64,31,110.65,14:39:39.195761271
174,110.64,33,110.65,14:39:40.184610600
174,110.64,31,110.65,14:39:40.316977367
174,110.64,30,110.65,14:39:40.317104472
174,110.64,28,110.65,14:39:40.317242440
174,110.64,29,110.65,14:39:40.317435995
174,110.64,28,110.65,14:39:40.332550826
174,110.64,29,110.65,14:39:40.341193360
174,110.64,28,110.65,14:39:40.357266450
243,110.64,28,110.65,14:39:41.218285852
243,110.64,27,110.65,14:39:41.218422063
243,110.64,26,110.65,14:39:41.218492379
243,110.64,28,110.65,14:39:41.516262800
240,110.64,28,110.65,14:39:41.849495911
240,110.64,26,110.65,14:39:41.849514820
240,110.64,25,110.65,14:39:41.849514820
240,110.64,23,110.65,14:39:41.849609284
240,110.64,25,110.65,14:39:41.934527227
240,110.64,26,110.65,14:39:41.934681134
240,110.64,28,110.65,14:39:41.934831864
240,110.64,29,110.65,14:39:41.934907409
240,110.64,28,110.65,14:39:42.018648399
240,110.64,26,110.65,14:39:42.018648399
240,110.64,24,110.65,14:39:42.053458300
240,110.64,25,110.65,14:39:42.053606287
240,110.64,24,110.65,14:39:42.160543401
240,110.64,25,110.65,14:39:42.162314097
240,110.64,23,110.65,14:39:42.288202210
240,110.64,22,110.65,14:39:42.377566874
240,110.64,21,110.65,14:39:42.377757632
240,110.64,19,110.65,14:39:42.507585241
240,110.64,18,110.65,14:39:42.637486244
240,110.64,16,110.65,14:39:42.766504614
240,110.64,13,110.65,14:39:42.767013181
240,110.64,12,110.65,14:39:42.767013181
240,110.64,11,110.65,14:39:42.767151501
240,110.64,10,110.65,14:39:42.767167508
240,110.64,9,110.65,14:39:42.767167508
240,110.64,8,110.65,14:39:42.767167508
240,110.64,7,110.65,14:39:42.767167508
240,110.64,5,110.65,14:39:42.767167508
240,110.64,3,110.65,14:39:42.767187594
240,110.64,2,110.65,14:39:42.767187594
240,110.64,1,110.65,14:39:42.767187594
240,110.64,244,110.66,14:39:42.767187594
240,110.64,14,110.65,14:39:42.767353401
240,110.64,8,110.65,14:39:42.767442412
240,110.64,244,110.66,14:39:42.767538720
240,110.64,2,110.65,14:39:42.767635994
240,110.64,16,110.65,14:39:42.767651296
240,110.64,17,110.65,14:39:42.767651296
258,110.64,17,110.65,14:39:42.767953740
258,110.64,18,110.65,14:39:42.787790843
258,110.64,19,110.65,14:39:42.788098260
240,110.64,19,110.65,14:39:42.788238519
240,110.64,21,110.65,14:39:42.788387319
240,110.64,23,110.65,14:39:42.801039966
240,110.64,24,110.65,14:39:42.854856668
240,110.64,26,110.65,14:39:42.855119602
240,110.64,25,110.65,14:39:42.856555201
240,110.64,24,110.65,14:39:42.986845951
240,110.64,23,110.65,14:39:42.986845951
240,110.64,22,110.65,14:39:42.987117996
240,110.64,21,110.65,14:39:43.069928885
240,110.64,19,110.65,14:39:43.204042410
240,110.64,18,110.65,14:39:43.336343011
240,110.64,16,110.65,14:39:43.423625213
240,110.64,15,110.65,14:39:43.558184585
240,110.64,13,110.65,14:39:43.645208132
240,110.64,11,110.65,14:39:43.645642142
240,110.64,10,110.65,14:39:43.775656999
240,110.64,11,110.65,14:39:43.777627267
240,110.64,9,110.65,14:39:43.861956542
240,110.64,8,110.65,14:39:43.861956542
240,110.64,9,110.65,14:39:43.862157109
240,110.64,8,110.65,14:39:43.862276289
240,110.64,22,110.65,14:39:43.862463182
240,110.64,23,110.65,14:39:43.962970432
240,110.64,22,110.65,14:39:44.011428485
240,110.64,21,110.65,14:39:44.011428485
240,110.64,20,110.65,14:39:44.011488459
240,110.64,19,110.65,14:39:44.101533370
240,110.64,18,110.65,14:39:44.101620509
240,110.64,17,110.65,14:39:44.101620509
240,110.64,19,110.65,14:39:44.129799807
240,110.64,18,110.65,14:39:44.187405054
240,110.64,19,110.65,14:39:44.190156668
240,110.64,20,110.65,14:39:44.190638965
240,110.64,21,110.65,14:39:44.268343288
240,110.64,22,110.65,14:39:44.270246346
240,110.64,21,110.65,14:39:44.321483538
240,110.64,20,110.65,14:39:44.321483538
240,110.64,21,110.65,14:39:44.321631287
240,110.64,25,110.65,14:39:44.381414507
240,110.64,24,110.65,14:39:44.404214189
240,110.64,23,110.65,14:39:44.537365606
240,110.64,19,110.65,14:39:45.029964416
240,110.64,22,110.65,14:39:45.036368286
240,110.64,23,110.65,14:39:54.428474098
240,110.64,33,110.65,14:39:54.430958842
240,110.64,51,110.65,14:39:54.431347938
240,110.64,52,110.65,14:39:54.773589212
240,110.64,51,110.65,14:39:55.292221625
240,110.64,52,110.65,14:39:55.292901640
240,110.64,52,110.65,14:39:55.292901640
221,110.64,52,110.65,14:39:57.230527060
221,110.64,53,110.65,14:39:57.230691416
241,110.64,53,110.65,14:39:57.241508220
241,110.64,52,110.65,14:39:57.686669511
241,110.64,51,110.65,14:39:58.742636508
241,110.64,52,110.65,14:39:59.035099670
241,110.64,53,110.65,14:39:59.041431321
241,110.64,52,110.65,14:39:59.203859908
241,110.64,53,110.65,14:39:59.406277451
241,110.64,52,110.65,14:40:00.311594546
241,110.64,51,110.65,14:40:00.357634557
241,110.64,53,110.65,14:40:00.811937888
241,110.64,54,110.65,14:40:00.812159551
241,110.64,52,110.65,14:40:00.812224777
241,110.64,54,110.65,14:40:00.812356261
241,110.64,55,110.65,14:40:00.816951151
241,110.64,54,110.65,14:40:00.817572165
241,110.64,55,110.65,14:40:00.819360733
241,110.64,92,110.65,14:40:00.834169068
241,110.64,93,110.65,14:40:00.834381012
241,110.64,102,110.65,14:40:00.834381012
239,110.64,102,110.65,14:40:00.834495634
239,110.64,93,110.65,14:40:00.834798334
239,110.64,92,110.65,14:40:00.834894187
239,110.64,93,110.65,14:40:00.837695711
239,110.64,102,110.65,14:40:00.838542677
230,110.64,102,110.65,14:40:00.838612143
230,110.64,101,110.65,14:40:00.838682584
230,110.64,127,110.65,14:40:00.839353617
230,110.64,135,110.65,14:40:00.839829178
230,110.64,136,110.65,14:40:00.839920365
230,110.64,154,110.65,14:40:00.840006116
230,110.64,167,110.65,14:40:00.840006116
230,110.64,166,110.65,14:40:00.840094327
207,110.64,166,110.65,14:40:00.841441315
207,110.64,176,110.65,14:40:00.841831397
207,110.64,182,110.65,14:40:00.842101897
198,110.64,182,110.65,14:40:00.842311481
198,110.64,183,110.65,14:40:00.842344209
198,110.64,193,110.65,14:40:00.842358456
198,110.64,194,110.65,14:40:00.842505935
198,110.64,204,110.65,14:40:00.842518725
198,110.64,203,110.65,14:40:00.842923822
198,110.64,193,110.65,14:40:00.844250768
198,110.64,183,110.65,14:40:00.849068688
198,110.64,187,110.65,14:40:00.853595354
198,110.64,191,110.65,14:40:00.853595354
198,110.64,201,110.65,14:40:00.862725139
198,110.64,191,110.65,14:40:00.864063119
198,110.64,173,110.65,14:40:00.891236996
198,110.64,160,110.65,14:40:00.891377757
198,110.64,170,110.65,14:40:00.942268397
198,110.64,188,110.65,14:40:00.991263170
198,110.64,201,110.65,14:40:00.991333929
197,110.64,201,110.65,14:40:01.023110416
195,110.64,201,110.65,14:40:01.023110416
194,110.64,201,110.65,14:40:01.023110416
193,110.64,201,110.65,14:40:01.023110416
192,110.64,201,110.65,14:40:01.023110416
186,110.64,201,110.65,14:40:01.023110416
187,110.64,201,110.65,14:40:01.023596170
187,110.64,202,110.65,14:40:01.023596170
188,110.64,202,110.65,14:40:01.023615245
188,110.64,194,110.65,14:40:01.023615245
187,110.64,194,110.65,14:40:01.023977680
188,110.64,194,110.65,14:40:01.030621867
188,110.64,197,110.65,14:40:01.034250795
188,110.64,203,110.65,14:40:01.263203458
188,110.64,197,110.65,14:40:01.263361259
190,110.64,197,110.65,14:40:01.276347874
190,110.64,201,110.65,14:40:01.283086486
190,110.64,197,110.65,14:40:01.283518172
188,110.64,197,110.65,14:40:01.286832772
187,110.64,197,110.65,14:40:01.417095560
187,110.64,199,110.65,14:40:01.417361063
188,110.64,199,110.65,14:40:01.417453761
188,110.64,197,110.65,14:40:01.417845891
187,110.64,197,110.65,14:40:01.669328582
188,110.64,197,110.65,14:40:01.747920611
188,110.64,194,110.65,14:40:01.811717279
185,110.64,194,110.65,14:40:01.916413670
177,110.64,194,110.65,14:40:01.916566959
179,110.64,194,110.65,14:40:02.175948142
179,110.64,181,110.65,14:40:02.176435374
179,110.64,163,110.65,14:40:02.176450333
180,110.64,163,110.65,14:40:02.176472711
180,110.64,154,110.65,14:40:02.176472711
180,110.64,144,110.65,14:40:02.176487370
181,110.64,144,110.65,14:40:02.176687937
180,110.64,144,110.65,14:40:02.176915376
180,110.64,148,110.65,14:40:02.178010066
182,110.64,148,110.65,14:40:02.178262704
182,110.64,144,110.65,14:40:02.178552521
183,110.64,144,110.65,14:40:02.178708323
182,110.64,144,110.65,14:40:02.178926604
183,110.64,144,110.65,14:40:02.180187128
182,110.64,144,110.65,14:40:02.181757380
183,110.64,144,110.65,14:40:02.182218850
183,110.64,154,110.65,14:40:02.289265485
181,110.64,154,110.65,14:40:03.153472399
180,110.64,154,110.65,14:40:03.156203616
180,110.64,174,110.65,14:40:03.165217149
180,110.64,185,110.65,14:40:03.165299603
180,110.64,189,110.65,14:40:03.710671115
180,110.64,185,110.65,14:40:03.711022162
180,110.64,191,110.65,14:40:03.737072194
180,110.64,185,110.65,14:40:03.749350947
180,110.64,191,110.65,14:40:05.185173139
180,110.64,185,110.65,14:40:05.281679736
160,110.64,185,110.65,14:40:07.243812675
160,110.64,195,110.65,14:40:07.245506839
181,110.64,195,110.65,14:40:07.255049566
181,110.64,185,110.65,14:40:07.255597894
182,110.64,185,110.65,14:40:10.404508604
183,110.64,185,110.65,14:40:10.408093750
182,110.64,185,110.65,14:40:10.414716917
181,110.64,185,110.65,14:40:10.414872385
182,110.64,185,110.65,14:40:10.419815332
181,110.64,185,110.65,14:40:10.442764835
182,110.64,185,110.65,14:40:16.748899272
181,110.64,185,110.65,14:40:16.749018390
182,110.64,185,110.65,14:40:16.753807174
181,110.64,185,110.65,14:40:16.854085520
182,110.64,185,110.65,14:40:18.978587836
181,110.64,185,110.65,14:40:18.979051170
182,110.64,185,110.65,14:40:22.834720741
182,110.64,165,110.65,14:40:23.769964428
182,110.64,154,110.65,14:40:23.770026464
182,110.64,144,110.65,14:40:23.770140412
182,110.64,118,110.65,14:40:23.773724281
182,110.64,81,110.65,14:40:23.773818713
196,110.64,81,110.65,14:40:23.773974675
221,110.64,81,110.65,14:40:23.775247247
221,110.64,90,110.65,14:40:23.776390660
221,110.64,100,110.65,14:40:23.776503181
207,110.64,100,110.65,14:40:23.776503181
207,110.64,90,110.65,14:40:23.778177513
206,110.64,90,110.65,14:40:23.785162461
203,110.64,90,110.65,14:40:23.785162461
202,110.64,90,110.65,14:40:23.785235927
199,110.64,90,110.65,14:40:23.785307466
199,110.64,81,110.65,14:40:23.808380799
199,110.64,71,110.65,14:40:23.808547602
199,110.64,65,110.65,14:40:23.808623737
199,110.64,63,110.65,14:40:23.915046997
213,110.64,63,110.65,14:40:23.915203157
213,110.64,62,110.65,14:40:23.918925689
213,110.64,63,110.65,14:40:23.962956084
213,110.64,62,110.65,14:40:23.985292445
213,110.64,63,110.65,14:40:23.986858924
213,110.64,65,110.65,14:40:24.173971522
199,110.64,65,110.65,14:40:24.188113902
213,110.64,65,110.65,14:40:24.189225885
213,110.64,63,110.65,14:40:24.189380237
213,110.64,62,110.65,14:40:24.386021941
213,110.64,63,110.65,14:40:25.799998465
213,110.64,62,110.65,14:40:25.821021164
213,110.64,61,110.65,14:40:25.821181810
213,110.64,62,110.65,14:40:25.823832598
213,110.64,63,110.65,14:40:25.823899194
213,110.64,64,110.65,14:40:25.824071641
213,110.64,65,110.65,14:40:25.824325452
213,110.64,116,110.65,14:40:25.829019225
213,110.64,126,110.65,14:40:25.829183381
199,110.64,126,110.65,14:40:25.831296932
174,110.64,126,110.65,14:40:25.831782848
188,110.64,126,110.65,14:40:25.934207445
174,110.64,126,110.65,14:40:25.980108313
188,110.64,126,110.65,14:40:26.066668265
188,110.64,132,110.65,14:40:26.066942078
188,110.64,126,110.65,14:40:26.067279752
188,110.64,116,110.65,14:40:26.232140950
188,110.64,126,110.65,14:40:26.312075917
188,110.64,116,110.65,14:40:26.312329601
188,110.64,126,110.65,14:40:26.392695593
188,110.64,116,110.65,14:40:26.393237384
188,110.64,126,110.65,14:40:26.473507037
188,110.64,128,110.65,14:40:26.554832546
188,110.64,118,110.65,14:40:26.554852409
188,110.64,116,110.65,14:40:26.555375598
188,110.64,118,110.65,14:40:26.556715528
188,110.64,116,110.65,14:40:26.557255075
167,110.64,116,110.65,14:40:27.234670183
167,110.64,146,110.65,14:40:27.234953255
167,110.64,156,110.65,14:40:27.235043799
167,110.64,171,110.65,14:40:27.235139460
189,110.64,171,110.65,14:40:27.245838914
175,110.64,171,110.65,14:40:30.031703960
175,110.64,181,110.65,14:40:30.033181255
175,110.64,171,110.65,14:40:30.033576147
174,110.64,171,110.65,14:40:31.493827155
175,110.64,171,110.65,14:40:31.494263875
174,110.64,171,110.65,14:40:31.494778376
174,110.64,174,110.65,14:40:31.504424389
174,110.64,171,110.65,14:40:31.505076302
174,110.64,174,110.65,14:40:31.505353170
175,110.64,174,110.65,14:40:32.544382819
174,110.64,174,110.65,14:40:33.998221323
172,110.64,174,110.65,14:40:33.998221323
125,110.64,174,110.65,14:40:33.998297471
124,110.64,174,110.65,14:40:33.998631275
123,110.64,174,110.65,14:40:33.998656400
121,110.64,174,110.65,14:40:33.998725874
120,110.64,174,110.65,14:40:33.998803448
120,110.64,204,110.65,14:40:33.999088580
120,110.64,174,110.65,14:40:34.001237660
121,110.64,174,110.65,14:40:34.001384368
122,110.64,174,110.65,14:40:34.001461587
124,110.64,174,110.65,14:40:34.001594358
121,110.64,174,110.65,14:40:34.009223517
105,110.64,174,110.65,14:40:34.009341242
104,110.64,174,110.65,14:40:34.009366026
99,110.64,174,110.65,14:40:34.009366026
98,110.64,174,110.65,14:40:34.009366026
97,110.64,174,110.65,14:40:34.009366026
96,110.64,174,110.65,14:40:34.009366026
74,110.64,174,110.65,14:40:34.009366026
121,110.64,174,110.65,14:40:34.009436577
119,110.64,174,110.65,14:40:34.009622570
118,110.64,174,110.65,14:40:34.009622570
117,110.64,174,110.65,14:40:34.009637495
116,110.64,174,110.65,14:40:34.009637495
69,110.64,174,110.65,14:40:34.009708580
70,110.64,174,110.65,14:40:34.009789469
71,110.64,174,110.65,14:40:34.009867338
71,110.64,194,110.65,14:40:34.104262346
76,110.64,194,110.65,14:40:34.149456303
139,110.64,194,110.65,14:40:34.150419361
139,110.64,191,110.65,14:40:34.150574483
141,110.64,191,110.65,14:40:34.150666881
142,110.64,191,110.65,14:40:34.150920043
141,110.64,191,110.65,14:40:34.158925966
78,110.64,191,110.65,14:40:34.159490673
76,110.64,191,110.65,14:40:34.159633889
78,110.64,191,110.65,14:40:34.161253301
79,110.64,191,110.65,14:40:34.161320607
80,110.64,191,110.65,14:40:34.162019433
81,110.64,191,110.65,14:40:34.166819410
80,110.64,191,110.65,14:40:34.187386732
33,110.64,191,110.65,14:40:34.202759731
30,110.64,191,110.65,14:40:34.202759731
29,110.64,191,110.65,14:40:34.203014039
24,110.64,191,110.65,14:40:34.203108113
23,110.64,191,110.65,14:40:34.203122849
28,110.64,191,110.65,14:40:34.203351021
28,110.64,199,110.65,14:40:34.203446227
28,110.64,201,110.65,14:40:34.203798630
9,110.64,201,110.65,14:40:34.213493698
8,110.64,201,110.65,14:40:34.213493698
7,110.64,201,110.65,14:40:34.213576386
5,110.64,201,110.65,14:40:34.213576386
171,110.63,201,110.65,14:40:34.213594769
171,110.63,22,110.64,14:40:34.213594769
171,110.63,201,110.65,14:40:34.213876857
47,110.64,201,110.65,14:40:34.213876857
47,110.64,210,110.65,14:40:34.213997953
47,110.64,230,110.65,14:40:34.214194184
48,110.64,230,110.65,14:40:34.214353288
51,110.64,230,110.65,14:40:34.214373073
48,110.64,230,110.65,14:40:34.214470244
48,110.64,200,110.65,14:40:34.215023735
50,110.64,200,110.65,14:40:34.215187393
48,110.64,200,110.65,14:40:34.220614647
49,110.64,200,110.65,14:40:34.220922262
49,110.64,196,110.65,14:40:34.224949702
48,110.64,196,110.65,14:40:34.224949702
48,110.64,192,110.65,14:40:34.225039980
47,110.64,192,110.65,14:40:34.225039980
48,110.64,192,110.65,14:40:34.225162914
49,110.64,192,110.65,14:40:34.231014281
49,110.64,195,110.65,14:40:34.236367912
49,110.64,198,110.65,14:40:34.236444417
48,110.64,198,110.65,14:40:34.269715999
48,110.64,197,110.65,14:40:34.281972975
48,110.64,196,110.65,14:40:34.282095250
48,110.64,195,110.65,14:40:34.282557084
28,110.64,195,110.65,14:40:34.312682459
27,110.64,195,110.65,14:40:34.312976943
27,110.64,203,110.65,14:40:34.324143814
28,110.64,203,110.65,14:40:34.324254038
28,110.64,205,110.65,14:40:34.324455237
28,110.64,208,110.65,14:40:34.366356020
28,110.64,211,110.65,14:40:34.381575294
28,110.64,208,110.65,14:40:34.519799716
28,110.64,211,110.65,14:40:34.632085001
27,110.64,211,110.65,14:40:34.632380096
26,110.64,211,110.65,14:40:34.632453053
27,110.64,211,110.65,14:40:34.660574762
26,110.64,211,110.65,14:40:35.662096486
25,110.64,211,110.65,14:40:35.662506471
26,110.64,211,110.65,14:40:37.792440181
25,110.64,211,110.65,14:40:37.796936546
26,110.64,211,110.65,14:40:37.857867818
25,110.64,211,110.65,14:40:37.858022519
26,110.64,211,110.65,14:40:40.173578270
27,110.64,211,110.65,14:40:40.174415562
27,110.64,208,110.65,14:40:40.175367222
28,110.64,208,110.65,14:40:40.175631785
27,110.64,208,110.65,14:40:40.187282109
26,110.64,208,110.65,14:40:40.244389800
25,110.64,208,110.65,14:40:40.244524475
26,110.64,208,110.65,14:40:41.047629576
27,110.64,208,110.65,14:40:41.047782820
26,110.64,208,110.65,14:40:41.048490133
25,110.64,208,110.65,14:40:41.176814120
25,110.64,211,110.65,14:40:41.182220034
27,110.64,211,110.65,14:40:44.578346367
25,110.64,211,110.65,14:40:44.578544159
26,110.64,211,110.65,14:40:44.578822110
71,110.64,211,110.65,14:40:44.583745810
71,110.64,208,110.65,14:40:44.584203387
89,110.64,208,110.65,14:40:44.584889708
90,110.64,208,110.65,14:40:44.585032637
89,110.64,208,110.65,14:40:44.587565333
89,110.64,188,110.65,14:40:44.693883139
44,110.64,188,110.65,14:40:44.723186186
26,110.64,188,110.65,14:40:44.723186186
25,110.64,188,110.65,14:40:44.723442771
25,110.64,208,110.65,14:40:44.831685362
26,110.64,208,110.65,14:40:45.158976717
40,110.64,208,110.65,14:40:45.159661472
90,110.64,208,110.65,14:40:45.160685894
103,110.64,208,110.65,14:40:45.160821561
104,110.64,208,110.65,14:40:45.162981940
105,110.64,208,110.65,14:40:45.163615975
104,110.64,208,110.65,14:40:45.163786208
104,110.64,198,110.65,14:40:45.180950812
54,110.64,198,110.65,14:40:45.202148067
41,110.64,198,110.65,14:40:45.202148067
27,110.64,198,110.65,14:40:45.202295207
26,110.64,198,110.65,14:40:45.202790028
26,110.64,228,110.65,14:40:45.203966585
26,110.64,231,110.65,14:40:45.207259571
26,110.64,211,110.65,14:40:45.269254744
26,110.64,231,110.65,14:40:45.308667988
25,110.64,231,110.65,14:40:45.308836554
26,110.64,231,110.65,14:40:45.411573492
26,110.64,228,110.65,14:40:46.503406186
27,110.64,228,110.65,14:40:57.239274258
2,110.64,228,110.65,14:41:03.671852825
1,110.64,228,110.65,14:41:03.671874501
176,110.63,228,110.65,14:41:03.671874501
176,110.63,23,110.64,14:41:03.671874501
176,110.63,25,110.64,14:41:03.672185019
176,110.63,27,110.64,14:41:03.672447441
176,110.63,37,110.64,14:41:03.672541602
176,110.63,43,110.64,14:41:03.672541602
150,110.63,43,110.64,14:41:03.672708222
150,110.63,41,110.64,14:41:03.672708222
150,110.63,55,110.64,14:41:03.673603931
150,110.63,32,110.64,14:41:03.683314595
150,110.63,30,110.64,14:41:03.683440879
150,110.63,20,110.64,14:41:03.683440879
150,110.63,14,110.64,14:41:03.683465814
150,110.63,241,110.65,14:41:03.683465814
7,110.64,241,110.65,14:41:03.683465814
7,110.64,238,110.65,14:41:03.683465814
6,110.64,238,110.65,14:41:03.683465814
6,110.64,235,110.65,14:41:03.683688650
5,110.64,235,110.65,14:41:03.683704819
42,110.64,235,110.65,14:41:03.683834499
5,110.64,235,110.65,14:41:03.684553337
154,110.63,235,110.65,14:41:03.694080645
154,110.63,45,110.64,14:41:03.694080645
154,110.63,46,110.64,14:41:03.694397442
