price,volume,timestamp
5290.0,2,08:41:08.322415856
5289.75,2,08:41:08.322477384
5289.75,4,08:41:08.322561062
5290.0,4,08:41:08.485277542
5289.75,10,08:41:08.517691377
5289.75,10,08:41:08.518189400
5290.0,2,08:41:08.915740137
5290.0,1,08:41:08.915768563
5290.0,1,08:41:09.130646343
5290.0,1,08:41:09.419857931
5290.0,2,08:41:09.441112575
5290.0,1,08:41:09.441282399
5290.25,1,08:41:09.458751756
5290.25,1,08:41:09.458761907
5290.25,1,08:41:09.519951438
5290.5,8,08:41:09.805853510
5290.25,14,08:41:09.805853510
5290.5,10,08:41:09.805865701
5290.5,1,08:41:09.805865701
5290.25,1,08:41:09.806629064
5290.25,2,08:41:09.815601751
5290.25,3,08:41:09.815835301
5290.25,1,08:41:09.815870387
5290.25,2,08:41:09.816066698
5290.25,1,08:41:09.816264625
5290.25,1,08:41:09.816299016
5290.5,11,08:41:09.855353543
5290.5,1,08:41:09.855578860
5290.5,5,08:41:09.884852260
5290.5,27,08:41:09.885064412
5290.5,1,08:41:09.885137028
5290.5,75,08:41:09.885271542
5290.5,1,08:41:09.885903789
5290.75,4,08:41:09.935654826
5290.75,1,08:41:09.935865983
5290.75,1,08:41:09.936824780
5290.75,4,08:41:09.938820654
5290.75,2,08:41:09.966500960
5290.75,1,08:41:09.966671331
5290.75,3,08:41:09.966705884
5290.75,1,08:41:09.966741671
5290.75,1,08:41:09.967083103
5290.75,1,08:41:09.967176305
5290.75,1,08:41:09.967272009
5290.75,2,08:41:09.967512248
5290.75,2,08:41:09.969872881
5290.75,5,08:41:09.973028141
5290.75,5,08:41:10.006192264
5290.75,4,08:41:10.051317467
5290.75,1,08:41:10.052217028
5290.75,2,08:41:10.097270738
5290.75,5,08:41:10.097495181
5290.75,1,08:41:10.097537281
5290.5,1,08:41:10.099715296
5290.75,1,08:41:10.146217823
5290.5,10,08:41:10.168286921
5290.5,5,08:41:10.182832063
5290.5,7,08:41:10.183254527
5290.5,1,08:41:10.183314496
5290.5,1,08:41:10.183572072
5290.5,5,08:41:10.281305602
5290.75,1,08:41:10.464944509
5290.75,3,08:41:10.465183192
5290.75,1,08:41:10.465369487
5290.75,1,08:41:10.466880910
5290.75,1,08:41:10.467070754
5290.75,3,08:41:10.467276927
5290.75,1,08:41:10.468258973
5290.75,5,08:41:10.493476756
5290.75,2,08:41:10.493649512
5290.75,1,08:41:10.493680194
5290.75,1,08:41:10.504010198
5290.75,1,08:41:10.504231806
5290.5,4,08:41:10.797281844
5290.5,1,08:41:10.801149571
5290.25,2,08:41:10.916220372
5290.25,1,08:41:10.916363498
5290.25,1,08:41:10.916415802
5290.25,2,08:41:10.922392192
5290.25,2,08:41:10.922550160
5290.25,3,08:41:10.922783178
5290.25,1,08:41:10.923127832
5290.25,5,08:41:11.015439665
5290.25,1,08:41:11.015590660
5290.25,2,08:41:11.015853511
5290.25,1,08:41:11.015892913
5290.25,1,08:41:11.016013645
5290.0,4,08:41:11.290244110
5290.0,1,08:41:11.290404232
5290.0,1,08:41:11.290512068
5290.0,2,08:41:11.290981562
5290.0,1,08:41:11.291151296
5290.0,1,08:41:11.353015325
5290.0,2,08:41:11.640189805
5290.0,2,08:41:11.642354438
5290.0,1,08:41:11.642702064
5290.0,2,08:41:11.801635606
5290.0,1,08:41:11.801677581
5290.0,1,08:41:11.801855402
5290.0,1,08:41:11.802239113
5290.25,1,08:41:11.834537406
5290.25,1,08:41:11.840273281
5290.0,4,08:41:11.841578255
5290.0,2,08:41:11.841635897
5290.0,1,08:41:11.841676980
5290.0,1,08:41:11.841796826
5290.0,1,08:41:11.845426525
5290.0,2,08:41:11.949875642
5290.0,2,08:41:11.950017399
5290.0,2,08:41:11.950224757
5290.25,2,08:41:11.950903318
5290.0,1,08:41:11.951832482
5290.0,1,08:41:11.952008636
5290.0,2,08:41:11.952058397
5290.0,1,08:41:12.280901936
5290.0,2,08:41:12.280945761
5290.0,2,08:41:12.281177161
5290.0,1,08:41:12.281462375
5290.25,1,08:41:12.334358796
5290.0,2,08:41:12.405298436
5290.0,2,08:41:12.405624836
5290.0,3,08:41:12.405833070
5290.0,2,08:41:12.405881257
5289.75,1,08:41:12.412832034
5289.75,1,08:41:12.412872582
5289.75,1,08:41:12.414124377
5290.0,1,08:41:12.573943617
5290.0,1,08:41:12.653885121
5290.0,1,08:41:12.744193334
5290.0,7,08:41:12.939451766
5290.0,2,08:41:12.939774739
5290.25,2,08:41:13.001953178
5290.25,2,08:41:13.001986826
5290.0,1,08:41:13.074115724
5290.0,1,08:41:13.207012213
5290.25,2,08:41:13.659496448
5290.0,1,08:41:13.725733960
5290.0,9,08:41:13.725833168
5290.0,5,08:41:13.725937884
5290.0,1,08:41:13.725937884
5289.75,3,08:41:13.750791880
5289.75,2,08:41:13.750944785
5289.75,3,08:41:13.751007013
5289.75,12,08:41:13.751049808
5289.75,3,08:41:13.751483115
5289.75,1,08:41:13.751687763
5289.75,1,08:41:13.752009767
5290.0,37,08:41:13.799166529
5289.75,6,08:41:13.799166529
5290.0,2,08:41:13.799637342
5290.0,1,08:41:13.799870275
5290.0,2,08:41:13.799870275
5290.0,1,08:41:13.800011122
5290.0,2,08:41:13.800011122
5290.0,1,08:41:13.800175167
5290.0,2,08:41:13.800182466
5290.0,2,08:41:13.812706348
5290.0,1,08:41:13.812906208
5290.0,2,08:41:13.812977827
5290.0,4,08:41:13.813040082
5290.0,2,08:41:13.813130644
5290.0,1,08:41:13.813130644
5290.0,2,08:41:13.813251866
5290.0,1,08:41:13.813342252
5290.0,5,08:41:13.813342252
5290.0,2,08:41:13.813410269
5290.0,1,08:41:13.813615691
5289.75,1,08:41:14.085707768
5289.75,4,08:41:14.227703301
5289.75,3,08:41:14.233806487
5289.75,2,08:41:14.233949719
5289.75,2,08:41:14.234001102
5289.75,4,08:41:14.234269161
5289.75,1,08:41:14.234435431
5289.75,1,08:41:14.234521058
5289.75,2,08:41:14.235202301
5289.75,2,08:41:14.278082382
5290.0,1,08:41:14.374974560
5289.75,12,08:41:14.421438038
5289.5,2,08:41:14.610174535
5289.75,1,08:41:14.751840910
5289.5,18,08:41:14.797140333
5289.5,8,08:41:14.799163795
5289.5,1,08:41:14.799362039
5289.5,1,08:41:14.925515552
5289.5,2,08:41:14.991619836
5289.25,17,08:41:15.150538138
5289.25,1,08:41:15.150562302
5289.25,10,08:41:15.150932273
5289.25,2,08:41:15.151386789
5289.25,1,08:41:15.151558591
5289.25,1,08:41:15.151867906
5289.25,2,08:41:15.153046621
5289.25,2,08:41:15.158733645
5289.25,8,08:41:15.317182224
5289.25,1,08:41:15.317354036
5289.25,3,08:41:15.445969090
5289.25,1,08:41:15.446139861
5289.25,1,08:41:15.446172828
5289.25,1,08:41:15.446219974
5289.25,1,08:41:15.446285522
5289.25,1,08:41:15.446330984
5289.25,1,08:41:15.574762684
5289.25,1,08:41:15.583131092
5289.25,1,08:41:15.621311722
5289.25,3,08:41:15.621734476
5289.25,1,08:41:15.621886946
5289.25,3,08:41:15.621983335
5289.25,1,08:41:15.653355681
5289.25,2,08:41:15.673206760
5289.25,3,08:41:15.673256431
5289.5,1,08:41:16.063825275
5289.5,2,08:41:16.228757435
5289.5,2,08:41:16.228926780
5289.5,33,08:41:16.229205606
5289.5,2,08:41:16.239835531
5289.5,1,08:41:16.239891199
5289.5,2,08:41:16.239891199
5289.5,1,08:41:16.239930189
5289.5,1,08:41:16.240166629
5289.5,1,08:41:16.240227225
5289.5,3,08:41:16.240844988
5289.5,3,08:41:16.459977685
5289.5,2,08:41:16.543727044
5289.5,1,08:41:16.668980038
5289.75,1,08:41:16.866517797
5289.75,5,08:41:16.866596061
5289.75,1,08:41:16.866896080
5289.75,2,08:41:16.867135845
5289.75,1,08:41:16.867318380
5289.75,1,08:41:16.867364451
5290.0,1,08:41:16.907536565
5289.75,1,08:41:17.316679310
5289.75,1,08:41:17.385223984
5289.75,2,08:41:17.385268886
5289.75,1,08:41:17.385460155
5289.75,2,08:41:17.385508507
5289.75,1,08:41:17.385661913
5289.75,1,08:41:17.385710784
5289.75,1,08:41:17.385760219
5289.5,1,08:41:17.518375446
5289.5,1,08:41:17.748569096
5289.5,2,08:41:17.811924864
5289.5,4,08:41:17.812109875
5289.5,4,08:41:17.812354817
5289.5,1,08:41:18.022991203
5289.5,2,08:41:18.023060859
5289.5,3,08:41:18.023133693
5289.5,1,08:41:18.023164666
5289.5,5,08:41:18.039283365
5289.5,1,08:41:18.056085532
5289.5,1,08:41:18.117890306
5289.5,1,08:41:18.118046501
5289.5,3,08:41:18.118133724
5289.5,1,08:41:18.118202693
5289.5,1,08:41:18.118370853
5289.5,1,08:41:18.213000100
5289.5,1,08:41:18.286672835
5289.5,1,08:41:18.286854708
5289.5,2,08:41:18.286972896
5289.5,2,08:41:18.287058426
5289.5,1,08:41:18.383005576
5289.5,1,08:41:18.476848811
5289.5,4,08:41:18.477036808
5289.5,1,08:41:18.559490905
5289.5,1,08:41:18.584265399
5289.5,2,08:41:18.584314430
5289.5,1,08:41:18.584812857
5289.5,1,08:41:19.008798154
5289.5,1,08:41:19.112651943
5289.5,1,08:41:19.507819986
5289.5,1,08:41:19.507847711
5289.5,2,08:41:19.508379040
5289.5,1,08:41:19.508449125
5289.75,2,08:41:20.301923073
5289.5,18,08:41:20.536004413
5289.5,1,08:41:20.704092921
5289.25,2,08:41:20.854782457
5289.25,4,08:41:21.095775371
5289.25,6,08:41:21.095857031
5289.25,6,08:41:21.154228035
5289.25,5,08:41:21.154628062
5289.25,1,08:41:21.154943759
5289.25,3,08:41:21.265600884
5289.5,17,08:41:21.898891362
5289.5,3,08:41:21.899183741
5289.5,4,08:41:21.899237504
5289.5,33,08:41:21.899359184
5289.5,1,08:41:21.899449263
5289.25,1,08:41:21.989714296
5289.25,2,08:41:21.989804752
5289.25,1,08:41:21.989914438
5289.25,5,08:41:21.989914438
5289.25,2,08:41:21.989960084
5289.25,3,08:41:21.990052159
5289.25,1,08:41:21.990052159
5289.25,1,08:41:21.990277866
5289.25,2,08:41:21.990468091
5289.25,1,08:41:21.990678409
5289.25,1,08:41:21.990965147
5289.5,1,08:41:22.291815184
5289.5,3,08:41:22.291890442
5289.5,2,08:41:22.291890442
5289.5,3,08:41:22.292004848
5289.5,1,08:41:22.292091913
5289.5,1,08:41:22.292298515
5289.5,1,08:41:22.292453562
5289.5,2,08:41:22.292493563
5289.5,1,08:41:22.292518266
5289.5,3,08:41:22.292831910
5289.75,1,08:41:22.544944148
5289.5,2,08:41:22.615503974
5289.5,1,08:41:22.615659593
5289.5,1,08:41:22.615703363
5289.75,1,08:41:22.657242719
5289.5,10,08:41:22.707115225
5289.5,4,08:41:22.725832207
5289.5,2,08:41:22.725958601
5289.5,2,08:41:22.726049556
5289.5,1,08:41:22.726080757
5289.5,3,08:41:23.195149856
5289.5,3,08:41:23.195326179
5289.5,2,08:41:23.195382734
5289.5,1,08:41:23.195701154
5289.5,2,08:41:23.195886291
5289.5,2,08:41:23.196113562
5289.5,1,08:41:23.482871328
5289.25,2,08:41:23.639717877
5289.5,8,08:41:23.753633105
5289.75,1,08:41:24.022225820
5289.5,6,08:41:24.029941191
5289.5,3,08:41:24.181870366
5289.5,1,08:41:24.282706199
5289.5,3,08:41:24.282765653
5289.5,2,08:41:24.285213651
5289.5,3,08:41:24.285400817
5289.5,2,08:41:24.285451444
5289.25,2,08:41:24.491174479
5289.5,1,08:41:24.618420022
5289.5,2,08:41:24.618454509
5289.25,1,08:41:24.841624348
5289.25,1,08:41:24.841686372
5289.25,1,08:41:25.070492477
5289.5,1,08:41:25.291587792
5289.5,1,08:41:26.399871809
5289.25,2,08:41:26.423866160
5289.25,5,08:41:26.424079002
5289.25,1,08:41:26.424148649
5289.25,4,08:41:26.424148649
5289.25,1,08:41:26.424964918
5289.25,3,08:41:26.425146450
5289.25,3,08:41:26.425363674
5289.25,2,08:41:26.496206295
5289.25,1,08:41:26.496407377
5289.25,2,08:41:26.598486434
5289.25,2,08:41:26.598501765
5289.25,2,08:41:26.598685918
5289.25,2,08:41:26.620079691
5289.25,3,08:41:26.620273426
5289.0,2,08:41:26.853652778
5289.0,1,08:41:26.853666864
5289.0,25,08:41:26.853666864
5289.0,2,08:41:26.853666864
5289.0,2,08:41:26.853851322
5289.0,3,08:41:26.853917202
5289.0,1,08:41:26.853917202
5289.0,1,08:41:26.853974547
5289.0,37,08:41:26.854137568
5288.75,1,08:41:26.855375088
5288.75,10,08:41:26.855384681
5289.0,22,08:41:26.857077620
5289.0,1,08:41:26.857230495
5289.0,1,08:41:26.862472921
5289.0,1,08:41:26.862511869
5289.25,2,08:41:26.864725472
5289.25,3,08:41:26.864904943
5289.25,1,08:41:26.864974485
5289.25,2,08:41:26.875189331
5289.25,2,08:41:26.875587624
5289.25,1,08:41:26.875755112
5289.25,1,08:41:26.875938037
5289.25,1,08:41:26.896563580
5289.0,1,08:41:26.903603084
5289.0,1,08:41:27.039876620
5289.0,31,08:41:27.094470000
5289.0,3,08:41:27.100451817
5288.75,1,08:41:27.212721885
5288.75,1,08:41:27.726735457
5289.0,1,08:41:27.845907627
5288.75,1,08:41:27.852868990
5288.75,1,08:41:27.853174880
5288.75,1,08:41:27.853645520
5288.75,2,08:41:27.854245730
5288.75,4,08:41:27.855104263
5288.75,16,08:41:27.855309160
5288.75,1,08:41:27.855365702
5288.75,7,08:41:27.855523471
5288.75,2,08:41:27.856196126
5288.75,1,08:41:27.872099838
5288.75,1,08:41:27.881958348
5288.75,1,08:41:27.884626546
5288.75,5,08:41:27.945138634
5288.5,1,08:41:27.968511500
5288.5,1,08:41:27.968522534
5288.75,2,08:41:27.977024975
5288.75,2,08:41:27.977240578
5288.75,4,08:41:27.977456286
5288.75,1,08:41:27.979422869
5288.75,2,08:41:27.979608976
5288.75,1,08:41:27.979969418
5288.75,2,08:41:27.992547342
5288.75,1,08:41:27.994785579
5288.75,1,08:41:28.001123640
5288.75,1,08:41:28.024147699
5288.75,6,08:41:28.123836168
5288.75,1,08:41:28.181721062
5289.0,1,08:41:28.660197505
5289.0,2,08:41:28.691424056
5288.75,1,08:41:28.755738689
5288.75,3,08:41:29.095389722
5288.75,2,08:41:29.095581601
5288.75,2,08:41:29.095795267
5289.0,2,08:41:29.282169485
5289.0,2,08:41:29.282320020
5289.0,3,08:41:29.282367396
5289.0,2,08:41:29.282437609
5289.0,3,08:41:29.282573673
5289.0,4,08:41:29.282642890
5289.0,1,08:41:29.437036466
5288.75,1,08:41:29.643384690
5288.75,1,08:41:29.715872574
5289.0,10,08:41:29.863395522
5289.0,1,08:41:29.863550972
5289.0,2,08:41:29.863878419
5289.0,2,08:41:29.863917334
5289.0,1,08:41:29.939780816
5288.75,1,08:41:30.091709367
5288.75,10,08:41:30.095013347
5288.5,25,08:41:30.281695810
5288.5,1,08:41:30.301816844
5288.75,2,08:41:30.979175482
5288.75,2,08:41:30.979202400
5288.75,3,08:41:30.979435605
5288.75,2,08:41:30.979536775
5288.75,1,08:41:30.979536775
5288.75,1,08:41:30.979726357
5288.75,1,08:41:30.979832301
5288.75,1,08:41:30.980089535
5288.75,1,08:41:30.980161639
5288.5,2,08:41:31.050923013
5288.75,1,08:41:31.081019643
5288.5,1,08:41:31.251616648
5288.5,1,08:41:31.297603621
5288.5,10,08:41:31.739979521
5288.5,1,08:41:31.813477638
5288.5,3,08:41:31.816194921
5288.5,2,08:41:31.816326364
5288.5,1,08:41:31.816422597
5288.75,2,08:41:32.006797023
5288.75,1,08:41:32.006856682
5288.75,3,08:41:32.006915503
5288.75,1,08:41:32.006937951
5288.75,2,08:41:32.007024539
5288.75,1,08:41:32.007192571
5289.0,2,08:41:32.052483101
5289.0,1,08:41:32.433347061
5289.0,1,08:41:32.433514732
5289.0,2,08:41:32.433563212
5289.0,10,08:41:32.433634958
5289.0,3,08:41:32.433689060
5289.0,1,08:41:32.433865373
5289.0,1,08:41:32.434132165
5289.0,2,08:41:32.434174172
5289.0,1,08:41:32.434233389
5289.0,1,08:41:32.434272168
5289.0,4,08:41:32.434587287
5289.0,1,08:41:32.648078556
5289.0,2,08:41:32.767593819
5289.25,1,08:41:33.013303826
5289.25,1,08:41:33.013328169
5289.25,2,08:41:33.013496902
5289.25,2,08:41:33.017535419
5289.25,1,08:41:33.017678673
5289.25,1,08:41:33.039053018
5289.25,1,08:41:33.039470598
5289.25,1,08:41:33.039678483
5289.25,5,08:41:33.454925534
5289.25,1,08:41:33.549217542
5289.0,1,08:41:33.862385543
5289.25,1,08:41:33.974476050
5289.0,1,08:41:34.001638417
5289.25,4,08:41:34.037849669
5289.25,11,08:41:34.137764146
5289.25,1,08:41:34.160088801
5289.25,1,08:41:34.323344892
5289.25,3,08:41:34.772884734
5289.25,1,08:41:34.772907750
5289.25,2,08:41:34.773000328
5289.25,1,08:41:34.773056607
5289.25,1,08:41:34.773101577
5289.5,2,08:41:34.855049564
5289.5,2,08:41:34.855063061
5289.5,1,08:41:34.855218089
5289.5,1,08:41:34.855314440
5289.5,2,08:41:34.855353551
5289.5,2,08:41:34.855432320
5289.5,2,08:41:34.857348871
5289.5,1,08:41:34.857525525
5289.5,1,08:41:34.857550188
5289.5,1,08:41:34.857663729
5289.5,1,08:41:34.917752135
5289.5,2,08:41:34.942357664
5289.5,4,08:41:34.942582946
5289.5,2,08:41:34.943435770
5289.5,12,08:41:35.207797822
5289.25,13,08:41:35.207797822
5289.5,5,08:41:35.211141071
5289.5,4,08:41:35.212424325
5289.5,1,08:41:35.312170012
5289.5,3,08:41:35.312417626
5289.75,5,08:41:35.437487433
5290.0,1,08:41:35.437504221
5289.75,5,08:41:35.437504221
5290.0,5,08:41:35.437504221
5290.0,1,08:41:35.437511434
5290.0,1,08:41:35.438243292
5290.0,1,08:41:35.548461876
5289.75,1,08:41:35.650884441
5290.0,2,08:41:35.798228501
5290.0,1,08:41:35.798415570
5290.0,1,08:41:35.873071801
5289.75,1,08:41:35.895637864
5290.0,19,08:41:36.043663128
5290.25,1,08:41:36.044203859
5290.25,1,08:41:36.044228883
5290.25,1,08:41:36.239742902
5290.25,13,08:41:36.240389757
5290.25,1,08:41:36.240660098
5290.25,1,08:41:36.240758048
5290.25,1,08:41:36.240800382
5290.25,1,08:41:36.240883920
5290.25,4,08:41:36.241155800
5290.25,1,08:41:36.241254158
5290.5,6,08:41:36.277969427
5290.5,3,08:41:36.277980598
5290.25,1,08:41:36.368334631
5290.5,1,08:41:36.430633219
5290.25,2,08:41:36.594253521
5290.25,2,08:41:36.594280723
5290.25,3,08:41:36.594396896
5290.25,2,08:41:36.594483557
5290.25,1,08:41:36.594483557
5290.25,4,08:41:36.594794849
5290.25,3,08:41:36.594870953
5290.5,1,08:41:36.697957453
5290.5,3,08:41:36.697998680
5290.5,2,08:41:36.698113934
5290.5,1,08:41:36.698150171
5290.5,2,08:41:36.707025157
5290.5,1,08:41:36.707176644
5290.5,1,08:41:36.707448557
5290.5,1,08:41:36.707483777
5290.5,1,08:41:36.707637815
5290.5,1,08:41:36.707989553
5290.5,2,08:41:36.846628000
5290.75,1,08:41:36.864684905
5290.75,1,08:41:36.910537984
5290.75,2,08:41:36.973606735
5290.75,3,08:41:36.974255609
5290.75,3,08:41:36.974470908
5290.75,1,08:41:36.974500276
5290.75,1,08:41:36.974544325
5290.75,2,08:41:36.974992949
5290.75,1,08:41:36.975063110
5290.75,4,08:41:36.975612954
5290.75,1,08:41:36.984151195
5290.75,1,08:41:36.984317211
5290.75,6,08:41:36.984832984
5290.75,1,08:41:36.985153656
5290.75,1,08:41:36.985205501
5290.75,1,08:41:37.160436532
5290.75,1,08:41:37.221157184
5290.75,2,08:41:37.307490828
5291.0,2,08:41:37.513259590
5291.0,2,08:41:37.513270307
5290.75,1,08:41:37.646742632
5291.0,1,08:41:37.668661954
5291.0,1,08:41:37.818477581
5291.0,10,08:41:37.841600522
5291.0,3,08:41:37.841840488
5291.0,1,08:41:37.842203398
5291.0,2,08:41:37.861545402
5291.0,1,08:41:37.861754347
5291.0,2,08:41:37.861926542
5291.0,2,08:41:37.861958095
5291.0,2,08:41:37.862014285
5291.0,1,08:41:37.979202632
5291.0,1,08:41:38.059170721
5291.0,4,08:41:38.129084555
5290.75,1,08:41:38.150826450
5291.0,7,08:41:38.193066900
5291.0,1,08:41:38.212593163
5290.75,4,08:41:38.242231294
5290.5,32,08:41:38.346942526
5290.75,18,08:41:38.346942526
5290.75,1,08:41:38.402046308
5290.75,1,08:41:38.482592525
5290.75,1,08:41:38.529639514
5290.75,1,08:41:38.635367997
5291.0,1,08:41:38.635547351
5290.75,6,08:41:38.635547351
5290.75,1,08:41:38.635839677
5290.75,2,08:41:38.636062223
5290.75,1,08:41:38.636111430
5290.75,1,08:41:38.636313287
5290.75,2,08:41:38.636421590
5290.75,1,08:41:38.660837280
5290.75,1,08:41:38.735893322
5291.0,1,08:41:38.739806527
5290.75,17,08:41:38.843130283
5290.75,16,08:41:39.145183070
5290.75,1,08:41:39.145436339
5290.75,3,08:41:39.145687726
5290.75,2,08:41:39.146164303
5291.0,1,08:41:39.207007548
5291.0,1,08:41:39.483170159
5291.0,1,08:41:39.483416564
5291.0,1,08:41:39.483647849
5291.0,1,08:41:39.485188936
5291.0,3,08:41:39.791447180
5291.25,1,08:41:40.185146812
5291.25,1,08:41:40.185163173
5291.25,3,08:41:40.185237353
5291.25,2,08:41:40.185332655
5291.25,1,08:41:40.185366711
5291.25,9,08:41:40.185432158
5291.25,1,08:41:40.481674644
5291.5,1,08:41:40.487686055
5291.5,8,08:41:40.487698052
5291.5,1,08:41:40.487833069
5291.5,1,08:41:40.487875298
5291.5,1,08:41:40.487919548
5291.5,1,08:41:40.488047471
5291.5,1,08:41:40.510042648
5291.5,3,08:41:40.580551695
5291.5,2,08:41:40.580977233
5291.5,2,08:41:40.581037240
5291.5,2,08:41:40.581545967
5291.75,2,08:41:40.751428521
5291.75,1,08:41:40.751442341
5291.75,1,08:41:40.751611840
5291.75,1,08:41:40.920647591
5291.75,1,08:41:40.967126660
5291.5,5,08:41:40.969884060
5291.5,3,08:41:40.970066786
5291.5,1,08:41:40.970134347
5291.5,2,08:41:40.970189743
5291.5,1,08:41:40.970280433
5291.5,2,08:41:40.970507420
5291.5,2,08:41:40.970575176
5291.5,3,08:41:40.970713877
5291.75,1,08:41:40.996666888
5291.5,3,08:41:41.035741046
5291.5,1,08:41:41.035763780
5291.5,1,08:41:41.035845314
5291.5,1,08:41:41.035907162
5291.5,1,08:41:41.036141122
5291.5,1,08:41:41.036317314
5291.5,1,08:41:41.036491830
5291.75,16,08:41:41.086429775
5291.75,6,08:41:41.158878764
5291.5,7,08:41:41.297922624
5291.75,4,08:41:41.297922624
5291.75,15,08:41:41.358190884
5292.0,1,08:41:41.358190884
5291.75,1,08:41:41.358525998
5291.75,1,08:41:41.358604469
5291.75,1,08:41:41.358682240
5291.75,1,08:41:41.358829021
5291.75,1,08:41:41.359519586
5291.75,5,08:41:41.454711830
5291.75,1,08:41:41.455771669
5291.75,1,08:41:41.580809326
5291.75,1,08:41:41.633166751
5291.5,1,08:41:41.775893696
5291.5,2,08:41:41.792455109
5291.5,1,08:41:41.795279047
5291.5,1,08:41:41.795468248
5291.5,1,08:41:41.795753188
5291.5,1,08:41:41.795795393
5291.5,1,08:41:41.796015750
5291.5,1,08:41:41.837760397
5291.5,1,08:41:41.837999839
5291.5,8,08:41:41.885023729
5291.25,1,08:41:41.952687959
5291.5,1,08:41:42.112169553
5291.5,5,08:41:42.290614637
5291.5,1,08:41:42.487965408
5291.5,1,08:41:42.578646358
5291.5,1,08:41:42.758326338
5291.5,1,08:41:43.390081036
5291.5,1,08:41:43.390115514
5291.5,2,08:41:43.390190459
5291.5,2,08:41:43.390247801
5291.5,1,08:41:43.390300813
5291.75,1,08:41:43.411991353
5291.5,1,08:41:43.632214627
5291.75,7,08:41:43.921812219
5291.75,2,08:41:44.019239003
5291.75,2,08:41:44.019279732
5292.0,1,08:41:44.060309023
5292.0,1,08:41:44.062058405
5292.0,1,08:41:44.248224738
5291.75,2,08:41:44.653966439
5291.75,1,08:41:44.654176229
5291.75,1,08:41:44.654240924
5291.75,1,08:41:44.654312964
5291.75,2,08:41:44.654312964
5291.75,9,08:41:44.654801316
5291.75,2,08:41:44.658654655
5291.75,1,08:41:44.658842691
5291.75,2,08:41:44.714502375
5291.5,34,08:41:44.774444193
5291.25,16,08:41:44.774444193
5291.5,3,08:41:44.782654321
5291.5,2,08:41:44.782706072
5291.75,2,08:41:44.795613779
5291.75,2,08:41:44.795645796
5291.75,7,08:41:44.795752563
5291.75,1,08:41:44.805706130
5292.0,1,08:41:44.825495803
5292.0,2,08:41:45.418291245
5292.0,1,08:41:45.540573599
5292.0,2,08:41:45.647423549
5292.0,1,08:41:45.870029077
5292.0,1,08:41:45.895252590
5292.0,48,08:41:46.424733158
5292.0,13,08:41:46.424902354
5292.0,1,08:41:46.424954192
5292.0,21,08:41:46.424991889
5292.0,2,08:41:46.425376684
5292.0,2,08:41:46.456201620
5292.0,1,08:41:46.461854569
5292.0,26,08:41:46.465335783
5291.75,1,08:41:46.625757076
5292.0,1,08:41:46.684245910
5292.0,1,08:41:46.860976266
5292.0,2,08:41:46.910761727
5292.0,1,08:41:47.057499179
5292.0,7,08:41:47.057831732
5292.0,3,08:41:47.058618197
5292.0,1,08:41:47.058798021
5291.75,1,08:41:47.211115374
5292.0,1,08:41:47.222466285
5292.0,1,08:41:47.222603046
5292.0,3,08:41:47.324072663
5292.0,11,08:41:47.368036004
5292.25,1,08:41:47.906044456
5292.25,3,08:41:47.906053525
5292.25,1,08:41:47.906053525
5292.25,1,08:41:47.906152171
5292.25,1,08:41:48.034930851
5292.0,5,08:41:48.382679503
5292.0,1,08:41:48.382860491
5292.0,4,08:41:48.382912015
5292.0,11,08:41:48.492191965
5292.0,1,08:41:48.492349517
5292.0,1,08:41:48.604924968
5292.0,1,08:41:48.636058143
5292.0,1,08:41:48.636218911
5292.0,2,08:41:48.636610686
5292.0,2,08:41:48.868163390
5292.0,5,08:41:48.881633245
5291.75,20,08:41:48.881633245
5292.0,1,08:41:49.101981133
5291.75,5,08:41:49.145690259
5291.75,1,08:41:49.294437546
5291.75,14,08:41:49.567881917
5291.5,5,08:41:49.626480793
5291.5,2,08:41:49.626513825
5291.5,2,08:41:49.626651748
5291.5,2,08:41:49.626939670
5291.5,1,08:41:49.626939670
5291.5,4,08:41:49.626939670
5291.5,8,08:41:49.627138154
5291.5,3,08:41:49.627565145
5291.5,4,08:41:49.627623815
5291.5,1,08:41:49.634769294
5291.75,2,08:41:49.640699638
5291.75,2,08:41:49.640884413
5291.75,1,08:41:49.641171407
5291.75,1,08:41:49.641216595
5291.75,2,08:41:49.641263494
5291.75,1,08:41:49.641310604
5291.5,2,08:41:49.780679619
5291.75,1,08:41:49.821046677
5291.75,1,08:41:49.986371186
5291.5,1,08:41:50.032934392
5291.5,6,08:41:50.033177462
5291.5,2,08:41:50.033375966
5291.5,2,08:41:50.033567474
5291.75,7,08:41:50.942290158
5291.75,1,08:41:50.942470021
5291.75,2,08:41:50.942518165
5291.75,2,08:41:51.264423322
5291.5,1,08:41:51.372489021
5291.75,3,08:41:51.470742092
5291.75,2,08:41:51.470922320
5291.75,1,08:41:51.487903418
5292.0,24,08:41:51.516218550
5292.0,25,08:41:51.657760120
5292.0,7,08:41:51.657882231
5292.0,1,08:41:51.739429040
5292.0,2,08:41:51.805852829
5292.0,1,08:41:51.805904839
5292.0,1,08:41:51.805985456
5291.5,7,08:41:51.920734942
5291.75,32,08:41:51.920734942
5292.0,11,08:41:51.920734942
5292.0,2,08:41:52.000771221
5292.0,1,08:41:52.074049501
5292.0,10,08:41:52.109418487
5292.0,1,08:41:52.223965112
5292.0,8,08:41:52.241542318
5292.0,1,08:41:52.287933786
5292.0,1,08:41:52.363093880
5292.0,2,08:41:52.392547035
5292.0,2,08:41:52.435590765
5292.0,3,08:41:52.435626280
5292.0,1,08:41:52.579293515
5292.0,2,08:41:52.593111381
5292.0,1,08:41:52.603387614
5292.0,4,08:41:52.835335484
5292.0,2,08:41:52.835665273
5292.0,2,08:41:52.835800889
5292.0,1,08:41:52.835840167
5292.0,2,08:41:53.462776910
5292.0,4,08:41:53.462946055
5292.0,1,08:41:53.463244372
5292.0,2,08:41:53.463437387
5292.25,3,08:41:53.559432660
5292.25,3,08:41:53.559567505
5292.25,1,08:41:53.559602620
5292.25,3,08:41:53.559700967
5292.25,1,08:41:53.559752463
5292.25,1,08:41:53.582453424
5292.25,3,08:41:53.582476854
5292.25,17,08:41:53.624435968
5292.5,2,08:41:53.685430634
5292.5,1,08:41:53.685445975
5292.5,2,08:41:53.685445975
5292.5,3,08:41:53.685637388
5292.5,1,08:41:53.685676876
5292.5,39,08:41:53.685824099
5292.5,1,08:41:54.006739541
5292.75,4,08:41:54.195191918
5293.0,1,08:41:54.195207080
5293.0,2,08:41:54.227459707
5292.75,5,08:41:54.227741667
5292.75,1,08:41:54.351762014
5292.75,1,08:41:54.508659903
5292.75,2,08:41:54.522018279
5292.75,1,08:41:54.522183008
5292.75,5,08:41:54.522268101
5292.75,2,08:41:54.522450953
5292.75,2,08:41:54.522637981
5292.75,1,08:41:54.523270086
5292.75,1,08:41:54.671901384
5293.0,1,08:41:54.828377514
5293.0,1,08:41:54.896951212
5293.0,1,08:41:55.136811826
5293.0,1,08:41:55.332596211
5292.75,1,08:41:55.335413102
5293.0,6,08:41:55.347455574
5293.25,1,08:41:55.392253296
5293.0,1,08:41:55.462473091
5293.0,2,08:41:55.971667344
5293.0,1,08:41:55.971960045
5293.25,1,08:41:56.139759202
5293.0,10,08:41:56.185490925
5293.0,1,08:41:56.217317236
5292.75,1,08:41:56.332662242
5292.75,2,08:41:56.347560274
5292.75,1,08:41:56.420882742
5292.75,3,08:41:56.421071859
5292.75,20,08:41:56.421291434
5292.5,3,08:41:56.445481489
5292.75,1,08:41:56.445496785
5292.75,1,08:41:56.525262320
5292.5,10,08:41:56.530349609
5292.5,3,08:41:56.531310756
5292.5,1,08:41:56.555349843
5292.25,1,08:41:56.689282966
5292.25,1,08:41:56.689293827
5292.5,2,08:41:56.781562975
5292.5,1,08:41:56.781691262
5292.5,1,08:41:56.781724281
5292.5,1,08:41:56.781759456
5292.5,2,08:41:56.782037714
5292.5,1,08:41:56.782074412
5292.5,1,08:41:56.782190911
5292.5,1,08:41:56.782776382
5292.75,25,08:41:56.861099567
5292.75,12,08:41:56.868801138
5292.75,1,08:41:56.868912852
5292.75,1,08:41:56.868955378
5292.75,5,08:41:56.869260146
5292.75,3,08:41:56.869618361
5292.5,1,08:41:56.897776860
5292.5,1,08:41:57.146974590
5292.5,2,08:41:57.345576965
5292.5,1,08:41:57.346247836
5292.5,1,08:41:57.479919531
5292.5,1,08:41:57.480549141
5292.5,1,08:41:57.480991655
5292.5,1,08:41:57.482798728
5292.5,1,08:41:57.483099521
5292.5,1,08:41:57.503911174
5292.5,2,08:41:57.558048881
5292.5,1,08:41:57.558196503
5292.5,2,08:41:57.558254418
5292.5,2,08:41:57.558293382
5292.75,2,08:41:57.598668312
5292.5,1,08:41:57.712550925
5292.25,1,08:41:57.738069218
5292.5,4,08:41:57.745183436
5292.5,2,08:41:57.745746667
5292.75,1,08:41:57.795585821
5292.5,1,08:41:57.952965825
5292.5,5,08:41:57.998069508
5292.5,1,08:41:57.998100062
5292.5,3,08:41:57.998179459
5292.5,5,08:41:57.998851744
5292.5,2,08:41:58.000283601
5292.5,1,08:41:58.017281304
5292.5,7,08:41:58.162095850
5292.5,4,08:41:58.162642378
5292.5,1,08:41:58.168452442
5292.5,1,08:41:58.193096293
5292.75,1,08:41:58.204153339
5292.75,1,08:41:58.820752068
5292.5,1,08:41:59.209102112
5292.75,10,08:41:59.218015287
5292.75,1,08:41:59.218118403
5292.75,1,08:41:59.218166432
5292.75,1,08:41:59.218263161
5292.75,1,08:41:59.218860177
5292.75,1,08:41:59.219435591
5292.75,3,08:41:59.219505301
5292.75,16,08:41:59.219505301
5292.75,1,08:41:59.220313571
5292.5,2,08:41:59.482588874
5292.5,1,08:41:59.482677336
5292.5,2,08:41:59.482677336
5292.5,2,08:41:59.482752925
5292.5,1,08:41:59.483271259
5292.5,1,08:41:59.483323999
5292.5,2,08:41:59.571326330
5292.5,2,08:41:59.595441915
5292.5,1,08:41:59.595479685
5292.5,1,08:41:59.649111094
5292.5,1,08:41:59.649368866
5292.5,2,08:41:59.659785163
5292.75,1,08:41:59.753139198
5292.25,3,08:41:59.906984586
5292.5,13,08:41:59.906984586
5292.5,1,08:41:59.907283841
5292.5,7,08:41:59.907598461
5292.5,1,08:41:59.907696636
5295.0,1,08:42:39.632754580
5295.0,3,08:42:39.632858185
5295.0,4,08:42:39.632858185
5295.0,2,08:42:39.632858185
5295.0,1,08:42:39.633136169
5295.0,2,08:42:39.633221825
5295.0,1,08:42:39.633221825
5295.0,1,08:42:39.633456828
5295.0,7,08:42:39.646344762
5295.0,1,08:42:39.646387282
5295.0,2,08:42:39.646689928
5295.0,5,08:42:39.646892793
5295.0,1,08:42:39.646924930
5295.0,1,08:42:39.647071657
5295.0,2,08:42:39.660616200
5295.0,2,08:42:39.660654450
5294.75,1,08:42:39.669681004
5294.75,1,08:42:40.229666875
5294.75,3,08:42:40.229876127
5294.75,1,08:42:40.229942366
5294.75,4,08:42:40.229942366
5294.75,2,08:42:40.230065389
5294.75,2,08:42:40.230077780
5294.75,4,08:42:40.230110346
5294.75,1,08:42:40.230221817
5294.75,2,08:42:40.230681146
5294.75,1,08:42:40.230898065
5294.75,1,08:42:40.230933812
5295.0,6,08:42:40.244390635
5294.75,5,08:42:40.381785989
5294.75,5,08:42:40.382168674
5294.75,4,08:42:40.382445627
5294.75,1,08:42:40.382480588
5294.75,1,08:42:40.502487888
5294.75,1,08:42:40.625078494
5294.5,1,08:42:41.018238743
5294.75,1,08:42:41.080386295
5294.75,1,08:42:41.193444156
5294.5,1,08:42:41.231128019
5294.75,2,08:42:41.426964662
5294.75,1,08:42:41.427012828
5294.75,1,08:42:41.427134841
5294.75,3,08:42:41.454319845
5294.5,1,08:42:41.502151196
5294.5,1,08:42:41.647772640
5294.5,1,08:42:41.907123493
5294.75,1,08:42:41.907362608
5294.75,1,08:42:42.335658414
5294.75,10,08:42:42.416659265
5294.75,1,08:42:42.416862056
5294.75,1,08:42:42.417055177
5294.5,3,08:42:42.553693408
5294.75,1,08:42:42.798946000
5294.75,1,08:42:43.193719216
5294.5,5,08:42:43.272907836
5294.75,1,08:42:43.278916525
5294.75,3,08:42:43.289221196
5294.75,2,08:42:43.289381661
5294.75,1,08:42:43.290012509
5294.75,2,08:42:43.290209502
5294.75,2,08:42:43.290277071
5294.75,1,08:42:43.290277071
5294.75,4,08:42:43.692994461
5294.5,3,08:42:43.802472211
5294.5,1,08:42:43.802635837
5294.5,1,08:42:43.802673384
5294.5,15,08:42:43.802800723
5294.25,2,08:42:43.867899858
5294.25,2,08:42:43.867941702
5294.25,1,08:42:43.868038847
5294.25,4,08:42:43.868296726
5294.25,2,08:42:43.868348306
5294.25,3,08:42:43.868495383
5294.25,1,08:42:43.868542674
5294.25,1,08:42:43.874411993
5294.25,2,08:42:43.938206791
5294.25,1,08:42:44.036262778
5294.5,1,08:42:44.139916577
5294.5,14,08:42:45.011309091
5294.5,1,08:42:45.011380318
5294.75,13,08:42:45.257022338
5294.75,1,08:42:45.387882120
5295.0,4,08:42:45.487836254
5295.0,1,08:42:45.487894998
5295.0,2,08:42:45.487952522
5295.0,3,08:42:45.488619291
5295.0,1,08:42:45.488799042
5295.0,1,08:42:45.488831256
5295.0,1,08:42:45.514098827
5295.0,1,08:42:45.547657938
5295.0,5,08:42:45.548260727
5295.0,1,08:42:45.548436520
5295.0,1,08:42:45.548470885
5295.25,1,08:42:45.551368864
5295.25,1,08:42:45.551382003
5295.25,1,08:42:45.774458726
5295.0,2,08:42:45.980330435
5294.75,1,08:42:46.412204127
5294.75,6,08:42:46.450069951
5294.75,16,08:42:46.545836403
5295.0,1,08:42:46.633127941
5294.75,1,08:42:46.779585428
5294.75,4,08:42:46.779661391
5294.75,1,08:42:46.779678156
5294.75,2,08:42:46.779955605
5294.5,1,08:42:46.909695230
5294.5,2,08:42:46.946302759
5294.75,5,08:42:47.501665498
5294.75,2,08:42:48.019916665
5294.75,1,08:42:48.020013749
5294.75,2,08:42:48.020056024
5294.75,2,08:42:48.020117796
5294.75,1,08:42:48.089372169
5294.75,1,08:42:48.157506392
5294.75,1,08:42:48.208592830
5294.75,2,08:42:48.306218874
5294.75,1,08:42:48.456895570
5294.75,1,08:42:48.915679877
5294.75,4,08:42:48.915865243
5294.75,1,08:42:48.915931276
5294.75,1,08:42:48.924990571
5294.75,2,08:42:48.925039995
5294.75,2,08:42:48.925382659
5294.75,2,08:42:49.094754118
5294.75,19,08:42:49.161346497
5294.5,6,08:42:49.161346497
5294.75,2,08:42:49.572964248
5294.75,2,08:42:49.573025839
5294.75,1,08:42:49.573025839
5294.75,1,08:42:49.573149080
5294.75,2,08:42:49.573204022
5295.0,13,08:42:50.284543697
5295.0,1,08:42:50.284588632
5295.0,1,08:42:50.285317405
5295.0,1,08:42:50.285377655
5295.0,1,08:42:50.285418447
5294.75,2,08:42:50.285681934
5294.75,2,08:42:50.288369278
5295.0,5,08:42:50.517269900
5295.0,20,08:42:50.688384233
5294.75,1,08:42:50.700515422
5294.75,3,08:42:50.965261628
5294.75,6,08:42:50.965668730
5294.75,1,08:42:50.965821886
5294.75,1,08:42:50.965862706
5294.75,2,08:42:50.981610413
5294.75,2,08:42:50.981842325
5294.75,1,08:42:51.004679904
5294.75,2,08:42:51.227587376
5294.75,1,08:42:51.277874541
5294.75,2,08:42:51.332061580
5294.75,2,08:42:51.332232343
5294.75,2,08:42:51.332459562
5294.75,4,08:42:51.332695173
5294.75,1,08:42:51.332742835
5294.75,2,08:42:51.335941799
5294.75,1,08:42:51.387643926
5294.5,31,08:42:51.651564928
5294.5,1,08:42:51.651614215
5294.5,8,08:42:51.651614215
5294.5,2,08:42:51.651684578
5294.5,3,08:42:51.651684578
5294.5,1,08:42:51.651748430
5294.5,1,08:42:51.652180599
5294.5,2,08:42:51.652235518
5294.5,1,08:42:51.652324383
5294.5,2,08:42:51.652525255
5294.5,14,08:42:51.770787718
5294.75,1,08:42:52.329688487
5294.5,6,08:42:52.373254487
5294.75,2,08:42:52.556687592
5294.5,1,08:42:52.837915259
5294.75,3,08:42:53.128226445
5294.75,3,08:42:53.128303669
5294.75,4,08:42:53.128347130
5294.75,1,08:42:53.128379195
5294.75,1,08:42:53.393921461
5295.0,1,08:42:53.441587316
5294.5,9,08:42:53.589778469
5294.75,20,08:42:53.589778469
5294.75,1,08:42:53.688716845
5294.75,1,08:42:53.691726343
5294.5,2,08:42:54.079235392
5294.75,1,08:42:54.088376883
5294.75,1,08:42:54.340010449
5294.75,1,08:42:54.340311837
5294.75,1,08:42:54.340413842
5294.75,2,08:42:54.599219268
5294.75,2,08:42:54.599278098
5294.75,1,08:42:54.599278098
5294.75,1,08:42:54.757842735
5294.75,3,08:42:55.036678009
5294.75,2,08:42:55.036962831
5294.75,2,08:42:55.037586098
5294.75,1,08:42:55.263235915
5294.75,1,08:42:55.564697644
5294.5,1,08:42:56.098238350
5294.5,1,08:42:57.386023140
5294.5,1,08:42:57.698897728
5294.75,3,08:42:57.817098645
5294.75,3,08:42:57.817306463
5294.75,1,08:42:57.817339436
5294.75,3,08:42:57.818687197
5294.75,2,08:42:57.818875001
5294.75,4,08:42:57.818937392
5294.5,4,08:42:58.199496731
5294.5,2,08:42:58.201694222
5294.5,1,08:42:58.201739361
5294.5,1,08:42:58.201792885
5294.5,3,08:42:58.201859075
5294.25,2,08:42:58.202652439
5294.25,6,08:42:58.202916639
5294.25,1,08:42:58.202972979
5294.25,1,08:42:58.203225836
5294.25,3,08:42:58.203403562
5294.25,1,08:42:58.203432503
5294.25,7,08:42:58.231151521
5294.25,1,08:42:58.231297728
5294.25,2,08:42:58.231565529
5294.25,2,08:42:58.231651047
5294.25,3,08:42:58.372134818
5294.25,1,08:42:58.469238624
5294.0,16,08:42:59.152775053
5294.0,1,08:42:59.152785850
5294.0,1,08:42:59.152794522
5294.0,2,08:42:59.153509628
5293.75,1,08:42:59.153702723
5293.75,1,08:42:59.153720765
5294.0,1,08:42:59.659885959
5294.0,2,08:42:59.969289301
5294.0,2,08:42:59.969515241
5294.0,2,08:42:59.969585572
5294.0,1,08:42:59.969585572
5294.25,1,08:42:59.977812337
5294.25,5,08:43:00.375473159
5294.25,6,08:43:00.474288379
5294.25,4,08:43:00.506102444
5294.25,1,08:43:00.583371726
5294.5,2,08:43:00.687455820
5294.25,6,08:43:00.687455820
5294.25,2,08:43:00.689988175
5294.25,4,08:43:00.690067984
5294.25,1,08:43:00.690257947
5294.5,30,08:43:00.720421507
5294.5,1,08:43:01.016231286
5294.75,10,08:43:01.111156974
5294.75,1,08:43:01.111304821
5294.75,1,08:43:01.113214440
5294.75,5,08:43:01.116572152
5294.75,2,08:43:01.116741184
5294.75,1,08:43:01.116962951
5294.5,1,08:43:01.277428745
5294.75,7,08:43:01.879561540
5294.75,8,08:43:01.883229601
5294.75,1,08:43:01.883260190
5294.75,1,08:43:01.883293826
5294.75,8,08:43:01.883417781
5294.75,1,08:43:01.883486384
5294.5,2,08:43:01.885608657
5294.5,3,08:43:01.885802763
5294.5,5,08:43:01.886124049
5294.5,1,08:43:01.886268133
5294.5,1,08:43:01.886317692
5294.5,1,08:43:01.886554910
5294.25,1,08:43:01.899015747
5294.25,5,08:43:01.899127071
5294.25,2,08:43:01.899175485
5294.25,2,08:43:01.899295518
5294.25,2,08:43:01.899603052
5294.25,2,08:43:01.902595240
5294.25,2,08:43:01.902777545
5294.25,1,08:43:01.902809923
5294.25,5,08:43:01.903706225
5294.5,1,08:43:01.903706225
5294.25,2,08:43:01.903911872
5294.25,1,08:43:01.904112497
5294.5,1,08:43:02.057333009
5294.5,1,08:43:02.309729849
5294.25,1,08:43:02.409803892
5294.25,1,08:43:02.409875259
5294.25,2,08:43:02.409948074
5294.0,1,08:43:02.704415099
5294.0,1,08:43:02.704580251
5294.0,1,08:43:02.704646572
5294.0,1,08:43:02.704770095
5294.0,2,08:43:02.704846621
5294.0,1,08:43:02.729219837
5294.0,1,08:43:02.731458170
5294.0,1,08:43:02.731617166
5294.0,2,08:43:02.815511886
5293.75,1,08:43:02.959184890
5293.75,16,08:43:02.961364812
5294.0,7,08:43:03.072722884
5293.75,13,08:43:03.072722884
5293.75,2,08:43:03.079297376
5293.75,1,08:43:03.079460038
5293.75,3,08:43:03.208422193
5293.75,1,08:43:03.208466713
5293.75,1,08:43:03.208552210
5293.75,4,08:43:03.364854047
5293.5,1,08:43:03.380803202
5293.5,1,08:43:03.380815253
5293.5,1,08:43:03.389246678
5293.5,1,08:43:03.463672670
5293.5,1,08:43:03.615862871
5293.5,1,08:43:03.616973550
5293.5,1,08:43:03.617060752
5293.5,1,08:43:03.632359832
5293.5,1,08:43:03.632583923
5293.5,1,08:43:03.632764567
5293.5,1,08:43:03.632843407
5293.25,10,08:43:03.874346749
5293.25,5,08:43:03.874361508
5293.25,2,08:43:03.890754623
5293.25,2,08:43:03.891096730
5293.25,2,08:43:03.891236953
5293.25,5,08:43:03.891236953
5293.5,2,08:43:04.293094446
5293.5,20,08:43:04.496137132
5293.5,1,08:43:04.671843554
5293.75,1,08:43:04.955555678
5293.5,2,08:43:05.041063340
5293.5,8,08:43:05.041306043
5293.5,3,08:43:05.088721981
5293.5,6,08:43:05.088966412
5293.75,10,08:43:05.184145182
5293.75,1,08:43:05.184278240
5293.75,2,08:43:05.184330152
5293.75,2,08:43:05.184437211
5293.75,1,08:43:05.184437211
5293.75,1,08:43:05.186421542
5293.75,1,08:43:05.208675944
5293.75,1,08:43:05.234928802
5293.75,5,08:43:05.271082448
5294.0,6,08:43:05.275117314
5293.75,1,08:43:05.298983547
5293.75,1,08:43:05.552814230
5293.75,1,08:43:05.665888123
5294.0,2,08:43:06.049311847
5294.0,1,08:43:06.049478530
5294.0,1,08:43:06.049542974
5294.0,2,08:43:06.049620806
5294.0,3,08:43:06.049685229
5294.0,1,08:43:06.049742831
5294.0,1,08:43:06.049825476
5293.75,1,08:43:06.124820093
5293.75,1,08:43:06.552952541
5293.75,2,08:43:06.638188526
5293.75,2,08:43:06.638223083
5293.75,1,08:43:06.638277023
5293.75,3,08:43:06.638340366
5294.0,5,08:43:06.714772864
5294.0,2,08:43:07.033260456
5294.0,2,08:43:07.033406341
5294.0,4,08:43:07.086365513
5294.0,2,08:43:07.769555835
5294.0,1,08:43:07.888043797
5294.0,2,08:43:07.888092720
5294.0,2,08:43:08.621793533
5294.0,1,08:43:08.624279990
5294.0,7,08:43:08.624543169
5294.0,1,08:43:08.682492591
5294.0,1,08:43:08.682683839
5294.0,1,08:43:08.682980194
5294.0,1,08:43:08.701255850
5294.0,1,08:43:08.730954198
5294.0,1,08:43:08.731338986
5294.0,5,08:43:08.932394641
5294.0,1,08:43:08.932592918
5294.0,4,08:43:08.932941917
5294.0,1,08:43:08.932976237
5294.0,1,08:43:08.933152702
5294.0,2,08:43:08.955282503
5294.0,1,08:43:09.105389279
5294.0,2,08:43:09.191148338
5294.0,1,08:43:09.191176540
5294.0,2,08:43:09.191300824
5294.0,1,08:43:09.191595812
5294.0,3,08:43:09.351845984
5294.0,1,08:43:09.382324776
5294.0,1,08:43:09.428970644
5294.0,1,08:43:09.597466993
5294.0,1,08:43:09.597679282
5294.0,1,08:43:09.650732915
5294.0,1,08:43:09.854290447
5294.0,1,08:43:09.854419109
5294.0,1,08:43:09.900977596
5294.0,1,08:43:09.901274168
5294.0,1,08:43:09.942587654
5294.0,1,08:43:10.111614019
5294.0,4,08:43:10.111989588
5294.0,1,08:43:10.155222063
5294.0,2,08:43:10.469972356
5294.0,2,08:43:10.755273036
5294.0,1,08:43:10.810765617
5294.0,2,08:43:10.839549277
5294.0,2,08:43:10.839593458
5294.0,2,08:43:10.839872126
5294.0,3,08:43:10.840076719
5294.0,1,08:43:10.840124234
5294.0,2,08:43:10.841754942
5294.0,1,08:43:10.845100488
5294.0,1,08:43:10.845424686
5294.5,6,08:43:11.451975581
5294.25,31,08:43:11.451975581
5294.5,1,08:43:11.474511052
5294.0,28,08:43:12.022809253
5293.5,63,08:43:12.022809253
5294.25,12,08:43:12.022809253
5293.75,66,08:43:12.022809253
5293.25,61,08:43:12.022809253
5293.5,1,08:43:12.025798938
5293.5,1,08:43:12.025878607
5293.5,1,08:43:12.026046931
5293.25,15,08:43:12.026532386
5293.25,1,08:43:12.026598798
5293.25,7,08:43:12.026598798
5293.25,1,08:43:12.026727443
5293.25,1,08:43:12.026903645
5293.25,2,08:43:12.026903645
5293.25,1,08:43:12.026916282
5293.25,1,08:43:12.027035558
5293.25,8,08:43:12.027199501
5293.25,2,08:43:12.027199501
5293.25,7,08:43:12.027275343
5293.25,1,08:43:12.027548161
5293.25,1,08:43:12.027708951
5293.0,5,08:43:12.027708951
5293.25,1,08:43:12.027817722
5293.25,1,08:43:12.027862074
5293.25,1,08:43:12.028147264
5293.25,2,08:43:12.028199125
5293.25,5,08:43:12.028495815
5293.25,1,08:43:12.028545237
5293.25,1,08:43:12.028735702
5293.0,2,08:43:12.032710903
5293.0,4,08:43:12.032812897
5293.0,54,08:43:12.032959236
5293.0,3,08:43:12.033043891
5293.0,1,08:43:12.033043891
5293.0,2,08:43:12.033210880
5293.0,1,08:43:12.033210880
5293.0,2,08:43:12.033382205
5293.0,6,08:43:12.033382205
5293.0,1,08:43:12.033554711
5293.0,1,08:43:12.033712180
5293.0,22,08:43:12.033966748
5293.0,1,08:43:12.034327610
5293.0,1,08:43:12.034559397
5293.0,9,08:43:12.037443510
5293.0,1,08:43:12.037617958
5293.0,2,08:43:12.037830696
5293.0,2,08:43:12.038024773
5293.0,1,08:43:12.038707644
5293.0,1,08:43:12.038796357
5293.0,2,08:43:12.040450684
5292.75,1,08:43:12.040950032
5292.75,1,08:43:12.040966634
5292.75,2,08:43:12.040966634
5293.0,2,08:43:12.041044898
5292.75,19,08:43:12.138105599
5292.75,3,08:43:12.138587309
5292.75,1,08:43:12.138780365
5292.75,1,08:43:12.146332188
5292.75,1,08:43:12.146540954
5292.75,1,08:43:12.342108598
5292.5,2,08:43:12.831454757
5292.5,5,08:43:12.831463912
5292.5,1,08:43:12.831463912
5292.5,1,08:43:12.831570679
5292.5,1,08:43:12.831730734
5292.5,2,08:43:12.831730734
5292.5,2,08:43:12.831806786
5292.5,1,08:43:12.831806786
5292.5,1,08:43:12.831840323
5292.5,1,08:43:12.900605290
5292.25,10,08:43:12.986016798
5292.25,1,08:43:12.986030638
5292.25,2,08:43:12.986030638
5292.25,1,08:43:12.986176945
5292.25,2,08:43:12.986287671
5292.25,4,08:43:12.986507233
5292.25,4,08:43:12.986695138
5292.25,4,08:43:12.987101793
5292.25,3,08:43:12.987222278
5292.25,1,08:43:12.987382211
5292.25,11,08:43:12.989369159
5292.25,1,08:43:12.991889304
5292.25,2,08:43:12.992060984
5292.25,1,08:43:12.992105039
5292.25,1,08:43:12.992426086
5292.25,2,08:43:13.192294908
5292.25,2,08:43:13.192482307
5292.25,1,08:43:13.192502772
5292.25,1,08:43:13.192560062
5292.25,1,08:43:13.200550259
5292.25,1,08:43:13.200583296
5292.25,1,08:43:13.200764532
5292.25,1,08:43:13.200931217
5292.25,2,08:43:13.200978110
5292.25,2,08:43:13.201024505
5292.25,2,08:43:13.262658093
5292.25,2,08:43:13.262856727
5292.25,6,08:43:13.287544519
5292.0,1,08:43:13.287544519
5292.0,2,08:43:13.287557287
5292.0,1,08:43:13.287557287
5292.0,7,08:43:13.287557287
5292.0,1,08:43:13.307894530
5292.0,12,08:43:13.507580399
5292.0,1,08:43:13.542786932
5292.0,2,08:43:13.581221745
5292.0,22,08:43:13.581515187
5291.75,10,08:43:13.597491571
5291.75,2,08:43:13.597504452
5291.75,1,08:43:13.597868702
5291.75,1,08:43:13.597908706
5291.75,3,08:43:13.598118537
5291.75,1,08:43:13.840091785
5291.75,1,08:43:13.864543188
5291.75,1,08:43:13.878907959
5291.75,1,08:43:14.098052476
5291.75,1,08:43:14.141695109
5291.75,9,08:43:14.152300317
5291.75,4,08:43:14.153447854
5291.75,6,08:43:14.153900753
5291.75,1,08:43:14.154081919
5291.75,1,08:43:14.154235068
5291.75,4,08:43:14.156120587
5291.75,2,08:43:14.180954389
5291.5,4,08:43:14.251218519
5291.5,1,08:43:14.251229080
5291.75,3,08:43:14.251601008
5291.75,4,08:43:14.251857387
5291.75,10,08:43:14.252216486
5291.75,1,08:43:14.252398742
5291.75,1,08:43:14.252438019
5291.75,1,08:43:14.252642488
5291.75,1,08:43:14.439518267
5292.0,22,08:43:14.470411558
5292.0,5,08:43:14.482185373
5292.0,1,08:43:14.576778683
5292.25,8,08:43:14.594898425
5292.25,3,08:43:14.596647714
5292.25,2,08:43:14.596687188
5292.25,2,08:43:14.596955913
5292.25,2,08:43:14.596994723
5292.25,1,08:43:14.597140538
5292.25,2,08:43:14.597199006
5292.0,12,08:43:14.618147433
5292.0,3,08:43:14.634482298
5292.0,3,08:43:14.634529230
5292.0,2,08:43:14.634567855
5292.0,5,08:43:14.634952394
5292.0,2,08:43:14.635190101
5292.0,1,08:43:14.635430132
5291.75,1,08:43:14.662149440
5291.75,1,08:43:14.690052603
5292.0,1,08:43:14.856044951
5292.0,7,08:43:14.856789350
5292.25,2,08:43:15.019413455
5292.25,1,08:43:15.078704105
5292.25,1,08:43:15.164934333
5292.25,1,08:43:15.225660111
5292.5,1,08:43:15.700558606
5292.25,3,08:43:15.796752762
5292.5,1,08:43:16.847372182
5292.5,5,08:43:17.318714675
5292.75,1,08:43:17.502288565
5292.75,3,08:43:17.947092644
5293.0,19,08:43:18.642395110
5293.25,31,08:43:18.642395110
5293.25,1,08:43:18.642434612
5293.25,1,08:43:18.642443770
5293.0,1,08:43:18.929168589
5293.25,1,08:43:19.500901578
5293.25,2,08:43:19.744601757
5293.0,1,08:43:19.842476766
5293.0,1,08:43:19.959129673
5293.25,1,08:43:19.959256520
5293.25,1,08:43:20.108788176
5293.25,1,08:43:20.118110118
5293.0,1,08:43:20.139331090
5293.25,50,08:43:20.188027940
5293.25,35,08:43:20.188340461
5293.25,20,08:43:20.190768079
5293.25,1,08:43:20.190834860
5293.25,2,08:43:20.443385506
5293.0,1,08:43:20.445671981
5293.0,1,08:43:20.463420199
5293.0,2,08:43:20.463491983
5293.0,1,08:43:20.463603588
5293.0,5,08:43:20.463603588
5293.0,3,08:43:20.463652616
5293.0,1,08:43:20.463766513
5293.0,1,08:43:20.463839320
5293.0,2,08:43:20.469987262
5293.0,2,08:43:20.470314348
5293.0,2,08:43:20.470438747
5293.0,1,08:43:20.488516629
5293.0,2,08:43:20.741211099
5293.0,1,08:43:20.741244879
5293.0,1,08:43:20.742135578
5293.0,2,08:43:20.742163093
5293.0,3,08:43:20.742257830
5293.0,1,08:43:20.746332197
5293.0,1,08:43:21.142487484
5293.25,1,08:43:21.156560620
5293.0,1,08:43:21.444510712
5292.75,15,08:43:21.526291718
5293.0,15,08:43:21.526291718
5292.75,1,08:43:21.747799327
5292.75,15,08:43:21.817623649
5293.0,4,08:43:21.840835677
5292.75,1,08:43:22.050458198
5292.75,1,08:43:22.142191085
5292.75,5,08:43:22.149614809
5292.75,2,08:43:22.188070486
5292.5,1,08:43:22.741140988
5292.75,2,08:43:23.331295359
5292.75,2,08:43:23.331393355
5292.75,1,08:43:23.331987773
5292.75,1,08:43:23.522736745
5292.75,1,08:43:23.523007784
5292.75,2,08:43:24.156818757
5292.75,3,08:43:24.156856040
5292.75,1,08:43:24.156958478
5292.75,1,08:43:24.156993186
5292.75,1,08:43:24.157072650
5292.75,5,08:43:24.157324341
5292.75,1,08:43:24.157411789
5292.75,2,08:43:24.157411789
5292.75,1,08:43:24.157502486
5293.0,3,08:43:24.987633324
5293.0,3,08:43:24.987663652
5293.0,6,08:43:24.987821866
5293.0,1,08:43:24.987886369
5293.0,2,08:43:24.987886369
5293.0,6,08:43:24.988541740
5293.0,1,08:43:24.988921635
5293.0,12,08:43:25.176193428
5293.5,35,08:43:25.176193428
5293.25,53,08:43:25.176193428
5293.5,3,08:43:25.176209752
5293.25,1,08:43:25.177105268
5293.25,1,08:43:25.177182239
5293.25,1,08:43:25.177461191
5293.25,1,08:43:25.177569817
5293.25,1,08:43:25.177799368
5293.25,2,08:43:25.177799368
5293.25,2,08:43:25.178072295
5293.25,1,08:43:25.178072295
5293.25,1,08:43:25.178293842
5293.25,1,08:43:25.178348416
5293.0,2,08:43:25.178765970
5293.0,3,08:43:25.178868519
5293.0,1,08:43:25.178994152
5293.0,2,08:43:25.178994152
5293.0,14,08:43:25.179114092
5293.0,1,08:43:25.179269410
5293.0,3,08:43:25.179269410
5293.0,5,08:43:25.179313913
5293.0,1,08:43:25.179600246
5293.0,2,08:43:25.635958970
5293.0,1,08:43:25.636165796
5293.0,1,08:43:25.717633340
5293.0,15,08:43:26.238728542
5293.0,1,08:43:26.590126066
5293.0,1,08:43:26.761605145
5293.25,1,08:43:26.955934311
5293.0,1,08:43:27.588719073
5293.25,1,08:43:27.714566001
5293.25,3,08:43:27.995532161
5293.25,1,08:43:28.002083558
5293.25,2,08:43:28.002245714
5293.25,4,08:43:28.169537887
5293.25,3,08:43:28.169726841
5293.25,1,08:43:28.396267604
5293.25,2,08:43:28.526752595
5293.25,3,08:43:28.526892556
5293.25,20,08:43:28.526944403
5293.25,1,08:43:28.527088410
5293.25,4,08:43:28.527149841
5293.25,41,08:43:28.527149841
5293.25,1,08:43:28.527162651
5293.25,17,08:43:28.527261130
5293.25,22,08:43:28.531682826
5293.0,2,08:43:28.533204819
5293.0,1,08:43:28.533366156
5293.0,2,08:43:28.533366156
5293.0,4,08:43:28.533366156
5293.0,1,08:43:28.533427411
5293.0,2,08:43:28.533516006
5293.0,1,08:43:28.533516006
5293.0,1,08:43:28.597857275
5293.0,2,08:43:28.807872416
5293.25,8,08:43:28.807872416
5293.0,14,08:43:28.837289750
5292.75,11,08:43:28.837289750
5293.0,7,08:43:29.270842643
5293.0,1,08:43:29.271054619
5293.0,1,08:43:29.771705390
5292.75,1,08:43:30.211306135
5293.0,1,08:43:30.278440792
5293.0,1,08:43:30.278604284
5293.0,1,08:43:30.328906069
5293.0,2,08:43:30.417765867
5293.0,5,08:43:30.472609600
5293.25,2,08:43:30.770930055
5293.0,1,08:43:31.323756620
5293.0,5,08:43:31.522106967
5293.25,1,08:43:31.827402255
5293.0,1,08:43:31.999435643
5293.0,14,08:43:33.374198208
5293.0,1,08:43:33.426959809
5293.0,1,08:43:33.627594081
5293.0,3,08:43:33.642632164
5293.0,4,08:43:33.642817624
5293.0,1,08:43:33.642851599
5293.0,2,08:43:33.700082778
5293.0,2,08:43:33.700120782
5293.0,1,08:43:33.700186217
5293.0,5,08:43:33.700186217
5293.0,1,08:43:33.700215357
5293.0,1,08:43:33.700248375
5293.0,1,08:43:33.700317593
5293.0,4,08:43:33.700436257
5293.0,1,08:43:33.700853667
5293.0,1,08:43:33.701005875
5293.0,3,08:43:33.718828363
5293.25,1,08:43:33.820559735
5293.25,1,08:43:33.820582500
5293.25,2,08:43:33.820624638
5293.25,3,08:43:33.820682598
5293.25,3,08:43:33.820744036
5293.25,3,08:43:33.820802332
5293.25,1,08:43:33.820802332
5293.25,42,08:43:33.820914254
5293.25,13,08:43:33.826609511
5293.0,10,08:43:33.909608056
5293.0,1,08:43:33.909761810
5293.0,4,08:43:33.909840813
5293.0,1,08:43:33.909989110
5293.0,2,08:43:33.914479003
5293.0,2,08:43:33.914648446
5293.0,2,08:43:34.039166232
5293.0,3,08:43:34.039365523
5292.75,1,08:43:34.259882684
5293.0,4,08:43:34.327414340
5293.0,1,08:43:34.327560033
5293.0,2,08:43:34.524327560
5293.25,10,08:43:35.012613728
5293.0,1,08:43:35.081440951
5293.25,17,08:43:35.156777572
5293.25,8,08:43:35.159547350
5293.0,2,08:43:35.160111583
5293.0,1,08:43:35.160277112
5293.0,3,08:43:35.160277112
5293.0,5,08:43:35.160277112
5293.0,1,08:43:35.160393908
5293.0,1,08:43:35.403062978
5293.0,1,08:43:35.403217125
5293.0,1,08:43:35.403270425
5293.0,1,08:43:35.456617293
5293.25,6,08:43:35.487952820
5293.25,8,08:43:35.487993919
5293.25,7,08:43:35.488074851
5293.25,3,08:43:35.488074851
5293.25,3,08:43:35.488106839
5293.0,1,08:43:35.974163852
5293.0,8,08:43:36.145619059
5293.0,1,08:43:36.204406105
5293.0,2,08:43:36.204598003
5293.0,1,08:43:36.602955804
5293.0,2,08:43:37.260850183
5292.75,1,08:43:37.388311055
5293.0,2,08:43:37.655143523
5293.0,1,08:43:37.655324700
5293.0,2,08:43:38.009219319
5293.0,13,08:43:38.009307766
5293.0,1,08:43:38.009399418
5293.0,2,08:43:38.009399418
5293.0,2,08:43:38.009432059
5293.0,8,08:43:38.009538083
5293.0,1,08:43:38.350113521
5293.25,4,08:43:39.123988874
5293.25,4,08:43:39.259257257
5293.25,3,08:43:39.259461299
5293.25,8,08:43:39.259714187
5293.25,18,08:43:39.263324993
5293.25,1,08:43:39.414748166
5293.0,2,08:43:39.876515167
5293.0,6,08:43:39.876800270
5293.0,1,08:43:39.889720310
5293.0,2,08:43:40.710556817
5293.0,1,08:43:40.710730739
5293.0,2,08:43:40.710792172
5293.25,30,08:43:41.419655380
5293.25,23,08:43:41.423116751
5293.0,2,08:43:41.619390278
5293.0,2,08:43:41.619493531
5293.0,4,08:43:41.619593385
5293.0,1,08:43:41.619909222
5293.0,4,08:43:41.620159313
5293.0,2,08:43:41.620252902
5293.0,1,08:43:41.620252902
5293.0,1,08:43:41.620436750
5293.0,1,08:43:41.924239309
5292.75,2,08:43:42.015300620
5292.75,3,08:43:42.015375262
5292.75,1,08:43:42.015443855
5292.75,1,08:43:42.015482467
5292.75,6,08:43:42.015543146
5292.75,1,08:43:42.016294163
5292.75,2,08:43:42.016638753
5292.75,1,08:43:42.895760995
5292.5,1,08:43:42.896305624
5292.5,1,08:43:42.896510204
5292.5,2,08:43:42.939213096
5292.5,19,08:43:42.939592812
5292.5,1,08:43:42.940131281
5292.5,2,08:43:43.133228617
5292.5,2,08:43:43.133398105
5292.5,7,08:43:43.133513672
5292.5,1,08:43:43.527764743
5292.5,2,08:43:43.657100362
5292.5,3,08:43:43.657333320
5292.5,1,08:43:43.658018137
5292.5,1,08:43:43.658245412
5292.5,1,08:43:43.658441778
5292.5,1,08:43:43.830876095
5292.5,1,08:43:43.856852520
5292.5,2,08:43:43.856893923
5292.5,2,08:43:43.990473708
5292.25,1,08:43:44.107370970
5292.5,2,08:43:44.114864712
5292.5,1,08:43:44.114930236
5292.5,2,08:43:44.115039079
5292.5,1,08:43:44.115165527
5292.75,1,08:43:44.137712668
5292.5,1,08:43:44.297182172
5292.5,2,08:43:44.709493334
5292.5,3,08:43:44.709555460
5292.5,1,08:43:44.826776623
5292.5,4,08:43:45.797192450
5292.25,1,08:43:45.805258598
5292.5,18,08:43:45.927371000
5292.75,6,08:43:45.927371000
5292.5,2,08:43:45.927945399
5292.5,1,08:43:46.056315019
5292.5,1,08:43:46.056507416
5292.5,1,08:43:46.056542207
5292.5,2,08:43:46.252022375
5292.5,1,08:43:46.252165094
5292.5,4,08:43:46.252263227
5292.5,1,08:43:46.309203371
5292.5,1,08:43:46.514984121
5292.5,10,08:43:46.781434398
5292.75,2,08:43:47.573270735
5292.5,8,08:43:47.903594414
5292.5,1,08:43:48.177058047
5292.5,8,08:43:48.177332042
5292.5,1,08:43:48.177497989
5292.5,1,08:43:48.177542469
5292.5,2,08:43:48.703899853
5292.75,2,08:43:49.200968970
5292.75,2,08:43:49.763657995
5292.75,1,08:43:49.763985985
5292.75,2,08:43:49.929124042
5292.75,5,08:43:50.082838613
5292.75,4,08:43:50.082985280
5292.75,1,08:43:50.140185989
5292.75,1,08:43:50.194576092
5293.0,1,08:43:50.456017559
5292.75,3,08:43:50.635260076
5292.75,1,08:43:50.635402562
5292.75,4,08:43:50.635474410
5292.75,3,08:43:50.635553595
5292.75,1,08:43:50.636028466
5292.75,1,08:43:50.636203553
5292.75,1,08:43:50.808847793
5292.5,1,08:43:50.969117324
5292.75,1,08:43:51.148453696
5292.75,2,08:43:51.152706249
5292.75,1,08:43:51.152845708
5292.75,1,08:43:51.525664972
5292.75,1,08:43:51.709354254
5292.75,1,08:43:51.709725867
5292.75,1,08:43:51.709767944
5292.75,2,08:43:51.936702078
5292.75,3,08:43:51.936767717
5292.75,8,08:43:51.937575086
5292.75,1,08:43:51.937765446
5292.75,1,08:43:51.941292624
5292.75,1,08:43:51.968104860
5292.75,4,08:43:51.968331228
5292.75,2,08:43:51.969751940
5292.75,3,08:43:51.969812810
5292.75,1,08:43:51.969845383
5292.75,6,08:43:51.970849075
5292.75,1,08:43:51.971024909
5292.5,2,08:43:52.366590767
5292.5,2,08:43:52.510071393
5292.5,12,08:43:52.510242532
5292.5,2,08:43:52.511312929
5292.5,1,08:43:52.511455904
5292.5,1,08:43:52.519386990
5292.5,2,08:43:52.691936136
5292.5,1,08:43:52.691968428
5292.5,6,08:43:52.750330609
5292.75,37,08:43:52.750330609
5293.0,7,08:43:52.750330609
5292.75,1,08:43:52.751105659
5292.75,1,08:43:52.751263713
5292.5,1,08:43:53.061418839
5292.75,1,08:43:53.265731553
5292.75,1,08:43:53.365992713
5292.75,4,08:43:53.689876461
5292.75,1,08:43:53.690044900
5292.75,2,08:43:53.690731506
5292.75,3,08:43:53.690964812
5292.5,2,08:43:54.002419347
5292.5,3,08:43:54.002492491
5292.25,1,08:43:54.006274465
5292.5,2,08:43:54.327990967
5292.5,1,08:43:54.328179076
5292.75,1,08:43:54.379321640
5292.75,2,08:43:54.379359663
5292.75,1,08:43:54.379473944
5292.75,1,08:43:54.379553187
5292.75,1,08:43:54.383504406
5292.75,2,08:43:54.406422501
5292.75,1,08:43:54.406443310
5292.5,1,08:43:54.622283364
5292.5,5,08:43:54.654363607
5292.75,2,08:43:55.309404555
5292.75,2,08:43:55.309482716
5292.75,3,08:43:55.309516324
5292.75,5,08:43:55.362398648
5292.75,5,08:43:55.369383849
5292.75,3,08:43:55.397965542
5292.75,1,08:43:56.282657163
5292.75,2,08:43:56.282823752
5292.75,2,08:43:56.282895897
5292.75,1,08:43:56.282895897
5292.75,2,08:43:56.282995391
5292.75,2,08:43:56.283188035
5292.75,2,08:43:56.283381034
5292.75,2,08:43:56.283439297
5292.75,3,08:43:57.207321341
5292.5,1,08:43:57.518851271
5292.75,5,08:43:57.647970481
5292.75,2,08:43:57.648196790
5292.75,2,08:43:57.660178475
5292.5,1,08:43:58.033304322
5292.75,3,08:43:58.410479922
5292.75,1,08:43:58.417225785
5292.75,1,08:43:58.990598493
5292.75,4,08:43:58.990883436
5292.75,1,08:43:58.991061446
5293.0,1,08:43:59.209868171
5293.0,1,08:43:59.210024463
5293.0,1,08:43:59.210060796
5293.0,3,08:43:59.210123093
5293.0,2,08:43:59.219869782
5292.75,1,08:43:59.348187984
5292.75,2,08:43:59.423134583
5292.75,1,08:43:59.713895080
5293.0,8,08:43:59.970916923
5293.0,3,08:44:35.618748130
5293.0,1,08:44:35.618926411
5293.0,1,08:44:35.618967735
5293.0,1,08:44:35.811447744
5293.25,1,08:44:35.911353066
5293.0,1,08:44:36.326803602
5293.0,1,08:44:37.039522132
5293.25,2,08:44:37.152111763
5293.0,1,08:44:37.214470092
5293.0,1,08:44:37.452695010
5293.25,38,08:44:37.554868990
5293.0,2,08:44:38.311759777
5293.0,4,08:44:38.311825644
5293.0,16,08:44:38.312010041
5293.0,1,08:44:38.312179555
5293.0,8,08:44:38.312231329
5293.0,1,08:44:38.312231329
5293.25,10,08:44:38.923749817
5293.0,1,08:44:39.360940736
5293.25,1,08:44:39.610346298
5293.25,1,08:44:39.734143191
5293.0,1,08:44:41.419419297
5293.0,3,08:44:41.654095330
5293.0,7,08:44:41.654145465
5293.0,3,08:44:41.654194072
5293.0,13,08:44:41.654383602
5293.0,12,08:44:41.654456701
5293.0,2,08:44:41.654500026
5293.0,14,08:44:41.654640442
5293.0,25,08:44:41.673788656
5293.25,2,08:44:41.719298820
5293.25,4,08:44:41.719319022
5293.25,3,08:44:41.719458494
5293.25,2,08:44:41.840661921
5293.25,2,08:44:41.840723286
5293.25,1,08:44:41.840723286
5293.25,7,08:44:41.840841903
5293.25,8,08:44:41.840915654
5293.25,3,08:44:41.841059677
5293.25,1,08:44:41.841102045
5293.25,1,08:44:41.841133008
5293.25,4,08:44:41.841309118
5293.25,1,08:44:41.842912584
5293.25,6,08:44:41.844499614
5293.0,1,08:44:42.068993976
5293.0,2,08:44:42.381084996
5293.25,15,08:44:43.230436802
5293.25,3,08:44:44.236775110
5293.25,2,08:44:44.236972743
5293.25,38,08:44:44.569249514
5293.25,6,08:44:44.572470348
5293.0,1,08:44:44.734582212
5293.0,2,08:44:44.734649018
5293.0,1,08:44:44.734750086
5293.0,3,08:44:44.734837924
5293.0,2,08:44:44.734902725
5293.0,1,08:44:44.734966487
5293.0,1,08:44:44.735023073
5292.75,1,08:44:45.033131848
5292.75,1,08:44:45.482590785
5292.75,1,08:44:46.326283819
5292.75,1,08:44:46.380010273
5293.0,5,08:44:47.492777465
5293.0,2,08:44:47.638349422
5293.0,4,08:44:47.638567148
5293.0,1,08:44:47.639016681
5293.0,1,08:44:47.640021725
5293.0,3,08:44:47.640209053
5293.0,2,08:44:47.641857698
5293.0,1,08:44:47.749154479
5293.25,1,08:44:47.752269064
5293.0,1,08:44:47.803616526
5293.0,5,08:44:47.803899671
5292.75,1,08:44:47.999402745
5292.75,1,08:44:48.463295761
5293.0,3,08:44:48.760761505
5292.75,1,08:44:48.827868708
5293.0,1,08:44:49.278388420
5293.0,1,08:44:49.286408342
5292.75,4,08:44:49.453697202
5292.75,2,08:44:49.453740602
5292.75,2,08:44:49.453815966
5292.75,4,08:44:49.453859420
5292.75,7,08:44:49.453990501
5292.75,1,08:44:49.453990501
5292.75,4,08:44:49.454041939
5292.75,1,08:44:49.454491209
5292.75,3,08:44:49.454799915
5292.75,2,08:44:50.131941517
5292.75,1,08:44:50.132092957
5292.75,6,08:44:50.132206309
5292.75,1,08:44:50.132235379
5292.75,1,08:44:50.132384601
5292.75,5,08:44:50.145354652
5293.0,14,08:44:50.894124881
5293.25,36,08:44:50.894124881
5293.0,1,08:44:51.494025489
5293.0,2,08:44:51.885623001
5293.0,26,08:44:51.885965610
5292.75,3,08:44:52.163341782
5292.75,5,08:44:52.164060574
5292.75,3,08:44:52.164191875
5292.75,2,08:44:52.164402290
5293.0,1,08:44:52.187997621
5292.75,5,08:44:52.858329156
5292.75,1,08:44:53.033620192
5293.0,3,08:44:53.139740908
5293.0,11,08:44:53.139993320
5293.0,1,08:44:53.140126036
5293.0,1,08:44:53.140285508
5293.0,6,08:44:53.140535251
5293.0,1,08:44:53.140592099
5293.0,1,08:44:53.140721702
5293.0,1,08:44:53.140756183
5293.0,2,08:44:53.141073969
5293.0,5,08:44:53.155781152
5293.0,1,08:44:53.155954231
5293.0,2,08:44:53.473860732
5293.0,3,08:44:53.474037628
5293.0,1,08:44:53.729835963
5293.0,5,08:44:53.729916662
5293.0,2,08:44:53.731119413
5293.0,2,08:44:53.731345244
5293.0,1,08:44:53.731408216
5293.0,2,08:44:53.731455925
5293.0,1,08:44:54.127426361
5293.0,1,08:44:54.127610550
5293.0,1,08:44:54.256945818
5293.0,1,08:44:54.464031489
5293.0,1,08:44:54.571544340
5293.0,1,08:44:54.726332490
5292.75,1,08:44:55.030768180
5293.0,2,08:44:55.101520595
5293.0,2,08:44:55.101555757
5293.0,1,08:44:55.101607646
5293.0,1,08:44:55.101720769
5293.0,2,08:44:55.101720769
5293.0,1,08:44:55.101748312
5292.75,1,08:44:55.441775985
5293.0,1,08:44:56.353840552
5293.0,2,08:44:56.354030633
5292.75,4,08:44:57.782371712
5292.75,2,08:44:57.782459612
5292.75,1,08:44:57.782603950
5292.75,2,08:44:57.782603950
5292.75,1,08:44:57.782660941
5292.75,3,08:44:57.782719390
5292.75,2,08:44:57.783743238
5292.75,2,08:44:57.783780390
5293.0,9,08:44:58.257233525
5292.75,16,08:44:58.257233525
5293.0,5,08:44:58.723811001
5293.0,1,08:44:58.724113314
5292.75,8,08:44:59.322519100
5292.75,5,08:44:59.897432815
5292.75,2,08:44:59.897618987
5292.5,2,08:45:00.013677915
5292.75,1,08:45:00.038430981
5292.75,11,08:45:00.051521223
5292.75,9,08:45:00.051864091
5292.5,2,08:45:00.111271484
5292.5,2,08:45:00.111434511
5292.5,1,08:45:00.111515166
5292.5,3,08:45:00.111610754
5292.5,1,08:45:00.111610754
5292.75,21,08:45:00.198168690
5292.75,2,08:45:00.219065071
5292.75,2,08:45:00.225108200
5292.75,1,08:45:00.225268402
5292.75,1,08:45:00.225310176
5292.75,1,08:45:00.225466867
5292.75,1,08:45:00.225762828
5292.75,1,08:45:00.225965044
5292.5,2,08:45:00.228532286
5292.75,2,08:45:00.244769254
5293.0,8,08:45:00.838103748
5293.0,2,08:45:00.838480633
5293.0,2,08:45:00.838525309
5293.0,5,08:45:00.838668959
5293.0,2,08:45:00.839324999
5293.0,3,08:45:00.839485386
5293.25,3,08:45:00.842703988
5293.25,3,08:45:01.073685634
5293.25,2,08:45:01.098129654
5293.25,2,08:45:01.098149364
5293.25,4,08:45:01.098222955
5293.25,1,08:45:01.098345783
5293.25,2,08:45:01.098345783
5293.25,14,08:45:01.098515553
5293.25,3,08:45:01.098515553
5293.25,5,08:45:01.098515553
5293.25,1,08:45:01.098515553
5293.25,5,08:45:01.098677710
5293.25,3,08:45:01.098677710
5293.25,1,08:45:01.098677710
5293.25,41,08:45:01.098728927
5293.25,1,08:45:01.098775175
5293.25,2,08:45:01.098837291
5293.25,1,08:45:01.098871262
5293.25,1,08:45:01.098937501
5293.25,2,08:45:01.099078902
5293.0,20,08:45:01.101636631
5293.0,5,08:45:01.101787959
5292.75,2,08:45:01.106746613
5292.75,12,08:45:01.107094498
5292.5,1,08:45:01.124748832
5292.5,1,08:45:01.159534240
5292.75,2,08:45:01.206444218
5292.75,12,08:45:01.315892053
5292.75,1,08:45:01.571613053
5292.75,1,08:45:01.832639850
5292.75,2,08:45:02.129252646
5292.75,3,08:45:02.129436143
5292.75,1,08:45:02.129562348
5292.75,5,08:45:02.129783747
5292.75,1,08:45:02.129861455
5292.75,10,08:45:02.233144321
5292.75,1,08:45:02.233461844
5292.75,1,08:45:02.233674978
5293.0,25,08:45:02.301226629
5293.0,1,08:45:02.864509093
5293.0,2,08:45:03.266560389
5293.0,5,08:45:03.266655114
5293.0,2,08:45:03.267012369
5293.0,3,08:45:03.267068454
5293.0,4,08:45:03.267332436
5293.0,10,08:45:03.322671053
5293.0,1,08:45:03.322798132
5293.0,1,08:45:03.323081002
5293.0,1,08:45:03.323156316
5293.0,2,08:45:03.323483484
5292.75,2,08:45:04.408347079
5292.75,1,08:45:04.412225586
5292.75,1,08:45:04.452145369
5292.75,2,08:45:04.452309480
5292.75,1,08:45:04.452341027
5292.75,1,08:45:04.452532919
5292.75,1,08:45:04.452621129
5293.0,14,08:45:04.798127477
5293.0,1,08:45:04.798411125
5293.0,5,08:45:04.864432289
5293.0,1,08:45:04.864601771
5293.0,1,08:45:04.864682198
5293.25,60,08:45:05.073468937
5293.25,5,08:45:05.073517471
5293.25,1,08:45:05.073590584
5293.25,1,08:45:05.073697178
5293.25,2,08:45:05.073927115
5293.25,1,08:45:05.073927115
5293.25,3,08:45:05.073927115
5293.25,1,08:45:05.074067790
5293.25,2,08:45:05.074119141
5293.25,3,08:45:05.074373098
5293.25,11,08:45:05.074373098
5293.25,5,08:45:05.074373098
5293.25,1,08:45:05.094505713
5293.25,3,08:45:05.105128798
5293.25,3,08:45:05.105184351
5293.25,8,08:45:05.105597426
5293.25,5,08:45:05.105673410
5293.25,9,08:45:05.105945019
5293.25,1,08:45:05.106033316
5293.25,1,08:45:05.106151773
5293.25,8,08:45:05.143749713
5293.25,1,08:45:05.144330144
5293.25,4,08:45:05.161759023
5293.25,8,08:45:05.162020219
5293.25,2,08:45:05.162211116
5293.25,2,08:45:05.513488105
5293.25,1,08:45:05.513612536
5293.25,2,08:45:05.513612536
5293.25,3,08:45:05.513668368
5293.25,9,08:45:05.513963394
5293.25,1,08:45:05.514111215
5293.25,1,08:45:05.514159344
5293.25,2,08:45:05.690154071
5293.25,1,08:45:05.769144020
5293.25,1,08:45:05.924422428
5293.5,1,08:45:05.984784165
5293.5,1,08:45:05.984806968
5293.5,5,08:45:05.984814498
5293.5,5,08:45:05.984821909
5293.5,5,08:45:05.984829170
5293.5,5,08:45:05.984836700
5293.5,1,08:45:05.984836700
5293.5,1,08:45:05.985269963
5293.5,3,08:45:05.985555866
5293.75,57,08:45:06.060114139
5293.75,1,08:45:06.060132891
5293.75,1,08:45:06.060263733
5293.75,11,08:45:06.060263733
5293.75,2,08:45:06.060375694
5293.75,1,08:45:06.060375694
5293.75,2,08:45:06.061024638
5293.75,3,08:45:06.061193240
5293.75,4,08:45:06.061193240
5293.75,2,08:45:06.061244063
5293.75,1,08:45:06.061540062
5293.75,1,08:45:06.061642647
5293.75,1,08:45:06.061805025
5293.75,1,08:45:06.061962577
5293.75,1,08:45:06.062155032
5293.75,1,08:45:06.062338434
5293.75,2,08:45:06.062370319
5293.75,1,08:45:06.062557722
5293.75,2,08:45:06.062813829
5293.75,1,08:45:06.064050235
5293.75,2,08:45:06.279261984
5294.0,5,08:45:06.293249826
5294.0,1,08:45:06.293260512
5294.0,10,08:45:06.356890511
5294.0,27,08:45:06.431584851
5294.0,14,08:45:06.432154754
5294.0,1,08:45:06.432543933
5294.0,1,08:45:06.432687912
5294.0,1,08:45:06.432800920
5294.0,2,08:45:06.434761942
5294.25,1,08:45:06.511602940
5294.25,2,08:45:06.511615372
5294.25,1,08:45:06.511615372
5294.25,1,08:45:06.789914396
5294.25,1,08:45:06.792213097
5294.25,19,08:45:06.902897435
5294.5,3,08:45:06.933055936
5294.5,1,08:45:06.933106090
5294.5,2,08:45:06.933236020
5294.5,4,08:45:06.933294903
5294.5,1,08:45:06.933305483
5294.5,2,08:45:06.933733041
5294.5,2,08:45:06.933900884
5294.5,2,08:45:06.948671941
5294.5,4,08:45:07.067167974
5294.5,3,08:45:07.069181500
5294.75,1,08:45:07.079127131
5294.75,1,08:45:07.079141570
5294.75,2,08:45:07.079141570
5294.75,4,08:45:07.079231364
5294.75,4,08:45:07.079377152
5294.75,1,08:45:07.079377152
5294.75,1,08:45:07.079454110
5294.75,3,08:45:07.079454110
5294.5,3,08:45:07.079748458
5294.5,2,08:45:07.079943785
5294.5,3,08:45:07.080014237
5294.5,1,08:45:07.080104136
5294.5,1,08:45:07.080325389
5294.5,1,08:45:07.080534910
5294.5,5,08:45:07.158009427
5294.75,1,08:45:07.309046759
5294.5,2,08:45:07.394047031
5294.75,2,08:45:07.498130470
5294.75,15,08:45:07.620645838
5294.75,9,08:45:07.620927166
5294.75,1,08:45:07.785033723
5294.75,1,08:45:07.785107420
5294.75,1,08:45:07.785153792
5294.75,1,08:45:07.836605087
5295.0,1,08:45:07.905750959
5295.0,1,08:45:07.905762360
5295.0,4,08:45:07.905770306
5295.0,1,08:45:07.905770306
5295.0,1,08:45:07.906238828
5295.0,1,08:45:07.946480600
5295.0,1,08:45:08.038050276
5295.0,1,08:45:08.130505175
5295.0,1,08:45:08.169432294
5295.0,1,08:45:08.169581017
5295.0,66,08:45:08.170737177
5295.25,1,08:45:08.447075213
5295.25,1,08:45:08.447087136
5295.0,1,08:45:08.502488667
5295.25,1,08:45:08.810206193
5295.0,1,08:45:08.824577334
5295.25,1,08:45:08.986226192
5295.25,1,08:45:09.046714683
5295.25,1,08:45:09.152988071
5295.0,1,08:45:09.231354814
5295.0,1,08:45:09.233605115
5295.0,1,08:45:09.233642742
5295.0,10,08:45:09.234027949
5295.0,2,08:45:09.234326640
5295.0,1,08:45:09.234524928
5295.0,2,08:45:09.241903017
5295.0,1,08:45:09.242059081
5295.0,8,08:45:09.242172053
5295.0,3,08:45:09.300003510
5295.0,1,08:45:09.300120716
5295.0,1,08:45:09.300188599
5295.0,1,08:45:09.318391939
5295.0,2,08:45:09.638255495
5295.0,4,08:45:09.638301532
5295.0,1,08:45:09.638301532
5295.0,6,08:45:09.638418564
5295.0,2,08:45:09.638538403
5295.0,5,08:45:09.638538403
5295.25,3,08:45:09.638576708
5295.0,1,08:45:09.638660531
5295.0,1,08:45:09.638881194
5295.0,1,08:45:09.639188231
5295.0,2,08:45:09.640248313
5295.0,1,08:45:09.641115118
5295.0,1,08:45:09.684695954
5295.0,2,08:45:09.777367285
5295.25,1,08:45:10.013660647
5295.25,3,08:45:10.031090056
5295.25,28,08:45:10.031992234
5295.25,1,08:45:10.032434556
5295.25,1,08:45:10.037347996
5295.25,2,08:45:10.038812346
5295.25,1,08:45:10.038871246
5295.0,3,08:45:10.039958870
5295.0,1,08:45:10.039995183
5295.0,1,08:45:10.040044595
5295.0,3,08:45:10.040117630
5295.0,2,08:45:10.040189097
5295.0,2,08:45:10.041466435
5295.0,1,08:45:10.041773481
5294.75,4,08:45:10.210856721
5294.75,1,08:45:10.244456558
5294.5,23,08:45:10.336880323
5294.5,1,08:45:10.430366170
5294.5,21,08:45:10.430867866
5294.5,1,08:45:10.545736277
5294.5,2,08:45:10.581299982
5294.5,1,08:45:10.581463905
5294.5,1,08:45:10.581482455
5294.25,10,08:45:10.779701321
5294.5,1,08:45:10.817058219
5294.25,6,08:45:10.935897679
5294.0,2,08:45:10.937788286
5294.0,1,08:45:10.941014575
5294.25,1,08:45:10.996867455
5294.5,19,08:45:11.043739111
5294.25,31,08:45:11.043739111
5294.5,2,08:45:11.071513211
5294.5,3,08:45:11.072011031
5294.5,1,08:45:11.160470369
5294.25,36,08:45:11.346417251
5294.0,31,08:45:11.346417251
5294.5,11,08:45:11.346417251
5293.75,22,08:45:11.346417251
5294.0,1,08:45:11.348073765
5294.0,3,08:45:11.378936945
5294.25,1,08:45:11.509295712
5294.0,1,08:45:11.798975381
5294.0,2,08:45:11.799196615
5294.0,1,08:45:11.799357645
5294.0,1,08:45:11.799636469
5294.0,2,08:45:11.799827770
5294.0,4,08:45:12.001267963
5294.0,1,08:45:12.002383816
5294.0,1,08:45:12.002674727
5294.0,1,08:45:12.457357499
5293.75,1,08:45:12.504461768
5293.75,5,08:45:12.504700630
5293.75,1,08:45:12.506996030
5293.75,1,08:45:12.564632944
5293.75,1,08:45:12.596685280
5293.75,3,08:45:12.596957157
5293.75,2,08:45:12.597141993
5293.75,1,08:45:12.597211524
5294.0,1,08:45:12.737359644
5293.75,1,08:45:13.265881030
5293.75,1,08:45:13.946013762
5293.75,1,08:45:14.034163747
5293.75,2,08:45:14.078887108
5293.75,2,08:45:14.089803213
5293.75,1,08:45:14.089997476
5294.0,2,08:45:14.249582746
5293.5,1,08:45:14.597063919
5293.5,2,08:45:14.840769272
5293.5,2,08:45:14.840919301
5293.5,1,08:45:14.841010835
5293.5,1,08:45:14.841074829
5293.5,1,08:45:15.236377929
5293.75,2,08:45:15.350984892
5293.75,1,08:45:15.397911206
5293.5,1,08:45:15.435539060
5293.5,3,08:45:15.684140398
5293.5,16,08:45:15.684407669
5293.5,2,08:45:15.684793324
5293.5,7,08:45:15.685107231
5293.5,2,08:45:15.685165517
5293.5,1,08:45:15.685408082
5293.5,2,08:45:15.685463139
5293.5,2,08:45:15.686306699
5293.5,3,08:45:15.688472157
5293.5,1,08:45:15.704053502
5293.5,1,08:45:15.739011728
5293.5,2,08:45:15.739046233
5293.5,1,08:45:15.739235819
5293.5,7,08:45:15.739429931
5293.5,3,08:45:15.739721444
5293.5,1,08:45:15.740323556
5293.5,1,08:45:15.740370369
5293.5,1,08:45:16.203292222
5293.5,3,08:45:16.203344648
5293.5,2,08:45:16.203492732
5293.5,1,08:45:16.203706678
5293.5,2,08:45:16.203931918
5293.5,1,08:45:16.203965047
5293.75,1,08:45:16.747132560
5293.75,3,08:45:17.027586925
5293.5,1,08:45:17.606448444
5293.5,5,08:45:18.219160666
5293.75,3,08:45:18.342579286
5293.5,7,08:45:18.399582385
5293.5,2,08:45:18.399772770
5293.5,1,08:45:18.425476166
5293.5,1,08:45:18.429949114
5293.25,9,08:45:18.542412402
5293.25,6,08:45:18.542979057
5293.25,1,08:45:18.543171509
5293.5,10,08:45:18.571233729
5293.5,1,08:45:18.720230563
5293.5,2,08:45:19.211342919
5293.5,2,08:45:19.211867371
5293.5,2,08:45:19.211900751
5293.5,1,08:45:19.213454520
5293.5,1,08:45:19.215904968
5293.5,1,08:45:19.547133694
5293.5,2,08:45:19.547242538
5293.5,1,08:45:19.547301819
5293.5,5,08:45:19.547373097
5293.5,1,08:45:19.547456062
5293.75,26,08:45:19.553333768
5293.75,1,08:45:19.553443582
5293.75,17,08:45:19.553613594
5293.75,3,08:45:19.554061526
5293.75,2,08:45:19.554110187
5293.75,2,08:45:19.555158349
5293.75,3,08:45:19.555203563
5293.75,1,08:45:19.555523358
5293.75,1,08:45:19.555664539
5293.75,1,08:45:19.555867826
5293.75,1,08:45:19.556336741
5293.5,1,08:45:19.557491315
5293.75,5,08:45:19.622950531
5293.75,3,08:45:19.623207374
5293.75,1,08:45:19.623277354
5293.75,2,08:45:19.623277354
5293.75,3,08:45:19.623340446
5293.75,2,08:45:19.623445700
5293.5,1,08:45:19.637326479
5293.75,2,08:45:19.638229093
5293.75,1,08:45:19.642562137
5293.75,1,08:45:19.645701983
5293.75,1,08:45:19.645752678
5293.75,1,08:45:19.693650593
5293.75,1,08:45:19.748571600
5293.75,3,08:45:19.845424142
5293.75,7,08:45:19.924428803
5293.75,1,08:45:19.924454557
5293.75,3,08:45:19.924761779
5293.75,2,08:45:19.924933633
5293.75,2,08:45:19.924972632
5293.75,4,08:45:19.925146647
5294.0,1,08:45:20.556483082
5294.0,2,08:45:20.556691989
5294.0,4,08:45:20.556913158
5294.0,1,08:45:20.557067632
5293.75,9,08:45:20.557689859
5294.0,2,08:45:20.574072340
5293.75,2,08:45:20.931679707
5293.75,1,08:45:20.931838561
5293.75,2,08:45:20.931891551
5293.75,4,08:45:20.932055588
5293.75,1,08:45:20.932362178
5293.75,1,08:45:21.589566807
5294.0,1,08:45:21.669462191
5293.75,3,08:45:21.787746139
5293.75,5,08:45:21.788024576
5293.75,1,08:45:21.790491529
5293.75,2,08:45:21.790660582
5293.75,1,08:45:21.790686358
5293.75,2,08:45:21.804361505
5293.75,1,08:45:21.804382798
5293.75,1,08:45:21.928496521
5293.75,1,08:45:21.932678798
5293.5,1,08:45:22.144388597
5293.75,1,08:45:23.707351558
5293.75,5,08:45:23.707992371
5293.75,1,08:45:24.396499657
5293.75,1,08:45:24.396671926
5294.0,1,08:45:24.445716970
5294.0,21,08:45:24.446032877
5294.0,1,08:45:24.447700594
5294.0,1,08:45:24.447874982
5294.0,5,08:45:24.457119120
5294.0,4,08:45:24.522787350
5294.0,2,08:45:24.523349045
5294.0,2,08:45:24.523384012
5294.0,1,08:45:24.523588835
5294.0,2,08:45:24.734892440
5294.25,1,08:45:24.877048059
5294.0,2,08:45:24.894554380
5294.0,1,08:45:24.894630833
5294.0,2,08:45:24.894694028
5294.0,1,08:45:24.894729450
5294.0,3,08:45:24.895001215
5294.0,1,08:45:24.895173411
5294.25,1,08:45:25.035851899
5294.25,4,08:45:25.036030216
5294.25,8,08:45:25.036196305
5294.25,7,08:45:25.036329265
5294.25,6,08:45:25.036715484
5294.25,2,08:45:25.038303926
5294.25,1,08:45:25.038461206
5294.25,1,08:45:25.041315401
5294.25,4,08:45:25.048595586
5294.25,1,08:45:25.048781395
5294.25,2,08:45:25.187005661
5294.25,3,08:45:25.187046744
5294.25,4,08:45:25.187238671
5294.25,5,08:45:25.187464931
5294.25,3,08:45:25.221099302
5294.25,2,08:45:25.380953718
5294.25,2,08:45:25.381042148
5294.25,1,08:45:25.381109679
5294.25,1,08:45:25.382003614
5294.25,5,08:45:25.836383479
5294.25,2,08:45:25.836605359
5294.25,1,08:45:25.848751367
5294.25,1,08:45:25.848910389
5294.25,1,08:45:25.848961530
5294.25,2,08:45:25.909989635
5294.25,1,08:45:25.998128702
5294.25,1,08:45:26.290758840
5294.25,1,08:45:26.355479954
5294.75,9,08:45:26.406088703
5294.25,1,08:45:26.406088703
5294.5,50,08:45:26.406088703
5294.5,2,08:45:26.406965238
5294.25,1,08:45:26.850552123
5294.25,1,08:45:26.850738844
5294.25,1,08:45:26.850849172
5294.25,3,08:45:26.850885426
5294.25,4,08:45:26.874360734
5294.25,2,08:45:26.875819190
5294.25,2,08:45:26.875933381
5294.25,1,08:45:26.944589429
5294.25,2,08:45:26.966501506
5294.25,1,08:45:26.966653375
5294.25,1,08:45:26.966689740
5294.25,4,08:45:27.042162316
5294.25,1,08:45:27.222467113
5294.25,1,08:45:27.693349758
5294.25,2,08:45:27.729830993
5294.5,1,08:45:27.797353176
5294.25,2,08:45:28.057775148
5294.25,2,08:45:28.108924376
5294.25,6,08:45:28.109113009
5294.25,3,08:45:28.109155635
5294.25,4,08:45:28.109249988
5294.25,1,08:45:28.109249988
5294.25,2,08:45:28.109351162
5294.25,2,08:45:28.109648995
5294.0,1,08:45:28.681950991
5294.0,1,08:45:28.770531974
5294.0,3,08:45:28.770739262
5294.0,2,08:45:28.773981072
5294.0,2,08:45:28.774185530
5294.25,1,08:45:29.454441135
5294.25,1,08:45:29.586333070
5294.25,1,08:45:29.586358827
5294.25,1,08:45:29.647508530
5294.25,1,08:45:29.786191085
5294.25,1,08:45:29.786218190
5294.25,4,08:45:29.786337850
5294.25,4,08:45:29.786376510
5294.25,1,08:45:29.786508592
5294.25,2,08:45:29.786710289
5294.25,2,08:45:29.786888644
5294.25,1,08:45:29.965872913
5294.25,6,08:45:30.140472411
5294.25,10,08:45:30.169077213
5294.25,1,08:45:30.169241994
5294.25,1,08:45:30.169287550
5294.5,1,08:45:30.263012525
5294.25,3,08:45:30.263363645
5294.25,3,08:45:30.377006860
5294.25,1,08:45:30.377218682
5294.25,1,08:45:30.377278126
5294.25,1,08:45:30.377420789
5294.25,10,08:45:30.382609647
5294.25,1,08:45:30.384720984
5294.25,1,08:45:30.385304225
5294.25,1,08:45:30.385412720
5294.25,2,08:45:30.386404177
5294.25,2,08:45:30.387594418
5294.25,1,08:45:30.387624268
5294.25,5,08:45:31.219151633
5294.25,2,08:45:31.334891433
5294.25,1,08:45:31.373417074
5294.25,1,08:45:31.385164524
5294.25,3,08:45:31.530449169
5294.25,2,08:45:31.530644933
5294.25,1,08:45:31.530823356
5294.0,1,08:45:31.571297699
5294.25,2,08:45:32.109244424
5294.25,2,08:45:32.824002907
5294.25,1,08:45:32.824047314
5294.25,1,08:45:32.824133668
5294.25,1,08:45:32.824163495
5294.25,2,08:45:32.825160614
5294.25,3,08:45:32.825226570
5294.0,1,08:45:33.002056713
5294.25,1,08:45:33.535142993
5294.0,1,08:45:33.622433709
5294.0,1,08:45:34.534722349
5294.25,9,08:45:34.589328233
5294.25,8,08:45:34.589461985
5294.25,2,08:45:34.589461985
5294.25,1,08:45:34.589562462
5294.25,1,08:45:34.589689031
5294.5,2,08:45:34.962640564
5294.5,2,08:45:34.962938274
5294.5,1,08:45:34.963138320
5294.5,2,08:45:34.963138320
5294.5,3,08:45:34.963138320
5294.5,4,08:45:34.963147995
5294.5,11,08:45:34.963897414
5294.5,2,08:45:34.964411966
5294.5,3,08:45:34.964469695
5294.5,1,08:45:34.964914239
5294.5,1,08:45:35.003348535
5294.5,1,08:45:35.004154558
5294.5,5,08:45:35.133104516
5294.5,1,08:45:35.133260348
5294.5,1,08:45:35.133299592
5294.5,1,08:45:35.133334904
5294.25,10,08:45:35.285930828
5294.25,1,08:45:35.290139874
5294.25,1,08:45:35.290523174
5294.25,2,08:45:35.891039672
5294.25,1,08:45:35.891061263
5294.25,1,08:45:35.891183940
5294.5,1,08:45:35.894721231
5294.5,1,08:45:35.918375741
5294.5,2,08:45:36.461038452
5294.5,1,08:45:36.461197898
5294.5,1,08:45:36.461234257
5294.5,1,08:45:36.841816165
5294.5,1,08:45:37.395570758
5294.5,1,08:45:37.570064837
5294.5,1,08:45:37.570220648
5294.5,1,08:45:37.570250418
5294.5,1,08:45:37.570432070
5294.5,1,08:45:37.570781219
5294.5,2,08:45:37.570819130
5294.5,1,08:45:37.571148199
5294.5,1,08:45:37.610107546
5294.25,2,08:45:37.780014675
5294.25,3,08:45:37.780211520
5294.25,2,08:45:37.780271884
5294.25,1,08:45:37.780544401
5294.25,1,08:45:37.780750194
5294.25,1,08:45:37.780783898
5294.25,1,08:45:37.780904380
5294.25,1,08:45:37.781252268
5294.25,1,08:45:38.001875840
5294.25,2,08:45:38.006354811
5294.25,7,08:45:38.006452675
5294.5,1,08:45:38.022086092
5294.5,1,08:45:38.500572310
5294.25,10,08:45:38.550449233
5294.25,1,08:45:38.550561437
5294.0,3,08:45:39.017386299
5294.0,2,08:45:39.017454547
5294.0,1,08:45:39.017454547
5294.0,1,08:45:39.017913639
5294.0,2,08:45:39.029372181
5294.0,1,08:45:39.030041551
5294.0,9,08:45:39.118063657
5294.25,1,08:45:39.118063657
5294.25,1,08:45:39.142592613
5294.25,2,08:45:39.530626328
5294.0,2,08:45:39.556044457
5294.0,1,08:45:39.842147123
5294.0,1,08:45:39.842179472
5294.0,1,08:45:39.842247060
5294.0,1,08:45:39.842314700
5294.0,1,08:45:39.842347184
5294.0,1,08:45:39.842580076
5294.0,2,08:45:39.842764982
5294.0,1,08:45:39.842799843
5294.0,5,08:45:39.890134999
5294.0,1,08:45:39.989333678
5294.25,1,08:45:40.107832490
5294.0,1,08:45:40.501496697
5294.0,3,08:45:40.503112550
5293.75,9,08:45:40.681832830
5293.75,1,08:45:40.788974959
5294.0,3,08:45:40.913261553
5293.75,7,08:45:40.913261553
5293.75,2,08:45:40.934790966
5293.75,1,08:45:40.934961265
5293.75,5,08:45:40.944594083
5293.75,2,08:45:40.944683147
5293.75,1,08:45:40.944683147
5294.0,1,08:45:41.422339568
5294.0,3,08:45:41.422379566
5294.0,22,08:45:42.320353382
5294.0,4,08:45:42.320908805
5294.0,8,08:45:42.344605444
5294.0,5,08:45:42.344919316
5294.0,3,08:45:42.345221190
5294.0,1,08:45:42.345403883
5294.25,1,08:45:42.372098786
5294.0,1,08:45:42.395687695
5294.0,1,08:45:42.447479829
5294.0,1,08:45:42.488083446
5294.0,2,08:45:44.065018977
5294.0,2,08:45:44.065081944
5294.0,1,08:45:44.065109855
5294.0,3,08:45:44.065168131
5294.0,1,08:45:44.065487572
5293.75,2,08:45:44.990360344
5293.75,8,08:45:44.991241341
5293.75,2,08:45:44.991661033
5293.75,1,08:45:44.991714768
5293.75,1,08:45:44.991763287
5293.75,1,08:45:44.991828156
5293.75,1,08:45:44.991931095
5293.75,2,08:45:44.992005533
5293.75,1,08:45:44.992040330
5293.75,1,08:45:44.992077454
5293.75,1,08:45:45.707129944
5293.75,1,08:45:45.733616431
5293.75,1,08:45:46.069909772
5293.75,4,08:45:46.073282441
5293.5,2,08:45:46.531360249
5293.5,1,08:45:46.653396167
5293.5,2,08:45:46.939342103
5293.5,5,08:45:46.939415944
5293.5,1,08:45:46.939512166
5293.5,3,08:45:46.939543339
5293.5,1,08:45:46.939639491
5293.5,1,08:45:46.939692142
5293.5,1,08:45:46.939860609
5293.5,4,08:45:46.939909377
5293.5,1,08:45:47.683308544
5293.5,7,08:45:47.744444882
5293.5,2,08:45:47.797376936
5293.5,1,08:45:47.797435074
5293.5,2,08:45:47.797435074
5293.5,2,08:45:47.797479418
5293.5,3,08:45:47.886975093
5293.5,2,08:45:47.887130635
5293.5,1,08:45:47.887170760
5293.5,1,08:45:47.888348384
5293.5,1,08:45:48.050699058
5293.5,1,08:45:48.052665419
5293.5,1,08:45:48.294680021
5293.5,2,08:45:48.294745913
5293.5,5,08:45:48.382296041
5293.75,1,08:45:48.808565989
5293.75,1,08:45:48.886518584
5293.75,3,08:45:48.886720312
5293.75,1,08:45:48.886910400
5293.75,2,08:45:48.887109543
5293.75,1,08:45:48.887322663
5293.75,2,08:45:48.887651362
5294.0,6,08:45:49.150899439
5293.75,14,08:45:49.150899439
5293.75,2,08:45:49.151545404
5293.75,5,08:45:49.151792573
5293.75,1,08:45:49.152320722
5293.75,1,08:45:49.202609526
5293.5,2,08:45:49.208751916
5293.75,1,08:45:49.307751354
5293.75,2,08:45:49.307926024
5293.75,1,08:45:49.308084753
5293.75,2,08:45:49.308130424
5293.5,1,08:45:49.951171210
5293.5,27,08:45:50.231572516
5293.25,3,08:45:50.732278654
5293.25,2,08:45:50.732350461
5293.25,3,08:45:50.732350461
5293.25,2,08:45:50.732490473
5293.25,3,08:45:50.732490473
5293.25,1,08:45:50.732490473
5293.25,6,08:45:50.732635272
5293.25,2,08:45:50.732635272
5293.25,3,08:45:50.732635272
5293.25,1,08:45:50.735725083
5293.25,2,08:45:50.735790056
5293.25,3,08:45:50.735900289
5293.25,2,08:45:50.735900289
5293.25,2,08:45:50.735951426
5293.25,1,08:45:50.736042413
5293.25,1,08:45:50.736093929
5293.25,1,08:45:50.736139907
5293.5,1,08:45:51.802184170
5293.25,1,08:45:52.283820487
5293.25,2,08:45:52.286635886
5293.25,5,08:45:52.286762496
5293.25,2,08:45:52.287008847
5293.25,1,08:45:52.287220564
5293.25,4,08:45:52.287502642
5293.25,4,08:45:52.287568897
5293.5,2,08:45:54.021208652
5293.5,3,08:45:54.021251139
5293.5,2,08:45:54.021305191
5293.5,18,08:45:54.021541906
5293.5,1,08:45:54.021927409
5293.5,11,08:45:54.022246647
5293.5,8,08:45:54.022604645
5293.5,2,08:45:54.083122855
5293.5,2,08:45:54.163593668
5293.5,1,08:45:54.185620109
5293.5,2,08:45:54.233062228
5293.5,2,08:45:54.233220356
5293.5,1,08:45:54.233262703
5293.25,1,08:45:54.386575878
5293.5,1,08:45:54.593677608
5293.5,1,08:45:54.618177619
5293.25,12,08:45:54.831067567
5293.25,8,08:45:54.864542898
5293.25,2,08:45:55.296095851
5293.25,2,08:45:55.296159039
5293.25,3,08:45:55.296204199
5293.25,2,08:45:55.448290253
5293.25,2,08:45:55.448360014
5293.25,1,08:45:55.448490256
5293.25,1,08:45:55.542185692
5293.25,2,08:45:56.169147710
5293.25,1,08:45:56.799292828
5293.5,1,08:45:56.854806296
5293.25,9,08:45:56.854806296
5293.25,1,08:45:56.857305396
5293.25,4,08:45:56.858015033
5293.25,1,08:45:56.858198128
5293.5,1,08:45:56.874905151
5293.25,5,08:45:56.929362373
5293.0,1,08:45:57.309162337
5293.0,1,08:45:57.309172868
5293.0,13,08:45:57.888338123
5293.0,2,08:45:58.032480550
5293.0,2,08:45:58.032660679
5293.0,3,08:45:58.032987715
5293.25,1,08:45:58.239919425
5293.25,1,08:45:58.272809487
5293.0,1,08:45:59.036592167
5293.25,23,08:45:59.439859653
5293.5,35,08:45:59.440526029
5293.75,6,08:45:59.445216626
5293.75,1,08:45:59.445381317
5293.75,1,08:45:59.445418710
5293.75,3,08:45:59.445805728
5293.75,1,08:45:59.445841345
5293.75,1,08:45:59.446004517
5293.75,1,08:45:59.446198481
5293.75,1,08:45:59.446345685
5293.5,8,08:45:59.464438501
5293.5,1,08:45:59.467558129
5293.5,1,08:45:59.792762485
5292.5,1,08:46:06.091354444
5292.5,2,08:46:06.091354444
5292.5,1,08:46:06.091371772
5292.5,2,08:46:06.091377257
5292.5,5,08:46:06.091382924
5292.75,2,08:46:06.092025635
5292.75,9,08:46:06.092385101
5292.75,2,08:46:06.092450239
5292.75,8,08:46:06.192338506
5292.75,8,08:46:06.192832660
5292.75,6,08:46:06.192997280
5292.75,1,08:46:06.193218655
5292.75,1,08:46:06.193308301
5292.75,1,08:46:06.198361546
5292.75,6,08:46:06.246609426
5293.0,44,08:46:06.246609426
5293.0,1,08:46:06.246929477
5293.0,1,08:46:06.247353965
5293.0,1,08:46:06.247994142
5293.0,1,08:46:06.248059897
5293.0,3,08:46:06.248581734
5292.75,1,08:46:06.616208154
5292.75,12,08:46:06.996044139
5292.75,5,08:46:06.996213345
5292.75,1,08:46:06.996500430
5292.75,1,08:46:08.002910328
5292.5,30,08:46:08.272801826
5292.5,1,08:46:08.272899687
5292.5,2,08:46:08.301385170
5292.5,6,08:46:08.301688365
5292.5,4,08:46:08.328434549
5292.5,1,08:46:08.328580312
5292.5,1,08:46:08.328616627
5292.5,1,08:46:08.328661277
5292.25,2,08:46:08.565130917
5292.25,1,08:46:08.891390465
5292.5,10,08:46:08.932065821
5292.25,1,08:46:08.938866175
5292.25,2,08:46:08.940296908
5292.25,2,08:46:08.940362836
5292.25,3,08:46:08.940514118
5292.25,4,08:46:08.940707134
5292.25,1,08:46:08.940822337
5292.25,1,08:46:08.941124432
5292.25,1,08:46:08.941235048
5292.25,4,08:46:09.520333104
5292.25,1,08:46:09.673015943
5292.5,1,08:46:09.966561947
5292.25,2,08:46:10.490686396
5292.5,1,08:46:11.019039487
5292.5,2,08:46:11.019226265
5293.0,49,08:46:11.272251869
5292.75,31,08:46:11.272251869
5293.0,1,08:46:11.273074730
5293.0,16,08:46:11.273243617
5293.0,2,08:46:11.273243617
5293.0,1,08:46:11.273408062
5293.0,1,08:46:11.273650577
5293.0,4,08:46:11.273939384
5293.0,2,08:46:11.517669822
5293.0,1,08:46:11.517831169
5293.0,4,08:46:11.517913417
5293.0,5,08:46:11.532840470
5293.0,1,08:46:11.837636732
5293.0,1,08:46:11.874553993
5293.25,3,08:46:12.346112885
5293.25,2,08:46:12.346159248
5293.25,5,08:46:12.346243660
5293.25,1,08:46:12.346301034
5293.25,1,08:46:12.346851989
5293.25,1,08:46:12.350015909
5293.25,2,08:46:12.350537488
5293.25,2,08:46:12.469589784
5293.25,2,08:46:12.469655337
5293.25,2,08:46:12.581343474
5293.25,1,08:46:12.581537577
5293.25,3,08:46:12.581595450
5293.25,1,08:46:12.581622548
5293.25,4,08:46:12.581914137
5293.25,2,08:46:12.582189184
5293.0,1,08:46:15.170820731
5293.25,11,08:46:15.193058968
5293.5,2,08:46:16.423877708
5293.5,2,08:46:16.423890377
5293.5,4,08:46:16.423970148
5293.5,2,08:46:16.425276812
5293.5,1,08:46:16.426429645
5293.5,5,08:46:16.426506916
5293.25,2,08:46:16.775830704
5293.25,5,08:46:16.776074638
5293.25,2,08:46:16.777621096
5293.25,2,08:46:16.777832876
5293.25,2,08:46:16.777870300
5293.25,1,08:46:16.792797799
5293.25,1,08:46:17.134447546
5293.25,14,08:46:17.627165200
5293.25,1,08:46:18.396653206
5293.25,12,08:46:18.670525119
5293.0,31,08:46:18.670525119
5293.0,2,08:46:18.671028599
5293.0,1,08:46:18.671153356
5293.0,1,08:46:18.671190989
5293.0,2,08:46:18.671240673
5293.0,1,08:46:18.671288687
5293.0,1,08:46:18.671342624
5293.0,1,08:46:18.671391181
5293.0,1,08:46:18.671512320
5293.0,1,08:46:18.671621542
5293.0,1,08:46:19.313012838
5293.0,1,08:46:19.313200989
5293.0,2,08:46:19.313287945
5293.0,1,08:46:19.313287945
5293.0,1,08:46:19.313363773
5293.0,1,08:46:19.313420721
5293.0,3,08:46:19.313420721
5293.0,5,08:46:19.313505597
5293.0,2,08:46:19.313545191
5293.0,1,08:46:19.313575201
5293.0,1,08:46:19.313618536
5293.0,1,08:46:19.768096562
5293.0,25,08:46:19.977676962
5293.0,1,08:46:19.977782286
5293.0,1,08:46:19.977831768
5293.0,2,08:46:19.977872652
5293.0,1,08:46:19.977997439
5293.0,1,08:46:19.978089316
5293.0,3,08:46:19.978089316
5293.0,1,08:46:19.978160475
5293.0,2,08:46:19.978581470
5293.0,1,08:46:19.978773083
5293.0,1,08:46:19.978812409
5293.0,4,08:46:19.978862183
5293.25,9,08:46:19.985116315
5293.25,2,08:46:19.985268082
5293.25,1,08:46:20.091450139
5293.5,20,08:46:20.247320841
5293.75,1,08:46:20.281432815
5293.75,1,08:46:20.281514510
5293.75,3,08:46:20.791508599
5293.75,2,08:46:20.791552280
5293.75,1,08:46:20.791692475
5293.75,5,08:46:20.914703533
5293.75,1,08:46:20.914901399
5293.75,1,08:46:21.196366912
5294.0,1,08:46:21.973222011
5294.0,19,08:46:22.048412422
5294.0,3,08:46:22.219449103
5294.0,2,08:46:22.219585350
5294.0,2,08:46:22.219633149
5294.0,1,08:46:22.219704539
5294.0,2,08:46:22.219795776
5294.0,1,08:46:22.219940755
5294.0,1,08:46:22.220102378
5294.0,1,08:46:22.220419602
5294.0,1,08:46:22.220505426
5294.0,1,08:46:22.220679154
5294.0,1,08:46:22.220849689
5294.0,4,08:46:22.222388955
5294.0,1,08:46:22.222682205
5294.0,1,08:46:22.262169425
5294.0,2,08:46:22.262378764
5294.0,1,08:46:22.735889564
5294.25,1,08:46:23.047088562
5294.0,1,08:46:24.077773829
5294.0,1,08:46:24.104311863
5294.0,2,08:46:24.104356404
5294.0,1,08:46:24.104412562
5294.0,1,08:46:24.104487559
5294.0,1,08:46:24.104774896
5294.0,2,08:46:24.191743219
5293.75,1,08:46:24.756055079
5293.75,2,08:46:24.756074171
5293.75,5,08:46:24.756167609
5293.75,4,08:46:24.756285368
5293.75,1,08:46:24.756386296
5293.75,1,08:46:24.756835646
5293.75,2,08:46:24.781346474
5294.0,1,08:46:24.939867471
5293.75,1,08:46:25.513269860
5293.75,1,08:46:25.513340881
5293.75,3,08:46:25.513404819
5293.75,1,08:46:26.224825899
5293.75,1,08:46:27.629004865
5293.5,1,08:46:27.688098163
5293.75,1,08:46:27.976547749
5293.75,2,08:46:28.716330267
5293.75,2,08:46:29.190312353
5293.75,4,08:46:29.190398088
5293.75,1,08:46:29.466861166
5293.75,2,08:46:29.466886664
5293.75,7,08:46:29.467147018
5293.75,1,08:46:29.467463137
5293.75,1,08:46:29.721799297
5293.75,1,08:46:29.722375632
5293.75,1,08:46:29.725311035
5293.75,2,08:46:29.725455995
5293.75,2,08:46:30.488641814
5293.75,2,08:46:30.488701696
5293.75,2,08:46:30.488789548
5294.0,12,08:46:31.134346460
5294.0,3,08:46:31.134910146
5294.0,2,08:46:31.147041530
5294.0,1,08:46:31.456032070
5294.0,1,08:46:31.456214237
5294.0,1,08:46:31.458507262
5294.0,2,08:46:31.617353197
5294.0,2,08:46:31.617499248
5294.0,1,08:46:31.622107296
5294.25,1,08:46:31.707624947
5294.25,1,08:46:31.723248952
5294.25,2,08:46:31.729811456
5294.25,1,08:46:31.739222315
5294.25,1,08:46:31.741213923
5294.25,1,08:46:31.742507853
5294.25,1,08:46:31.742797507
5294.25,1,08:46:31.743614240
5294.25,1,08:46:32.083310912
5294.25,1,08:46:32.114729409
5294.25,3,08:46:32.115988586
5294.25,1,08:46:32.117762945
5294.25,2,08:46:32.273844150
5294.0,1,08:46:32.331217946
5294.25,19,08:46:33.216505738
5294.25,3,08:46:33.217200177
5294.25,3,08:46:33.219958441
5294.25,1,08:46:33.220135338
5294.25,2,08:46:33.220213525
5294.25,1,08:46:33.228734763
5294.25,2,08:46:33.228902347
5294.25,2,08:46:33.228968236
5294.25,1,08:46:33.229004775
5294.25,4,08:46:33.229064030
5294.25,1,08:46:33.229101285
5294.25,3,08:46:33.229196487
5294.25,2,08:46:33.229470749
5294.25,2,08:46:33.375475985
5294.25,2,08:46:33.375532430
5294.25,3,08:46:33.375600995
5294.25,1,08:46:33.375788612
5294.25,1,08:46:33.379047174
5294.25,3,08:46:33.379084850
5294.25,3,08:46:33.379237609
5294.25,1,08:46:33.379476507
5294.0,1,08:46:33.381179546
5294.0,1,08:46:33.729736150
5294.25,1,08:46:33.824100858
5294.0,2,08:46:33.907051172
5294.0,3,08:46:33.907246116
5294.0,4,08:46:33.907344669
5293.75,5,08:46:33.915341457
5294.0,4,08:46:34.148905264
5294.0,1,08:46:34.149194864
5294.0,4,08:46:34.260409698
5294.0,1,08:46:34.267564927
5294.0,2,08:46:34.267603922
5294.0,1,08:46:34.267641875
5294.0,8,08:46:34.568301169
5294.0,3,08:46:34.607851330
5294.0,1,08:46:34.608020764
5294.0,1,08:46:35.256533304
5294.0,2,08:46:35.256892237
5294.0,1,08:46:35.257091165
5294.0,1,08:46:35.257153796
5294.0,1,08:46:35.257189826
5294.0,1,08:46:35.257350143
5294.0,2,08:46:35.257381471
5294.0,1,08:46:35.424362817
5294.0,4,08:46:35.424566389
5294.0,1,08:46:35.500282941
5294.0,1,08:46:35.500481800
5294.0,1,08:46:35.651651164
5294.0,1,08:46:36.916723867
5294.0,1,08:46:37.287473616
5294.0,1,08:46:37.287702679
5294.0,1,08:46:37.287733091
5294.25,5,08:46:37.508498057
5294.0,1,08:46:37.626630447
5294.25,2,08:46:37.787744672
5294.25,2,08:46:37.787983157
5294.25,2,08:46:37.788150984
5294.25,3,08:46:37.788150984
5294.25,1,08:46:37.788693834
5294.25,4,08:46:37.788773374
5294.25,2,08:46:37.790579725
5294.25,2,08:46:37.790751619
5294.25,1,08:46:37.790917481
5294.25,3,08:46:37.790917481
5294.25,1,08:46:37.792162157
5294.25,6,08:46:37.792589176
5294.25,1,08:46:37.793132144
5294.25,1,08:46:37.793654599
5294.25,2,08:46:37.831553628
5294.25,12,08:46:37.853162093
5294.25,7,08:46:37.853574987
5294.25,2,08:46:37.853665041
5294.25,1,08:46:37.853665041
5294.25,13,08:46:37.853895240
5294.25,2,08:46:37.854219226
5294.25,1,08:46:37.854335182
5294.25,2,08:46:37.854335182
5294.25,2,08:46:38.509062772
5294.25,1,08:46:38.509081973
5294.25,1,08:46:38.509123734
5294.25,1,08:46:38.509229089
5294.25,2,08:46:38.509229089
5294.25,3,08:46:38.509268229
5294.25,2,08:46:38.514429377
5294.25,1,08:46:38.514525465
5294.25,3,08:46:38.514525465
5294.25,1,08:46:38.514553241
5294.0,2,08:46:39.254656399
5294.0,10,08:46:39.254783147
5294.0,2,08:46:39.598081965
5294.0,2,08:46:39.598131434
5294.0,1,08:46:39.598172873
5294.0,2,08:46:39.608262440
5294.0,2,08:46:39.608407428
5294.0,2,08:46:39.608480517
5294.0,3,08:46:39.608600568
5294.0,3,08:46:39.608801286
5294.0,1,08:46:39.677411144
5294.0,2,08:46:39.925836017
5294.0,2,08:46:39.925915404
5294.0,1,08:46:39.925915404
5294.0,1,08:46:39.926031832
5294.0,2,08:46:39.926097069
5294.0,8,08:46:39.926394805
5294.25,2,08:46:40.116273924
5294.25,3,08:46:40.116324840
5294.25,4,08:46:40.116549395
5294.0,1,08:46:40.864790565
5294.0,3,08:46:41.099365144
5294.0,5,08:46:41.099721236
5294.0,2,08:46:41.099768892
5294.0,12,08:46:41.100430413
5294.0,1,08:46:41.101280955
5294.0,2,08:46:41.101329131
5294.25,1,08:46:41.123245853
5294.0,1,08:46:41.269328025
5294.0,1,08:46:41.698832727
5294.0,2,08:46:41.805537220
5294.25,2,08:46:42.103106391
5294.25,2,08:46:42.103283007
5294.25,2,08:46:42.103357910
5294.25,2,08:46:42.103919054
5294.25,2,08:46:42.104874226
5294.25,2,08:46:42.105090659
5294.25,2,08:46:42.193012472
5294.25,1,08:46:42.193355995
5294.0,1,08:46:42.768392516
5294.0,1,08:46:42.823877063
5294.25,1,08:46:43.154205981
5294.0,2,08:46:43.169314846
5294.0,10,08:46:43.169574064
5294.0,13,08:46:43.169646548
5294.0,2,08:46:43.170526749
5294.0,1,08:46:43.170549601
5294.0,1,08:46:43.170586993
5294.0,3,08:46:43.170602503
5294.0,1,08:46:43.170728337
5294.0,1,08:46:43.170741960
5294.0,1,08:46:43.170783276
5294.0,2,08:46:43.170878913
5294.0,1,08:46:43.170910270
5294.0,1,08:46:43.171052910
5294.0,1,08:46:43.177948313
5294.0,1,08:46:43.178185892
5294.0,1,08:46:43.178425878
5294.0,1,08:46:43.846371424
5294.0,1,08:46:44.161189828
5294.0,1,08:46:44.161415513
5294.0,1,08:46:44.161648916
5294.0,1,08:46:44.161969620
5294.0,2,08:46:44.660923986
5294.0,2,08:46:44.660999043
5294.0,1,08:46:44.661084126
5294.0,2,08:46:44.661084126
5294.25,1,08:46:44.661860805
5294.0,3,08:46:44.810763047
5294.25,1,08:46:44.947112089
5294.25,1,08:46:45.230158417
5294.25,3,08:46:45.569410635
5294.25,2,08:46:45.569487793
5294.25,1,08:46:45.569487793
5294.25,9,08:46:45.569677242
5294.25,3,08:46:45.569738668
5294.25,3,08:46:45.571170303
5294.25,2,08:46:45.571847437
5294.25,1,08:46:45.571900347
5294.25,1,08:46:45.572063790
5294.25,1,08:46:45.572116853
5294.25,3,08:46:45.572335904
5294.25,3,08:46:45.572411333
5294.25,1,08:46:45.572593999
5294.25,2,08:46:45.632450624
5294.25,1,08:46:46.772403124
5294.5,19,08:46:46.820375832
5294.75,1,08:46:47.064930280
5294.75,1,08:46:47.064944431
5294.75,42,08:46:47.065188208
5294.75,2,08:46:47.070694426
5294.75,2,08:46:47.070781352
5294.75,3,08:46:47.070900775
5294.75,2,08:46:47.070900775
5294.75,1,08:46:47.070900775
5294.75,5,08:46:47.072052609
5294.75,2,08:46:47.072568335
5294.75,2,08:46:47.788429812
5294.75,2,08:46:47.788493755
5294.75,3,08:46:47.788587454
5294.75,2,08:46:47.790243804
5294.75,2,08:46:47.790292951
5294.75,2,08:46:47.790391503
5294.75,2,08:46:47.813426797
5294.75,2,08:46:47.813561307
5294.75,1,08:46:47.813594725
5294.75,1,08:46:47.850344655
5294.75,1,08:46:47.863885930
5294.75,1,08:46:47.874041347
5294.75,1,08:46:47.874344201
5294.75,3,08:46:47.899464868
5294.75,3,08:46:47.899646593
5294.75,2,08:46:47.899723410
5294.75,1,08:46:48.085172170
5294.75,2,08:46:48.088506948
5294.75,1,08:46:48.088587279
5294.75,4,08:46:48.088727179
5294.75,2,08:46:48.411963028
5294.75,3,08:46:48.412048911
5294.75,1,08:46:48.412938452
5294.75,2,08:46:48.437616889
5294.75,1,08:46:48.437663862
5294.75,4,08:46:48.457242959
5294.75,7,08:46:48.598243029
5294.75,2,08:46:48.754815719
5294.75,1,08:46:48.754880731
5294.75,3,08:46:48.754979760
5294.5,1,08:46:49.053814846
5294.75,2,08:46:49.074344678
5294.75,5,08:46:49.074452743
5294.75,1,08:46:49.074626130
5294.75,1,08:46:49.074698713
5294.75,1,08:46:49.074814005
5294.75,2,08:46:49.377284939
5294.75,2,08:46:49.377509760
5294.75,1,08:46:49.377546065
5294.75,1,08:46:49.694712307
5294.75,2,08:46:49.761184061
5294.75,2,08:46:49.761223697
5294.75,1,08:46:49.761271989
5294.75,2,08:46:49.929367800
5294.75,4,08:46:49.929564895
5294.75,1,08:46:50.061171496
5295.0,3,08:46:50.363661697
5295.0,2,08:46:50.363811563
5295.0,2,08:46:50.364035288
5295.0,1,08:46:50.364035288
5295.0,3,08:46:50.364035288
5295.0,4,08:46:50.364060458
5295.0,6,08:46:50.364060458
5295.0,1,08:46:50.364231044
5295.0,3,08:46:50.364231044
5295.0,2,08:46:50.364231044
5295.0,2,08:46:50.364253784
5295.0,1,08:46:50.364253784
5295.0,12,08:46:50.364314390
5295.25,1,08:46:50.364952761
5295.25,2,08:46:50.364969120
5295.25,1,08:46:50.364969120
5295.25,1,08:46:50.387016358
5295.25,1,08:46:50.486658254
5295.0,1,08:46:50.511301743
5295.25,5,08:46:50.578874511
5295.25,1,08:46:50.679351486
5295.25,11,08:46:50.679672039
5295.25,4,08:46:50.679719468
5295.25,1,08:46:50.679719468
5295.25,16,08:46:50.679780567
5295.25,1,08:46:50.681720091
5295.25,7,08:46:50.695972039
5295.25,2,08:46:50.696131578
5295.25,2,08:46:50.846377576
5295.25,2,08:46:50.847179371
5295.25,1,08:46:50.847389539
5295.0,1,08:46:51.026522624
5295.25,10,08:46:51.367401200
5295.25,20,08:46:51.495077689
5295.25,1,08:46:51.495320024
5295.25,2,08:46:51.495426938
5295.25,1,08:46:51.495454855
5295.25,1,08:46:51.495512649
5295.0,21,08:46:51.693936258
5295.0,4,08:46:51.694217409
5295.0,2,08:46:51.694291999
5295.0,2,08:46:51.694698942
5295.0,2,08:46:51.694917609
5295.0,1,08:46:51.704184637
5295.0,6,08:46:51.780027053
5295.0,1,08:46:51.780435948
5294.75,2,08:46:52.269109280
5294.75,2,08:46:52.269166327
5294.75,3,08:46:52.269195482
5294.75,42,08:46:52.269314163
5294.75,2,08:46:52.269413894
5294.75,1,08:46:52.269413894
5294.5,15,08:46:52.584463136
5294.25,1,08:46:52.701476615
5294.5,1,08:46:52.853787617
5294.25,20,08:46:53.142178199
5294.0,2,08:46:53.424877693
5294.0,1,08:46:53.424890439
5294.0,1,08:46:53.425382116
5294.0,1,08:46:53.697596030
5294.0,4,08:46:53.697691925
5294.0,3,08:46:53.698091426
5294.0,17,08:46:53.698459263
5294.0,1,08:46:53.698622137
5294.0,1,08:46:53.702418444
5294.0,1,08:46:53.705985588
5294.0,1,08:46:53.706025073
5294.0,1,08:46:53.873944353
5294.0,8,08:46:54.140687046
5294.0,1,08:46:54.241405757
5293.75,1,08:46:54.442236111
5294.0,1,08:46:54.594576740
5293.75,1,08:46:54.703411799
5294.0,1,08:46:54.867205967
5294.0,2,08:46:55.076159787
5294.0,3,08:46:55.923054752
5294.0,1,08:46:55.923109838
5294.0,2,08:46:55.923109838
5294.0,4,08:46:55.926298152
5294.0,1,08:46:56.224532680
5294.25,7,08:46:56.440531946
5294.25,4,08:46:56.442001873
5294.25,4,08:46:56.442202338
5294.25,1,08:46:56.442461653
5294.25,1,08:46:56.442491838
5294.25,1,08:46:56.442611269
5294.25,1,08:46:56.442654319
5294.0,1,08:46:56.713050508
5294.25,1,08:46:56.955128398
5294.25,5,08:46:56.966424444
5294.25,5,08:46:56.966721115
5294.25,1,08:46:56.966900485
5294.25,1,08:46:57.084123246
5294.0,1,08:46:57.146970406
5294.0,1,08:46:57.212832478
5294.0,1,08:46:57.733940269
5294.0,2,08:46:57.734119217
5294.25,2,08:46:57.885309411
5294.0,1,08:46:58.126565298
5293.75,1,08:46:58.142873339
5294.0,2,08:46:58.196205836
5294.25,15,08:46:58.231874524
5294.25,2,08:46:58.522208269
5294.25,1,08:46:58.522404618
5294.0,2,08:46:58.581321559
5294.0,4,08:46:58.700891438
5294.0,1,08:46:58.707391483
5294.25,2,08:46:58.811949201
5294.25,2,08:46:58.812506249
5294.25,2,08:46:58.812547465
5294.25,3,08:46:58.813495046
5294.25,1,08:46:58.813552602
5294.25,1,08:46:58.813875697
5294.25,2,08:46:58.813910431
5294.25,1,08:46:59.718934282
5294.25,1,08:46:59.795214437
5294.25,3,08:46:59.795292327
5294.25,1,08:46:59.795292327
5294.25,2,08:46:59.883843766
5294.25,4,08:46:59.956082741
5294.25,1,08:46:59.956109283
5294.5,6,08:47:01.001667888
5294.5,1,08:47:01.012912928
5294.5,2,08:47:01.027556692
5294.5,1,08:47:01.053251783
5294.5,1,08:47:01.411507236
5294.75,1,08:47:01.582416460
5294.75,2,08:47:01.609450637
5294.75,3,08:47:01.686587973
5294.75,2,08:47:01.686810269
5294.75,3,08:47:01.686880750
5294.75,7,08:47:02.424795926
5294.75,1,08:47:02.424981418
5294.75,2,08:47:02.425687225
5294.75,1,08:47:02.425904832
5294.75,2,08:47:02.426097707
5294.75,1,08:47:02.426242858
5294.75,2,08:47:02.584002912
5294.75,2,08:47:02.584151258
5294.75,3,08:47:02.584363357
5294.75,1,08:47:02.584564821
5294.75,1,08:47:02.635915723
5294.75,1,08:47:02.636102551
5294.75,1,08:47:03.096366930
5294.75,3,08:47:03.245089665
5295.0,2,08:47:03.396352249
5295.0,1,08:47:03.396519262
5295.0,1,08:47:03.396941724
5294.75,1,08:47:03.712390312
5294.75,1,08:47:03.984584452
