price,volume,timestamp
5293.5,7,14:01:03.565898658
5293.5,3,14:01:03.565903659
5293.5,2,14:01:03.566172564
5293.5,1,14:01:03.566235817
5293.5,2,14:01:03.566235817
5293.5,3,14:01:03.566365569
5293.5,1,14:01:03.566449795
5293.5,1,14:01:04.228706246
5293.5,5,14:01:04.228757501
5293.5,1,14:01:04.228895577
5293.5,12,14:01:04.366746024
5293.5,9,14:01:04.366892360
5293.75,1,14:01:04.445005462
5293.5,1,14:01:04.569972671
5293.5,27,14:01:04.950968087
5293.25,1,14:01:05.035025828
5293.25,1,14:01:05.039152810
5293.25,5,14:01:05.358277736
5293.25,3,14:01:05.358340217
5293.25,3,14:01:05.358401671
5293.25,3,14:01:05.358465250
5293.25,2,14:01:05.358510207
5293.25,2,14:01:05.358572506
5293.25,4,14:01:05.358572506
5293.25,10,14:01:05.358650198
5293.25,3,14:01:05.358708007
5293.25,2,14:01:05.358960009
5293.25,1,14:01:05.359002278
5293.25,2,14:01:05.359194353
5293.5,2,14:01:05.884080547
5293.5,1,14:01:05.884260470
5293.5,4,14:01:05.884335838
5293.5,3,14:01:05.884690686
5293.5,1,14:01:05.884797083
5293.5,3,14:01:05.884903914
5293.5,1,14:01:05.885050435
5293.5,1,14:01:05.885083671
5293.5,1,14:01:05.886768899
5293.5,2,14:01:05.886950406
5293.5,1,14:01:05.887318058
5293.5,4,14:01:06.005220163
5293.5,3,14:01:06.135993731
5293.5,3,14:01:06.136057088
5293.5,2,14:01:06.136185309
5293.5,11,14:01:06.352851176
5293.75,5,14:01:06.453728361
5293.5,1,14:01:06.713363431
5293.75,1,14:01:06.945985187
5293.5,8,14:01:07.026969099
5293.5,2,14:01:07.027193932
5293.5,1,14:01:07.027566285
5293.5,2,14:01:07.028393181
5293.25,20,14:01:07.254160489
5293.25,1,14:01:07.516214615
5293.25,1,14:01:07.879836305
5293.0,1,14:01:08.171310656
5293.0,2,14:01:08.430817820
5293.0,3,14:01:08.431071231
5293.0,38,14:01:08.431281194
5292.75,1,14:01:08.443414396
5292.75,5,14:01:08.443429839
5292.75,13,14:01:08.448933172
5292.75,14,14:01:08.449747525
5292.75,3,14:01:08.449979674
5292.75,1,14:01:08.450038600
5292.75,1,14:01:08.450063458
5292.75,3,14:01:08.450254787
5292.75,2,14:01:08.450254787
5292.75,1,14:01:08.450254787
5292.75,2,14:01:08.450418825
5292.75,1,14:01:08.450658609
5292.75,2,14:01:08.450854680
5292.75,3,14:01:08.450912054
5292.75,2,14:01:08.451383053
5292.75,4,14:01:08.451632021
5292.75,2,14:01:08.456468586
5292.75,1,14:01:08.456828283
5292.75,1,14:01:08.456879381
5292.75,1,14:01:09.444225123
5292.75,1,14:01:09.466112839
5292.5,2,14:01:09.513160876
5292.5,1,14:01:09.513175296
5292.5,4,14:01:09.513175296
5292.5,14,14:01:09.513506093
5292.5,1,14:01:09.514051433
5292.5,1,14:01:09.514104185
5292.5,7,14:01:09.514414076
5292.5,2,14:01:09.514542687
5292.5,3,14:01:09.514542687
5292.5,1,14:01:09.514542687
5292.5,1,14:01:09.514583478
5292.5,29,14:01:09.515404740
5292.5,1,14:01:09.515624607
5292.5,2,14:01:09.515706311
5292.5,1,14:01:09.533471898
5292.5,1,14:01:09.545163248
5292.5,1,14:01:09.599644566
5292.5,1,14:01:09.599771340
5292.5,2,14:01:09.599860435
5292.5,4,14:01:09.600109330
5292.5,3,14:01:09.600178580
5292.75,3,14:01:09.694510468
5292.75,1,14:01:09.694562761
5292.75,2,14:01:09.694630097
5293.0,6,14:01:09.887157036
5293.0,9,14:01:09.887298111
5293.0,3,14:01:09.887450763
5293.0,2,14:01:09.887450763
5293.0,1,14:01:09.935589246
5293.25,1,14:01:09.946114400
5293.25,1,14:01:09.965723525
5293.25,2,14:01:10.003176313
5293.0,1,14:01:10.201554917
5293.25,1,14:01:10.225362131
5293.0,10,14:01:10.262749993
5293.0,1,14:01:10.268928694
5293.0,1,14:01:10.269109552
5293.25,1,14:01:10.400518413
5293.0,4,14:01:10.435638531
5293.0,2,14:01:10.566329858
5293.0,1,14:01:10.566363900
5293.0,3,14:01:10.566432646
5293.0,1,14:01:10.727326078
5293.0,1,14:01:10.727492628
5293.0,1,14:01:10.727700229
5293.25,1,14:01:11.105305438
5293.25,1,14:01:11.106397629
5293.25,7,14:01:11.106685920
5293.25,2,14:01:11.106920968
5293.25,4,14:01:11.107150978
5293.25,3,14:01:11.116329570
5293.25,9,14:01:11.117684619
5293.5,1,14:01:11.123609868
5293.5,1,14:01:11.123620197
5293.25,9,14:01:11.178825335
5293.25,1,14:01:11.276291386
5293.5,2,14:01:11.338290669
5293.5,6,14:01:11.338371074
5293.5,6,14:01:11.338409286
5293.5,2,14:01:11.338446778
5293.5,3,14:01:11.338475847
5293.5,1,14:01:11.338511022
5293.5,7,14:01:11.338645342
5293.75,79,14:01:11.393538245
5293.75,1,14:01:11.393721936
5293.75,2,14:01:11.393785646
5293.75,2,14:01:11.393826494
5293.75,3,14:01:11.393868152
5293.75,3,14:01:11.393919169
5293.75,1,14:01:11.393944765
5293.75,2,14:01:11.393976200
5293.75,22,14:01:11.394130215
5294.0,2,14:01:11.406257600
5294.0,1,14:01:11.406271104
5294.0,4,14:01:11.406462048
5294.0,4,14:01:11.406542850
5294.0,9,14:01:11.406637659
5294.0,5,14:01:11.407027964
5294.0,6,14:01:11.407207206
5293.75,10,14:01:11.412105219
5294.0,1,14:01:11.465778165
5294.0,16,14:01:11.466988630
5294.0,2,14:01:11.467157030
5294.0,4,14:01:11.467157030
5294.0,1,14:01:11.467375563
5294.0,1,14:01:11.467446220
5294.0,1,14:01:11.467543595
5294.0,7,14:01:11.467772963
5294.0,6,14:01:11.531662507
5294.0,3,14:01:11.531987988
5294.0,8,14:01:11.534852644
5294.0,4,14:01:11.540313372
5294.0,4,14:01:11.540435947
5294.0,2,14:01:11.540701297
5294.0,1,14:01:11.540732603
5294.0,2,14:01:11.540839015
5294.0,1,14:01:11.540901380
5294.0,1,14:01:11.541233443
5294.0,3,14:01:11.573285402
5294.0,3,14:01:11.588987520
5294.25,6,14:01:11.601415420
5294.25,1,14:01:11.601431484
5294.25,1,14:01:11.601777306
5294.25,4,14:01:11.601839636
5294.25,1,14:01:11.602157262
5294.25,2,14:01:11.602157262
5294.25,10,14:01:11.602380998
5294.25,4,14:01:11.602514462
5294.25,1,14:01:11.602887811
5294.25,11,14:01:11.605024258
5294.25,1,14:01:11.605220364
5294.25,1,14:01:11.621014769
5294.5,2,14:01:11.659346782
5294.5,2,14:01:11.659516674
5294.5,51,14:01:11.659889836
5294.5,1,14:01:11.660057730
5294.5,5,14:01:11.660061274
5294.5,1,14:01:11.660575296
5294.5,2,14:01:11.660692467
5294.5,1,14:01:11.660692467
5294.5,4,14:01:11.660840432
5294.5,3,14:01:11.661023341
5294.5,1,14:01:11.661023341
5294.5,16,14:01:11.661446450
5294.5,1,14:01:11.661613298
5294.5,1,14:01:11.661734597
5294.5,1,14:01:11.668966963
5294.5,1,14:01:11.669173908
5294.5,10,14:01:11.669329685
5294.5,4,14:01:11.669380367
5294.5,4,14:01:11.669439453
5294.5,1,14:01:11.669604599
5294.5,5,14:01:11.669828152
5294.5,1,14:01:11.674785724
5294.5,2,14:01:11.677723669
5294.5,3,14:01:11.677929486
5294.5,1,14:01:11.790752880
5294.5,4,14:01:11.790953098
5294.5,1,14:01:11.790981946
5294.5,7,14:01:11.917360513
5294.5,2,14:01:11.918502827
5294.5,3,14:01:11.918699637
5294.5,2,14:01:11.918929466
5294.5,4,14:01:11.919144286
5294.5,1,14:01:11.919191410
5294.5,1,14:01:11.955633350
5294.5,2,14:01:11.955671728
5294.5,1,14:01:11.955759979
5294.5,3,14:01:11.955759979
5294.5,5,14:01:11.955829984
5294.5,2,14:01:11.955890033
5294.5,1,14:01:12.038101422
5294.5,18,14:01:12.145757814
5294.75,10,14:01:12.525153262
5294.75,1,14:01:12.525848658
5294.75,42,14:01:12.620030013
5294.75,3,14:01:12.620191921
5294.75,11,14:01:12.620957312
5294.75,14,14:01:12.621323534
5294.75,12,14:01:12.621435613
5294.75,1,14:01:12.621579351
5294.75,2,14:01:12.621837439
5294.75,1,14:01:12.622089562
5294.75,2,14:01:12.623075797
5295.0,10,14:01:12.839755069
5295.0,1,14:01:12.839769259
5295.0,1,14:01:12.840305721
5295.0,1,14:01:12.840344121
5294.75,2,14:01:12.980299633
5294.75,21,14:01:12.980668806
5294.75,2,14:01:12.980901882
5294.75,1,14:01:12.981370234
5294.75,1,14:01:12.981472885
5294.5,1,14:01:13.031772442
5294.5,4,14:01:13.051761200
5294.5,1,14:01:13.051906907
5294.5,26,14:01:13.052103227
5294.25,24,14:01:13.112638015
5294.25,1,14:01:13.112778693
5294.25,2,14:01:13.112821542
5294.25,1,14:01:13.113294694
5294.25,3,14:01:13.113367063
5294.25,1,14:01:13.168556523
5294.25,6,14:01:13.215449426
5294.25,19,14:01:13.219667904
5294.25,1,14:01:13.219702651
5294.5,1,14:01:13.280639930
5294.25,1,14:01:13.294202892
5294.5,2,14:01:13.342794980
5294.5,2,14:01:13.344374205
5294.5,5,14:01:13.907019407
5294.5,2,14:01:13.907163941
5294.5,3,14:01:13.907198451
5294.5,3,14:01:13.907312215
5294.5,4,14:01:13.907372362
5294.5,2,14:01:13.907578123
5294.5,1,14:01:13.907776258
5294.5,2,14:01:13.908382648
5294.5,13,14:01:13.910716451
5294.5,6,14:01:13.911178822
5294.5,2,14:01:13.911334448
5294.5,1,14:01:13.911389829
5294.5,5,14:01:13.911788531
5294.5,1,14:01:13.915425974
5294.5,3,14:01:13.990093199
5294.5,1,14:01:13.990253680
5294.5,9,14:01:13.990352562
5294.5,3,14:01:13.990820420
5294.5,1,14:01:13.990976702
5294.75,1,14:01:14.293911788
5294.75,1,14:01:14.293921861
5294.75,6,14:01:14.469940753
5294.75,4,14:01:14.471028720
5294.75,1,14:01:14.471298614
5294.75,1,14:01:14.471371092
5294.75,7,14:01:14.472569264
5294.75,7,14:01:14.475345489
5294.75,3,14:01:14.475509147
5294.75,11,14:01:14.482145691
5294.5,2,14:01:14.684778128
5294.5,3,14:01:14.685018401
5294.5,5,14:01:14.685316045
5294.5,5,14:01:14.685609811
5294.5,2,14:01:14.685733920
5294.5,1,14:01:14.685733920
5294.5,1,14:01:14.685769923
5294.5,1,14:01:14.687919695
5294.5,4,14:01:14.825467703
5294.5,9,14:01:14.826182729
5294.5,1,14:01:14.826234912
5294.5,1,14:01:14.826276731
5294.5,1,14:01:14.826350966
5294.5,1,14:01:14.826661440
5294.5,3,14:01:14.834395119
5294.5,2,14:01:14.834566470
5294.5,3,14:01:14.961661988
5294.25,2,14:01:15.032887879
5294.25,1,14:01:15.033085375
5294.25,1,14:01:15.060766833
5294.25,8,14:01:15.061081178
5294.25,1,14:01:15.061216612
5294.25,4,14:01:15.061501845
5294.25,2,14:01:15.061609769
5294.25,1,14:01:15.093222791
5294.25,1,14:01:15.093425064
5294.25,1,14:01:15.115491561
5294.25,5,14:01:15.115676170
5294.25,4,14:01:15.257280270
5294.25,2,14:01:15.394959548
5294.25,1,14:01:15.395303091
5294.5,3,14:01:15.430598745
5294.5,1,14:01:15.533510152
5294.25,1,14:01:15.696954021
5294.5,4,14:01:15.922487985
5294.25,1,14:01:16.377648620
5294.25,4,14:01:16.378407278
5294.25,2,14:01:16.378947191
5294.25,1,14:01:16.379013467
5294.25,1,14:01:16.379274755
5294.25,2,14:01:16.379274755
5294.25,4,14:01:16.379689506
5294.25,2,14:01:16.379898445
5294.25,1,14:01:16.380016991
5294.25,1,14:01:16.381572728
5294.25,1,14:01:16.488989434
5294.5,1,14:01:16.728908306
5294.25,22,14:01:16.728908306
5294.25,1,14:01:16.729396406
5294.25,4,14:01:16.729663275
5294.25,2,14:01:16.729721545
5294.25,2,14:01:16.729754199
5294.0,1,14:01:17.032898532
5294.0,1,14:01:17.033448297
5294.0,1,14:01:17.033488384
5294.25,4,14:01:18.268871636
5294.25,14,14:01:18.269184459
5294.25,1,14:01:18.269425117
5294.25,11,14:01:18.269689736
5294.25,1,14:01:18.547611768
5294.0,9,14:01:18.615241934
5294.0,3,14:01:18.615398045
5294.0,6,14:01:18.615398045
5294.0,5,14:01:18.615536256
5294.0,2,14:01:18.619705058
5294.0,6,14:01:18.619784412
5294.0,6,14:01:18.619896581
5294.0,1,14:01:18.619896581
5294.0,3,14:01:18.619935279
5294.0,4,14:01:18.620066313
5294.0,18,14:01:18.719246585
5294.0,6,14:01:18.734005772
5294.0,2,14:01:18.734157091
5294.0,1,14:01:18.746788754
5294.0,2,14:01:18.746983036
5294.0,3,14:01:18.876294911
5294.0,3,14:01:18.876367927
5294.0,1,14:01:18.876404203
5294.0,7,14:01:18.876882314
5294.0,1,14:01:18.876916543
5294.0,3,14:01:18.877051321
5294.0,1,14:01:18.877233555
5294.0,1,14:01:18.877330602
5294.0,1,14:01:18.877575677
5294.0,23,14:01:19.368627817
5294.0,4,14:01:19.369016523
5294.25,3,14:01:19.594651609
5294.25,8,14:01:19.595338237
5294.25,3,14:01:19.597112532
5294.25,1,14:01:19.597273076
5294.25,4,14:01:19.597371036
5294.25,3,14:01:19.597620059
5294.25,1,14:01:19.597690096
5294.25,1,14:01:19.602079365
5294.25,3,14:01:19.602287859
5294.25,3,14:01:19.602426645
5294.25,2,14:01:19.602591875
5294.25,1,14:01:19.602714610
5294.25,1,14:01:19.602780906
5294.25,1,14:01:19.602885337
5294.25,8,14:01:20.219922384
5294.25,1,14:01:20.220793698
5294.25,3,14:01:20.221461906
5294.25,3,14:01:20.221830541
5294.25,3,14:01:20.221905627
5294.25,4,14:01:20.222042568
5294.25,1,14:01:20.222117987
5294.25,1,14:01:20.222183409
5294.5,3,14:01:20.295795736
5294.25,4,14:01:20.461793174
5294.25,1,14:01:20.462253212
5294.25,2,14:01:20.560376041
5294.25,3,14:01:20.641941124
5294.25,3,14:01:20.642044672
5294.25,3,14:01:20.642152866
5294.25,13,14:01:20.660359794
5294.0,6,14:01:21.048977057
5294.0,1,14:01:21.049044854
5294.0,1,14:01:21.049131518
5294.0,1,14:01:21.049198517
5294.0,4,14:01:21.049245075
5294.0,1,14:01:21.049489829
5294.0,1,14:01:21.050250705
5294.0,3,14:01:21.060906519
5294.0,4,14:01:21.062479460
5294.0,1,14:01:21.067006672
5294.0,1,14:01:21.075409997
5294.0,2,14:01:21.075605297
5294.0,12,14:01:21.079870099
5294.0,2,14:01:21.397813908
5294.0,2,14:01:21.678875143
5293.75,1,14:01:21.751880172
5293.75,1,14:01:21.751890057
5293.75,1,14:01:21.752088937
5293.75,1,14:01:21.752298693
5294.0,5,14:01:21.909448941
5294.0,1,14:01:22.045697134
5293.75,2,14:01:22.797046333
5293.75,2,14:01:22.797441157
5293.75,1,14:01:22.797541193
5293.75,12,14:01:22.797776741
5293.75,3,14:01:22.797879364
5293.75,1,14:01:23.026768268
5293.75,1,14:01:23.027041079
5293.75,3,14:01:23.027221592
5293.75,7,14:01:23.028246047
5293.75,1,14:01:23.034692687
5294.0,25,14:01:23.061174050
5293.75,1,14:01:23.362013969
5293.75,3,14:01:23.362130656
5293.75,1,14:01:23.362162122
5293.75,3,14:01:23.372662104
5293.75,1,14:01:23.372829314
5293.75,2,14:01:23.372887923
5293.75,1,14:01:23.372887923
5293.75,2,14:01:23.372975047
5293.75,5,14:01:23.373028482
5293.75,1,14:01:23.373288689
5293.75,3,14:01:23.373433896
5293.75,13,14:01:23.374871224
5293.75,3,14:01:23.374966860
5294.0,8,14:01:24.384718022
5293.75,3,14:01:24.411050052
5293.5,1,14:01:24.512711140
5293.5,1,14:01:24.520224408
5293.5,3,14:01:24.522269041
5293.5,1,14:01:24.522407454
5293.5,2,14:01:24.523641396
5293.5,3,14:01:24.570047391
5293.5,2,14:01:24.570085635
5293.5,1,14:01:24.574783477
5293.5,1,14:01:24.574820250
5293.5,1,14:01:24.574891918
5293.5,3,14:01:24.576576614
5293.5,2,14:01:24.576766791
5293.5,1,14:01:25.033493254
5293.75,1,14:01:25.071657426
5293.75,1,14:01:25.261168297
5293.5,3,14:01:25.395721819
5293.5,4,14:01:25.395747977
5293.5,4,14:01:25.395826022
5293.5,5,14:01:25.396915296
5293.5,6,14:01:25.397019183
5293.5,3,14:01:25.397127290
5293.5,4,14:01:25.397127290
5293.5,6,14:01:25.428210817
5293.75,52,14:01:26.124752307
5293.75,1,14:01:26.125559462
5293.75,30,14:01:26.168032285
5293.5,13,14:01:26.168032285
5293.75,1,14:01:26.487394123
5293.75,9,14:01:26.487827454
5293.75,3,14:01:26.488254413
5293.75,4,14:01:26.488359141
5293.75,3,14:01:26.488564534
5293.75,5,14:01:26.488633905
5293.75,1,14:01:26.490188932
5293.75,3,14:01:26.490374605
5293.75,5,14:01:26.496647779
5293.75,3,14:01:26.497405481
5293.75,3,14:01:26.497611811
5293.75,1,14:01:26.507196751
5293.75,1,14:01:26.507277897
5293.75,1,14:01:26.507383315
5293.75,2,14:01:26.507615697
5293.75,1,14:01:26.507666293
5293.75,1,14:01:26.510504920
5293.75,1,14:01:26.510570851
5293.75,2,14:01:26.512301036
5293.75,1,14:01:26.520884327
5293.75,3,14:01:26.521093344
5293.75,1,14:01:26.521348089
5293.75,3,14:01:26.521536147
5293.75,1,14:01:26.521597614
5293.75,1,14:01:26.522182596
5293.75,2,14:01:26.522361716
5293.75,2,14:01:26.522413944
5293.75,1,14:01:26.522481907
5293.75,2,14:01:26.522510967
5293.75,3,14:01:26.522597949
5293.75,1,14:01:26.522633417
5293.75,2,14:01:26.526295562
5293.75,1,14:01:26.528678900
5293.75,1,14:01:26.567587965
5293.75,20,14:01:26.614190544
5293.75,1,14:01:26.614570360
5294.0,5,14:01:26.750057699
5294.0,1,14:01:26.750222410
5294.0,1,14:01:26.750276869
5294.0,1,14:01:26.750321425
5294.0,1,14:01:26.750675376
5294.0,1,14:01:26.750847620
5294.0,1,14:01:26.751288102
5294.0,3,14:01:26.751477078
5294.0,1,14:01:26.795298659
5293.75,1,14:01:27.962111405
5293.75,1,14:01:27.962146615
5293.75,1,14:01:27.962292939
5293.75,1,14:01:27.962324658
5293.75,6,14:01:27.962425421
5293.75,6,14:01:27.965005112
5293.75,4,14:01:27.965704824
5293.75,3,14:01:27.965759981
5293.75,1,14:01:27.965969275
5293.75,1,14:01:27.966399076
5293.75,1,14:01:27.966497196
5293.75,6,14:01:27.970018765
5293.75,2,14:01:27.970202110
5293.75,2,14:01:28.102323140
5293.75,2,14:01:28.102486925
5293.75,1,14:01:28.103018376
5293.75,4,14:01:28.390814427
5293.75,20,14:01:28.516762769
5293.75,10,14:01:28.517132889
5293.75,1,14:01:28.518641739
5293.5,1,14:01:29.034278149
5293.75,42,14:01:29.082220345
5293.75,2,14:01:30.025518527
5293.75,1,14:01:30.034631246
5293.75,1,14:01:30.036200289
5294.0,1,14:01:30.192405735
5294.0,1,14:01:30.304178147
5293.75,1,14:01:30.327822058
5293.75,1,14:01:30.430151405
5293.75,1,14:01:30.498047964
5293.75,12,14:01:30.978834421
5293.75,20,14:01:31.525488375
5293.75,5,14:01:31.525749197
5293.75,3,14:01:31.525833335
5293.75,1,14:01:31.525833335
5293.75,1,14:01:31.526116129
5293.75,1,14:01:31.526234966
5293.75,1,14:01:31.526326168
5293.75,1,14:01:31.526578682
5293.75,5,14:01:31.549218917
5293.75,1,14:01:31.558721769
5293.75,1,14:01:31.591956123
5293.75,5,14:01:31.672556258
5294.0,2,14:01:31.702075967
5294.0,1,14:01:31.891421800
5294.0,1,14:01:31.895172519
5293.75,2,14:01:32.026224056
5293.75,3,14:01:32.026475769
5293.75,5,14:01:32.026850315
5293.75,2,14:01:32.027050556
5294.0,3,14:01:33.723013353
5294.0,1,14:01:33.723154073
5294.0,7,14:01:33.723185370
5294.0,2,14:01:33.723378954
5294.0,14,14:01:33.723551466
5294.0,1,14:01:33.723615694
5294.0,2,14:01:33.723692221
5294.0,3,14:01:33.737276262
5294.0,3,14:01:33.737457372
5294.0,1,14:01:33.737539186
5294.0,3,14:01:33.740381699
5294.0,1,14:01:33.740541410
5294.0,1,14:01:33.740785238
5294.0,2,14:01:33.740979863
5294.0,2,14:01:33.741065356
5294.0,1,14:01:33.741065356
5294.0,2,14:01:33.741101139
5294.0,1,14:01:33.857942495
5293.75,1,14:01:34.033639100
5293.75,1,14:01:34.036571155
5293.75,1,14:01:34.039475771
5294.0,1,14:01:34.153671143
5294.0,4,14:01:34.281699724
5294.0,3,14:01:34.334561044
5294.0,5,14:01:34.334808709
5294.0,1,14:01:34.334942354
5294.0,1,14:01:34.334984761
5294.0,1,14:01:34.335021840
5294.0,1,14:01:34.335228558
5294.0,2,14:01:34.335760652
5294.0,2,14:01:34.335995649
5294.0,3,14:01:34.343383699
5294.0,1,14:01:34.343590266
5294.0,5,14:01:34.638952420
5294.0,2,14:01:34.639314550
5294.0,15,14:01:34.639653744
5294.0,1,14:01:34.639697534
5294.0,1,14:01:34.639820560
5294.0,1,14:01:34.640127868
5294.0,2,14:01:34.742087574
5293.75,1,14:01:36.123613586
5293.75,14,14:01:36.123675209
5293.75,2,14:01:36.123770789
5293.75,1,14:01:36.123770789
5293.75,4,14:01:36.123887082
5293.75,1,14:01:36.123887082
5293.75,2,14:01:36.123951964
5293.75,1,14:01:36.124373082
5293.75,3,14:01:36.124607577
5293.75,3,14:01:36.128757523
5293.75,7,14:01:36.128982443
5293.75,3,14:01:36.131452464
5293.75,9,14:01:36.131706866
5293.75,5,14:01:36.132925133
5294.0,2,14:01:36.430334827
5294.0,2,14:01:36.430544690
5294.0,3,14:01:36.430806023
5294.0,11,14:01:36.431088358
5294.0,1,14:01:36.431730151
5294.0,1,14:01:36.431903300
5294.0,1,14:01:36.431965301
5294.0,4,14:01:36.432258325
5294.0,1,14:01:36.432441928
5294.0,1,14:01:36.432479900
5294.0,1,14:01:36.445767717
5294.0,7,14:01:37.261339107
5294.0,6,14:01:37.398686475
5294.0,3,14:01:37.398913659
5294.0,1,14:01:37.479932018
5294.0,3,14:01:37.480400978
5294.0,6,14:01:37.480466605
5293.75,4,14:01:37.860287110
5293.75,3,14:01:37.899032241
5293.75,1,14:01:37.899216188
5294.0,4,14:01:37.908735842
5293.75,3,14:01:38.025640842
5293.75,1,14:01:38.025893177
5293.75,4,14:01:38.026479854
5293.75,2,14:01:38.026623474
5293.75,1,14:01:38.026623474
5293.75,1,14:01:38.026941105
5293.75,1,14:01:38.032583434
5293.75,12,14:01:38.095003544
5293.75,3,14:01:38.097297614
5293.75,1,14:01:38.158930822
5293.75,1,14:01:38.191989576
5293.75,1,14:01:38.655898172
5293.75,1,14:01:38.783688208
5293.75,1,14:01:38.825470044
5293.75,9,14:01:38.825600187
5293.75,1,14:01:38.826504061
5293.75,2,14:01:38.826691240
5293.75,1,14:01:38.982217707
5293.5,14,14:01:39.404585899
5293.5,3,14:01:39.404636986
5293.5,3,14:01:39.500463046
5293.5,3,14:01:39.500658496
5293.5,1,14:01:39.500729887
5293.5,1,14:01:39.501005031
5293.5,8,14:01:39.522702151
5293.5,1,14:01:40.120474871
5293.75,1,14:01:40.142050560
5293.75,2,14:01:40.160195804
5293.75,1,14:01:40.213904129
5293.75,14,14:01:40.434102731
5293.75,4,14:01:40.434190121
5293.75,1,14:01:40.434190121
5294.0,1,14:01:41.595994262
5294.0,1,14:01:41.847803060
5293.75,1,14:01:41.997407288
5293.75,4,14:01:42.040001155
5293.75,1,14:01:42.040078421
5293.75,2,14:01:42.040187621
5293.75,1,14:01:42.040326838
5293.75,2,14:01:42.040326838
5293.75,1,14:01:42.040378027
5293.75,2,14:01:42.040378027
5293.75,2,14:01:42.040663204
5293.75,1,14:01:42.040803271
5293.75,1,14:01:42.040866379
5294.0,5,14:01:42.578992691
5293.75,1,14:01:42.591420853
5293.75,1,14:01:42.978077521
5293.75,1,14:01:43.033079556
5293.75,1,14:01:43.323436872
5293.75,1,14:01:43.323508637
5293.75,4,14:01:43.323680617
5293.75,1,14:01:43.324012576
5293.75,2,14:01:43.324073480
5294.0,27,14:01:43.659533547
5293.75,17,14:01:44.613007607
5293.75,1,14:01:44.613231682
5293.75,3,14:01:44.613481684
5293.75,1,14:01:44.613545906
5293.75,1,14:01:44.613648414
5293.75,3,14:01:44.758271141
5293.75,1,14:01:44.758962259
5293.75,2,14:01:44.759020833
5293.75,2,14:01:44.759335447
5293.75,1,14:01:44.759402092
5293.75,4,14:01:44.759511325
5293.75,1,14:01:44.760405440
5293.75,2,14:01:44.760565680
5293.5,1,14:01:44.764681322
5293.5,8,14:01:44.822722785
5293.5,2,14:01:44.822869636
5293.5,1,14:01:44.822901160
5293.5,17,14:01:44.823016243
5293.5,12,14:01:44.853853048
5293.5,1,14:01:44.854130660
5293.5,1,14:01:44.854284887
5293.5,5,14:01:44.854399251
5293.5,3,14:01:44.879507277
5293.5,1,14:01:44.879571013
5293.5,1,14:01:44.879676469
5293.5,1,14:01:44.879858466
5293.5,2,14:01:44.879900511
5293.5,1,14:01:45.018588732
5293.25,2,14:01:45.025659137
5293.25,1,14:01:45.025671982
5293.25,1,14:01:45.032395436
5293.25,1,14:01:45.036248874
5293.25,3,14:01:45.288147943
5293.25,2,14:01:45.288338216
5293.25,12,14:01:45.288901225
5293.25,1,14:01:45.296482870
5293.25,1,14:01:45.351415969
5293.25,1,14:01:45.351612725
5293.25,1,14:01:45.369073231
5293.25,1,14:01:45.369135542
5293.25,2,14:01:45.369601597
5293.25,3,14:01:45.369624474
5293.25,1,14:01:45.369772653
5293.25,1,14:01:45.377040368
5293.25,1,14:01:45.377530640
5293.25,3,14:01:45.377614267
5293.25,1,14:01:45.385286745
5293.5,20,14:01:45.419945454
5293.25,2,14:01:45.609097855
5293.25,1,14:01:45.609176158
5293.25,6,14:01:45.618152697
5293.25,3,14:01:45.807712145
5293.25,1,14:01:45.869217828
5293.0,25,14:01:46.024250403
5293.0,1,14:01:46.024375269
5293.0,1,14:01:46.024470638
5293.0,2,14:01:46.024470638
5293.0,1,14:01:46.024566374
5293.0,3,14:01:46.024566374
5293.0,2,14:01:46.024566374
5293.0,1,14:01:46.025014387
5293.0,1,14:01:46.025039497
5293.0,1,14:01:46.025176844
5293.0,3,14:01:46.025176844
5293.0,19,14:01:46.025379408
5293.0,1,14:01:46.025460716
5293.0,6,14:01:46.032628805
5293.0,5,14:01:46.041577723
5293.0,3,14:01:46.218283228
5293.0,2,14:01:46.218318407
5293.0,1,14:01:46.232819795
5293.0,1,14:01:46.346438535
5293.0,4,14:01:46.346651230
5293.0,2,14:01:46.374636292
5293.25,3,14:01:46.402564344
5293.0,5,14:01:46.452574967
5293.0,1,14:01:46.452969558
5293.0,2,14:01:46.453308390
5293.0,1,14:01:46.453445587
5293.0,1,14:01:46.453671345
5293.0,1,14:01:46.453702718
5293.0,4,14:01:46.573537906
5293.0,1,14:01:46.573891299
5293.0,1,14:01:47.224450206
5293.25,1,14:01:47.228143010
5293.25,1,14:01:47.289585143
5293.25,1,14:01:47.306831116
5293.25,5,14:01:47.338752209
5293.25,2,14:01:48.081034030
5293.25,2,14:01:48.081174772
5293.25,13,14:01:48.081314233
5293.25,1,14:01:48.081418431
5293.25,17,14:01:48.081418431
5293.25,2,14:01:48.081786093
5293.0,2,14:01:48.250839727
5293.25,1,14:01:48.527291946
5293.25,1,14:01:48.641227787
5293.25,10,14:01:48.831898288
5293.5,7,14:01:49.396761789
5293.5,11,14:01:49.921218170
5293.5,1,14:01:49.946087744
5293.5,2,14:01:49.946265994
5293.5,1,14:01:49.946293364
5293.5,3,14:01:49.946503708
5293.5,2,14:01:49.946682553
5293.5,1,14:01:49.956097837
5293.5,1,14:01:50.034699907
5293.5,1,14:01:50.036216113
5293.5,2,14:01:50.346950753
5293.5,2,14:01:50.347128843
5293.5,1,14:01:50.347411364
5293.75,3,14:01:50.805701041
5293.75,1,14:01:50.805884008
5293.75,21,14:01:50.806173486
5293.75,3,14:01:50.817393843
5293.75,1,14:01:50.817525635
5293.75,1,14:01:50.817581572
5293.75,1,14:01:50.818377204
5293.75,2,14:01:50.818420940
5293.75,1,14:01:50.846638505
5293.75,1,14:01:50.867679134
5293.75,1,14:01:50.867890044
5293.75,1,14:01:50.868062793
5293.75,1,14:01:51.028290745
5293.75,3,14:01:51.070602662
5293.75,2,14:01:51.070826756
5293.75,1,14:01:51.071028303
5293.75,3,14:01:51.411607843
5293.75,2,14:01:51.411661987
5293.75,1,14:01:51.411772083
5293.75,1,14:01:51.412486347
5293.75,1,14:01:51.412756791
5293.5,1,14:01:52.105878414
5293.5,5,14:01:52.106158730
5293.5,2,14:01:52.106517000
5293.5,3,14:01:52.106775162
5293.5,7,14:01:52.107121761
5293.75,1,14:01:52.408371512
5293.75,1,14:01:53.042541051
5293.75,2,14:01:53.042704888
5293.75,2,14:01:53.042812666
5293.75,4,14:01:53.042812666
5293.75,1,14:01:53.042846545
5293.75,3,14:01:53.170255978
5293.75,3,14:01:53.170354854
5293.75,1,14:01:53.212805007
5293.75,2,14:01:53.213522018
5293.75,1,14:01:53.741944145
5293.75,2,14:01:53.742112247
5293.75,2,14:01:53.742147679
5293.75,2,14:01:53.742184533
5293.75,1,14:01:53.742290318
5294.0,1,14:01:53.897894251
5294.0,10,14:01:53.974891169
5294.0,1,14:01:54.464736089
5293.75,1,14:01:55.033776797
5293.75,1,14:01:55.036312656
5293.75,1,14:01:55.044580017
5293.75,1,14:01:55.044857139
5293.75,1,14:01:55.045068145
5293.75,1,14:01:55.045222638
5294.0,1,14:01:55.117047938
5294.0,2,14:01:55.119468624
5294.0,18,14:01:55.119888920
5294.0,2,14:01:55.119968781
5294.0,1,14:01:55.119968781
5294.0,1,14:01:55.120036107
5294.0,1,14:01:55.120098662
5294.0,1,14:01:55.120142526
5294.0,4,14:01:55.120221208
5294.0,1,14:01:55.120281973
5294.0,1,14:01:55.120346091
5294.0,1,14:01:55.120505877
5294.0,1,14:01:55.120590096
5294.0,1,14:01:55.120770154
5294.0,1,14:01:55.120821918
5294.0,1,14:01:55.121017244
5294.0,1,14:01:55.121021801
5294.0,1,14:01:55.121198671
5294.0,2,14:01:55.121198671
5294.0,2,14:01:55.121300197
5294.0,1,14:01:55.287322200
5294.0,1,14:01:55.428340773
5294.0,1,14:01:56.463674386
5294.0,1,14:01:57.034648807
5294.25,1,14:01:57.059735095
5294.25,1,14:01:57.059744087
5294.0,52,14:01:57.119187544
5294.0,9,14:01:57.119210986
5294.0,1,14:01:57.351921835
5294.0,1,14:01:57.938852827
5293.75,15,14:01:57.973494103
5294.0,1,14:01:57.993565232
5293.75,1,14:01:58.032382452
5294.0,1,14:01:58.245615043
5294.0,1,14:01:58.321735109
5294.0,5,14:01:58.878122151
5294.0,1,14:01:59.131051334
5294.0,1,14:01:59.133623289
5294.0,1,14:01:59.244972884
5294.0,1,14:01:59.372890404
5294.0,1,14:01:59.589809112
5293.75,1,14:01:59.723620554
5293.75,1,14:01:59.723815423
5293.75,1,14:01:59.723873530
5293.75,6,14:01:59.724010969
5293.75,3,14:01:59.724156370
5293.75,1,14:01:59.724255135
5293.75,4,14:01:59.724329124
5293.75,2,14:01:59.724496833
5293.75,3,14:01:59.724651762
5293.75,1,14:01:59.724684199
5293.75,1,14:01:59.724761564
5293.75,1,14:01:59.724873771
5293.75,2,14:01:59.725042789
5293.75,1,14:01:59.725214376
5293.75,1,14:01:59.725370386
5293.75,2,14:01:59.727684695
5293.75,3,14:01:59.732140756
5293.75,3,14:01:59.732324756
5293.75,1,14:01:59.732355778
5293.75,2,14:01:59.732420783
5293.75,1,14:01:59.732551187
5293.75,2,14:01:59.732551187
5293.75,1,14:01:59.732843810
5293.75,3,14:01:59.734698605
5293.75,1,14:01:59.734849003
5293.75,1,14:01:59.735075138
5293.75,3,14:01:59.745741830
5293.75,1,14:01:59.760477510
5293.75,2,14:01:59.760665440
5293.75,1,14:01:59.771073871
5293.75,2,14:01:59.771264428
5294.0,1,14:01:59.949001766
5294.0,2,14:01:59.963730354
5291.75,2,14:03:05.019201885
5291.5,1,14:03:05.184897429
5291.75,6,14:03:05.519458079
5291.75,2,14:03:05.519658610
5291.75,1,14:03:05.519765982
5291.75,1,14:03:05.519888353
5291.75,10,14:03:05.533919647
5291.75,3,14:03:05.534197829
5291.75,2,14:03:05.534238566
5292.0,5,14:03:05.695504543
5292.0,1,14:03:06.308722490
5291.75,1,14:03:06.332965103
5291.75,1,14:03:06.374303266
5292.0,1,14:03:06.421382455
5291.75,1,14:03:06.489678843
5291.75,2,14:03:06.523405634
5291.75,1,14:03:06.532920553
5292.0,2,14:03:06.723945330
5292.0,20,14:03:06.724316969
5292.0,1,14:03:06.823812002
5292.0,5,14:03:06.825411592
5292.0,2,14:03:06.825477908
5292.0,2,14:03:06.839162165
5292.0,2,14:03:06.840010410
5291.75,2,14:03:07.188898977
5291.75,17,14:03:07.189123826
5291.75,1,14:03:07.219717386
5291.75,1,14:03:07.272928637
5291.5,1,14:03:07.465362285
5291.75,2,14:03:07.570298867
5291.5,2,14:03:07.739661459
5291.75,1,14:03:08.390795727
5291.75,1,14:03:08.391352244
5291.75,1,14:03:08.449108387
5291.75,1,14:03:08.454705560
5291.75,1,14:03:08.528768063
5291.75,1,14:03:08.529347284
5291.75,1,14:03:08.592957192
5291.75,1,14:03:08.604186689
5291.5,1,14:03:08.619654647
5291.75,1,14:03:08.685969071
5291.75,1,14:03:08.725516943
5291.75,1,14:03:08.784711846
5291.75,1,14:03:08.838265989
5291.75,2,14:03:08.842583558
5291.5,1,14:03:08.893753207
5291.5,2,14:03:08.902908708
5291.5,1,14:03:08.903090379
5291.5,1,14:03:08.903137572
5291.5,3,14:03:08.903661206
5291.75,1,14:03:08.908934382
5291.5,1,14:03:08.911083708
5291.5,2,14:03:08.911342319
5291.5,8,14:03:08.911576157
5291.5,1,14:03:08.987269861
5291.25,1,14:03:09.031704632
5291.25,1,14:03:09.031717663
5291.25,5,14:03:09.031717663
5291.25,1,14:03:09.040749346
5291.25,7,14:03:09.041594298
5291.25,1,14:03:09.077330419
5291.25,1,14:03:09.197843161
5291.0,1,14:03:09.233962445
5291.0,1,14:03:09.233973024
5291.0,1,14:03:09.234665592
5291.0,3,14:03:09.261965913
5291.0,1,14:03:09.267525559
5291.0,8,14:03:09.275981741
5291.0,1,14:03:09.276324892
5291.0,1,14:03:09.276667904
5291.0,27,14:03:09.277019329
5291.0,7,14:03:09.277838302
5291.0,1,14:03:09.278040767
5291.0,2,14:03:09.278914270
5291.0,3,14:03:09.279084961
5291.0,1,14:03:09.279241469
5291.0,6,14:03:09.282949371
5290.75,2,14:03:09.333247660
5290.75,1,14:03:09.333258821
5291.0,1,14:03:09.395649124
5291.0,1,14:03:09.396020373
5290.75,1,14:03:09.455862607
5290.75,3,14:03:09.647587914
5290.75,1,14:03:09.647771946
5290.75,3,14:03:09.647831508
5290.75,1,14:03:09.647879127
5290.75,4,14:03:09.647954805
5290.75,6,14:03:09.647980854
5290.75,1,14:03:09.648149228
5290.75,3,14:03:09.648229322
5290.75,1,14:03:09.648318454
5290.75,1,14:03:09.648470384
5290.75,1,14:03:09.648579368
5290.75,1,14:03:09.655496660
5291.0,1,14:03:09.718610249
5291.0,3,14:03:09.856391564
5291.0,2,14:03:09.856505186
5291.0,3,14:03:09.856505186
5291.0,6,14:03:09.856637678
5291.0,1,14:03:09.856637678
5291.0,1,14:03:09.922477348
5291.0,1,14:03:10.032129398
5291.0,1,14:03:10.034071434
5291.25,1,14:03:10.095048362
5291.0,1,14:03:10.129088417
5291.0,2,14:03:10.129188294
5291.0,2,14:03:10.129210921
5291.0,3,14:03:10.129425598
5291.0,6,14:03:10.129425598
5291.0,2,14:03:10.402197703
5291.0,2,14:03:10.402218721
5291.0,2,14:03:10.402284607
5291.0,2,14:03:10.402382382
5291.0,1,14:03:10.410185548
5291.0,1,14:03:10.411374384
5291.25,2,14:03:10.776448991
5291.0,1,14:03:10.956246200
5291.0,1,14:03:10.956284390
5291.0,1,14:03:10.956399848
5291.0,1,14:03:10.956443990
5291.0,1,14:03:10.964428109
5291.0,1,14:03:10.966166596
5290.75,1,14:03:11.432432633
5290.75,1,14:03:11.485140216
5291.0,1,14:03:11.766977401
5291.0,1,14:03:11.796329060
5291.0,1,14:03:12.007268498
5291.0,27,14:03:12.089670960
5291.0,1,14:03:12.089805894
5291.0,6,14:03:12.089870138
5291.0,26,14:03:12.090533938
5291.0,1,14:03:12.090680555
5291.0,3,14:03:12.108011935
5291.0,3,14:03:12.435706434
5291.0,1,14:03:12.435756854
5291.0,2,14:03:12.435878645
5291.0,3,14:03:12.435878645
5291.0,1,14:03:12.436028901
5291.0,2,14:03:12.436028901
5291.0,3,14:03:12.436028901
5291.0,6,14:03:12.436028901
5291.0,6,14:03:12.436097993
5291.0,2,14:03:12.436097993
5291.0,5,14:03:12.436456471
5291.0,2,14:03:12.436542915
5291.25,1,14:03:13.196497256
5291.25,1,14:03:13.196508696
5291.25,3,14:03:13.196564570
5291.25,2,14:03:13.196637554
5291.25,1,14:03:13.196637554
5291.25,1,14:03:13.196774558
5291.25,22,14:03:13.196774558
5291.25,2,14:03:13.196824230
5291.5,26,14:03:13.272736487
5291.5,2,14:03:13.272776363
5291.5,8,14:03:13.272810265
5291.5,1,14:03:13.273258699
5291.5,4,14:03:13.273495357
5291.5,1,14:03:13.273584933
5291.5,2,14:03:13.273584933
5291.5,3,14:03:13.276261295
5291.5,2,14:03:13.276348176
5291.5,2,14:03:13.276401662
5291.5,3,14:03:13.523492880
5291.5,2,14:03:13.523633098
5291.5,2,14:03:13.523696702
5291.5,2,14:03:13.524009292
5291.5,1,14:03:14.033712708
5291.5,1,14:03:14.035955361
5291.5,1,14:03:14.235270728
5291.75,1,14:03:14.318840683
5291.75,1,14:03:14.318850231
5291.75,3,14:03:14.490450929
5291.75,1,14:03:14.490648460
5291.75,5,14:03:14.490780584
5291.75,2,14:03:14.490925339
5291.75,1,14:03:14.490925339
5291.75,2,14:03:14.491277084
5291.75,3,14:03:14.492191584
5291.75,5,14:03:14.492394738
5291.75,1,14:03:14.499580004
5291.75,1,14:03:14.499604788
5291.75,4,14:03:14.499791937
5291.75,1,14:03:14.516702705
5291.75,6,14:03:14.516854026
5291.75,1,14:03:14.516888856
5291.75,2,14:03:14.517034888
5291.75,1,14:03:14.731682605
5291.75,1,14:03:14.731868756
5291.75,1,14:03:14.731894162
5291.75,5,14:03:14.778627720
5291.75,1,14:03:14.812085382
5291.75,1,14:03:14.812184658
5291.75,2,14:03:14.812242490
5291.75,1,14:03:14.812397741
5291.75,1,14:03:14.812443559
5291.75,2,14:03:15.025325206
5291.75,1,14:03:15.032990327
5291.75,1,14:03:15.034574398
5291.75,3,14:03:15.035939801
5291.75,2,14:03:15.035996803
5291.75,1,14:03:15.036071234
5291.75,2,14:03:15.036071234
5291.5,2,14:03:15.083652014
5291.5,3,14:03:15.083693115
5291.5,2,14:03:15.083829243
5291.5,1,14:03:15.083829243
5291.5,1,14:03:15.083891372
5291.5,6,14:03:15.083891372
5291.5,1,14:03:15.084097192
5291.5,4,14:03:15.084419350
5291.5,1,14:03:15.084738176
5291.5,7,14:03:15.085711114
5291.5,3,14:03:15.085848797
5291.5,6,14:03:15.085911499
5291.5,1,14:03:15.086044897
5291.5,1,14:03:15.086086556
5291.5,8,14:03:15.086299139
5291.5,1,14:03:15.086403141
5291.5,1,14:03:15.086508609
5291.5,1,14:03:15.086579010
5291.5,2,14:03:15.086677316
5291.25,1,14:03:15.125430548
5291.5,3,14:03:15.539910358
5291.5,2,14:03:15.539950500
5291.5,2,14:03:15.540897601
5291.5,1,14:03:15.540968012
5291.5,2,14:03:15.540968012
5291.5,1,14:03:15.541008307
5291.5,2,14:03:15.541071758
5291.5,2,14:03:15.541325043
5291.5,2,14:03:15.541389550
5291.5,1,14:03:15.541389550
5291.5,1,14:03:15.541495325
5291.5,2,14:03:15.790896685
5291.75,1,14:03:15.944774604
5291.5,1,14:03:15.997097393
5291.5,7,14:03:15.997226208
5291.5,3,14:03:15.999384006
5291.5,2,14:03:15.999545164
5291.5,1,14:03:15.999579507
5291.5,2,14:03:15.999638205
5291.5,2,14:03:15.999843762
5291.5,2,14:03:16.027419465
5291.5,1,14:03:16.027758880
5291.5,2,14:03:16.028036585
5291.25,1,14:03:16.518029184
5291.25,3,14:03:16.958086680
5291.25,7,14:03:16.958317114
5291.25,1,14:03:16.958347790
5291.0,1,14:03:18.032362483
5291.25,1,14:03:18.060469966
5291.25,13,14:03:18.099822582
5291.25,1,14:03:18.100098406
5291.25,2,14:03:18.100358709
5291.25,5,14:03:18.100393966
5291.25,2,14:03:18.100463523
5291.25,2,14:03:18.100760813
5291.25,1,14:03:18.100794295
5291.25,1,14:03:18.100927756
5291.25,3,14:03:18.242967120
5291.5,9,14:03:18.384208401
5291.5,3,14:03:18.406125758
5291.5,2,14:03:18.406153055
5291.25,2,14:03:18.917354712
5291.25,5,14:03:18.926223089
5291.25,4,14:03:18.927117229
5291.25,3,14:03:18.927262458
5291.25,1,14:03:18.927349279
5291.25,3,14:03:18.927519634
5291.25,6,14:03:18.951415076
5291.25,2,14:03:18.951590575
5291.25,1,14:03:18.951627814
5291.25,2,14:03:19.234819707
5291.25,1,14:03:19.234988069
5291.25,1,14:03:19.235027209
5291.25,1,14:03:19.235063580
5291.25,2,14:03:19.370247558
5291.25,3,14:03:19.371648885
5291.25,1,14:03:19.371789311
5291.25,2,14:03:19.372730763
5291.25,1,14:03:19.474677799
5291.25,5,14:03:19.474890888
5291.25,1,14:03:19.505307971
5291.25,1,14:03:19.505587365
5291.25,3,14:03:19.580752200
5291.25,1,14:03:19.795286660
5291.5,4,14:03:20.253352120
5291.5,3,14:03:20.253457334
5291.5,1,14:03:20.253514318
5291.5,1,14:03:20.364149236
5291.5,26,14:03:20.763959535
5291.25,1,14:03:20.915658797
5291.25,1,14:03:20.915975767
5291.25,1,14:03:20.916172177
5291.5,1,14:03:20.989679709
5291.25,8,14:03:21.059987168
5291.25,5,14:03:21.060220593
5291.25,4,14:03:21.060289318
5291.25,9,14:03:21.062648147
5291.25,1,14:03:21.063012462
5291.5,1,14:03:21.212774155
5291.25,1,14:03:21.214292960
5291.5,2,14:03:21.290560886
5291.25,6,14:03:21.605172624
5291.25,4,14:03:21.605282037
5291.25,3,14:03:21.605394171
5291.25,1,14:03:21.605551898
5291.25,2,14:03:21.605594641
5291.25,1,14:03:21.605594641
5291.0,27,14:03:21.728477875
5291.0,3,14:03:21.730822803
5291.0,2,14:03:21.731120544
5291.0,3,14:03:21.731167584
5291.0,1,14:03:21.736625308
5291.0,12,14:03:21.736855520
5291.0,1,14:03:21.737182045
5291.0,2,14:03:21.737250376
5291.0,24,14:03:21.745055973
5290.75,3,14:03:22.138349703
5290.75,2,14:03:22.138417772
5290.75,1,14:03:22.138469805
5290.75,5,14:03:22.138885007
5290.75,2,14:03:22.139136510
5290.75,2,14:03:22.139280388
5290.75,1,14:03:22.139280388
5290.75,2,14:03:22.139389590
5290.75,1,14:03:22.139389590
5290.75,3,14:03:22.139389590
5290.75,1,14:03:22.146446293
5290.75,1,14:03:22.146549303
5290.75,1,14:03:22.146600839
5290.75,2,14:03:22.146831095
5290.75,3,14:03:22.146911072
5291.0,1,14:03:22.168853018
5290.75,1,14:03:23.035767940
5290.75,2,14:03:23.310150949
5290.75,1,14:03:23.321084456
5291.0,5,14:03:23.339582122
5291.0,3,14:03:23.820458714
5291.0,7,14:03:23.820723214
5291.0,1,14:03:23.821605191
5291.25,5,14:03:24.605756301
5291.25,1,14:03:24.605797438
5291.25,6,14:03:24.605970786
5291.25,1,14:03:24.606005286
5291.25,6,14:03:24.606793803
5291.25,1,14:03:24.608092057
5291.25,1,14:03:24.608744668
5291.25,3,14:03:24.830524199
5291.25,1,14:03:24.830723771
5291.25,1,14:03:24.830832737
5291.25,1,14:03:24.830930883
5291.25,2,14:03:25.542930883
5291.0,3,14:03:25.805471479
5291.0,4,14:03:25.805670670
5291.0,3,14:03:25.813852705
5291.0,5,14:03:25.814154298
5291.0,1,14:03:25.814460835
5291.0,1,14:03:25.814664251
5290.75,3,14:03:26.079313399
5290.75,4,14:03:26.079487016
5290.75,1,14:03:26.079551343
5290.75,2,14:03:26.079551343
5290.75,9,14:03:26.081156466
5290.75,5,14:03:26.081312611
5290.75,1,14:03:26.081589269
5291.0,1,14:03:26.557806692
5290.75,1,14:03:26.577052626
5290.75,1,14:03:26.577222402
5291.0,1,14:03:26.673845906
5291.0,3,14:03:26.681269345
5291.0,7,14:03:26.681385857
5291.0,1,14:03:26.781869727
5291.0,1,14:03:27.033488305
5291.0,1,14:03:27.056039327
5290.75,13,14:03:27.115481968
5291.0,17,14:03:27.115481968
5291.0,1,14:03:27.238397443
5291.0,2,14:03:27.466531842
5291.0,11,14:03:27.550810426
5291.0,1,14:03:27.551289232
5291.25,1,14:03:27.566178295
5291.0,8,14:03:27.622347637
5290.75,10,14:03:27.866655466
5290.75,1,14:03:27.951594779
5291.0,1,14:03:28.009210344
5291.0,1,14:03:28.009362123
5291.0,1,14:03:28.009415215
5291.0,6,14:03:28.009657652
5291.0,1,14:03:28.010010062
5291.0,3,14:03:28.010644465
5291.25,13,14:03:28.490975939
5291.0,47,14:03:28.490975939
5291.0,3,14:03:28.990135422
5291.0,4,14:03:28.990217712
5291.0,1,14:03:28.999667804
5291.0,16,14:03:29.125195031
5291.0,3,14:03:29.125459079
5291.0,1,14:03:29.125547511
5291.0,12,14:03:29.125547511
5291.0,2,14:03:29.125782905
5291.0,1,14:03:29.125827044
5291.0,1,14:03:29.125866024
5291.0,3,14:03:29.158482198
5291.0,2,14:03:29.158648105
5291.0,2,14:03:29.158932428
5291.0,4,14:03:29.158982419
5291.0,1,14:03:29.159045057
5291.0,2,14:03:29.374178248
5291.0,1,14:03:29.397298815
5291.0,1,14:03:29.397471186
5291.0,4,14:03:29.403049725
5291.0,4,14:03:29.530940571
5291.25,1,14:03:29.556526701
5291.0,1,14:03:29.556664516
5291.0,3,14:03:29.556923020
5291.0,3,14:03:29.557169549
5291.0,3,14:03:29.797822783
5291.0,3,14:03:29.798042439
5291.0,2,14:03:29.806680081
5291.0,1,14:03:29.899559632
5291.0,2,14:03:30.025330761
5291.0,1,14:03:30.025895708
5291.0,1,14:03:30.026075548
5291.0,1,14:03:30.035836798
5290.75,1,14:03:30.174549854
5290.75,1,14:03:30.188461416
5290.75,1,14:03:30.193485130
5290.75,3,14:03:30.235242287
5290.75,1,14:03:30.240734079
5291.0,1,14:03:30.245693530
5291.25,1,14:03:30.377079942
5291.0,3,14:03:30.780675909
5291.0,1,14:03:30.780847140
5291.0,1,14:03:30.780933657
5291.0,1,14:03:30.780979834
5291.0,1,14:03:31.077743626
5291.0,1,14:03:31.077968751
5291.0,1,14:03:31.403266247
5291.0,1,14:03:31.403477544
5290.75,1,14:03:31.765926024
5290.75,14,14:03:31.766511754
5290.75,2,14:03:32.058785712
5290.75,1,14:03:32.058969674
5290.75,1,14:03:32.111235777
5290.75,3,14:03:32.111300172
5290.75,1,14:03:32.111670465
5290.75,1,14:03:32.115222367
5290.75,3,14:03:32.123469637
5290.75,2,14:03:32.136644240
5290.75,1,14:03:32.344196356
5291.0,1,14:03:32.352498662
5291.0,3,14:03:32.352550384
5291.0,2,14:03:32.352656591
5291.0,1,14:03:32.352758612
5291.0,1,14:03:32.353073502
5291.0,1,14:03:32.353221873
5291.0,2,14:03:32.353393217
5291.0,1,14:03:32.353393217
5291.0,2,14:03:32.353467609
5291.0,1,14:03:32.353467609
5291.0,1,14:03:32.353651302
5291.0,2,14:03:32.353818426
5291.0,2,14:03:32.353894395
5291.0,1,14:03:32.353894395
5291.25,1,14:03:32.418516435
5291.0,1,14:03:32.481291783
5291.0,10,14:03:32.554083159
5291.0,3,14:03:32.554299473
5290.75,1,14:03:32.625094146
5290.75,1,14:03:32.654576271
5290.75,4,14:03:32.931650565
5290.75,4,14:03:32.934214460
5290.75,3,14:03:32.934331825
5290.75,2,14:03:32.934371714
5290.75,1,14:03:32.934543955
5290.75,3,14:03:32.934835112
5290.75,11,14:03:32.935140984
5290.5,1,14:03:32.986627753
5290.5,1,14:03:33.097907871
5290.5,1,14:03:33.178446554
5290.5,39,14:03:33.178843164
5290.25,1,14:03:33.409969092
5290.25,1,14:03:33.409982705
5290.25,1,14:03:33.410780337
5290.25,27,14:03:33.413125328
5290.25,1,14:03:33.453947824
5290.25,1,14:03:33.590549863
5290.25,1,14:03:34.084383079
5290.25,1,14:03:34.084593288
5290.25,1,14:03:34.216206217
5290.25,1,14:03:34.257086854
5290.25,5,14:03:34.409024781
5290.25,1,14:03:35.031876638
5290.25,1,14:03:35.033989164
5290.5,1,14:03:35.392987266
5290.25,1,14:03:35.464988520
5290.25,13,14:03:35.593727855
5290.25,1,14:03:35.593780025
5290.25,1,14:03:35.593894096
5290.25,1,14:03:35.594563715
5290.25,1,14:03:36.194341850
5290.25,1,14:03:36.561879417
5290.25,2,14:03:36.677032870
5290.25,1,14:03:36.877045540
5290.25,4,14:03:36.877222674
5290.25,20,14:03:36.877506483
5290.25,14,14:03:36.877586731
5290.25,1,14:03:36.878071983
5290.25,5,14:03:36.899660025
5290.25,1,14:03:36.986857242
5290.0,5,14:03:37.118645347
5290.0,5,14:03:37.118662036
5290.0,2,14:03:37.118662036
5290.0,1,14:03:37.118662036
5290.0,10,14:03:37.118671085
5290.0,1,14:03:37.118671085
5290.0,2,14:03:37.118676686
5290.0,1,14:03:37.118676686
5290.0,1,14:03:37.142511068
5290.0,5,14:03:37.142525740
5290.0,1,14:03:37.189630695
5290.0,1,14:03:37.189733337
5290.0,5,14:03:37.231977102
5290.0,5,14:03:37.367393351
5290.0,2,14:03:37.493005529
5290.25,1,14:03:37.630130771
5290.25,1,14:03:37.886811343
5290.0,1,14:03:37.983683078
5290.0,1,14:03:38.033042007
5290.0,1,14:03:38.034402649
5290.25,4,14:03:38.612133690
5290.25,1,14:03:38.612168892
5290.25,24,14:03:38.612316440
5290.25,2,14:03:38.612775242
5290.25,2,14:03:38.612840367
5290.25,1,14:03:38.612840367
5290.25,2,14:03:38.612915194
5290.25,9,14:03:38.613008323
5290.25,1,14:03:38.613139673
5290.25,4,14:03:38.613181535
5290.25,1,14:03:38.613240388
5290.25,1,14:03:38.613298716
5290.25,11,14:03:38.613667088
5290.25,1,14:03:38.613744449
5290.25,1,14:03:38.613806262
5290.25,3,14:03:38.613806262
5290.25,13,14:03:38.613911288
5290.25,1,14:03:38.613941516
5290.25,4,14:03:38.614031651
5290.25,2,14:03:38.614098233
5290.25,1,14:03:38.614396268
5290.25,1,14:03:38.614466580
5290.25,1,14:03:38.614497847
5290.25,10,14:03:38.614578463
5290.25,2,14:03:38.614724149
5290.25,1,14:03:38.614754803
5290.25,1,14:03:38.614839333
5290.5,29,14:03:38.710981135
5290.5,1,14:03:38.711678849
5290.5,3,14:03:39.082639482
5290.5,1,14:03:39.112042294
5290.75,31,14:03:39.341548246
5291.0,1,14:03:39.341564516
5290.75,13,14:03:39.382428378
5290.75,1,14:03:39.395802483
5290.75,6,14:03:39.657834141
5290.75,1,14:03:39.658024240
5290.75,5,14:03:39.658335194
5290.75,1,14:03:39.658449152
5290.75,1,14:03:39.658548056
5290.75,32,14:03:39.773279739
5290.75,1,14:03:39.773423651
5290.75,1,14:03:39.773568709
5290.75,2,14:03:39.773739571
5290.75,2,14:03:39.773804237
5290.75,1,14:03:39.773839675
5290.75,4,14:03:39.774026348
5290.75,2,14:03:39.774119802
5290.75,1,14:03:39.774119802
5290.75,1,14:03:39.783557449
5290.75,1,14:03:39.783803275
5290.75,1,14:03:39.783855388
5290.75,1,14:03:39.819457365
5290.75,2,14:03:39.845801010
5290.75,2,14:03:39.845901700
5290.75,1,14:03:39.845901700
5290.75,1,14:03:39.846742354
5290.75,1,14:03:39.858009385
5290.75,4,14:03:39.858081342
5290.75,1,14:03:39.858302610
5290.75,1,14:03:39.858486166
5290.75,1,14:03:39.858753592
5291.0,1,14:03:40.267627276
5291.0,1,14:03:40.504969229
5291.0,1,14:03:40.973015465
5290.75,2,14:03:41.236344264
5291.0,1,14:03:41.271977260
5291.0,1,14:03:41.361313789
5291.0,43,14:03:41.361769878
5291.25,1,14:03:41.362090998
5291.0,1,14:03:41.362661794
5291.25,1,14:03:41.410664672
5291.25,10,14:03:41.436582178
5291.25,1,14:03:41.436732002
5291.25,24,14:03:41.436976064
5291.25,1,14:03:41.437037819
5291.25,1,14:03:41.437451760
5291.5,1,14:03:41.457658783
5291.5,1,14:03:41.458274844
5291.5,1,14:03:41.542372221
5291.25,3,14:03:41.753976070
5291.25,3,14:03:41.754052209
5291.25,6,14:03:41.754124626
5291.25,3,14:03:41.754156886
5291.25,1,14:03:41.754236116
5291.25,4,14:03:41.754409304
5291.25,2,14:03:41.754409304
5291.25,1,14:03:41.754409304
5291.25,1,14:03:41.754483776
5291.25,1,14:03:41.754536894
5291.25,7,14:03:41.755102477
5291.25,2,14:03:41.755175457
5291.25,1,14:03:41.760587621
5291.25,1,14:03:41.762148811
5291.25,2,14:03:41.963277465
5291.25,1,14:03:41.963494045
5291.25,8,14:03:41.963744085
5291.25,1,14:03:41.963925436
5291.25,5,14:03:41.964014027
5291.25,1,14:03:41.964086928
5291.25,2,14:03:41.964086928
5291.25,2,14:03:41.964192289
5291.25,1,14:03:41.964219890
5291.25,3,14:03:41.964452784
5291.25,2,14:03:41.964490193
5291.25,1,14:03:41.964628074
5291.25,1,14:03:41.995771460
5291.25,1,14:03:42.196400215
5291.25,1,14:03:42.387100795
5291.25,8,14:03:42.387346224
5291.25,1,14:03:42.387381751
5291.25,1,14:03:43.032706638
5291.5,1,14:03:43.070738591
5291.25,2,14:03:43.146114911
5291.25,10,14:03:43.566103279
5291.5,1,14:03:44.368260212
5291.5,2,14:03:44.382203400
5291.25,4,14:03:44.499345037
5291.5,1,14:03:44.579221212
5291.25,2,14:03:45.026003596
5291.25,1,14:03:45.030085784
5291.5,68,14:03:45.042327164
5291.75,6,14:03:45.042327164
5291.75,1,14:03:45.042386923
5291.5,1,14:03:45.043388878
5291.5,1,14:03:45.043546175
5291.5,1,14:03:45.043700539
5291.5,3,14:03:45.043700539
5291.5,1,14:03:45.043768298
5291.5,5,14:03:45.043768298
5291.5,1,14:03:45.044237484
5291.5,3,14:03:45.050404185
5291.5,1,14:03:45.050490459
5291.5,3,14:03:45.050601444
5291.5,3,14:03:45.050685025
5291.5,5,14:03:45.123748944
5291.5,17,14:03:45.261460629
5291.5,1,14:03:45.268434034
5291.5,7,14:03:45.296292719
5291.5,2,14:03:45.296691268
5291.5,1,14:03:45.296726295
5291.5,2,14:03:45.296893755
5291.75,1,14:03:45.376400660
5291.5,14,14:03:45.691745539
5291.5,3,14:03:45.749994574
5291.5,8,14:03:45.750214555
5291.75,2,14:03:45.871718047
5291.75,17,14:03:45.871887477
5291.75,1,14:03:45.871965514
5291.75,3,14:03:45.871965514
5291.75,2,14:03:45.872146718
5291.75,3,14:03:45.872146718
5291.75,10,14:03:45.873446734
5291.75,1,14:03:45.873499398
5291.75,1,14:03:45.873585976
5291.75,1,14:03:45.874306035
5291.75,2,14:03:45.874677319
5291.75,3,14:03:45.874823511
5291.75,5,14:03:45.874823511
5291.75,1,14:03:45.874823511
5291.75,1,14:03:45.874897996
5291.75,4,14:03:45.876420880
5291.75,2,14:03:45.889845866
5291.75,2,14:03:45.889935141
5291.75,3,14:03:45.889964345
5291.75,4,14:03:45.890047835
5291.75,3,14:03:45.890375451
5291.75,6,14:03:45.890557298
5291.75,6,14:03:45.890643702
5291.75,2,14:03:45.890901135
5291.75,1,14:03:45.890963840
5291.75,7,14:03:45.891169813
5291.5,3,14:03:46.135415915
5291.5,30,14:03:46.135752864
5291.5,9,14:03:46.170783333
5291.75,2,14:03:46.257797670
5291.75,1,14:03:46.504371173
5291.75,1,14:03:46.504427165
5291.75,6,14:03:46.504484974
5291.75,12,14:03:46.504632324
5291.75,3,14:03:46.506075611
5291.75,2,14:03:46.506246609
5291.75,1,14:03:46.506287621
5291.75,9,14:03:46.506711620
5291.75,2,14:03:46.613055050
5291.75,1,14:03:46.613078532
5291.75,5,14:03:46.613303267
5291.75,2,14:03:46.718299798
5291.5,10,14:03:46.883189249
5291.5,1,14:03:47.031255696
5291.5,1,14:03:47.033240898
5291.75,1,14:03:47.048605736
5291.5,1,14:03:47.229601954
5291.75,1,14:03:47.548079518
5291.5,1,14:03:47.558789286
5291.5,2,14:03:47.750023545
5291.5,14,14:03:47.750392528
5291.5,1,14:03:47.884460095
5291.5,3,14:03:47.884521949
5291.5,5,14:03:47.884703306
5291.5,3,14:03:47.886870522
5291.5,14,14:03:47.887009398
5291.5,1,14:03:47.949490894
5291.5,25,14:03:48.003154177
5291.5,2,14:03:48.003410864
5291.5,3,14:03:48.003542883
5291.5,2,14:03:48.003542883
5291.5,1,14:03:48.003554252
5291.5,1,14:03:48.003752794
5291.5,1,14:03:48.003952193
5291.5,11,14:03:48.008135373
5291.5,3,14:03:48.038011464
5291.5,1,14:03:48.038086195
5291.5,1,14:03:48.038184738
5291.5,3,14:03:48.038232326
5291.5,1,14:03:48.038365474
5291.5,2,14:03:48.038552045
5291.5,1,14:03:48.038583649
5291.5,2,14:03:48.038788865
5291.5,1,14:03:48.038970858
5291.5,3,14:03:48.173624784
5291.5,2,14:03:48.173655121
5291.5,3,14:03:48.173769420
5291.5,1,14:03:48.174067640
5291.5,14,14:03:48.174391541
5291.5,4,14:03:48.238002517
5291.5,11,14:03:48.238140791
5291.5,3,14:03:48.240375345
5291.5,8,14:03:48.593614048
5291.25,1,14:03:49.032410924
5291.25,1,14:03:49.268256950
5291.5,11,14:03:49.386123882
5291.5,7,14:03:49.386182005
5291.25,33,14:03:49.615816347
5291.5,67,14:03:49.615816347
5291.5,1,14:03:49.616819651
5291.5,2,14:03:49.616819651
5291.5,1,14:03:49.616899719
5291.5,2,14:03:49.616899719
5291.5,2,14:03:49.617617490
5291.5,6,14:03:49.617617490
5291.5,1,14:03:49.617617490
5291.5,8,14:03:49.617739173
5291.5,1,14:03:49.617739173
5291.5,1,14:03:49.618388777
5291.5,1,14:03:49.618750291
5291.5,2,14:03:49.619552758
5291.5,5,14:03:49.619552758
5291.5,6,14:03:49.658538304
5291.5,3,14:03:49.658740804
5291.5,1,14:03:50.072549876
5291.25,1,14:03:50.993250114
5291.5,1,14:03:51.356174006
5291.5,3,14:03:51.502369716
5291.5,14,14:03:51.502518912
5291.5,1,14:03:51.504000251
5291.5,5,14:03:51.540817744
5291.5,3,14:03:51.540984010
5291.5,1,14:03:51.541028132
5291.5,4,14:03:51.541092447
5291.5,1,14:03:51.596420820
5291.5,2,14:03:51.596576580
5291.5,3,14:03:51.596638434
5291.5,1,14:03:51.596689910
5291.5,1,14:03:51.900902973
5291.5,9,14:03:51.943708037
5291.5,4,14:03:51.943990624
5291.5,1,14:03:51.944344261
5291.5,4,14:03:51.944650292
5291.25,1,14:03:52.033839539
5291.5,1,14:03:52.749094240
5291.5,3,14:03:52.903088668
5291.5,1,14:03:52.903117218
5291.5,1,14:03:52.903639882
5291.5,1,14:03:53.031599857
5291.25,30,14:03:53.696245554
5291.25,4,14:03:53.708479047
5291.25,1,14:03:53.708560292
5291.25,3,14:03:53.708560292
5291.25,2,14:03:53.708601783
5291.25,1,14:03:53.708968256
5291.5,2,14:03:53.848116380
5291.25,1,14:03:54.390362905
5291.25,1,14:03:54.424171183
5291.25,4,14:03:54.424438577
5291.25,2,14:03:54.424633576
5291.25,3,14:03:54.424695273
5291.25,1,14:03:54.424695273
5291.25,1,14:03:54.424785835
5291.25,21,14:03:54.425125835
5291.25,1,14:03:54.425180157
5291.25,2,14:03:54.425405237
5291.25,3,14:03:54.425405237
5291.25,3,14:03:54.425441103
5291.25,3,14:03:54.425511011
5291.25,1,14:03:54.425631775
5291.25,1,14:03:54.425953456
5291.25,1,14:03:54.425987566
5291.25,2,14:03:54.426076281
5291.25,5,14:03:54.427259700
5291.5,1,14:03:54.623306561
5291.25,5,14:03:54.773062461
5291.25,1,14:03:54.851893326
5291.25,1,14:03:54.852208766
5291.25,2,14:03:54.852420344
5291.25,6,14:03:54.852692667
5291.25,2,14:03:54.852895919
5291.25,1,14:03:55.034332065
5291.25,1,14:03:55.475305841
5291.25,2,14:03:55.875716810
5291.25,17,14:03:55.968392354
5291.25,34,14:03:55.969154740
5291.25,4,14:03:55.969441121
5291.25,5,14:03:55.969505064
5291.25,1,14:03:55.969930141
5291.25,3,14:03:55.973897322
5291.25,2,14:03:55.974033066
5291.25,1,14:03:55.974290156
5291.25,2,14:03:55.974354074
5291.25,2,14:03:55.974665952
5291.25,1,14:03:55.976839950
5291.25,3,14:03:55.977560494
5291.25,1,14:03:55.977722712
5291.25,2,14:03:55.977964339
5291.25,1,14:03:55.978025505
5291.25,1,14:03:55.978064808
5291.25,4,14:03:55.978205435
5291.25,5,14:03:55.996810217
5291.25,6,14:03:55.997182084
5291.25,1,14:03:55.997234453
5291.25,1,14:03:55.997285088
5291.25,1,14:03:56.031253534
5291.25,1,14:03:56.186834954
5291.0,26,14:03:56.325329616
5290.75,71,14:03:56.325329616
5290.75,3,14:03:56.327153187
5290.75,3,14:03:56.327206606
5290.75,1,14:03:56.327351346
5290.75,1,14:03:56.327572921
5290.75,2,14:03:56.327647272
5290.75,1,14:03:56.327762465
5290.75,1,14:03:56.327899600
5290.5,6,14:03:56.490189434
5290.5,5,14:03:56.490205456
5290.5,1,14:03:56.490354435
5290.5,3,14:03:56.490499695
5290.5,2,14:03:56.490649839
5290.5,1,14:03:56.490652950
5290.5,4,14:03:56.490690694
5290.5,4,14:03:56.491047476
5290.5,1,14:03:56.491346583
5290.5,2,14:03:56.491372222
5290.5,3,14:03:56.491501284
5290.5,1,14:03:56.491501284
5290.5,3,14:03:56.491711087
5290.5,1,14:03:56.491711087
5290.5,3,14:03:56.491739769
5290.5,1,14:03:56.491739769
5290.5,1,14:03:56.491942400
5290.5,1,14:03:56.492010328
5290.5,2,14:03:56.492010328
5290.5,1,14:03:56.492104061
5290.5,4,14:03:56.492391379
5290.5,16,14:03:56.494141365
5290.5,1,14:03:56.494306896
5290.75,2,14:03:56.505996566
5290.75,7,14:03:56.590726034
5290.75,3,14:03:56.590876102
5290.75,15,14:03:56.591042485
5290.75,1,14:03:56.591369928
5290.75,1,14:03:56.591563981
5290.75,3,14:03:56.591761940
5290.75,4,14:03:56.599376630
5290.75,1,14:03:56.599687790
5290.75,2,14:03:56.599885535
5290.75,3,14:03:56.622092130
5290.75,1,14:03:56.642095281
5290.75,2,14:03:56.710455164
5290.75,6,14:03:56.710700718
5290.75,3,14:03:56.710906555
5290.75,3,14:03:56.711138928
5290.75,1,14:03:56.892626176
5291.0,1,14:03:57.025426142
5290.75,2,14:03:57.053160472
5291.0,4,14:03:57.784581305
5291.0,2,14:03:57.784725922
5291.0,2,14:03:57.784789136
5291.0,14,14:03:57.784891256
5291.0,1,14:03:57.784955263
5291.0,1,14:03:57.785053557
5291.0,6,14:03:57.785164583
5291.0,3,14:03:57.785202165
5291.0,7,14:03:57.785253523
5291.0,1,14:03:58.038051505
5291.25,13,14:03:58.241584881
5291.25,1,14:03:58.241748420
5291.25,6,14:03:58.241872179
5291.25,1,14:03:58.242161664
5291.25,1,14:03:58.242293286
5291.25,2,14:03:58.242404056
5291.25,6,14:03:58.242479235
5291.25,1,14:03:58.242553403
5291.25,6,14:03:58.242553403
5291.25,1,14:03:58.242776281
5291.25,1,14:03:58.243037768
5291.25,1,14:03:58.243200173
5291.25,2,14:03:58.253397785
5291.25,3,14:03:58.256182237
5291.25,1,14:03:58.257936504
5291.5,1,14:03:58.344162768
5291.25,20,14:03:58.344987735
5291.25,1,14:03:58.485673663
5291.25,2,14:03:58.485727882
5291.25,1,14:03:58.485901114
5291.25,1,14:03:58.486107813
5291.0,1,14:03:59.071428188
5291.0,3,14:03:59.566008668
5291.0,9,14:03:59.720013850
5288.75,1,14:05:16.016006385
5288.75,1,14:05:16.117136747
5288.75,4,14:05:16.217622436
5288.75,3,14:05:16.230671151
5288.75,2,14:05:16.230711068
5288.75,6,14:05:16.230777866
5288.75,4,14:05:16.231071841
5288.75,3,14:05:16.231257168
5288.5,6,14:05:16.264994028
5288.5,1,14:05:16.265203592
5288.5,3,14:05:16.265304828
5288.5,1,14:05:16.265476368
5288.5,3,14:05:16.265476368
5288.5,4,14:05:16.265476368
5288.5,2,14:05:16.265523959
5288.5,1,14:05:16.265523959
5288.5,4,14:05:16.265641226
5288.5,1,14:05:16.265837128
5288.5,1,14:05:16.265958855
5288.5,1,14:05:16.266000929
5288.5,3,14:05:16.266192885
5288.5,7,14:05:16.266389795
5288.5,1,14:05:16.266429460
5288.5,1,14:05:16.268577449
5288.5,2,14:05:16.268771731
5288.5,1,14:05:16.291229237
5288.5,7,14:05:16.294071493
5288.5,4,14:05:16.294123436
5288.5,9,14:05:16.326359536
5288.5,25,14:05:16.542594995
5288.5,1,14:05:16.771727157
5288.5,1,14:05:16.848418602
5288.5,9,14:05:16.983511401
5288.5,2,14:05:16.985408863
5288.75,2,14:05:17.278856300
5288.75,2,14:05:17.296223768
5288.75,1,14:05:17.296372388
5288.75,16,14:05:17.296595989
5288.75,1,14:05:18.032594848
5289.0,3,14:05:18.453423027
5289.0,10,14:05:18.473266217
5288.75,3,14:05:18.616321875
5288.75,1,14:05:18.616338160
5288.75,3,14:05:18.617030439
5288.75,1,14:05:18.617064610
5288.75,15,14:05:18.617711922
5288.75,3,14:05:18.622540729
5288.75,8,14:05:18.622842967
5288.75,2,14:05:18.623658055
5288.75,2,14:05:18.624851900
5288.75,3,14:05:18.672054256
5288.75,1,14:05:18.769373024
5288.75,1,14:05:18.917545038
5288.5,1,14:05:19.031439051
5288.5,3,14:05:19.100485291
5288.5,8,14:05:19.101191219
5288.5,1,14:05:19.101225249
5288.5,2,14:05:19.101261697
5288.5,1,14:05:19.104101809
5288.5,8,14:05:19.186448112
5288.5,3,14:05:19.324942238
5288.75,1,14:05:19.864339139
5288.75,28,14:05:19.978400405
5288.75,11,14:05:19.979103965
5288.75,1,14:05:19.979288989
5288.75,1,14:05:19.979331358
5288.75,1,14:05:19.979494619
5289.0,2,14:05:20.040043288
5288.75,3,14:05:20.120747888
5288.75,1,14:05:20.120914196
5288.75,1,14:05:20.120932757
5288.75,1,14:05:20.120974290
5288.75,1,14:05:20.121300595
5288.75,1,14:05:20.121378561
5288.75,5,14:05:20.129082527
5288.75,23,14:05:20.143023709
5289.0,3,14:05:20.455867398
5289.0,14,14:05:20.455920635
5289.0,4,14:05:20.457752623
5289.0,2,14:05:20.457795401
5289.0,10,14:05:20.457877403
5288.75,12,14:05:20.716820703
5289.0,18,14:05:20.716820703
5289.0,1,14:05:20.824605074
5289.0,1,14:05:20.934245891
5289.0,10,14:05:21.118078349
5289.0,1,14:05:21.188064961
5289.0,2,14:05:21.188185681
5289.0,2,14:05:21.188252152
5289.0,3,14:05:21.188252152
5289.0,9,14:05:21.188587883
5289.0,3,14:05:21.336800019
5289.0,1,14:05:21.336942509
5289.0,2,14:05:21.337002289
5289.0,2,14:05:21.337276551
5289.0,1,14:05:21.337387372
5289.0,1,14:05:21.338283845
5289.0,4,14:05:21.338344323
5289.0,1,14:05:21.338410935
5289.0,3,14:05:21.342946757
5289.0,6,14:05:21.343313709
5289.0,2,14:05:21.343499038
5288.75,10,14:05:21.597079741
5288.75,1,14:05:21.597232583
5288.75,3,14:05:21.597331186
5288.75,1,14:05:21.597331186
5288.75,1,14:05:21.597802277
5288.75,3,14:05:21.597980102
5288.75,2,14:05:21.599791700
5288.75,3,14:05:21.600011665
5288.75,1,14:05:21.600041849
5288.75,1,14:05:21.600361526
5288.75,3,14:05:21.600624635
5288.75,1,14:05:21.600651727
5288.75,1,14:05:21.609255107
5288.75,2,14:05:21.609454209
5288.75,3,14:05:21.609818868
5288.5,1,14:05:21.633612424
5288.75,1,14:05:21.725267409
5288.5,25,14:05:22.099487631
5288.5,1,14:05:22.099649113
5288.5,3,14:05:22.099709092
5288.5,2,14:05:22.099789897
5288.5,36,14:05:22.099895108
5288.5,1,14:05:22.100011700
5288.5,4,14:05:22.100292079
5288.5,1,14:05:22.100373336
5288.5,1,14:05:22.100398184
5288.5,14,14:05:22.108565767
5288.5,1,14:05:22.108688540
5288.5,2,14:05:22.108688540
5288.5,1,14:05:22.109151986
5288.5,12,14:05:22.337057640
5288.75,1,14:05:22.344491373
5288.75,5,14:05:22.671479792
5288.75,1,14:05:22.973760380
5288.5,1,14:05:23.032404603
5288.75,1,14:05:23.141424165
5288.75,1,14:05:23.448491150
5288.75,1,14:05:23.736936926
5288.5,10,14:05:23.996240463
5288.5,30,14:05:24.156555265
5288.25,20,14:05:24.156555265
5288.25,5,14:05:24.156569917
5288.5,1,14:05:24.273432030
5288.5,3,14:05:24.273502387
5288.5,1,14:05:24.273587903
5288.5,2,14:05:24.273655904
5288.5,1,14:05:24.273715983
5288.5,1,14:05:24.274341855
5288.5,1,14:05:24.274516545
5288.5,2,14:05:24.274516545
5288.5,1,14:05:24.274688840
5288.5,1,14:05:24.274773709
5288.75,1,14:05:24.378432665
5288.75,1,14:05:24.449645010
5288.75,1,14:05:25.206815999
5288.5,1,14:05:25.497585019
5288.75,20,14:05:25.617760513
5288.75,1,14:05:25.620863629
5288.75,50,14:05:25.762609889
5288.75,1,14:05:25.762822149
5288.75,1,14:05:25.762878112
5288.75,1,14:05:25.849655523
5288.75,9,14:05:25.969452977
5288.5,44,14:05:26.316792178
5288.5,5,14:05:26.588356999
5288.5,1,14:05:26.860197806
5288.25,1,14:05:27.032448079
5288.25,1,14:05:27.033787105
5288.5,1,14:05:27.078513838
5288.25,2,14:05:27.239605006
5288.25,13,14:05:27.259830270
5288.5,1,14:05:27.304633049
5288.5,2,14:05:27.415703029
5288.25,4,14:05:27.565447242
5288.5,43,14:05:28.291396165
5288.75,2,14:05:28.454402483
5288.75,3,14:05:28.510492168
5288.75,1,14:05:28.510685186
5288.75,1,14:05:28.510729689
5288.75,3,14:05:28.510815851
5288.75,1,14:05:28.510898646
5288.75,2,14:05:28.510898646
5288.75,7,14:05:28.511021186
5289.0,2,14:05:29.885321563
5288.75,3,14:05:29.889977228
5288.75,3,14:05:29.890046928
5288.75,2,14:05:29.890196212
5288.75,6,14:05:29.890333920
5288.75,2,14:05:29.890415035
5288.75,1,14:05:29.890642383
5288.75,12,14:05:29.890843822
5288.75,1,14:05:29.890972518
5288.75,1,14:05:29.955404785
5288.75,2,14:05:30.026417263
5288.75,1,14:05:30.035161420
5288.75,1,14:05:30.040894672
5288.75,1,14:05:30.043407174
5288.75,14,14:05:30.334273798
5288.75,3,14:05:30.337257410
5288.75,6,14:05:30.337359355
5288.75,6,14:05:30.337843035
5288.75,5,14:05:30.338333367
5288.75,4,14:05:30.338434957
5288.75,2,14:05:30.338434957
5288.75,7,14:05:30.338898463
5288.75,1,14:05:30.338955207
5288.75,2,14:05:30.339265835
5288.5,76,14:05:30.377441065
5288.75,47,14:05:30.377441065
5288.5,28,14:05:30.378601729
5288.75,51,14:05:30.378801518
5288.5,31,14:05:30.378801518
5288.75,1,14:05:30.379013993
5288.75,1,14:05:30.379107448
5288.75,14,14:05:30.379558049
5288.75,1,14:05:30.379713287
5289.0,12,14:05:30.379797023
5288.75,1,14:05:30.380024787
5288.75,1,14:05:30.380165587
5288.75,2,14:05:30.380325696
5289.0,61,14:05:30.380705044
5288.75,1,14:05:30.381085218
5289.0,1,14:05:30.381414585
5289.0,1,14:05:30.381460785
5289.0,5,14:05:30.381561500
5289.0,2,14:05:30.381561500
5289.0,1,14:05:30.381717711
5289.0,1,14:05:30.381963931
5289.0,2,14:05:30.381963931
5289.0,5,14:05:30.382086887
5289.0,1,14:05:30.382086887
5289.0,7,14:05:30.382267635
5289.0,1,14:05:30.382267635
5289.0,1,14:05:30.382307347
5289.0,1,14:05:30.382413339
5289.0,1,14:05:30.382635826
5288.75,2,14:05:31.302231803
5288.75,15,14:05:31.302531877
5288.75,8,14:05:31.302879007
5288.75,1,14:05:31.302911603
5288.75,2,14:05:31.303004511
5288.75,13,14:05:31.303115792
5288.75,1,14:05:31.303325653
5288.75,6,14:05:31.303484510
5288.75,2,14:05:31.303650568
5288.75,1,14:05:31.303650568
5288.75,3,14:05:31.303650568
5288.75,6,14:05:31.303749601
5288.75,2,14:05:31.303847526
5288.75,14,14:05:31.359595843
5289.0,2,14:05:31.602565725
5288.75,1,14:05:31.880355009
5288.75,2,14:05:31.880542025
5288.75,4,14:05:31.880610557
5288.75,1,14:05:31.880610557
5288.75,2,14:05:31.880665556
5288.75,18,14:05:31.880799018
5288.75,1,14:05:31.881121674
5288.5,1,14:05:32.033187646
5288.75,1,14:05:32.127128395
5288.75,9,14:05:32.798950876
5288.75,9,14:05:32.800273706
5288.75,1,14:05:32.800344286
5288.75,4,14:05:32.896686264
5288.75,1,14:05:32.962733695
5288.75,1,14:05:33.040764994
5288.75,7,14:05:33.268661806
5288.75,1,14:05:33.268823330
5288.75,1,14:05:33.268872997
5288.75,1,14:05:33.268981819
5288.75,1,14:05:33.269046092
5288.75,1,14:05:33.269138107
5288.75,1,14:05:33.269365533
5288.75,1,14:05:33.269425624
5289.0,10,14:05:33.509575010
5289.0,10,14:05:33.509685253
5289.0,4,14:05:33.509825041
5289.0,7,14:05:33.509825041
5289.0,34,14:05:33.510691026
5289.0,5,14:05:33.511291896
5289.0,17,14:05:33.511656385
5289.0,1,14:05:33.511767024
5289.0,1,14:05:33.512486532
5289.0,6,14:05:33.513185393
5289.0,6,14:05:33.513358705
5289.0,4,14:05:33.513463908
5289.0,2,14:05:33.513463908
5289.0,1,14:05:33.513594464
5289.0,2,14:05:33.513697503
5289.0,1,14:05:33.513782657
5289.0,2,14:05:33.513826834
5289.0,1,14:05:33.513929239
5289.0,2,14:05:33.513929239
5289.0,2,14:05:33.514037800
5289.0,1,14:05:33.618005754
5289.0,15,14:05:33.828524646
5289.0,6,14:05:33.829429330
5289.0,1,14:05:33.829666874
5289.0,1,14:05:33.829933218
5289.0,3,14:05:33.830211448
5289.0,2,14:05:33.830408124
5289.0,1,14:05:33.830444454
5288.75,3,14:05:33.921213905
5289.0,1,14:05:34.149517529
5289.0,5,14:05:34.273901909
5289.0,9,14:05:34.552482824
5289.0,5,14:05:34.592766748
5289.0,5,14:05:34.688017128
5289.0,6,14:05:34.705102653
5289.0,1,14:05:34.705237869
5289.0,1,14:05:34.705337205
5289.0,2,14:05:34.705399952
5289.0,1,14:05:34.705399952
5289.0,1,14:05:34.705460280
5289.0,1,14:05:34.705496616
5289.0,1,14:05:34.705630162
5289.25,2,14:05:34.705726445
5289.0,3,14:05:34.705975159
5289.0,1,14:05:34.705975159
5289.0,1,14:05:34.706087307
5289.0,1,14:05:34.706160278
5289.0,1,14:05:34.706384711
5289.0,4,14:05:34.706384711
5289.0,2,14:05:34.706505152
5289.0,1,14:05:34.706505152
5289.0,3,14:05:34.706596581
5289.0,2,14:05:34.706752706
5289.0,4,14:05:34.706836106
5289.0,1,14:05:34.706836106
5289.0,1,14:05:34.707542949
5289.0,1,14:05:34.769736268
5289.0,1,14:05:34.824755378
5288.75,1,14:05:35.031894265
5288.75,1,14:05:35.178669975
5288.75,96,14:05:35.410387073
5288.75,1,14:05:35.410580827
5288.75,3,14:05:35.410580827
5288.75,2,14:05:35.410700650
5288.75,49,14:05:35.410700650
5288.75,1,14:05:35.411402690
5288.75,18,14:05:35.415621754
5288.75,1,14:05:35.419190303
5288.75,3,14:05:35.918774519
5288.75,8,14:05:35.919060228
5288.75,4,14:05:35.919364923
5288.75,8,14:05:35.919675872
5288.75,1,14:05:36.078638030
5288.75,7,14:05:36.249329224
5288.75,10,14:05:36.915474413
5288.75,1,14:05:36.915979921
5288.75,4,14:05:36.916533801
5288.75,9,14:05:36.916636362
5288.75,1,14:05:36.916636362
5288.75,1,14:05:36.916744864
5288.75,5,14:05:36.916871443
5288.75,3,14:05:36.916871443
5288.75,2,14:05:36.916871443
5288.75,6,14:05:38.012390226
5288.75,23,14:05:38.012548278
5288.75,8,14:05:38.471837750
5288.75,3,14:05:38.548863335
5288.75,1,14:05:38.549057250
5288.75,23,14:05:38.717031511
5288.75,4,14:05:38.717336417
5288.75,1,14:05:38.717439401
5288.75,5,14:05:38.717439401
5288.75,1,14:05:38.717692462
5288.75,1,14:05:38.717803658
5288.75,1,14:05:38.717875211
5288.75,2,14:05:38.717875211
5288.75,7,14:05:38.773543825
5289.0,3,14:05:39.799719023
5289.0,1,14:05:39.800086215
5289.0,1,14:05:39.800239484
5289.0,21,14:05:39.800239484
5289.0,12,14:05:39.800894564
5289.0,1,14:05:39.800999855
5289.0,40,14:05:40.778638797
5289.0,46,14:05:41.169845958
5289.0,2,14:05:41.170601888
5288.75,2,14:05:41.170645153
5289.0,3,14:05:41.192740401
5289.0,1,14:05:41.192948319
5289.0,1,14:05:41.192975430
5289.0,1,14:05:41.193096415
5289.0,1,14:05:41.255086542
5289.0,15,14:05:41.524454155
5289.0,1,14:05:41.524596212
5289.0,1,14:05:41.524703392
5289.0,1,14:05:41.524898452
5289.0,1,14:05:41.524947201
5289.0,3,14:05:41.861976089
5289.0,1,14:05:41.862245401
5289.0,2,14:05:41.862432829
5289.0,9,14:05:41.862794237
5289.0,1,14:05:41.862845627
5289.0,1,14:05:41.863010162
5289.0,3,14:05:41.864708157
5289.0,1,14:05:41.870040460
5289.0,1,14:05:41.905747500
5288.75,1,14:05:42.032793324
5289.0,1,14:05:42.047224607
5288.75,25,14:05:42.528915268
5288.75,1,14:05:42.529096908
5288.75,2,14:05:42.529316753
5288.75,3,14:05:42.529316753
5288.75,2,14:05:42.529355899
5288.75,3,14:05:42.529355899
5288.75,3,14:05:42.529423600
5288.75,2,14:05:42.529423600
5288.75,1,14:05:42.537141954
5288.75,5,14:05:42.537284363
5288.75,6,14:05:42.537578760
5288.75,3,14:05:42.537667984
5288.75,1,14:05:42.537762424
5288.75,1,14:05:42.538180455
5288.75,11,14:05:42.838313953
5288.75,7,14:05:42.917762266
5288.75,1,14:05:42.917798984
5288.75,1,14:05:42.917918247
5288.75,1,14:05:42.918178742
5288.75,2,14:05:42.918223499
5288.75,1,14:05:42.918478402
5288.75,2,14:05:42.918683491
5288.75,2,14:05:42.918769570
5288.75,1,14:05:42.919601964
5288.75,5,14:05:42.919781445
5288.75,1,14:05:42.919838304
5288.75,3,14:05:42.954978684
5288.75,2,14:05:42.955009005
5288.5,1,14:05:42.975722772
5288.75,10,14:05:42.977388348
5288.75,3,14:05:42.989637373
5288.75,1,14:05:42.989792327
5288.75,1,14:05:43.079685877
5288.75,6,14:05:43.079953924
5288.75,1,14:05:43.080319160
5288.75,1,14:05:43.122240325
5288.75,3,14:05:43.123357211
5288.75,2,14:05:43.123656501
5288.5,24,14:05:43.346565542
5288.5,1,14:05:43.347146249
5288.5,1,14:05:43.347571458
5288.25,1,14:05:43.530829892
5288.25,5,14:05:43.530900706
5288.25,1,14:05:43.530933801
5288.25,11,14:05:43.531133424
5288.5,1,14:05:43.548057283
5288.5,2,14:05:43.564397859
5288.25,1,14:05:44.031943176
5288.25,95,14:05:44.032924828
5288.0,59,14:05:44.059051316
5288.0,1,14:05:44.059274463
5287.75,24,14:05:44.059282501
5288.0,76,14:05:44.059282501
5287.75,2,14:05:44.059582668
5287.75,10,14:05:44.059589896
5287.75,10,14:05:44.059597791
5287.75,1,14:05:44.059597791
5287.75,1,14:05:44.059604274
5287.75,10,14:05:44.059611548
5287.75,10,14:05:44.059619763
5287.75,1,14:05:44.059627455
5287.75,10,14:05:44.059627455
5287.75,1,14:05:44.059632118
5287.75,1,14:05:44.059642310
5287.75,1,14:05:44.059647274
5288.0,6,14:05:44.061402665
5287.75,16,14:05:44.061915949
5287.75,1,14:05:44.061966655
5287.75,9,14:05:44.064109110
5287.75,2,14:05:44.064681116
5287.75,1,14:05:44.064829868
5288.0,30,14:05:44.065141455
5287.75,7,14:05:44.065381853
5287.75,1,14:05:44.066426130
5287.75,6,14:05:44.066426130
5287.75,1,14:05:44.066439720
5287.75,1,14:05:44.066690011
5287.75,2,14:05:44.066690011
5287.5,1,14:05:44.068268779
5287.5,1,14:05:44.070356293
5287.5,3,14:05:44.070435619
5287.5,6,14:05:44.070543740
5287.5,2,14:05:44.070634007
5287.5,2,14:05:44.070717733
5287.5,1,14:05:44.070717733
5287.5,20,14:05:44.070869845
5287.5,1,14:05:44.071341826
5287.5,1,14:05:44.071425943
5287.5,1,14:05:44.071801516
5287.5,1,14:05:44.071897063
5287.25,1,14:05:44.090885920
5287.25,1,14:05:44.090897682
5287.25,1,14:05:44.091379466
5287.25,11,14:05:44.103342049
5287.25,4,14:05:44.103544037
5287.25,4,14:05:44.103603936
5287.25,2,14:05:44.103689349
5287.25,4,14:05:44.103689349
5287.25,6,14:05:44.103804167
5287.25,1,14:05:44.104037724
5287.25,6,14:05:44.104122624
5287.25,2,14:05:44.104266861
5287.25,1,14:05:44.104446887
5287.25,1,14:05:44.104451553
5287.25,1,14:05:44.104505615
5287.25,1,14:05:44.104596890
5287.25,4,14:05:44.104966450
5287.25,1,14:05:44.104966450
5287.25,1,14:05:44.105007138
5287.25,1,14:05:44.105134047
5287.5,1,14:05:44.107181253
5287.25,1,14:05:44.110957928
5287.25,6,14:05:44.114870160
5287.25,11,14:05:44.115206945
5287.0,1,14:05:44.132729591
5287.0,2,14:05:44.132742891
5287.0,1,14:05:44.132742891
5287.0,3,14:05:44.132909407
5287.0,3,14:05:44.133036337
5287.0,25,14:05:44.133162932
5287.0,4,14:05:44.133303428
5287.0,3,14:05:44.133303428
5287.0,1,14:05:44.133343150
5287.0,6,14:05:44.133445076
5287.0,1,14:05:44.133445076
5287.0,10,14:05:44.133445076
5287.0,1,14:05:44.133507327
5287.0,3,14:05:44.133803562
5287.0,2,14:05:44.133803562
5287.0,1,14:05:44.133936567
5287.0,2,14:05:44.133936567
5287.0,4,14:05:44.134031634
5287.0,1,14:05:44.134171458
5287.0,1,14:05:44.134316367
5287.0,3,14:05:44.134697894
5287.0,1,14:05:44.134879373
5287.0,1,14:05:44.135247780
5287.0,1,14:05:44.135251848
5287.0,2,14:05:44.135360810
5287.0,1,14:05:44.135360810
5287.0,1,14:05:44.135468611
5287.0,2,14:05:44.135746427
5287.0,3,14:05:44.135848583
5287.0,1,14:05:44.135920668
5287.0,14,14:05:44.141936917
5287.0,3,14:05:44.142128409
5287.0,2,14:05:44.142171514
5287.0,2,14:05:44.142315366
5287.0,1,14:05:44.142315366
5287.0,1,14:05:44.142517226
5287.0,2,14:05:44.142584587
5287.0,2,14:05:44.142636422
5287.0,1,14:05:44.142739100
5287.0,1,14:05:44.142814337
5287.0,7,14:05:44.151942793
5287.0,1,14:05:44.152176231
5287.0,3,14:05:44.152246415
5287.0,1,14:05:44.152373409
5287.0,1,14:05:44.152408616
5286.75,1,14:05:44.161635545
5286.75,1,14:05:44.161655922
5286.75,3,14:05:44.161655922
5287.0,1,14:05:44.173300238
5287.0,2,14:05:44.182934359
5287.0,1,14:05:44.183124641
5287.0,3,14:05:44.183195451
5287.0,4,14:05:44.183224940
5286.75,1,14:05:44.185247487
5287.0,13,14:05:44.190382275
5287.0,8,14:05:44.198693640
5287.0,1,14:05:44.199070597
5287.0,1,14:05:44.224242920
5287.25,1,14:05:44.345594343
5287.25,8,14:05:44.345823905
5287.25,1,14:05:44.346018377
5287.25,26,14:05:44.361441395
5287.25,2,14:05:44.361528015
5287.25,4,14:05:44.372312997
5287.25,1,14:05:44.602520814
5287.25,3,14:05:44.602566849
5287.25,2,14:05:44.602597385
5287.25,2,14:05:44.602669946
5287.25,14,14:05:44.602775984
5287.25,5,14:05:44.602876216
5287.25,1,14:05:44.602876216
5287.25,1,14:05:44.603170539
5287.25,1,14:05:44.603385266
5287.25,4,14:05:44.603385266
5287.25,5,14:05:44.603424144
5287.25,1,14:05:44.603508872
5287.25,1,14:05:44.603608458
5287.25,8,14:05:44.603687388
5287.0,1,14:05:44.809343113
5287.0,1,14:05:44.880685093
5287.0,5,14:05:44.880773891
5287.0,1,14:05:44.880845781
5287.0,3,14:05:44.880923306
5287.0,1,14:05:44.880976561
5287.0,6,14:05:44.881026956
5287.0,7,14:05:44.881124916
5287.0,1,14:05:44.881164133
5287.0,3,14:05:44.882103277
5287.0,1,14:05:44.882327779
5287.0,1,14:05:44.882388004
5287.0,1,14:05:44.882923089
5287.25,9,14:05:44.886165859
5287.25,1,14:05:44.958029849
5287.25,2,14:05:45.026693752
5287.25,1,14:05:45.031881351
5287.25,9,14:05:45.033192500
5287.25,4,14:05:45.033424413
5287.25,1,14:05:45.033510178
5287.25,1,14:05:45.033607789
5287.25,2,14:05:45.033815253
5287.25,1,14:05:45.034116651
5287.25,2,14:05:45.157133731
5287.25,1,14:05:45.785737283
5287.25,17,14:05:45.834910453
5287.25,4,14:05:45.835131924
5287.25,1,14:05:45.835170750
5287.25,3,14:05:45.835228739
5287.25,3,14:05:45.835250272
5287.25,9,14:05:45.835372670
5287.25,4,14:05:45.835865519
5287.25,2,14:05:45.836104964
5287.25,2,14:05:45.836143038
5287.25,1,14:05:45.836214499
5287.25,1,14:05:45.836315304
5287.25,5,14:05:45.836315304
5287.25,1,14:05:45.836341123
5287.25,1,14:05:45.836503955
5287.25,7,14:05:45.836668182
5287.25,1,14:05:45.836767544
5287.25,3,14:05:45.836767544
5287.25,4,14:05:45.836767544
5287.25,4,14:05:45.836800549
5287.25,1,14:05:45.836918004
5287.25,5,14:05:45.836994883
5287.25,2,14:05:45.837200084
5287.25,2,14:05:45.837236958
5287.25,1,14:05:45.837290625
5287.25,1,14:05:45.837486992
5287.25,1,14:05:45.837545358
5287.25,3,14:05:45.839075472
5287.25,3,14:05:45.839289617
5287.25,4,14:05:45.839519321
5287.25,2,14:05:45.839779000
5287.25,1,14:05:45.839972613
5287.25,1,14:05:45.841649543
5287.25,7,14:05:45.847210260
5287.25,1,14:05:45.847249352
5287.25,1,14:05:45.847364909
5287.25,1,14:05:45.905950455
5287.25,10,14:05:45.906454664
5287.25,3,14:05:45.906640802
5287.25,1,14:05:45.906682915
5287.0,1,14:05:46.032839890
5287.0,3,14:05:46.054046096
5287.0,1,14:05:46.054197540
5287.0,3,14:05:46.054304767
5287.0,1,14:05:46.054491772
5287.0,1,14:05:46.054570549
5287.0,3,14:05:46.054747026
5287.0,11,14:05:46.054839002
5287.0,4,14:05:46.055193902
5287.25,1,14:05:46.067562481
5287.0,6,14:05:46.271957119
5287.0,1,14:05:46.272101727
5287.0,3,14:05:46.272192269
5287.0,2,14:05:46.272233777
5287.0,1,14:05:46.272395752
5287.0,1,14:05:46.272438056
5287.0,1,14:05:46.272543492
5287.0,4,14:05:46.272667504
5287.0,4,14:05:46.272714571
5287.0,4,14:05:46.272775826
5287.25,1,14:05:46.449689031
5287.25,1,14:05:46.449883710
5287.25,2,14:05:46.462020976
5287.25,1,14:05:46.812155003
5287.25,1,14:05:47.029664530
5287.25,18,14:05:47.046540358
5287.25,4,14:05:47.046595198
5287.25,1,14:05:47.047332819
5287.5,3,14:05:47.120216392
5287.25,1,14:05:47.211893969
5287.25,1,14:05:47.260329531
5287.5,1,14:05:47.519747274
5287.25,3,14:05:47.592910654
5287.25,5,14:05:47.593201536
5287.25,2,14:05:47.593272002
5287.25,1,14:05:47.593272002
5287.25,1,14:05:47.593360462
5287.25,1,14:05:47.593424229
5287.25,1,14:05:47.593506887
5287.25,2,14:05:47.593605321
5287.25,1,14:05:47.679490631
5287.25,20,14:05:47.801935730
5287.25,2,14:05:47.802140227
5287.25,2,14:05:47.802213613
5287.25,1,14:05:47.802213613
5287.25,4,14:05:47.802418799
5287.25,4,14:05:47.802472262
5287.25,2,14:05:47.802697998
5287.25,2,14:05:47.802796565
5287.25,3,14:05:47.892919015
5287.25,16,14:05:47.893325913
5287.25,1,14:05:47.893476066
5287.25,1,14:05:47.893806355
5287.25,1,14:05:47.893840602
5287.25,1,14:05:47.906930495
5287.25,3,14:05:47.907095497
5287.25,1,14:05:47.907173645
5287.25,1,14:05:48.009125088
5287.25,1,14:05:48.009295946
5287.25,1,14:05:48.009454301
5287.25,2,14:05:48.009582733
5287.25,2,14:05:48.009681048
5287.25,1,14:05:48.009861647
5287.25,3,14:05:48.009978259
5287.25,2,14:05:48.009978259
5287.25,1,14:05:48.032309353
5287.25,1,14:05:48.032474564
5287.25,5,14:05:48.049954595
5287.25,2,14:05:48.298944638
5287.25,1,14:05:48.299158104
5287.5,4,14:05:48.493630386
5287.5,3,14:05:48.730534666
5287.5,34,14:05:48.740041111
5287.5,1,14:05:48.740146975
5287.5,1,14:05:48.740314329
5287.5,14,14:05:48.740314329
5287.5,15,14:05:48.749194475
5287.5,2,14:05:48.794232776
5287.5,2,14:05:48.794263144
5287.5,1,14:05:48.794354573
5287.5,4,14:05:48.794436088
5287.5,5,14:05:48.813393129
5287.5,4,14:05:48.857869190
5287.5,1,14:05:48.945834576
5287.5,5,14:05:49.182772405
5287.5,3,14:05:49.182810607
5287.5,3,14:05:49.183075090
5287.5,4,14:05:49.652876566
5287.5,1,14:05:49.668228802
5287.5,11,14:05:49.785641825
5287.5,10,14:05:49.805644900
5287.5,1,14:05:49.981146988
5287.25,1,14:05:50.398853932
5287.25,7,14:05:50.564209073
5287.25,14,14:05:50.564570821
5287.0,1,14:05:50.789664889
5287.0,65,14:05:50.790035600
5287.0,1,14:05:50.966370159
5287.0,3,14:05:51.073064691
5287.0,13,14:05:51.073679718
5287.0,3,14:05:51.101580546
5287.0,1,14:05:51.101766060
5287.0,2,14:05:51.101810976
5287.0,2,14:05:51.101852753
5287.0,1,14:05:51.102065816
5287.0,1,14:05:51.102121626
5287.0,1,14:05:51.102239231
5287.0,3,14:05:51.303348037
5287.0,13,14:05:51.303501026
5286.75,10,14:05:51.397170741
5286.75,1,14:05:51.397181589
5286.75,1,14:05:51.463176049
5286.75,26,14:05:51.520370962
5286.75,35,14:05:51.783088745
5286.75,1,14:05:51.783615432
5286.75,1,14:05:51.788466896
5286.75,1,14:05:51.788632410
5286.75,2,14:05:51.788840960
5286.75,4,14:05:51.788940143
5286.75,2,14:05:51.788940143
5286.75,4,14:05:51.789231093
5286.75,1,14:05:51.789272355
5286.75,1,14:05:51.789326986
5287.0,4,14:05:52.156977794
5287.0,7,14:05:52.158301997
5287.0,26,14:05:52.158525950
5287.0,1,14:05:52.158688677
5287.0,1,14:05:52.158958205
5287.0,4,14:05:52.159073122
5287.0,13,14:05:52.159266070
5287.0,6,14:05:52.166391849
5287.0,1,14:05:52.166556195
5287.0,1,14:05:52.166918228
5287.0,5,14:05:52.167067438
5287.0,3,14:05:52.167235911
5287.0,3,14:05:52.167323987
5287.0,1,14:05:52.167381252
5287.0,1,14:05:52.167507991
5287.0,1,14:05:52.167548212
5287.0,1,14:05:52.167704558
5287.0,1,14:05:52.167855709
5287.0,2,14:05:52.219515014
5287.0,2,14:05:52.265842578
5286.75,3,14:05:52.278396117
5287.0,17,14:05:52.278396117
5287.0,4,14:05:52.295796685
5287.0,1,14:05:52.330362915
5287.0,4,14:05:52.397414481
5287.0,1,14:05:52.502799246
5287.25,1,14:05:52.513015295
5287.0,1,14:05:52.716758942
5287.0,2,14:05:52.907286741
5287.0,1,14:05:52.975183648
5287.0,1,14:05:53.032882879
5287.0,1,14:05:53.298816291
5287.25,1,14:05:53.307121581
5287.25,7,14:05:53.358084506
5287.25,25,14:05:53.358232487
5287.25,11,14:05:53.359923212
5287.0,1,14:05:53.522037146
5287.0,22,14:05:53.606083042
5287.0,3,14:05:53.606595062
5287.0,1,14:05:53.657377695
5286.75,3,14:05:53.843317766
5286.75,10,14:05:54.021070133
5286.75,13,14:05:54.382157651
5286.75,3,14:05:54.382846991
5286.75,4,14:05:54.383106689
5286.75,9,14:05:54.383412679
5286.75,4,14:05:54.392560906
5286.75,1,14:05:54.392742196
5286.75,1,14:05:54.395246111
5286.75,3,14:05:54.449240886
5286.75,5,14:05:54.449549868
5286.75,1,14:05:54.449699053
5286.75,1,14:05:54.561329287
5286.75,1,14:05:54.681846434
5287.0,1,14:05:54.724969338
5287.0,15,14:05:54.853026643
5286.75,1,14:05:55.018897603
5286.75,1,14:05:55.018923668
5286.75,4,14:05:55.019070704
5286.75,3,14:05:55.023845764
5286.75,13,14:05:55.024089231
5286.75,2,14:05:55.169594398
5286.75,1,14:05:55.351748755
5286.75,4,14:05:55.656328376
5287.0,1,14:05:55.663869057
5286.75,1,14:05:55.784551866
5286.75,1,14:05:55.881450732
5286.75,1,14:05:55.971618262
5286.75,3,14:05:55.974732725
5286.75,2,14:05:55.976017423
5286.75,1,14:05:55.976505513
5286.75,2,14:05:55.991580638
5286.75,3,14:05:56.038580117
5286.75,1,14:05:56.038936083
5286.75,2,14:05:56.039173640
5286.75,2,14:05:56.072565011
5287.0,1,14:05:56.137856493
5287.0,1,14:05:56.370184337
5286.75,2,14:05:56.395301426
5286.75,7,14:05:56.401062048
5286.75,3,14:05:56.402768410
5286.75,3,14:05:56.408383357
5286.75,1,14:05:56.410013973
5286.75,7,14:05:56.410229880
5286.75,7,14:05:56.410311584
5286.75,2,14:05:56.412137813
5286.5,1,14:05:56.683538238
5286.5,1,14:05:56.683552494
5286.5,1,14:05:56.684244880
5286.5,20,14:05:56.696454674
5286.5,1,14:05:56.696736299
5286.75,1,14:05:56.825279652
5286.75,1,14:05:56.826205322
5286.75,8,14:05:56.970642633
5286.75,3,14:05:56.970790317
5286.75,1,14:05:56.970837035
5286.75,11,14:05:56.970979146
5286.75,1,14:05:57.076140149
5287.0,1,14:05:57.139499298
5286.75,1,14:05:57.250479174
5286.75,3,14:05:57.384852544
5287.0,1,14:05:57.521985218
5287.0,1,14:05:57.603621610
5286.75,1,14:05:57.625448002
5286.75,1,14:05:57.941979904
5286.75,1,14:05:58.026970878
5286.75,2,14:05:58.143758272
5286.75,5,14:05:58.218633289
5286.75,1,14:05:58.218852487
5286.75,3,14:05:58.221050310
5286.75,1,14:05:58.221184640
5286.75,1,14:05:58.221253687
5286.75,1,14:05:58.221368970
5286.75,4,14:05:58.221419299
5286.75,1,14:05:58.221668761
5286.75,2,14:05:58.221866372
5286.75,1,14:05:58.221947503
5286.75,2,14:05:58.221947503
5286.75,1,14:05:58.318481184
5286.75,2,14:05:58.318684657
5286.75,1,14:05:58.318719646
5287.0,1,14:05:58.452131616
5286.75,1,14:05:58.728359281
5286.75,5,14:05:58.777717363
5287.0,1,14:05:59.091008063
5287.0,64,14:05:59.091376906
5287.0,11,14:05:59.120125879
5287.0,3,14:05:59.120876569
5287.0,3,14:05:59.121128830
5287.0,2,14:05:59.121209629
5287.0,3,14:05:59.121209629
5287.0,5,14:05:59.230674271
5287.0,1,14:05:59.300861350
5287.25,1,14:05:59.344633711
5287.25,10,14:05:59.537308492
5287.25,2,14:05:59.537449823
5287.25,2,14:05:59.537532187
5287.25,1,14:05:59.537532187
5287.25,4,14:05:59.537683494
5287.25,3,14:05:59.537683494
5287.25,1,14:05:59.537815271
5287.25,12,14:05:59.537815271
5287.25,5,14:05:59.538385253
5287.25,1,14:05:59.538430204
5287.25,1,14:05:59.548592470
5287.25,5,14:05:59.664752220
5287.25,7,14:05:59.665001512
5287.25,8,14:05:59.674919840
5287.25,1,14:05:59.675376986
5287.25,10,14:05:59.977551620
5287.25,1,14:05:59.977696084
5287.25,2,14:05:59.977817285
5287.25,1,14:05:59.977817285
5287.25,1,14:05:59.979800709
5287.25,2,14:05:59.979892603
5287.25,1,14:05:59.979892603
5287.25,1,14:05:59.980094855
5287.25,2,14:05:59.980343840
5286.25,12,14:07:19.277218250
5286.25,1,14:07:19.278219147
5286.25,9,14:07:19.278956547
5286.25,1,14:07:19.279092703
5286.25,3,14:07:19.279092703
5286.25,2,14:07:19.279140006
5286.25,1,14:07:19.279140006
5286.25,3,14:07:19.281938517
5286.25,3,14:07:19.289309236
5286.25,1,14:07:19.289499937
5286.25,5,14:07:19.291303842
5286.25,7,14:07:19.297247898
5286.5,1,14:07:19.503864284
5286.25,3,14:07:19.641481430
5286.25,4,14:07:19.641721179
5286.25,30,14:07:20.332709719
5286.25,12,14:07:20.351724400
5286.25,1,14:07:20.372951077
5286.5,5,14:07:20.373353330
5286.25,1,14:07:20.393969219
5286.25,7,14:07:20.503326944
5286.0,1,14:07:20.627525913
5286.0,1,14:07:20.628971462
5286.0,1,14:07:20.628999949
5286.25,43,14:07:20.847042181
5286.5,5,14:07:20.848164491
5286.25,14,14:07:20.848534284
5286.25,5,14:07:20.977339395
5286.25,2,14:07:20.978481082
5286.0,17,14:07:21.162256460
5286.25,43,14:07:21.162256460
5286.25,25,14:07:21.163229511
5286.25,13,14:07:21.163522432
5286.5,10,14:07:21.245425320
5286.25,1,14:07:21.247276660
5286.25,2,14:07:21.699450617
5286.25,2,14:07:21.734445655
5286.5,3,14:07:22.139604683
5286.25,1,14:07:22.266996102
5286.25,1,14:07:23.008599821
5286.25,1,14:07:23.008873723
5286.25,1,14:07:23.035129994
5286.25,11,14:07:23.039833291
5286.25,1,14:07:23.039956405
5286.25,2,14:07:23.040011222
5286.25,2,14:07:23.040594066
5286.25,1,14:07:23.541679942
5286.0,1,14:07:23.555068243
5286.0,1,14:07:23.555265841
5286.0,1,14:07:23.555420571
5286.0,1,14:07:23.555577853
5286.0,8,14:07:23.555707411
5286.0,2,14:07:23.556178823
5286.0,1,14:07:23.562842819
5286.0,5,14:07:23.929275789
5285.75,9,14:07:24.062966732
5285.75,3,14:07:24.063020947
5285.75,6,14:07:24.063134153
5285.75,7,14:07:24.063611002
5285.75,1,14:07:24.063760710
5286.0,1,14:07:24.175922816
5286.0,2,14:07:24.262267430
5285.75,1,14:07:24.394580598
5285.75,1,14:07:24.465907399
5285.75,1,14:07:24.490859632
5286.0,1,14:07:24.792306767
5286.0,15,14:07:24.792587486
5286.0,3,14:07:24.792693610
5286.0,1,14:07:24.792693610
5286.0,1,14:07:24.793203326
5286.0,2,14:07:24.793275372
5286.0,1,14:07:24.793275372
5286.0,1,14:07:24.793432824
5286.0,5,14:07:24.793432824
5286.0,10,14:07:24.793553707
5286.0,1,14:07:24.793650663
5286.0,1,14:07:24.793982215
5286.0,3,14:07:24.794154452
5286.0,1,14:07:24.794154452
5286.0,2,14:07:24.794154452
5286.0,1,14:07:24.794200545
5286.0,2,14:07:24.808684297
5286.0,15,14:07:24.934707050
5286.0,4,14:07:24.935591880
5286.0,1,14:07:24.935951862
5286.0,15,14:07:24.936111647
5286.0,3,14:07:24.936744360
5286.25,1,14:07:25.034910235
5286.0,5,14:07:25.218950387
5286.25,1,14:07:25.262812261
5286.25,5,14:07:25.340129789
5286.0,3,14:07:25.642314068
5286.25,1,14:07:25.897418193
5286.25,1,14:07:26.193683339
5286.25,30,14:07:26.295554735
5286.25,8,14:07:26.295751046
5286.25,5,14:07:26.319454221
5286.25,2,14:07:26.319630542
5286.25,1,14:07:26.319669829
5286.25,1,14:07:26.319714275
5286.25,5,14:07:26.487952857
5286.5,5,14:07:26.686454980
5286.5,1,14:07:27.014436941
5286.5,3,14:07:27.378633803
5286.5,2,14:07:27.378791183
5286.5,4,14:07:27.378841219
5286.5,1,14:07:27.378914007
5286.5,28,14:07:27.379028723
5286.5,1,14:07:27.388247562
5286.75,1,14:07:27.434756800
5286.75,16,14:07:27.487105775
5286.75,5,14:07:27.487210382
5286.75,1,14:07:27.487265756
5286.75,1,14:07:27.496121228
5286.75,1,14:07:27.504300929
5287.0,2,14:07:27.518256768
5287.0,3,14:07:27.518453142
5287.0,3,14:07:27.518516654
5287.0,4,14:07:27.518516654
5287.0,4,14:07:27.518590675
5287.0,2,14:07:27.518590675
5287.0,1,14:07:27.518619825
5287.0,26,14:07:27.518796836
5287.0,2,14:07:27.518858195
5287.0,1,14:07:27.518858195
5287.0,47,14:07:27.518981781
5287.25,1,14:07:27.519980169
5287.25,1,14:07:27.519997002
5287.25,2,14:07:27.519997002
5287.25,1,14:07:27.520140278
5287.25,1,14:07:27.521076172
5287.25,17,14:07:27.538337221
5287.25,2,14:07:27.538413881
5287.25,5,14:07:27.538473358
5287.25,1,14:07:27.538473358
5287.25,1,14:07:27.538503531
5287.25,9,14:07:27.538615341
5287.25,3,14:07:27.546404200
5287.25,24,14:07:27.546748476
5287.25,11,14:07:27.547334471
5287.25,1,14:07:27.547556402
5287.25,1,14:07:27.547593353
5287.25,2,14:07:27.547651540
5287.5,1,14:07:27.554916010
5287.5,5,14:07:27.554926798
5287.5,1,14:07:27.554926798
5287.5,13,14:07:27.555292376
5287.5,3,14:07:27.555441486
5287.5,3,14:07:27.555460417
5287.5,6,14:07:27.555565348
5287.5,1,14:07:27.555655135
5287.5,2,14:07:27.555655135
5287.5,3,14:07:27.556131224
5287.5,1,14:07:27.556244651
5287.5,2,14:07:27.556316560
5287.5,1,14:07:27.556375882
5287.5,2,14:07:27.556588172
5287.5,6,14:07:27.556833207
5287.5,1,14:07:27.586364593
5287.75,1,14:07:27.747864799
5287.75,1,14:07:27.747878451
5287.75,3,14:07:27.747878451
5287.75,1,14:07:27.749547188
5287.75,1,14:07:27.758368867
5287.75,1,14:07:27.771773710
5287.75,4,14:07:27.772772383
5287.75,49,14:07:27.773217220
5288.0,1,14:07:27.828942981
5288.0,1,14:07:27.828963502
5288.0,2,14:07:27.828963502
5288.0,1,14:07:27.829325734
5288.0,3,14:07:27.855371062
5288.0,6,14:07:27.855617207
5288.0,2,14:07:27.855669008
5288.0,1,14:07:27.855669008
5288.0,53,14:07:27.855862455
5288.0,1,14:07:27.856812218
5288.25,1,14:07:27.869308755
5288.25,1,14:07:27.869328170
5288.25,2,14:07:27.869328170
5288.0,1,14:07:27.894285713
5288.25,1,14:07:27.914132561
5288.25,3,14:07:28.028414584
5288.25,3,14:07:28.028473458
5288.25,1,14:07:28.028584395
5288.25,1,14:07:28.028626584
5288.25,31,14:07:28.028854608
5288.25,2,14:07:28.028970915
5288.25,1,14:07:28.029075515
5288.25,1,14:07:28.029125340
5288.25,1,14:07:28.029270633
5288.25,3,14:07:28.029270633
5288.25,4,14:07:28.029270633
5288.25,1,14:07:28.029302002
5288.25,1,14:07:28.029519345
5288.25,2,14:07:28.029599702
5288.25,1,14:07:28.029842570
5288.25,1,14:07:28.029988042
5288.25,2,14:07:28.029988042
5288.25,1,14:07:28.030082505
5288.25,1,14:07:28.030247270
5288.25,10,14:07:28.033593411
5288.25,7,14:07:28.033955579
5288.25,10,14:07:28.034104442
5288.25,14,14:07:28.034315816
5288.25,1,14:07:28.057475800
5288.0,26,14:07:28.069409867
5288.0,1,14:07:28.069594821
5288.0,3,14:07:28.069644352
5288.0,1,14:07:28.070228489
5288.0,1,14:07:28.216414495
5288.0,1,14:07:28.433439156
5287.75,2,14:07:28.443729121
5287.75,1,14:07:28.443814223
5287.75,2,14:07:28.443845204
5287.75,1,14:07:28.443884924
5287.75,7,14:07:28.444041200
5287.75,3,14:07:28.463214649
5287.75,1,14:07:28.497941854
5287.75,1,14:07:28.535740937
5287.75,1,14:07:28.631391665
5287.5,1,14:07:28.637502450
5287.5,1,14:07:28.640870281
5287.5,1,14:07:28.641372678
5287.5,10,14:07:28.641581233
5287.5,4,14:07:28.641898875
5287.5,2,14:07:28.641968517
5287.25,1,14:07:28.642005033
5287.5,3,14:07:28.642239911
5287.5,1,14:07:28.642273343
5287.5,3,14:07:28.642439829
5287.5,1,14:07:28.642630358
5287.5,3,14:07:28.642723406
5287.5,1,14:07:28.642785075
5287.5,1,14:07:28.642832307
5287.5,4,14:07:28.643032590
5287.25,1,14:07:28.643372101
5287.25,1,14:07:28.643859656
5287.25,1,14:07:28.644314821
5287.5,14,14:07:28.677461482
5287.5,17,14:07:28.689377370
5287.5,1,14:07:28.709602376
5287.5,15,14:07:28.758552462
5287.5,3,14:07:28.759098627
5287.5,3,14:07:28.759386802
5287.5,1,14:07:28.759541500
5287.5,1,14:07:28.759618525
5287.5,1,14:07:28.759702082
5287.5,1,14:07:28.759737916
5287.5,1,14:07:28.759832175
5287.75,44,14:07:28.818883021
5287.75,5,14:07:28.819110226
5287.75,1,14:07:28.819602418
5288.0,1,14:07:28.917059533
5287.75,18,14:07:29.075140294
5287.75,10,14:07:29.101870903
5287.75,2,14:07:29.102144035
5287.75,1,14:07:29.102484445
5287.75,16,14:07:29.102828343
5287.75,3,14:07:29.125783128
5287.75,1,14:07:29.125928306
5287.75,1,14:07:29.125963023
5287.75,2,14:07:29.126088066
5287.75,1,14:07:29.126215032
5287.75,1,14:07:29.362473246
5287.5,3,14:07:29.429509794
5287.5,12,14:07:29.429874070
5287.5,2,14:07:29.461170745
5287.25,1,14:07:29.640408931
5287.5,1,14:07:29.779363014
5287.5,1,14:07:29.889167301
5287.5,1,14:07:29.889424221
5287.5,10,14:07:30.020730615
5287.5,1,14:07:30.020833404
5287.5,1,14:07:30.021003977
5287.5,1,14:07:30.021410990
5287.5,1,14:07:30.021652715
5287.5,1,14:07:30.021733023
5287.5,2,14:07:30.021763513
5287.5,2,14:07:30.027223172
5287.5,1,14:07:30.087598683
5287.75,20,14:07:30.093222360
5287.75,12,14:07:30.093295201
5287.75,1,14:07:30.093766481
5287.75,3,14:07:30.093805048
5287.75,2,14:07:30.093936705
5287.75,3,14:07:30.094225779
5287.75,3,14:07:30.102449100
5287.75,3,14:07:30.102489281
5287.75,1,14:07:30.102625866
5287.75,1,14:07:30.102666845
5287.75,1,14:07:30.102747240
5287.75,9,14:07:30.103030315
5287.75,1,14:07:30.103170021
5287.75,8,14:07:30.103389795
5287.75,3,14:07:30.103574950
5287.75,1,14:07:30.103608343
5287.75,1,14:07:30.643782386
5288.0,1,14:07:30.789812895
5288.0,1,14:07:30.948812226
5288.0,3,14:07:31.049958210
5288.0,9,14:07:31.050061739
5288.0,1,14:07:31.050136087
5288.0,5,14:07:31.050136087
5288.0,1,14:07:31.050412140
5288.0,7,14:07:31.050527842
5288.25,2,14:07:31.098162508
5288.25,2,14:07:31.131195721
5288.0,1,14:07:31.297162902
5288.0,1,14:07:31.297649805
5288.0,1,14:07:31.298221592
5288.0,1,14:07:31.298852600
5288.0,1,14:07:31.320526199
5288.25,3,14:07:31.358442887
5288.25,3,14:07:31.358688565
5288.25,5,14:07:31.358831822
5288.25,3,14:07:31.358917997
5288.25,2,14:07:31.358917997
5288.25,1,14:07:31.358960173
5288.25,13,14:07:31.359119527
5288.25,8,14:07:31.443244733
5288.25,25,14:07:31.516440929
5288.25,1,14:07:31.516611653
5288.25,3,14:07:31.516731568
5288.25,2,14:07:31.516795413
5288.25,1,14:07:31.516795413
5288.25,1,14:07:31.517061851
5288.25,1,14:07:31.517339316
5288.25,1,14:07:31.518861055
5288.25,1,14:07:31.518915142
5288.25,1,14:07:31.529778034
5288.5,3,14:07:31.686898185
5288.5,1,14:07:31.687606395
5288.25,5,14:07:31.717852358
5288.25,14,14:07:31.721900274
5288.25,1,14:07:31.722436844
5288.25,2,14:07:31.722624659
5288.25,2,14:07:31.722708811
5288.25,1,14:07:31.722764969
5288.25,2,14:07:31.722942580
5288.25,1,14:07:31.773317524
5288.25,3,14:07:31.773522945
5288.25,2,14:07:31.773816555
5288.25,1,14:07:31.773991506
5288.25,3,14:07:31.774044821
5288.25,2,14:07:31.774078921
5288.25,1,14:07:31.774169473
5288.25,1,14:07:31.774252816
5288.25,1,14:07:31.802023255
5288.5,1,14:07:31.807065923
5288.5,1,14:07:31.812551163
5288.25,3,14:07:31.847766851
5288.0,10,14:07:32.011487271
5288.0,5,14:07:32.011498903
5288.0,3,14:07:32.012303508
5288.0,1,14:07:32.012367103
5288.0,3,14:07:32.012779591
5288.0,3,14:07:32.012847049
5288.0,1,14:07:32.012889904
5288.0,1,14:07:32.063135077
5288.0,5,14:07:32.145868673
5288.0,1,14:07:32.166297520
5288.0,2,14:07:32.166333271
5288.0,2,14:07:32.166403064
5288.25,1,14:07:32.176306919
5288.0,1,14:07:32.297862171
5288.25,10,14:07:32.597625623
5288.25,2,14:07:32.608636947
5288.25,1,14:07:32.659235819
5288.25,1,14:07:32.686588146
5288.25,1,14:07:32.917125233
5288.25,1,14:07:32.947048177
5288.0,10,14:07:33.035169543
5288.0,1,14:07:33.036938580
5288.0,11,14:07:33.039739670
5288.0,3,14:07:33.039912483
5288.0,4,14:07:33.039996876
5288.25,2,14:07:33.306718271
5288.25,5,14:07:33.389245386
5288.25,1,14:07:33.389420705
5288.25,1,14:07:33.389635897
5288.25,1,14:07:33.389915826
5288.25,5,14:07:33.390377061
5288.25,2,14:07:33.390576764
5288.25,4,14:07:33.512489325
5288.0,2,14:07:33.717964918
5288.0,1,14:07:33.717999082
5288.0,2,14:07:33.718343965
5288.0,4,14:07:33.718478368
5288.0,3,14:07:33.718478368
5288.0,7,14:07:33.718562318
5288.0,3,14:07:33.718939634
5288.0,1,14:07:33.719010180
5288.0,1,14:07:33.719240227
5288.0,4,14:07:33.719334199
5288.0,1,14:07:33.811789544
5288.0,1,14:07:33.811885802
5288.0,2,14:07:33.811986466
5288.0,1,14:07:33.811986466
5288.0,2,14:07:33.812062511
5288.0,7,14:07:33.812335602
5288.0,1,14:07:33.812437877
5288.0,1,14:07:33.812495583
5288.0,1,14:07:33.825554356
5288.0,3,14:07:33.825746955
5288.25,1,14:07:33.947681987
5288.25,2,14:07:33.988246674
5288.0,1,14:07:34.039824234
5288.0,1,14:07:34.293040862
5288.0,1,14:07:34.356360586
5288.0,3,14:07:34.356451052
5288.0,1,14:07:34.356690224
5288.0,2,14:07:34.356929343
5288.0,1,14:07:34.373244555
5288.25,1,14:07:34.384319879
5288.0,1,14:07:34.384352910
5288.0,5,14:07:34.384450694
5288.0,1,14:07:34.384540123
5288.0,3,14:07:34.385939251
5288.0,1,14:07:34.430725271
5288.0,1,14:07:34.757212340
5288.25,1,14:07:34.806366356
5288.0,1,14:07:35.282618359
5288.0,5,14:07:35.293552422
5288.0,2,14:07:35.295051477
5288.0,10,14:07:35.295339578
5288.25,21,14:07:35.503697528
5288.5,1,14:07:35.540633149
5288.25,1,14:07:36.189596881
5288.5,5,14:07:36.309019980
5288.5,1,14:07:36.366252193
5288.25,1,14:07:36.373068461
5288.25,1,14:07:36.393885034
5288.25,1,14:07:36.491525471
5288.5,10,14:07:36.588104844
5288.25,15,14:07:36.602588604
5288.25,3,14:07:36.603318875
5288.25,12,14:07:36.603681209
5288.25,1,14:07:36.604520240
5288.25,8,14:07:36.738638152
5288.25,2,14:07:36.802494658
5288.25,34,14:07:36.955660838
5288.0,1,14:07:37.126226426
5288.25,25,14:07:37.263340632
5288.25,1,14:07:37.389104897
5288.25,2,14:07:37.504117160
5288.0,1,14:07:37.753606393
5288.25,2,14:07:37.774086746
5288.25,1,14:07:37.829057268
5288.25,3,14:07:38.003243734
5288.0,10,14:07:38.052451057
5288.0,1,14:07:38.155617652
5287.75,1,14:07:38.373349101
5287.75,1,14:07:38.400771187
5287.75,1,14:07:38.491700814
5287.75,14,14:07:38.510466815
5287.75,1,14:07:38.510601259
5287.75,2,14:07:38.510601259
5287.75,3,14:07:38.510601259
5287.75,8,14:07:38.510601259
5287.75,14,14:07:38.510694323
5287.75,1,14:07:38.511189817
5287.75,10,14:07:38.512309933
5287.75,12,14:07:38.512980119
5287.75,1,14:07:38.513069049
5287.75,2,14:07:38.513069049
5287.75,1,14:07:38.513351573
5287.75,16,14:07:38.513692291
5287.75,1,14:07:38.513793643
5287.75,3,14:07:38.699651032
5287.75,1,14:07:38.808285827
5287.75,14,14:07:38.815750979
5287.75,3,14:07:38.815922016
5287.75,12,14:07:38.815922016
5288.0,1,14:07:38.920509987
5288.0,2,14:07:39.076431873
5287.75,39,14:07:39.241481341
5287.75,3,14:07:39.314763881
5287.75,4,14:07:39.317160857
5287.75,2,14:07:39.317255841
5287.75,3,14:07:39.317255841
5287.75,4,14:07:39.318448906
5287.75,1,14:07:39.318491454
5287.75,1,14:07:39.318655949
5287.75,2,14:07:39.318655949
5287.75,1,14:07:39.318662104
5287.75,1,14:07:39.320442693
5287.75,1,14:07:39.320477532
5287.75,43,14:07:39.562709656
5288.0,7,14:07:39.562709656
5287.75,1,14:07:39.563558480
5287.75,15,14:07:39.563826993
5287.75,11,14:07:39.563826993
5287.75,8,14:07:39.564021961
5287.75,3,14:07:39.576585020
5287.75,1,14:07:39.576979925
5287.75,3,14:07:39.577045155
5287.75,1,14:07:39.577045155
5287.75,2,14:07:39.577076797
5287.75,1,14:07:39.577176991
5287.75,2,14:07:39.590062684
5287.75,3,14:07:39.590603187
5287.75,1,14:07:39.685610104
5287.75,1,14:07:39.685825772
5287.75,5,14:07:40.060095558
5288.0,19,14:07:40.158077909
5288.0,1,14:07:40.272154189
5287.75,1,14:07:40.373536930
5287.75,1,14:07:40.394335192
5287.75,10,14:07:40.541769174
5287.75,35,14:07:40.972089946
5287.75,39,14:07:41.003072612
5288.0,3,14:07:41.022222809
5288.0,12,14:07:41.022480993
5288.0,3,14:07:41.022540240
5288.0,1,14:07:41.022570352
5288.0,23,14:07:41.029125158
5288.0,3,14:07:41.047987265
5288.0,5,14:07:41.048087737
5288.0,1,14:07:41.051318458
5288.0,1,14:07:41.051356635
5288.0,1,14:07:41.051387836
5288.0,1,14:07:41.051544351
5288.0,3,14:07:41.051607366
5288.0,1,14:07:41.051644007
5288.0,2,14:07:41.051710047
5288.0,7,14:07:41.052010228
5288.0,1,14:07:41.052180379
5288.0,3,14:07:41.052372879
5288.0,12,14:07:41.052730032
5288.0,2,14:07:41.052949834
5288.0,1,14:07:41.052979178
5288.0,1,14:07:41.053178096
5288.0,6,14:07:41.053233187
5288.0,2,14:07:41.053489392
5288.0,20,14:07:41.054342493
5288.0,2,14:07:41.054480794
5288.0,2,14:07:41.054545537
5288.0,1,14:07:41.054918319
5287.75,1,14:07:41.121182931
5287.75,55,14:07:41.124918857
5287.75,2,14:07:41.125299869
5287.75,12,14:07:41.125898303
5287.75,1,14:07:41.126085695
5287.75,1,14:07:41.126508235
5287.75,7,14:07:41.126854984
5287.75,2,14:07:41.126902851
5287.75,1,14:07:41.127034697
5287.75,1,14:07:41.127146779
5287.75,3,14:07:41.127281842
5287.75,1,14:07:41.127392791
5287.75,19,14:07:41.259554986
5287.75,2,14:07:41.259699940
5287.75,1,14:07:41.259786357
5287.75,4,14:07:41.259786357
5287.75,7,14:07:41.259832982
5288.0,50,14:07:41.260334470
5287.75,4,14:07:41.260680301
5287.75,2,14:07:41.260680301
5287.75,2,14:07:41.260702295
5287.75,2,14:07:41.260866056
5287.75,1,14:07:41.260866056
5287.75,8,14:07:41.261340677
5287.75,1,14:07:41.261486507
5287.75,7,14:07:41.261715622
5287.75,1,14:07:41.261865020
5287.75,2,14:07:41.261968027
5287.75,1,14:07:41.261968027
5287.75,1,14:07:41.262019541
5287.75,1,14:07:41.262817689
5287.75,1,14:07:41.263078062
5287.75,1,14:07:41.263248917
5287.75,1,14:07:41.263498893
5287.75,3,14:07:41.270278882
5287.75,3,14:07:41.270457528
5287.75,1,14:07:41.270654192
5287.75,1,14:07:41.270738354
5287.75,1,14:07:41.270913493
5287.75,7,14:07:41.271520443
5287.75,2,14:07:41.271738429
5287.75,3,14:07:41.886170577
5287.75,2,14:07:41.886369574
5287.75,1,14:07:41.886453748
5287.75,3,14:07:41.886453748
5287.75,1,14:07:41.886662824
5287.75,1,14:07:41.886760071
5287.75,1,14:07:41.886794542
5287.75,2,14:07:41.886884044
5287.5,1,14:07:42.238409889
5287.5,1,14:07:42.238419966
5287.75,3,14:07:42.281216490
5287.75,2,14:07:42.281417572
5287.75,1,14:07:42.281447637
5287.75,3,14:07:42.281494642
5287.75,19,14:07:42.281641230
5287.75,21,14:07:42.598188402
5287.5,53,14:07:42.807938744
5287.5,1,14:07:42.808401186
5287.5,1,14:07:42.808490270
5287.5,11,14:07:42.808950886
5287.5,3,14:07:42.815946454
5287.5,2,14:07:42.816309521
5287.5,4,14:07:42.816582890
5287.5,2,14:07:42.816672117
5287.5,2,14:07:42.970993490
5287.75,1,14:07:43.020046581
5287.75,1,14:07:43.036402630
5287.75,1,14:07:43.218383782
5287.75,2,14:07:43.408071801
5287.75,2,14:07:43.420352688
5287.75,25,14:07:43.495283774
5287.75,6,14:07:43.495641961
5287.75,3,14:07:43.495718033
5287.75,2,14:07:43.704052770
5287.75,1,14:07:43.704194856
5287.75,1,14:07:43.704230345
5287.75,1,14:07:43.704410907
5287.75,2,14:07:43.705070960
5287.75,3,14:07:43.819481376
5287.75,3,14:07:43.819554549
5287.75,1,14:07:43.819646141
5287.75,2,14:07:43.819646141
5287.75,2,14:07:43.819778662
5287.75,1,14:07:43.819778662
5287.75,4,14:07:43.819958192
5287.75,2,14:07:43.819958192
5287.75,1,14:07:43.819958192
5287.75,1,14:07:43.819963223
5287.75,1,14:07:43.845965848
5288.0,1,14:07:44.249653971
5288.0,50,14:07:44.347906567
5288.0,4,14:07:44.348420040
5288.0,1,14:07:44.348718958
5288.0,6,14:07:44.348789109
5288.0,17,14:07:44.571526126
5288.0,14,14:07:44.571611301
5288.0,19,14:07:44.573470469
5288.0,5,14:07:44.574652288
5288.0,3,14:07:44.578111640
5288.0,1,14:07:44.578349284
5288.0,8,14:07:44.578681325
5288.0,2,14:07:44.578741637
5288.0,8,14:07:44.587365881
5288.0,1,14:07:44.783850225
5288.0,1,14:07:44.783895352
5288.0,1,14:07:44.784041083
5288.0,1,14:07:44.784207570
5288.0,2,14:07:44.784207570
5288.0,1,14:07:44.784501665
5288.0,1,14:07:44.784717756
