price,volume,timestamp
2314.7,8,13:20:00.006889831
2314.8,14,13:20:00.006889831
2314.5,5,13:20:00.006889831
2314.6,8,13:20:00.006889831
2314.2,4,13:20:00.007802112
2314.3,7,13:20:00.007802112
2314.6,1,13:20:00.009810470
2314.6,1,13:20:00.014033553
2314.6,1,13:20:00.015232317
2314.6,2,13:20:00.016718635
2314.6,2,13:20:00.016904242
2314.6,4,13:20:00.017144211
2314.6,1,13:20:00.017251960
2314.6,1,13:20:00.017648672
2314.7,4,13:20:00.019698422
2314.7,1,13:20:00.020286262
2314.6,3,13:20:00.020365018
2314.6,1,13:20:00.020687537
2314.5,2,13:20:00.021278624
2314.6,1,13:20:00.022204607
2314.6,1,13:20:00.022313010
2314.5,1,13:20:00.022518031
2314.5,1,13:20:00.022567984
2314.6,2,13:20:00.022875235
2314.6,1,13:20:00.022912631
2314.6,1,13:20:00.023504378
2314.6,1,13:20:00.024716805
2314.6,1,13:20:00.027026256
2314.6,1,13:20:00.027105554
2314.6,1,13:20:00.105285859
2314.6,2,13:20:00.105536574
2314.5,1,13:20:00.248012846
2314.4,1,13:20:00.553989592
2314.4,1,13:20:01.695229765
2314.5,1,13:20:05.183212853
2314.6,1,13:20:05.192107221
2314.6,2,13:20:05.192158729
2314.6,1,13:20:05.292990934
2314.5,1,13:20:06.767450360
2314.5,1,13:20:06.767497821
2314.4,2,13:20:08.973859528
2314.3,2,13:20:10.225919550
2314.3,1,13:20:11.777243061
2314.3,1,13:20:11.778427281
2314.4,6,13:20:11.831774956
2314.4,1,13:20:11.832223817
2314.4,1,13:20:11.832831503
2314.4,1,13:20:11.833232810
2314.3,1,13:20:12.071834334
2314.3,1,13:20:12.919964521
2314.3,1,13:20:13.437493035
2314.4,1,13:20:13.676567347
2314.3,1,13:20:17.773979817
2314.3,1,13:20:17.774283269
2314.3,1,13:20:18.704676328
2314.2,3,13:20:20.924274467
2314.3,1,13:20:20.990249416
2314.2,1,13:20:23.321752439
2314.2,2,13:20:27.360559312
2314.3,3,13:20:27.433776186
2314.3,1,13:20:27.433804538
2314.3,1,13:20:27.433964932
2314.2,1,13:20:33.043667582
2314.3,2,13:20:38.930649368
2314.4,1,13:20:40.669671768
2314.5,1,13:20:41.895248119
2314.5,1,13:20:41.895836451
2314.4,2,13:20:43.601010200
2314.4,1,13:20:43.601259379
2314.3,4,13:20:51.609000243
2314.2,5,13:20:51.796127497
2314.2,2,13:20:51.796553995
2314.2,1,13:20:51.796993284
2314.3,2,13:20:52.281654522
2314.3,1,13:20:52.281888360
2314.2,4,13:20:52.300669974
2314.3,1,13:20:56.156014659
2314.3,1,13:20:57.634598490
2314.4,1,13:20:57.814762093
2314.4,3,13:20:57.814802382
2314.5,2,13:20:58.395248315
2314.6,1,13:20:59.053670005
2314.5,2,13:21:03.482995624
2314.5,1,13:21:03.485325002
2314.5,1,13:21:03.758617320
2314.4,1,13:21:04.865211093
2314.5,1,13:21:04.866301473
2314.4,2,13:21:04.866623381
2314.4,1,13:21:04.868891385
2314.3,1,13:21:08.433685325
2314.4,1,13:21:08.434461360
2314.4,1,13:21:08.436414315
2314.4,1,13:21:08.436464043
2314.4,3,13:21:08.437320442
2314.3,2,13:21:08.653449444
2314.3,1,13:21:08.876263768
2314.3,2,13:21:11.874444052
2314.2,1,13:21:13.684979628
2314.2,2,13:21:13.764133108
2314.2,1,13:21:13.767591001
2314.3,1,13:21:17.629795274
2314.3,2,13:21:17.630804389
2314.2,4,13:21:19.032182898
2314.2,1,13:21:19.034888464
2314.2,1,13:21:19.035185584
2314.1,3,13:21:19.035350223
2314.1,3,13:21:19.036078260
2314.0,7,13:21:20.448423542
2313.9,4,13:21:21.924836988
2313.8,1,13:21:23.584830854
2313.8,5,13:21:23.584944651
2313.8,2,13:21:23.585778841
2313.9,1,13:21:23.586298141
2313.9,1,13:21:23.586631879
2313.9,1,13:21:23.587153781
2313.9,1,13:21:23.588147129
2313.8,3,13:21:24.009048139
2313.8,1,13:21:24.026407933
2313.7,5,13:21:26.571628966
2313.7,4,13:21:28.241976104
2313.7,1,13:21:28.243069640
2313.7,1,13:21:28.247012037
2313.7,1,13:21:28.247179762
2313.6,2,13:21:28.248594341
2313.6,1,13:21:28.261105333
2313.5,4,13:21:28.586577554
2313.5,1,13:21:28.587283716
2313.5,2,13:21:28.619069100
2313.5,2,13:21:28.619387216
2313.5,1,13:21:28.619431146
2313.5,1,13:21:28.621331299
2313.5,1,13:21:28.621987441
2313.5,1,13:21:28.630804982
2313.4,1,13:21:28.633462636
2313.5,1,13:21:28.633911195
2313.5,1,13:21:29.528078669
2313.4,2,13:21:30.490569900
2313.5,2,13:21:30.490569900
2313.5,1,13:21:30.491244239
2313.5,1,13:21:30.491536816
2313.4,1,13:21:31.033211205
2313.4,4,13:21:31.247584451
2313.4,2,13:21:31.298318970
2313.3,1,13:21:33.233903960
2313.3,3,13:21:33.234724498
2313.3,1,13:21:33.234994398
2313.2,1,13:21:33.236659430
2313.1,1,13:21:33.237859707
2313.2,3,13:21:33.237859707
2313.2,1,13:21:33.240302722
2313.2,1,13:21:33.249023794
2313.1,1,13:21:35.162054922
2313.1,3,13:21:35.164601383
2313.1,1,13:21:35.908121539
2313.2,1,13:21:37.208885487
2313.2,1,13:21:37.209201004
2313.2,1,13:21:37.394209522
2313.2,1,13:21:37.432177079
2313.1,1,13:21:37.434938770
2313.1,1,13:21:37.589693423
2313.1,1,13:21:40.164703274
2313.1,1,13:21:40.165001014
2313.1,1,13:21:41.184337809
2313.2,1,13:21:41.185297428
2313.2,3,13:21:41.185604257
2313.2,1,13:21:41.261422162
2313.0,1,13:21:42.085044516
2313.0,1,13:21:42.085060901
2313.1,1,13:21:42.245716889
2313.0,1,13:21:42.820994411
2313.0,1,13:21:46.691041707
2313.1,1,13:21:48.751193507
2313.1,1,13:21:48.751709880
2313.2,1,13:21:49.155753744
2313.2,4,13:21:49.155805754
2313.2,1,13:21:50.865718610
2313.2,1,13:21:50.934221587
2313.3,5,13:21:52.941574936
2313.4,2,13:21:52.943388746
2313.4,1,13:21:52.943698611
2313.3,1,13:21:55.428736444
2313.4,1,13:21:55.429651215
2313.4,1,13:21:56.818303251
2313.4,1,13:21:56.818780230
2313.3,2,13:22:00.172259314
2313.3,1,13:22:00.193931249
2313.3,1,13:22:00.198541518
2313.4,1,13:22:01.387987480
2313.4,2,13:22:01.388019916
2313.4,1,13:22:01.388291061
2313.4,1,13:22:01.388363635
2313.4,1,13:22:01.388475388
2313.5,1,13:22:01.926401814
2313.5,1,13:22:04.410193349
2313.4,4,13:22:05.012787738
2313.4,1,13:22:05.033259778
2313.4,3,13:22:05.034037700
2313.5,4,13:22:06.273988757
2313.5,1,13:22:06.274045007
2313.6,1,13:22:06.466875349
2313.6,1,13:22:06.514295099
2313.5,1,13:22:06.802440634
2313.5,1,13:22:06.875874122
2313.5,1,13:22:06.876232977
2313.4,1,13:22:06.878500422
2313.4,2,13:22:06.878536381
2313.3,1,13:22:06.880024555
2313.3,4,13:22:06.880491437
2313.4,1,13:22:06.883671499
2313.4,1,13:22:09.497575728
2313.4,1,13:22:09.497871932
2313.4,1,13:22:11.037698095
2313.4,1,13:22:13.088881298
2313.4,1,13:22:19.226641239
2313.4,1,13:22:19.247895243
2313.4,1,13:22:19.268841150
2313.5,2,13:22:19.753497777
2313.5,3,13:22:19.753572323
2313.5,2,13:22:19.753666692
2313.5,1,13:22:19.754519395
2313.5,2,13:22:19.755046602
2313.5,1,13:22:21.323308754
2313.4,2,13:22:21.587546624
2313.4,2,13:22:21.587972813
2313.4,1,13:22:21.601523144
2313.5,1,13:22:23.227088548
2313.6,1,13:22:25.648127816
2313.6,2,13:22:27.814138193
2313.6,1,13:22:27.814177675
2313.5,1,13:22:29.064519580
2313.5,1,13:22:30.658411535
2313.4,3,13:22:32.814075530
2313.3,1,13:22:32.840274848
2313.3,1,13:22:32.840522735
2313.4,2,13:22:33.159768237
2313.3,1,13:22:33.164707088
2313.3,4,13:22:33.454288795
2313.3,3,13:22:35.114538261
2313.2,1,13:22:35.617268281
2313.3,1,13:22:37.205203642
2313.4,1,13:22:37.207656168
2313.4,1,13:22:37.207978079
2313.4,2,13:22:37.209120739
2313.4,1,13:22:37.218145746
2313.3,1,13:22:37.240116602
2313.2,1,13:22:37.814895020
2313.2,1,13:22:37.815130234
2313.2,1,13:22:41.390143854
2313.2,1,13:22:41.390463681
2313.1,3,13:22:41.568859853
2313.1,1,13:22:41.850892381
2313.1,2,13:22:41.851111291
2313.2,2,13:22:44.125611608
2313.2,3,13:22:44.125645970
2313.3,2,13:22:46.186480978
2313.4,4,13:22:49.497473721
2313.4,6,13:22:49.497518525
2313.4,1,13:22:49.498825248
2313.4,1,13:22:49.498872408
2313.4,1,13:22:49.499568863
2313.3,1,13:22:49.697397515
2313.3,1,13:22:49.697610963
2313.3,1,13:22:49.697715093
2313.3,1,13:22:49.697850289
2313.3,7,13:22:49.697969434
2313.3,2,13:22:49.698005623
2313.3,1,13:22:49.698061839
2313.4,5,13:22:49.698497688
2313.3,4,13:22:49.699104292
2313.4,2,13:22:49.699104292
2313.4,1,13:22:49.705596637
2313.4,1,13:22:49.705638279
2313.4,1,13:22:49.705734739
2313.4,1,13:22:49.706014339
2313.3,1,13:22:49.709214822
2313.3,1,13:22:51.134841464
2313.3,2,13:22:51.135118407
2313.2,1,13:22:51.136215802
2313.1,1,13:22:51.151056063
2313.2,1,13:22:51.156021316
2313.3,1,13:22:51.177278685
2313.1,1,13:22:53.566658472
2313.2,1,13:22:54.306315897
2313.1,2,13:22:54.307652206
2313.0,8,13:22:55.014798445
2313.0,1,13:22:55.310793899
2312.9,2,13:22:55.313388072
2312.9,2,13:22:55.313518424
2312.9,2,13:22:55.317925799
2313.0,1,13:22:55.363622995
2312.9,1,13:22:55.497746985
2312.9,1,13:22:56.008879895
2312.8,4,13:22:56.011504335
2313.1,2,13:23:02.236031835
2313.1,1,13:23:02.236260269
2313.1,1,13:23:02.237200540
2313.1,1,13:23:04.082915926
2313.0,2,13:23:07.013854824
2313.1,1,13:23:07.364620324
2313.0,4,13:23:07.412122373
2313.0,1,13:23:07.412153868
2313.0,1,13:23:07.779044995
2313.1,10,13:23:09.835838902
2313.2,1,13:23:10.155845132
2313.1,1,13:23:10.914570021
2313.1,1,13:23:13.995096481
2313.1,2,13:23:14.283255908
2313.1,1,13:23:14.283645234
2313.1,1,13:23:15.581702079
2313.1,1,13:23:15.597098661
2313.1,1,13:23:15.597585218
2313.1,2,13:23:17.106272732
2313.1,1,13:23:17.136786409
2313.1,2,13:23:17.137301258
2313.1,1,13:23:17.137987844
2313.1,1,13:23:17.158444704
2313.2,1,13:23:18.548245152
2313.2,1,13:23:18.553504583
2313.2,1,13:23:18.553777667
2313.2,1,13:23:18.553864011
2313.1,1,13:23:19.664743720
2313.2,1,13:23:20.332337911
2313.2,1,13:23:21.712622562
2313.2,1,13:23:21.712949227
2313.1,1,13:23:22.067400148
2313.0,1,13:23:22.159525591
2313.0,1,13:23:23.612684475
2313.0,1,13:23:23.613530649
2313.0,1,13:23:25.758780672
2313.0,1,13:23:25.771857013
2313.0,2,13:23:26.063279569
2313.0,1,13:23:26.063718147
2312.9,3,13:23:27.963313585
2312.9,1,13:23:28.006062646
2313.0,1,13:23:28.079640811
2313.1,1,13:23:28.629861075
2313.3,2,13:23:29.233882637
2313.3,1,13:23:29.339893366
2313.3,2,13:23:29.340081370
2313.2,1,13:23:31.039529810
2313.2,6,13:23:31.317551293
2313.1,8,13:23:31.317551293
2313.1,1,13:23:31.318793980
2313.1,1,13:23:31.318826720
2313.1,1,13:23:31.318879662
2313.1,1,13:23:31.318931660
2313.1,1,13:23:31.318987074
2313.1,1,13:23:31.319044155
2313.1,1,13:23:31.319102227
2313.1,1,13:23:31.319143811
2313.1,1,13:23:31.319220399
2313.1,1,13:23:31.319297907
2313.1,1,13:23:31.319446089
2313.0,23,13:23:31.320496222
2313.0,3,13:23:31.320675522
2313.1,1,13:23:31.320675522
2313.1,1,13:23:31.320798008
2313.0,1,13:23:31.321204015
2313.0,1,13:23:31.322153606
2313.0,1,13:23:31.322704910
2313.0,1,13:23:31.462915860
2313.0,2,13:23:31.792786125
2312.9,1,13:23:34.218916801
2313.0,2,13:23:34.625547406
2313.0,1,13:23:34.625890280
2313.1,1,13:23:35.975331312
2313.1,4,13:23:35.975385643
2313.1,3,13:23:35.975600725
2313.1,1,13:23:35.975659690
2313.2,2,13:23:35.976287808
2313.2,1,13:23:35.977352332
2313.2,1,13:23:35.978613055
2313.3,1,13:23:37.185627062
2313.4,3,13:23:37.289788776
2313.5,1,13:23:38.699892177
2313.4,2,13:23:38.735713405
2313.4,1,13:23:38.735894800
2313.4,1,13:23:39.208343250
2313.2,1,13:23:39.790067628
2313.2,2,13:23:41.399657509
2313.1,1,13:23:41.400853955
2313.2,1,13:23:41.411853579
2313.0,2,13:23:42.185783377
2313.0,1,13:23:42.448673696
2312.9,3,13:23:43.161450739
2313.0,2,13:23:43.161450739
2313.0,1,13:23:43.162203395
2313.0,1,13:23:43.162306683
2313.0,1,13:23:43.162567479
2313.1,3,13:23:43.271345652
2313.1,1,13:23:43.271372755
2313.1,1,13:23:43.271447459
2313.0,2,13:23:48.309244312
2313.0,1,13:23:48.318503747
2313.0,2,13:23:49.704359824
2312.9,2,13:23:50.325037480
2312.9,2,13:23:50.326057952
2312.9,1,13:23:50.326184754
2312.9,1,13:23:50.380628713
2312.9,1,13:23:50.381028394
2312.9,1,13:23:52.245800376
2312.9,1,13:23:52.246184122
2312.9,1,13:23:52.246433832
2312.9,3,13:23:52.986646361
2312.8,1,13:23:54.886560891
2312.9,3,13:23:55.158215854
2312.9,1,13:23:55.160116953
2312.9,1,13:23:55.161106534
2312.8,5,13:23:55.274302418
2312.8,1,13:23:56.189694559
2312.9,2,13:23:56.850816572
2312.8,1,13:23:57.289666726
2312.8,1,13:23:58.389660170
2312.8,2,13:23:59.067732473
2312.8,1,13:23:59.489980192
2312.7,7,13:24:00.110671343
2312.7,2,13:24:00.112652379
2312.7,1,13:24:00.112700562
2312.6,7,13:24:00.589829544
2312.6,1,13:24:00.590888759
2312.5,2,13:24:00.591230878
2312.5,1,13:24:00.592163210
2312.5,1,13:24:00.593149130
2312.5,1,13:24:00.593516248
2312.5,1,13:24:01.226634446
2312.5,2,13:24:01.826531865
2312.4,3,13:24:01.948082859
2312.5,2,13:24:02.207120332
2312.5,2,13:24:02.208085366
2312.5,1,13:24:02.208514069
2312.5,2,13:24:03.272062627
2312.5,1,13:24:03.350044602
2312.6,1,13:24:03.715353435
2312.6,2,13:24:03.715402089
2312.6,1,13:24:03.715437667
2312.6,1,13:24:03.715488346
2312.6,3,13:24:03.715540027
2312.6,4,13:24:03.715603193
2312.7,1,13:24:03.794457349
2312.7,1,13:24:03.794789722
2312.8,1,13:24:04.890229668
2312.7,1,13:24:04.890349226
2312.6,1,13:24:04.891840888
2312.6,1,13:24:06.341396150
2312.6,1,13:24:06.341927671
2312.6,1,13:24:07.207164635
2312.6,2,13:24:07.210218479
2312.6,1,13:24:07.389668360
2312.6,1,13:24:09.506805160
2312.6,1,13:24:09.507301618
2312.6,1,13:24:09.507368601
2312.6,1,13:24:13.395970051
2312.6,1,13:24:13.396265301
2312.6,1,13:24:14.489686811
2312.6,1,13:24:14.490260301
2312.6,1,13:24:14.873025466
2312.7,1,13:24:16.963954229
2312.7,1,13:24:16.963993830
2312.6,1,13:24:17.255748228
2312.7,1,13:24:17.256984701
2312.8,2,13:24:17.440656749
2312.8,1,13:24:17.584100687
2312.7,2,13:24:21.403033568
2312.7,1,13:24:21.423978377
2312.6,1,13:24:21.841071298
2312.6,1,13:24:21.841259452
2312.6,1,13:24:22.480820128
2312.6,1,13:24:23.317271235
2312.5,1,13:24:23.702565746
2312.5,2,13:24:23.702831812
2312.5,2,13:24:23.702868644
2312.4,2,13:24:24.389801868
2312.4,1,13:24:24.390021662
2312.4,1,13:24:24.391235411
2312.4,1,13:24:24.425817703
2312.5,1,13:24:27.344704398
2312.4,1,13:24:27.345064235
2312.4,1,13:24:28.325808052
2312.3,1,13:24:30.016501801
2312.2,1,13:24:30.033514553
2312.3,1,13:24:30.102869645
2312.3,1,13:24:30.195085497
2312.3,2,13:24:30.514170314
2312.3,1,13:24:31.614868924
2312.3,6,13:24:31.616065911
2312.4,1,13:24:32.351478555
2312.4,1,13:24:32.639255237
2312.3,2,13:24:35.022632364
2312.2,2,13:24:41.011511811
2312.2,3,13:24:41.012403073
2312.2,1,13:24:41.270744454
2312.1,1,13:24:42.623935766
2312.2,1,13:24:45.042865449
2312.1,7,13:24:45.403658473
2312.1,1,13:24:45.406886042
2312.1,1,13:24:45.406930987
2312.1,1,13:24:49.147127225
2312.1,1,13:24:49.348747014
2312.1,1,13:24:49.348997864
2312.1,1,13:24:50.013133278
2312.1,1,13:24:50.013418157
2312.1,1,13:24:50.189668233
2312.1,2,13:24:50.384164786
2312.1,2,13:24:50.773897502
2312.1,1,13:24:51.036453352
2312.2,1,13:24:51.285483977
2312.2,2,13:24:51.285728875
2312.2,4,13:24:51.285769701
2312.2,1,13:24:51.285816924
2312.2,1,13:24:51.289844119
2312.3,3,13:24:51.357514029
2312.3,1,13:24:51.357562852
2312.3,1,13:24:51.357733982
2312.3,1,13:24:51.357772106
2312.3,2,13:24:51.364179427
2312.2,1,13:24:51.493222896
2312.2,1,13:24:51.494185824
2312.2,1,13:24:51.500036403
2312.1,2,13:24:52.372372981
2312.1,1,13:24:52.372638861
2312.1,1,13:24:52.375603827
2312.1,1,13:24:55.213481428
2312.1,1,13:24:55.303692679
2312.1,3,13:24:55.358013624
2312.0,1,13:24:55.431277577
2311.5,7,13:24:55.431295562
2311.8,9,13:24:55.431295562
2311.9,7,13:24:55.431295562
2311.6,14,13:24:55.431295562
2312.0,9,13:24:55.431295562
2311.7,9,13:24:55.431295562
2311.5,4,13:24:55.431295562
2311.5,1,13:24:55.431604973
2311.8,1,13:24:55.437336023
2311.8,1,13:24:55.437384856
2311.8,1,13:24:55.437477696
2311.8,2,13:24:55.437580995
2311.8,1,13:24:55.438586464
2311.8,1,13:24:55.440081288
2311.9,2,13:24:55.441137444
2311.9,1,13:24:55.441185789
2311.8,1,13:24:55.441928918
2311.9,1,13:24:55.443478419
2311.9,2,13:24:55.444274751
2311.9,1,13:24:55.444658481
2311.9,1,13:24:55.445455878
2311.9,1,13:24:55.445795838
2311.9,1,13:24:55.457732036
2311.9,1,13:24:55.466440557
2312.0,2,13:24:55.509201440
2312.0,5,13:24:55.509657628
2312.0,1,13:24:55.510540075
2312.0,4,13:24:55.514622496
2311.9,3,13:24:55.525174498
2312.0,1,13:24:55.525572442
2312.0,1,13:24:55.565923327
2312.0,1,13:24:55.569632893
2312.0,1,13:24:55.571454952
2312.0,1,13:24:55.571965714
2312.0,1,13:24:55.573210091
2312.0,1,13:24:55.573599571
2312.0,1,13:24:55.578746798
2312.0,1,13:24:55.687401705
2312.1,1,13:24:55.699938949
2312.1,1,13:24:55.847902999
2312.2,1,13:24:55.958934719
2312.2,1,13:24:56.141067482
2312.3,1,13:24:56.251111982
2312.2,1,13:24:58.642631815
2312.2,2,13:24:59.221149913
2312.2,1,13:24:59.221450895
2312.0,1,13:25:00.021504174
2311.9,1,13:25:00.457713269
2311.9,1,13:25:01.275393549
2311.8,1,13:25:01.280071935
2311.9,1,13:25:01.280554505
2312.0,1,13:25:01.286735329
2312.0,1,13:25:03.911570268
2312.1,3,13:25:05.865660297
2312.0,1,13:25:06.766634563
2312.0,1,13:25:06.767153406
2312.1,1,13:25:06.767347148
2312.1,1,13:25:06.768263586
2312.1,1,13:25:07.457450341
2312.1,1,13:25:08.019709256
2312.0,2,13:25:08.385794096
2312.1,5,13:25:09.681617306
2312.2,5,13:25:09.681617306
2312.1,4,13:25:09.683803701
2312.1,1,13:25:09.763720223
2312.1,1,13:25:12.454025861
2312.2,1,13:25:12.484157885
2312.2,1,13:25:12.758675165
2312.1,3,13:25:13.028320352
2312.1,1,13:25:13.681005498
2312.1,1,13:25:14.560831955
2312.0,1,13:25:18.877721893
2312.0,1,13:25:18.877761680
2311.9,4,13:25:18.880518717
2311.9,1,13:25:18.880893452
2312.0,2,13:25:23.766594514
2311.9,1,13:25:23.768550083
2311.9,2,13:25:27.145628676
2312.0,5,13:25:27.580673472
2312.1,1,13:25:27.628046828
2312.1,1,13:25:27.967718048
2312.1,1,13:25:32.523807967
2312.1,1,13:25:32.523855092
2312.1,1,13:25:32.524053394
2312.1,1,13:25:32.524279539
2312.1,1,13:25:32.524629095
2312.1,1,13:25:32.524910218
2312.1,1,13:25:32.829462246
2312.2,5,13:25:33.302970179
2312.2,1,13:25:33.303572526
2312.2,1,13:25:33.303838388
2312.2,2,13:25:33.344102943
2312.1,3,13:25:34.460565764
2312.2,1,13:25:34.460565764
2312.3,8,13:25:35.901687024
2312.3,1,13:25:38.101409445
2312.4,1,13:25:39.902722207
2312.2,1,13:25:40.216932935
2312.4,9,13:25:40.372681326
2312.5,6,13:25:40.385234426
2312.5,3,13:25:40.385481068
2312.5,3,13:25:40.385550649
2312.5,1,13:25:40.385600183
2312.5,1,13:25:40.385718723
2312.5,3,13:25:40.385796386
2312.5,1,13:25:40.390421353
2312.6,1,13:25:40.395116462
2312.5,1,13:25:40.403496698
2312.4,1,13:25:40.404235103
2312.4,1,13:25:40.883761707
2312.4,2,13:25:40.884056370
2312.4,1,13:25:40.919134787
2312.4,1,13:25:42.359731055
2312.4,3,13:25:42.368654140
2312.4,1,13:25:44.374919782
2312.4,1,13:25:44.377295711
2312.3,1,13:25:44.413320079
2312.4,3,13:25:44.478221495
2312.4,2,13:25:44.480873714
2312.3,1,13:25:46.681859800
2312.3,3,13:25:46.682030866
2312.2,1,13:25:47.525862723
2312.1,1,13:25:47.525881485
2312.1,1,13:25:47.529553101
2312.1,1,13:25:47.530167884
2312.1,1,13:25:47.530203789
2312.1,1,13:25:48.081485491
2312.1,4,13:25:53.027017635
2312.1,1,13:25:54.386061276
2312.0,2,13:25:54.499166942
2312.1,1,13:25:54.499530825
2312.0,1,13:25:54.500764097
2311.8,10,13:25:56.385599533
2311.9,7,13:25:56.385599533
2312.0,3,13:25:56.385599533
2311.8,2,13:25:56.386939326
2311.8,3,13:25:56.387012198
2311.9,1,13:25:56.388021543
2311.8,1,13:25:56.388507569
2311.9,1,13:25:56.391053064
2311.8,1,13:25:56.398684395
2311.9,1,13:25:58.043447141
2311.9,1,13:25:58.043720727
2311.9,1,13:25:59.340836946
2311.9,1,13:26:01.474376195
2311.9,1,13:26:01.843043735
2312.0,2,13:26:01.860544796
2312.0,2,13:26:01.860879923
2312.1,4,13:26:01.863546712
2312.1,3,13:26:01.866008375
2312.1,1,13:26:01.890830268
2312.1,1,13:26:04.440775702
2312.1,1,13:26:07.277309571
2312.2,3,13:26:08.664723021
2312.3,2,13:26:08.664741946
2312.2,1,13:26:08.664741946
2312.3,1,13:26:08.664741946
2312.2,1,13:26:08.685677725
2312.2,1,13:26:08.706697048
2312.2,1,13:26:08.732009270
2312.3,2,13:26:08.761756928
2312.4,1,13:26:09.854144556
2312.5,1,13:26:11.135438515
2312.4,1,13:26:11.333834503
2312.5,1,13:26:14.546282558
2312.5,2,13:26:14.546518659
2312.5,1,13:26:14.567271958
2312.5,1,13:26:14.587992100
2312.5,1,13:26:14.609254308
2312.5,1,13:26:14.609736164
2312.6,1,13:26:14.806458784
2312.6,1,13:26:15.518995347
2312.6,1,13:26:17.984292605
2312.6,1,13:26:17.984509340
2312.6,1,13:26:19.422068331
2312.7,3,13:26:24.356612919
2312.8,10,13:26:24.356612919
2312.9,1,13:26:24.364106472
2312.9,1,13:26:24.364113877
2312.9,1,13:26:24.365200507
2312.9,1,13:26:24.366123665
2313.0,1,13:26:24.637718124
2312.9,1,13:26:24.638352351
2312.9,1,13:26:24.638432993
2312.9,1,13:26:24.686419934
2312.9,1,13:26:25.719389604
2313.0,1,13:26:27.112294977
2313.0,2,13:26:28.275301565
2313.1,21,13:26:28.530867776
2313.0,6,13:26:28.530867776
2313.1,3,13:26:28.532092256
2313.1,1,13:26:28.533250260
2313.1,1,13:26:28.580169276
2313.1,1,13:26:28.580623410
2313.1,1,13:26:28.580675900
2313.2,1,13:26:29.614837029
2313.1,1,13:26:30.166897684
2313.1,1,13:26:30.167278543
2313.1,1,13:26:30.168399103
2313.0,4,13:26:35.014625498
2313.0,2,13:26:35.015190926
2313.0,2,13:26:35.015644450
2313.0,1,13:26:35.015689062
2313.1,2,13:26:35.020689486
2313.1,1,13:26:35.030630912
2313.1,1,13:26:35.039698336
2313.2,1,13:26:35.242208311
2313.1,2,13:26:36.530497874
2313.3,4,13:26:41.467491355
2313.3,1,13:26:41.467895168
2313.3,1,13:26:41.479575208
2313.3,1,13:26:41.479866248
2313.3,1,13:26:41.480360165
2313.2,1,13:26:41.733621812
2313.2,2,13:26:44.164363143
2313.2,2,13:26:44.993672225
2313.0,1,13:26:46.995774821
2313.0,2,13:26:46.996030356
2313.0,1,13:26:46.996372129
2313.0,1,13:26:47.021311017
2313.0,4,13:26:47.305184718
2313.0,1,13:26:48.208699748
2313.1,1,13:26:48.621452488
2313.0,1,13:26:50.842221859
2313.0,2,13:26:50.844921475
2313.0,2,13:26:50.845385404
2313.0,2,13:26:51.400439779
2313.1,4,13:26:51.907510185
2313.2,5,13:26:52.180650680
2313.3,4,13:26:52.181508463
2313.3,2,13:26:52.186765994
2313.2,13,13:26:52.194909393
2313.2,2,13:26:52.195011906
2313.2,1,13:26:52.195190247
2313.2,6,13:26:52.195233492
2313.2,1,13:26:52.195332483
2313.2,1,13:26:52.195352029
2313.2,1,13:26:52.195575105
2313.2,2,13:26:52.206407842
2313.2,1,13:26:52.206640551
2313.2,1,13:26:52.359339448
2313.1,1,13:26:56.052142679
2313.1,3,13:26:56.054856448
2313.1,2,13:26:57.008127270
2313.1,1,13:26:57.008287999
2313.2,1,13:26:58.841358053
2313.3,2,13:26:59.055171604
2313.2,2,13:26:59.621449068
2313.1,4,13:27:04.701623500
2313.0,2,13:27:04.841427617
2313.0,1,13:27:04.841926241
2313.0,1,13:27:04.842485078
2313.0,2,13:27:04.850780343
2313.0,1,13:27:04.851223753
2312.9,4,13:27:10.014924231
2312.9,1,13:27:10.015723877
2313.0,1,13:27:10.016149261
2313.0,3,13:27:10.016494000
2313.0,1,13:27:10.737528457
2313.0,1,13:27:11.918856010
2313.0,1,13:27:11.919078688
2313.0,1,13:27:12.368928234
2313.0,1,13:27:12.972913122
2313.1,1,13:27:17.127776511
2313.1,1,13:27:18.081569698
2313.1,3,13:27:20.435341654
2313.2,1,13:27:20.548915525
2313.3,1,13:27:21.537021922
2313.3,2,13:27:26.803138039
2313.3,1,13:27:26.803419177
2313.3,1,13:27:26.804079535
2313.3,1,13:27:26.804182108
2313.3,1,13:27:27.298844488
2313.2,2,13:27:27.301952183
2313.2,1,13:27:27.302569901
2313.2,1,13:27:27.449826317
2313.2,1,13:27:27.470641553
2313.3,4,13:27:28.550334583
2313.3,2,13:27:32.475399441
2313.4,1,13:27:32.554472486
2313.3,2,13:27:32.733128561
2313.3,1,13:27:32.733404000
2313.3,1,13:27:34.594405626
2313.2,1,13:27:37.690425659
2313.2,1,13:27:41.379280824
2313.1,2,13:27:41.383807699
2313.2,2,13:27:41.383807699
2313.2,1,13:27:41.384547653
2313.1,7,13:27:41.651214626
2313.1,1,13:27:41.653864247
2313.1,12,13:27:41.654859871
2313.1,6,13:27:43.981989009
2313.1,14,13:27:44.052627339
2313.1,2,13:27:46.685176431
2313.1,1,13:27:46.685223343
2313.1,1,13:27:46.685341042
2313.1,1,13:27:46.685419828
2313.1,1,13:27:46.707103344
2313.1,1,13:27:46.710497799
2313.1,2,13:27:46.757336370
2313.1,1,13:27:46.777951688
2313.1,1,13:27:46.798925359
2313.1,1,13:27:46.819494395
2313.1,1,13:27:46.840166089
2313.1,2,13:27:47.109340422
2313.0,3,13:27:47.110069130
2313.0,2,13:27:47.110802416
2313.0,1,13:27:47.111301444
2313.1,1,13:27:47.130548002
2313.1,1,13:27:47.151341455
2313.1,1,13:27:47.172311798
2313.1,1,13:27:47.172577179
2313.1,3,13:27:47.172685030
2313.1,6,13:27:47.172685030
2313.1,5,13:27:47.172841031
2313.1,1,13:27:47.173518466
2313.1,3,13:27:52.626403998
2313.1,1,13:27:52.627010981
2313.1,3,13:27:52.627617693
2313.1,1,13:27:54.002694954
2313.1,1,13:27:54.023546940
2313.1,4,13:27:55.014885082
2313.1,1,13:27:55.015519015
2313.1,1,13:28:00.009837474
2313.1,2,13:28:00.723605678
2313.0,1,13:28:00.731262888
2313.0,1,13:28:00.744831328
2312.9,1,13:28:03.142253066
2312.8,4,13:28:03.142717877
2312.8,1,13:28:03.144110943
2312.8,2,13:28:05.701308701
2312.8,1,13:28:05.800348471
2312.8,2,13:28:05.800568677
2312.8,4,13:28:06.522524788
2312.8,1,13:28:06.523034616
2312.8,1,13:28:06.524078419
2312.7,9,13:28:06.585131438
2312.6,1,13:28:06.587292675
2312.6,1,13:28:06.587623418
2312.7,1,13:28:06.621169926
2312.7,1,13:28:06.642117108
2312.7,2,13:28:06.642554662
2312.7,1,13:28:06.642804879
2312.7,2,13:28:06.790249208
2312.6,2,13:28:08.991290730
2312.6,1,13:28:08.992327598
2312.5,4,13:28:09.085876127
2312.4,3,13:28:09.405315017
2312.3,9,13:28:10.386002455
2312.2,6,13:28:10.386002455
2312.3,1,13:28:10.392242366
2312.2,3,13:28:11.125715153
2312.1,2,13:28:11.716396679
2312.0,1,13:28:11.719807539
2312.0,1,13:28:11.810382125
2312.0,4,13:28:11.816873472
2312.0,1,13:28:11.918683779
2312.0,1,13:28:11.919118220
2312.0,1,13:28:12.265670289
2311.9,1,13:28:12.265670289
2312.0,1,13:28:12.268435171
2312.0,1,13:28:12.268502583
2312.0,3,13:28:14.799644235
2311.9,2,13:28:14.801867144
2312.0,1,13:28:14.803034383
2312.0,1,13:28:14.803304459
2312.1,1,13:28:14.938761613
2312.0,1,13:28:16.877035565
2312.1,1,13:28:17.885247651
2312.0,2,13:28:19.233589035
2312.0,2,13:28:19.236558359
2312.0,2,13:28:19.238623550
2312.1,7,13:28:19.640480144
2312.2,1,13:28:19.642966735
2312.1,1,13:28:19.666099909
2312.2,2,13:28:19.669100418
2312.1,4,13:28:21.039821701
2312.2,1,13:28:21.042442333
2312.2,2,13:28:23.385124368
2312.1,1,13:28:24.197860030
2312.1,1,13:28:24.217151709
2312.1,1,13:28:24.219462834
2312.1,1,13:28:24.230369755
2312.1,1,13:28:26.396179739
2312.1,1,13:28:26.961190704
2312.0,6,13:28:28.890913894
2312.0,1,13:28:28.892361917
2312.1,1,13:28:29.013387568
2312.1,3,13:28:30.163348899
2312.1,1,13:28:30.184052207
2312.1,1,13:28:30.205064158
2312.1,1,13:28:30.225778489
2312.1,3,13:28:31.050604625
2312.1,2,13:28:31.058099385
2312.1,1,13:28:33.404728716
2312.1,1,13:28:33.407580653
2312.1,1,13:28:33.425380385
2312.1,1,13:28:33.449505839
2312.1,1,13:28:33.449733504
2312.1,1,13:28:33.655444504
2312.0,1,13:28:34.954847031
2312.1,1,13:28:34.955676616
2312.1,1,13:28:34.955715778
2312.1,1,13:28:35.580365023
2312.0,2,13:28:36.035355068
2312.0,9,13:28:37.467609064
2312.0,1,13:28:37.467921285
2312.0,1,13:28:37.468190020
2311.9,2,13:28:37.470618312
2311.9,1,13:28:37.477317900
2312.0,1,13:28:37.488421705
2312.0,1,13:28:37.509353193
2312.0,1,13:28:37.530063399
2312.0,3,13:28:37.530387428
2312.2,1,13:28:39.195239221
2312.1,4,13:28:39.195239221
2312.1,1,13:28:39.318179413
2312.1,1,13:28:41.225616002
2312.1,5,13:28:42.245678288
2312.3,1,13:28:46.047542323
2312.2,2,13:28:46.556578440
2312.2,4,13:28:46.557246911
2312.2,1,13:28:46.557306755
2312.2,1,13:28:46.578141707
2312.2,1,13:28:46.601056932
2312.2,1,13:28:46.621827277
2312.2,1,13:28:47.643387216
2312.2,2,13:28:48.442642093
2312.1,1,13:28:48.462415186
2312.1,1,13:28:48.463766215
2312.2,1,13:28:48.484550478
2312.2,1,13:28:48.505564319
2312.2,2,13:28:48.506782043
2312.2,1,13:28:48.526098718
2312.2,1,13:28:49.387054643
2312.1,1,13:28:49.390390425
2312.1,1,13:28:49.408340708
2312.1,1,13:28:49.433698637
2312.2,1,13:28:49.454319454
2312.2,1,13:28:49.475582616
2312.2,1,13:28:49.496190430
2312.1,1,13:28:49.516810904
2311.9,1,13:28:52.240161066
2311.9,3,13:28:52.249433017
2311.9,1,13:28:52.250334734
2311.9,1,13:28:52.259258383
2311.8,1,13:28:53.619165815
2311.9,1,13:28:53.622022327
2311.9,2,13:28:53.622268083
2311.9,1,13:28:53.631604537
2311.9,2,13:28:54.510962553
2311.9,1,13:28:54.511050823
2311.9,2,13:28:55.498575345
2311.8,1,13:28:55.612608997
2311.8,4,13:28:57.614384536
2311.8,1,13:28:57.614975864
2311.8,1,13:28:57.615554144
2311.8,1,13:28:57.615800687
2311.7,2,13:28:57.617048139
2311.8,1,13:28:57.617146253
2311.8,1,13:28:58.025975842
2311.8,1,13:28:58.033468569
2311.7,1,13:28:58.329741220
2311.8,5,13:28:59.005801649
2311.8,2,13:28:59.006035827
2311.8,1,13:29:00.006072504
2311.8,1,13:29:00.006123420
2311.8,1,13:29:00.006182487
2311.8,3,13:29:00.006484947
2311.8,1,13:29:00.006523892
2311.8,1,13:29:00.006616605
2311.8,1,13:29:00.007025486
2311.8,1,13:29:00.007731760
2311.7,5,13:29:00.008638136
2311.7,7,13:29:00.010884383
2311.7,1,13:29:00.015583586
2311.7,1,13:29:00.019439490
2311.7,4,13:29:00.132026240
2311.7,2,13:29:00.132329571
2311.7,1,13:29:00.132534519
2311.7,1,13:29:00.772308291
2311.7,1,13:29:00.826185852
2311.8,4,13:29:00.884458586
2311.7,2,13:29:01.632167381
2311.7,1,13:29:01.638232393
2311.7,2,13:29:02.071350079
2311.7,1,13:29:02.145836686
2311.6,4,13:29:02.232735268
2311.6,2,13:29:02.233584006
2311.6,3,13:29:02.233739849
2311.6,1,13:29:02.249088517
2311.6,1,13:29:02.249300902
2311.7,1,13:29:02.287483247
2311.5,3,13:29:02.438425343
2311.5,2,13:29:02.444976593
2311.4,1,13:29:02.557804426
2311.4,4,13:29:02.558158788
2311.4,1,13:29:02.558872092
2311.4,2,13:29:02.795147709
2311.4,1,13:29:02.795365877
2311.4,1,13:29:02.795622151
2311.4,1,13:29:02.795904528
2311.3,5,13:29:03.084884426
2311.3,2,13:29:03.085156678
2311.2,5,13:29:03.244405592
2311.2,1,13:29:03.244443330
2311.2,9,13:29:03.244650307
2311.2,1,13:29:03.245888649
2311.2,1,13:29:03.246548259
2311.2,1,13:29:03.280300617
2311.2,1,13:29:03.285805957
2311.3,1,13:29:03.673743243
2311.3,8,13:29:03.750115206
2311.3,7,13:29:03.750474663
2311.3,1,13:29:03.753078351
2311.4,1,13:29:03.796399753
2311.4,4,13:29:03.796643889
2311.4,6,13:29:03.796875669
2311.4,2,13:29:04.009505801
2311.4,2,13:29:04.295334353
2311.4,2,13:29:04.295797483
2311.4,1,13:29:04.295966660
2311.5,1,13:29:04.345122516
2311.5,2,13:29:04.345435224
2311.5,1,13:29:04.345677984
2311.4,2,13:29:04.602726718
2311.4,1,13:29:04.603504052
2311.4,2,13:29:05.304021971
2311.4,1,13:29:05.403085024
2311.4,3,13:29:05.403329355
2311.4,1,13:29:05.405157536
2311.4,1,13:29:05.405368289
2311.4,1,13:29:05.437963257
2311.3,1,13:29:05.820951112
2311.3,1,13:29:05.821173414
2311.2,5,13:29:06.301434246
2311.2,1,13:29:06.301672203
2311.2,2,13:29:06.301851807
2311.2,1,13:29:06.301924781
2311.2,1,13:29:06.302004485
2311.2,1,13:29:06.302726410
2311.2,2,13:29:06.303047796
2311.1,2,13:29:06.311154043
2311.1,9,13:29:06.383863312
2311.1,1,13:29:06.384999757
2311.1,1,13:29:06.391507005
2311.1,2,13:29:06.396106388
2311.0,1,13:29:06.836271908
2311.0,1,13:29:06.998395289
2311.0,1,13:29:06.999408564
2310.9,2,13:29:07.024498379
2310.9,1,13:29:07.025547667
2310.9,1,13:29:07.025649663
2310.9,1,13:29:07.035901620
2310.9,2,13:29:07.343117732
2310.9,1,13:29:07.483252714
2311.0,1,13:29:07.773225163
2311.0,1,13:29:07.773275046
2311.0,1,13:29:07.773317085
2311.0,1,13:29:07.773393019
2311.0,4,13:29:07.773530373
2311.0,9,13:29:07.773595753
2311.0,1,13:29:07.775584542
2311.0,4,13:29:08.081119385
2311.0,1,13:29:08.477864806
2311.0,2,13:29:08.477971954
2310.9,5,13:29:08.558808594
2311.0,2,13:29:09.081928270
2311.0,2,13:29:09.082478015
2311.0,1,13:29:09.082769576
2311.1,1,13:29:09.369463621
2311.1,5,13:29:09.550033856
2311.1,3,13:29:09.550391317
2311.1,3,13:29:09.550516445
2311.1,1,13:29:09.552177855
2311.2,5,13:29:09.739312651
2311.2,1,13:29:09.739811702
2311.2,1,13:29:09.740314585
2311.2,2,13:29:09.740710469
2311.3,1,13:29:09.743187386
2311.2,1,13:29:09.760829464
2311.2,1,13:29:09.782094399
2311.2,1,13:29:09.812891693
2311.2,1,13:29:09.834137514
2311.2,1,13:29:09.855163884
2311.2,1,13:29:09.855386535
2311.2,2,13:29:09.855584216
2311.2,2,13:29:09.855855418
2311.2,1,13:29:09.856104934
2311.2,1,13:29:09.876563138
2311.3,1,13:29:10.289778632
2311.3,2,13:29:10.290198170
2311.3,2,13:29:10.406252889
2311.3,1,13:29:10.406774006
2311.2,4,13:29:10.616401670
2311.2,2,13:29:10.750056234
2311.2,2,13:29:10.839378349
2311.2,1,13:29:10.943524456
2311.2,7,13:29:11.368330413
2311.1,6,13:29:11.432970759
2311.1,1,13:29:11.433271774
2311.1,1,13:29:12.000571327
2311.1,1,13:29:12.000816154
2311.0,2,13:29:12.003083829
2311.0,3,13:29:12.072531566
2311.0,1,13:29:12.289015309
2311.1,13,13:29:12.842640871
2311.3,10,13:29:12.842640871
2311.2,9,13:29:12.842640871
2311.3,1,13:29:12.845079599
2311.3,1,13:29:12.851289677
2311.3,1,13:29:12.855025563
2311.4,1,13:29:12.859707898
2311.4,2,13:29:12.901592314
2311.4,4,13:29:12.902076615
2311.5,1,13:29:13.200637383
2311.5,6,13:29:13.367684786
2311.6,2,13:29:13.367684786
2311.5,5,13:29:13.369676331
2311.5,5,13:29:13.554252826
2311.4,2,13:29:13.747537785
2311.5,1,13:29:13.843201001
2311.3,2,13:29:14.575607346
2311.3,1,13:29:14.575799017
2311.3,1,13:29:14.575854429
2311.3,9,13:29:14.575986483
2311.3,1,13:29:14.576037380
2311.3,3,13:29:14.576187833
2311.3,3,13:29:14.577331707
2311.3,1,13:29:14.577702772
2311.3,1,13:29:14.578024111
2311.1,4,13:29:14.924644905
2311.1,3,13:29:14.925911909
2311.1,1,13:29:14.927716411
2311.1,1,13:29:14.928050997
2311.1,1,13:29:14.928571641
2311.0,4,13:29:15.068828330
2311.0,3,13:29:16.166023992
2311.0,7,13:29:16.214868732
2311.0,1,13:29:16.215637142
2311.0,2,13:29:16.465344763
2310.9,4,13:29:16.465344763
2311.0,1,13:29:16.465585744
2311.0,1,13:29:16.466848112
2311.1,1,13:29:16.468101397
2311.1,2,13:29:16.468307188
2311.1,1,13:29:16.468352923
2311.1,3,13:29:16.468512420
2311.1,1,13:29:17.282595266
2311.1,1,13:29:17.283047438
2311.1,2,13:29:17.434770476
2311.1,1,13:29:17.435093735
2311.1,1,13:29:17.435635205
2311.1,5,13:29:17.995214134
2311.1,3,13:29:18.088418183
2311.1,1,13:29:18.842072511
2311.0,6,13:29:18.895275117
2311.0,11,13:29:18.901656024
2310.9,2,13:29:19.630078990
2310.9,3,13:29:19.630639151
2310.9,1,13:29:19.631191000
2311.0,3,13:29:19.741190148
2311.0,6,13:29:19.741331287
2310.9,6,13:29:19.926518420
2311.0,3,13:29:19.926518420
2311.0,1,13:29:19.927196469
2311.0,1,13:29:19.927557766
2311.0,1,13:29:19.928574429
2311.0,1,13:29:19.933766864
2310.9,1,13:29:20.089890834
2310.9,2,13:29:20.089993353
2310.9,2,13:29:20.090013885
2310.8,2,13:29:20.674796570
2310.9,1,13:29:20.849229407
2310.8,2,13:29:20.851868750
2310.8,4,13:29:21.080393590
2310.8,1,13:29:21.081184865
2310.9,1,13:29:21.092242098
2310.9,2,13:29:21.092570583
2310.9,4,13:29:21.092786081
2310.9,1,13:29:21.093011436
2310.9,1,13:29:21.093100756
2310.9,1,13:29:21.093150028
2310.9,2,13:29:21.094298118
2310.9,1,13:29:21.094354030
2310.8,7,13:29:21.387899008
2310.8,4,13:29:21.394771171
2310.8,2,13:29:21.395353066
2310.8,1,13:29:21.395384961
2310.7,1,13:29:21.598923904
2310.7,1,13:29:21.598938323
2310.7,2,13:29:22.125976330
2310.7,3,13:29:22.161210071
2310.8,1,13:29:22.161556609
2310.8,1,13:29:22.163319915
2310.8,1,13:29:22.583865736
2310.8,4,13:29:23.343997437
2310.9,6,13:29:23.344099183
2310.8,1,13:29:23.344261894
2310.8,2,13:29:23.345996320
2310.9,1,13:29:23.500349759
2310.9,2,13:29:23.500965000
2310.9,1,13:29:23.522383845
2310.9,1,13:29:23.522624685
2310.9,1,13:29:23.523087306
2310.9,1,13:29:23.523823145
2310.9,1,13:29:23.702212706
2310.9,1,13:29:24.112069295
2310.9,3,13:29:25.369052964
2310.8,5,13:29:25.794227334
2310.8,1,13:29:25.794449051
2310.8,2,13:29:25.794882791
2310.8,1,13:29:25.795459302
2310.8,5,13:29:26.102637946
2310.8,1,13:29:26.324180427
2310.7,2,13:29:26.498472660
2310.7,1,13:29:26.498516587
2310.7,1,13:29:26.498687714
2310.6,5,13:29:26.577363769
2310.6,2,13:29:26.590070060
2310.5,1,13:29:26.822378078
2310.5,2,13:29:26.823958004
2310.4,1,13:29:27.091715585
2310.4,4,13:29:27.092010102
2310.4,1,13:29:27.093061602
2310.4,1,13:29:27.093116215
2310.4,1,13:29:27.093719398
2310.4,1,13:29:27.094187977
2310.4,1,13:29:27.608378871
2310.4,1,13:29:27.608572955
2310.4,1,13:29:27.608651408
2310.3,1,13:29:27.948508742
2310.4,8,13:29:27.991136700
2310.4,1,13:29:27.991476102
2310.5,2,13:29:28.006822642
2310.5,3,13:29:28.007030881
2310.5,1,13:29:28.008585939
2310.6,5,13:29:28.134955591
2310.6,2,13:29:28.163097361
2310.7,1,13:29:28.381627838
2310.6,1,13:29:28.527582792
2310.7,8,13:29:28.672926286
2310.8,1,13:29:28.777837718
2310.7,1,13:29:28.962880688
2310.7,5,13:29:29.271152634
2310.8,1,13:29:29.271816628
2310.9,1,13:29:29.277148089
2310.9,1,13:29:29.277565950
2311.0,4,13:29:29.419651961
2311.0,1,13:29:29.420298121
2311.0,1,13:29:29.493489351
2310.9,1,13:29:29.526041126
2310.9,1,13:29:29.526270273
2310.8,1,13:29:29.781048348
2310.9,1,13:29:29.781048348
2310.9,1,13:29:29.781523241
2310.9,1,13:29:29.875610446
2310.8,1,13:29:29.876343901
2310.8,1,13:29:29.876616761
2310.8,2,13:29:29.876792201
2310.8,1,13:29:29.876907528
2310.7,2,13:29:29.882664848
2310.7,8,13:29:29.883153607
2310.7,2,13:29:29.883399301
2310.7,1,13:29:29.884860530
2310.7,1,13:29:30.007297075
2310.8,1,13:29:30.007497208
2310.8,4,13:29:30.008061642
2310.8,1,13:29:30.009688584
2310.8,1,13:29:30.009943206
2310.9,5,13:29:30.249621270
2310.9,1,13:29:30.250658815
2310.9,2,13:29:30.339224565
2310.9,2,13:29:30.626804179
2310.8,1,13:29:31.131765179
2310.8,5,13:29:31.209906389
2310.8,1,13:29:31.210162067
2310.8,1,13:29:31.210398667
2310.8,1,13:29:31.211046296
2310.9,1,13:29:31.540059933
2310.9,2,13:29:31.554992119
2310.9,1,13:29:31.566685043
2310.8,1,13:29:31.934147659
2310.9,2,13:29:31.934674496
2310.9,1,13:29:31.934915006
2310.8,5,13:29:31.956219391
2310.8,1,13:29:32.151320328
2310.8,1,13:29:32.151352085
2310.7,2,13:29:32.630936900
2310.8,3,13:29:32.630936900
2310.8,1,13:29:32.632276576
2310.8,1,13:29:32.632472557
2310.7,2,13:29:33.063756507
2310.7,1,13:29:33.064230686
2310.8,1,13:29:33.066573206
2310.8,1,13:29:33.068002256
2310.7,6,13:29:33.080608552
2310.8,1,13:29:33.176422886
2310.8,1,13:29:33.185132336
2310.7,7,13:29:33.608614474
2310.7,1,13:29:33.608975333
2310.6,3,13:29:33.823729776
2310.7,2,13:29:33.823729776
2310.7,1,13:29:33.824563379
2310.7,1,13:29:34.168193090
2310.8,1,13:29:34.406582446
2310.8,4,13:29:34.407019898
2310.7,2,13:29:34.841974472
2310.7,4,13:29:34.842071687
2310.7,1,13:29:35.745538619
2310.8,1,13:29:35.757727633
2310.8,9,13:29:35.758031469
2310.8,7,13:29:35.758378878
2310.8,6,13:29:35.763939531
2310.8,2,13:29:35.764563186
2310.7,2,13:29:35.923200643
2310.7,1,13:29:36.333227248
2310.7,1,13:29:36.383890063
2310.7,2,13:29:36.386493741
2310.8,1,13:29:37.190301695
2310.8,2,13:29:37.190529883
2310.7,1,13:29:37.364870821
2310.8,1,13:29:37.493644251
2310.8,1,13:29:37.500629913
2310.7,6,13:29:39.108195080
2310.7,8,13:29:39.108519397
2310.8,2,13:29:39.758833166
2310.8,2,13:29:39.759031654
2310.8,5,13:29:39.759236556
2310.8,1,13:29:39.759262627
2310.8,2,13:29:39.759428788
2310.8,8,13:29:39.759523439
2310.7,2,13:29:39.761629107
2310.8,4,13:29:39.762054744
2310.7,1,13:29:39.842365992
2310.7,3,13:29:39.842573529
2310.7,1,13:29:39.842666404
2310.8,3,13:29:40.586576391
2310.8,1,13:29:40.586620207
2310.8,4,13:29:40.586706161
2310.8,1,13:29:40.586732420
2310.8,1,13:29:40.586906268
2310.8,3,13:29:40.586994560
2310.8,1,13:29:40.587050270
2310.8,1,13:29:40.587322662
2310.8,2,13:29:40.587580614
2310.8,1,13:29:41.400951391
2310.8,1,13:29:42.173361837
2310.8,4,13:29:42.175964619
2310.8,1,13:29:42.176211876
2310.8,4,13:29:42.177483332
2310.8,1,13:29:42.196680686
2310.8,1,13:29:42.217481006
2310.8,2,13:29:42.217695286
2310.8,2,13:29:42.218071261
2310.8,1,13:29:42.238659466
2310.8,1,13:29:42.259439850
2310.8,1,13:29:42.280137353
2310.8,2,13:29:42.289636085
2310.7,5,13:29:42.295799220
2310.7,1,13:29:42.337817777
2310.7,3,13:29:42.338134695
2310.7,3,13:29:42.338223641
2310.7,1,13:29:42.338689709
2310.7,2,13:29:43.367695845
2310.7,5,13:29:43.368428093
2310.6,3,13:29:43.395860205
2310.6,1,13:29:43.395892738
2310.6,7,13:29:43.396487659
2310.6,1,13:29:43.396535554
2310.6,1,13:29:43.396592659
2310.6,23,13:29:43.396721688
2310.6,1,13:29:43.396842818
2310.7,5,13:29:43.397410211
2310.7,2,13:29:43.398477312
2310.7,2,13:29:43.414571016
2310.8,2,13:29:43.614574736
2310.8,2,13:29:43.614830965
2310.8,7,13:29:43.615139678
2310.8,1,13:29:43.635794952
2310.8,1,13:29:43.635997414
2310.8,1,13:29:43.638696560
2310.8,1,13:29:43.775712000
2310.8,3,13:29:44.286914944
2310.8,1,13:29:44.287594478
2310.8,1,13:29:44.287768229
2310.8,4,13:29:44.560708229
2310.8,1,13:29:44.561119117
2310.8,3,13:29:44.790166796
2310.8,5,13:29:44.790463857
2310.7,1,13:29:44.857541077
2310.9,2,13:29:45.021478827
2310.8,5,13:29:45.086462452
2310.8,1,13:29:45.086815360
2310.7,3,13:29:45.258503985
2310.8,1,13:29:45.406139834
2310.8,5,13:29:45.421283171
2310.8,2,13:29:45.421516416
2310.8,2,13:29:46.159829873
2310.9,1,13:29:46.285609461
2310.9,2,13:29:46.310651394
2310.9,3,13:29:46.486513922
2310.9,1,13:29:46.486587181
2310.9,1,13:29:46.486701743
2310.9,5,13:29:46.486805090
2310.9,3,13:29:46.487057741
2310.9,5,13:29:46.487356144
2310.9,1,13:29:46.487755103
2310.9,2,13:29:46.499201327
2310.9,2,13:29:46.499409111
2310.9,6,13:29:46.713388809
2310.9,1,13:29:46.713719850
2310.9,1,13:29:46.714041677
2310.9,2,13:29:46.714360106
2310.9,1,13:29:46.734534328
2310.9,12,13:29:47.446071041
2310.9,2,13:29:47.448524343
2310.9,2,13:29:47.448866186
2310.9,1,13:29:47.695636189
2310.9,1,13:29:47.695691027
2310.9,1,13:29:47.696250447
2310.9,1,13:29:47.696314721
2310.9,1,13:29:47.696524360
2310.9,1,13:29:47.697360601
2310.9,1,13:29:47.700186479
2310.9,2,13:29:47.862327086
2310.8,3,13:29:47.862327086
2310.9,2,13:29:47.862820875
2311.0,2,13:29:47.930239330
2310.9,1,13:29:47.933455811
2310.9,2,13:29:47.934643477
2310.8,2,13:29:47.934643477
2311.0,1,13:29:47.976258454
2311.0,13,13:29:47.976632193
2311.0,3,13:29:47.976890563
2311.0,1,13:29:47.976945668
2311.0,2,13:29:47.976977947
2311.0,1,13:29:47.977157890
2311.0,1,13:29:47.977188000
2311.0,4,13:29:47.977424394
2311.1,2,13:29:47.991428086
2311.1,6,13:29:47.991690782
2311.1,4,13:29:47.991851465
2311.1,1,13:29:47.992000273
2311.2,1,13:29:48.226510229
2311.2,2,13:29:48.227101832
2311.2,1,13:29:48.337433482
2311.2,1,13:29:48.341743018
2311.2,1,13:29:48.341965107
2311.2,1,13:29:48.740030093
2311.1,4,13:29:48.742165307
2311.1,2,13:29:48.742466510
2311.1,1,13:29:49.123033134
2311.0,2,13:29:49.212129086
2311.0,1,13:29:49.212787701
2310.9,3,13:29:49.325812136
2311.1,10,13:29:49.356050995
2311.1,1,13:29:49.802738533
2311.0,14,13:29:49.914054957
2311.0,5,13:29:49.914444812
2311.0,1,13:29:49.914733173
2311.0,1,13:29:49.914818553
2311.0,1,13:29:49.915053749
2311.0,1,13:29:49.915117743
2311.0,1,13:29:49.915310957
2311.0,1,13:29:49.915334907
2311.0,2,13:29:49.915524949
2311.0,6,13:29:49.915723910
2311.0,4,13:29:49.916040137
2311.0,1,13:29:49.917041821
2311.1,9,13:29:49.958745890
2311.0,7,13:29:50.007304707
2311.0,1,13:29:50.028566977
2311.0,3,13:29:50.731242629
2311.0,1,13:29:50.731269160
2311.0,1,13:29:50.731502327
2311.0,1,13:29:50.731583407
2311.0,3,13:29:51.082987952
2311.0,1,13:29:51.086551511
2311.0,1,13:29:51.167005423
2311.0,1,13:29:51.407166209
2311.0,1,13:29:51.410782998
2311.2,33,13:29:51.562077248
2311.1,13,13:29:51.562077248
2311.0,4,13:29:51.562077248
2311.1,1,13:29:51.563508411
2311.2,1,13:29:51.564987625
2311.2,3,13:29:51.566399359
2311.2,1,13:29:51.568846202
2311.3,1,13:29:51.612995487
2311.3,3,13:29:51.756979975
2311.3,1,13:29:51.757342792
2311.3,3,13:29:51.757471301
2311.3,2,13:29:52.006780168
2311.3,1,13:29:52.007054209
2311.2,1,13:29:52.067976920
2311.2,2,13:29:52.344231561
2311.2,1,13:29:52.344305559
2311.1,1,13:29:52.564106138
2311.1,5,13:29:52.698899864
2311.1,2,13:29:52.699086851
2311.1,2,13:29:52.699241958
2311.1,1,13:29:53.001509997
2311.1,2,13:29:53.002488116
2311.1,2,13:29:53.002934589
2311.2,3,13:29:53.120849933
2311.2,1,13:29:53.120926456
2311.1,5,13:29:53.126903876
2311.1,2,13:29:53.384659541
2311.1,3,13:29:53.384794373
2311.1,1,13:29:53.390130100
2311.2,1,13:29:53.601088167
2311.1,1,13:29:53.893228105
2311.1,1,13:29:54.105498427
2311.1,4,13:29:54.115465831
2311.0,2,13:29:54.116066592
2311.0,16,13:29:54.182871369
2311.0,4,13:29:54.184003135
2310.9,3,13:29:54.184456971
2310.9,1,13:29:54.184485871
2310.9,1,13:29:54.184556279
2310.9,3,13:29:54.184625142
2310.9,9,13:29:54.184831033
2310.9,1,13:29:54.184870087
2311.0,2,13:29:54.186133690
2311.0,2,13:29:54.186367141
2311.0,3,13:29:54.186460775
2311.0,1,13:29:54.186487854
2311.0,3,13:29:54.186783412
2311.0,18,13:29:54.187529264
2310.9,3,13:29:54.407506376
2310.9,1,13:29:54.407950490
2310.9,2,13:29:54.408892215
2310.9,1,13:29:54.409424094
2310.9,1,13:29:54.409947506
2310.8,3,13:29:54.757663869
2310.8,1,13:29:54.757841066
2310.8,1,13:29:54.757979868
2310.8,2,13:29:54.757979868
2310.8,1,13:29:54.758259023
2310.8,1,13:29:54.758463274
2310.8,4,13:29:54.962073233
2310.8,3,13:29:55.024699366
2310.8,1,13:29:55.044717244
2310.8,1,13:29:55.045236248
2310.8,1,13:29:55.197926896
2310.7,3,13:29:55.214556911
2310.7,1,13:29:55.400013770
2310.8,1,13:29:55.486409998
2310.8,1,13:29:55.486603198
2310.7,1,13:29:55.659200795
2310.7,4,13:29:56.021556417
2310.7,5,13:29:56.091110668
2310.7,12,13:29:56.091499236
2310.7,1,13:29:56.091708457
2310.7,1,13:29:56.206686493
2310.8,1,13:29:56.284746952
2310.7,1,13:29:56.370301149
2310.8,1,13:29:56.491882548
2310.8,1,13:29:56.592462597
2310.7,1,13:29:56.785716704
2310.7,4,13:29:57.007236754
2310.8,1,13:29:57.007635140
2310.7,1,13:29:57.057340258
2310.7,3,13:29:57.235092681
2310.7,2,13:29:57.235591908
2310.8,5,13:29:57.235755018
2310.7,1,13:29:57.235892221
2310.7,2,13:29:57.297141749
2310.8,1,13:29:57.432106240
2310.7,3,13:29:57.437553954
2310.8,6,13:29:57.512877414
2310.8,1,13:29:57.565835387
2310.7,8,13:29:57.650051983
2310.7,1,13:29:57.651599599
2310.7,3,13:29:57.656016407
2310.8,2,13:29:57.760071403
2310.8,1,13:29:57.768618471
2310.8,4,13:29:58.023348496
2310.8,2,13:29:58.023859390
2310.8,1,13:29:58.115872593
2310.8,4,13:29:58.222840411
2310.8,2,13:29:58.223267428
2310.7,1,13:29:58.806145410
2310.7,1,13:29:58.806934130
2310.7,1,13:29:58.807375131
2310.7,1,13:29:58.808166274
2310.7,1,13:29:58.858536875
2310.7,1,13:29:58.959555324
2310.6,1,13:29:59.031603502
2310.7,1,13:29:59.390079712
2310.6,1,13:29:59.531512420
2310.6,1,13:29:59.532204498
2310.7,1,13:29:59.697454995
2310.7,2,13:29:59.697723769
2310.6,8,13:29:59.758066228
2310.7,2,13:29:59.758405938
2310.7,2,13:29:59.759091629
2310.7,3,13:29:59.805945528
2310.7,1,13:29:59.954002500
2310.8,1,13:30:00.006834195
2310.8,7,13:30:00.008336381
2310.7,1,13:30:00.034327730
2310.8,1,13:30:00.202349932
2310.8,1,13:30:00.202870157
2310.8,1,13:30:00.637456793
2310.8,4,13:30:00.790247952
2310.9,1,13:30:02.033147162
2310.9,5,13:30:02.033486944
2310.9,1,13:30:02.033559624
2310.9,7,13:30:02.033726037
2310.9,1,13:30:02.033726037
2310.9,1,13:30:02.061561777
2311.0,2,13:30:02.100423913
2311.0,2,13:30:02.100674330
2311.0,1,13:30:02.100867483
2311.0,7,13:30:02.232621885
2311.1,5,13:30:02.652855897
2311.1,2,13:30:02.653109589
2311.1,4,13:30:02.653320550
2311.1,1,13:30:02.653499440
2311.1,8,13:30:03.325423966
2311.1,3,13:30:03.325498585
2311.1,1,13:30:03.395051437
2311.0,6,13:30:03.830895014
2311.0,2,13:30:03.831313042
2311.0,1,13:30:03.831653823
2311.0,1,13:30:03.832062883
2311.0,1,13:30:03.894575599
2310.9,1,13:30:03.998948323
2311.0,1,13:30:04.157317528
2310.9,1,13:30:04.407517551
2310.9,1,13:30:04.659239892
2310.9,2,13:30:05.152026850
2310.8,3,13:30:05.204288716
2310.9,1,13:30:05.204776564
2310.9,1,13:30:05.205006978
2310.9,1,13:30:05.205059622
2310.9,1,13:30:05.206474896
2310.9,1,13:30:05.206538273
2310.9,1,13:30:06.519359651
2310.9,2,13:30:07.457824693
2310.9,1,13:30:07.458087607
2311.0,1,13:30:07.638555746
2311.0,2,13:30:07.638755043
2311.0,1,13:30:07.638853829
2310.9,2,13:30:09.275673018
2310.9,1,13:30:09.275954633
2310.9,1,13:30:10.018179151
2310.9,1,13:30:10.072387903
2310.9,1,13:30:10.072986458
2310.8,1,13:30:10.073057156
2310.7,1,13:30:10.346006809
2310.8,1,13:30:10.969771198
2310.8,1,13:30:10.970084154
2310.8,1,13:30:10.970683494
2310.8,2,13:30:11.861023069
2310.8,1,13:30:13.282538107
2310.7,2,13:30:13.282876624
2310.7,1,13:30:13.284205844
2310.7,1,13:30:13.286154504
2310.7,4,13:30:14.337535950
2310.7,2,13:30:14.338033893
2310.7,2,13:30:14.338124506
2310.7,2,13:30:14.338245395
2310.7,1,13:30:14.338287482
2310.7,1,13:30:14.338326478
2310.7,1,13:30:14.338408797
2310.7,2,13:30:14.338438397
2310.6,2,13:30:14.901169721
2310.6,1,13:30:14.901439109
2310.6,1,13:30:14.901696260
2310.6,1,13:30:14.901787913
2310.6,4,13:30:14.902346468
2310.6,1,13:30:14.902941152
2310.6,1,13:30:14.903028597
2310.6,1,13:30:14.903226550
2310.6,1,13:30:14.903285697
2310.6,2,13:30:14.903661755
2310.6,1,13:30:14.903736825
2310.6,2,13:30:14.904093527
2310.6,1,13:30:14.904518928
2310.6,1,13:30:14.904572078
2310.6,1,13:30:14.920260682
2310.6,1,13:30:15.281353346
2310.5,48,13:30:15.281353346
2310.6,1,13:30:15.281597409
2310.6,1,13:30:15.281666025
2310.6,1,13:30:15.281800197
2310.6,1,13:30:15.281854694
2310.5,35,13:30:15.282081460
2310.5,2,13:30:15.282108206
2310.5,1,13:30:15.282589582
2310.5,1,13:30:15.282632870
2310.5,5,13:30:15.282744591
2310.5,2,13:30:15.283095427
2310.4,4,13:30:15.283628314
2310.3,4,13:30:15.283776793
2310.4,3,13:30:15.283776793
2310.3,1,13:30:15.285746510
2310.4,1,13:30:15.286293968
2310.3,1,13:30:15.286499562
2310.4,1,13:30:15.286607916
2310.3,1,13:30:15.287085411
2310.3,1,13:30:15.287235334
2310.3,1,13:30:15.287280346
2310.3,3,13:30:15.287419120
2310.2,3,13:30:15.333823168
2310.2,1,13:30:15.334284234
2310.3,1,13:30:15.334348277
2310.3,1,13:30:15.334464660
2310.3,1,13:30:15.334697387
2310.3,1,13:30:15.335118763
2310.3,2,13:30:15.335662499
2310.3,1,13:30:15.336399819
2310.3,1,13:30:15.336588015
2310.4,1,13:30:15.670365857
2310.3,1,13:30:16.046742585
2310.2,2,13:30:16.046742585
2310.2,5,13:30:16.230409646
2310.3,1,13:30:16.230903877
2310.3,1,13:30:16.230945781
2310.2,17,13:30:17.491933447
2310.2,1,13:30:17.492562524
2310.2,1,13:30:17.492606205
2310.2,5,13:30:17.492813336
2310.3,1,13:30:17.493662870
2310.3,1,13:30:17.493770044
2310.3,1,13:30:18.431990386
2310.3,3,13:30:18.432286779
2310.4,9,13:30:19.682002420
2310.4,3,13:30:19.683101833
2310.3,2,13:30:19.683101833
2310.4,1,13:30:19.684241995
2310.4,1,13:30:19.684666326
2310.4,3,13:30:20.609673865
2310.3,7,13:30:21.425199759
2310.3,2,13:30:21.425238618
2310.3,1,13:30:21.425294494
2310.3,1,13:30:21.425357436
2310.3,1,13:30:21.425522365
2310.3,7,13:30:21.425612389
2310.4,1,13:30:21.426309210
2310.3,1,13:30:21.426516675
2310.3,1,13:30:21.648875593
2310.2,4,13:30:22.471779013
2310.2,1,13:30:22.671417990
2310.1,1,13:30:22.671957959
2310.1,1,13:30:22.671978672
2310.1,8,13:30:22.672277463
2310.0,3,13:30:22.723875745
2310.0,1,13:30:22.723885857
2310.0,5,13:30:22.724309673
2310.0,1,13:30:22.724846743
2310.0,2,13:30:22.725151063
2310.0,1,13:30:22.726215354
2310.0,1,13:30:22.754497724
2310.1,2,13:30:22.905226451
2310.1,2,13:30:24.128119751
2310.1,2,13:30:25.089687556
2310.1,1,13:30:25.089735596
2310.1,1,13:30:25.090008642
2310.2,6,13:30:25.098457725
2310.2,1,13:30:27.119374432
2310.3,2,13:30:27.154657189
2310.3,5,13:30:27.154915402
2310.3,1,13:30:27.155144310
2310.4,1,13:30:27.425802061
2310.4,3,13:30:27.426165270
2310.5,4,13:30:28.172033560
2310.4,2,13:30:28.233093278
2310.5,1,13:30:28.311088886
2310.5,1,13:30:28.311335621
2310.4,6,13:30:28.353473892
2310.4,3,13:30:28.356376917
2310.4,1,13:30:28.356418918
2310.4,1,13:30:28.356459853
2310.4,2,13:30:28.356530896
2310.4,2,13:30:28.356564585
2310.4,1,13:30:28.356725237
2310.4,1,13:30:28.356944551
2310.4,2,13:30:28.358156025
2310.3,2,13:30:28.405161475
2310.3,2,13:30:28.405327434
2310.3,2,13:30:29.516564259
2310.2,2,13:30:29.516897379
2310.3,2,13:30:29.517036309
2310.3,1,13:30:29.517592172
2310.3,1,13:30:29.551652654
2310.3,1,13:30:30.346359781
2310.2,1,13:30:31.752950087
2310.2,1,13:30:31.765350097
2310.2,1,13:30:31.766183222
2310.1,1,13:30:31.809928985
2310.2,1,13:30:31.818558039
2310.3,1,13:30:32.778502604
2310.3,1,13:30:32.855409005
2310.3,1,13:30:34.519356386
2310.3,1,13:30:35.687973969
2310.3,1,13:30:35.688022564
2310.4,2,13:30:35.808316401
2310.4,1,13:30:35.808349049
2310.4,3,13:30:35.993684985
2310.5,3,13:30:36.067798053
2310.5,1,13:30:36.067809932
2310.6,3,13:30:36.156828186
2310.7,1,13:30:36.156840958
2310.7,2,13:30:36.156840958
2310.6,3,13:30:36.655243019
2310.5,9,13:30:36.655243019
2310.4,8,13:30:36.655243019
2310.4,1,13:30:36.656693257
2310.4,1,13:30:36.656750358
2310.4,1,13:30:36.656786637
2310.4,1,13:30:36.656852264
2310.4,2,13:30:36.656896272
2310.4,1,13:30:36.657067795
2310.4,1,13:30:36.657195273
2310.4,1,13:30:36.657240105
2310.4,1,13:30:36.657288270
2310.4,1,13:30:36.657645615
2310.4,1,13:30:36.658139897
2310.4,1,13:30:36.659327432
2310.5,3,13:30:36.659327432
2310.5,2,13:30:36.660503385
2310.6,1,13:30:36.787557393
2310.6,1,13:30:37.383133189
2310.6,3,13:30:37.384283247
2310.6,1,13:30:37.384383928
2310.6,3,13:30:38.470234397
2310.6,2,13:30:38.470479120
2310.6,1,13:30:38.754277609
2310.6,2,13:30:38.754514414
2310.6,1,13:30:39.711768421
2310.5,1,13:30:41.534157775
2310.5,1,13:30:41.534206649
2310.5,4,13:30:41.534301543
2310.5,3,13:30:41.534413614
2310.5,2,13:30:41.534443609
2310.4,1,13:30:41.642389528
2310.3,1,13:30:41.842412424
2310.2,4,13:30:42.120232820
2310.3,1,13:30:42.172465356
2310.2,1,13:30:42.505914024
2310.2,1,13:30:42.712111503
2310.2,1,13:30:42.712598378
2310.1,1,13:30:44.793931215
2310.2,1,13:30:44.794310461
2310.3,1,13:30:47.292058858
2310.3,1,13:30:47.292326000
2310.3,1,13:30:47.309876793
2310.3,1,13:30:47.309969866
2310.4,1,13:30:47.719598178
2310.3,2,13:30:48.768576063
2310.4,2,13:30:49.295062468
2310.5,1,13:30:49.439906493
2310.5,1,13:30:49.974416301
2310.5,1,13:30:51.109001161
2310.4,7,13:30:52.182171306
2310.4,1,13:30:53.275389405
2310.4,1,13:30:53.275430113
2310.4,1,13:30:53.275544995
2310.3,4,13:30:53.445526237
2310.3,3,13:30:53.445879007
2310.2,1,13:30:53.589564885
2310.2,1,13:30:53.589938097
2310.1,6,13:30:53.794333432
2310.1,1,13:30:53.794808732
2310.1,1,13:30:53.795593644
2310.1,2,13:30:53.795785725
2310.1,1,13:30:53.835310939
2310.1,1,13:30:53.835449539
2310.1,1,13:30:53.835526002
2310.1,1,13:30:53.835567065
2310.1,1,13:30:53.835641610
2310.1,1,13:30:53.835870889
2310.1,3,13:30:53.922702936
2310.0,4,13:30:53.923170018
2310.1,5,13:30:53.923460289
2310.0,1,13:30:53.924601932
2310.0,2,13:30:53.924728789
2310.0,1,13:30:54.144903103
2310.0,1,13:30:54.166877265
2310.0,1,13:30:54.377037146
2310.0,1,13:30:54.377240529
2310.0,1,13:30:54.377321369
2309.6,8,13:30:55.026548509
2309.8,9,13:30:55.026548509
2309.9,3,13:30:55.026548509
2309.7,7,13:30:55.026548509
2309.6,2,13:30:55.028317303
2309.7,2,13:30:55.031029893
2309.7,1,13:30:55.033293036
2309.7,1,13:30:55.033384388
2309.7,1,13:30:55.034211623
2309.7,19,13:30:55.036017414
2309.7,1,13:30:55.051022178
2309.6,3,13:30:55.421799606
2309.6,1,13:30:55.787722545
2309.6,3,13:30:55.787853702
2309.5,1,13:30:55.915950785
2309.5,1,13:30:55.915967278
2309.5,1,13:30:55.920280763
2309.5,1,13:30:55.920507030
2309.5,1,13:30:56.319924094
2309.5,1,13:30:56.320001119
2309.4,5,13:30:56.337684372
2309.3,3,13:30:56.337698674
2309.4,1,13:30:56.338730621
2309.4,3,13:30:56.340829178
2309.4,2,13:30:56.340956861
2309.3,1,13:30:56.342145557
2309.2,4,13:30:56.346564231
2309.2,1,13:30:56.350880690
2309.2,2,13:30:56.351838306
2309.1,1,13:30:56.352185427
2309.1,1,13:30:56.352266459
2309.2,1,13:30:56.383248223
2309.2,3,13:30:56.399231749
2309.2,1,13:30:56.399484004
2309.2,3,13:30:56.415292997
2309.2,2,13:30:56.683019221
2309.3,1,13:30:56.686287121
2309.4,1,13:30:56.734314279
2309.3,3,13:30:56.785846609
2309.3,1,13:30:57.243685308
2309.3,1,13:30:57.243975909
2309.2,1,13:30:57.384007687
2309.3,2,13:30:58.243732296
2309.4,3,13:30:58.438394574
2309.4,1,13:30:58.438835629
2309.4,1,13:30:58.562732497
2309.3,1,13:30:59.036101519
2309.3,1,13:30:59.036154151
2309.3,1,13:30:59.036312893
2309.4,1,13:30:59.036533373
2309.2,1,13:30:59.630814372
2309.3,1,13:30:59.632203831
2308.8,10,13:31:00.113812016
2308.9,7,13:31:00.113812016
2309.0,7,13:31:00.113812016
2309.1,8,13:31:00.113812016
2309.2,5,13:31:00.113812016
2308.7,1,13:31:00.114048440
2308.8,2,13:31:00.116106113
2308.9,1,13:31:00.118308295
2309.0,1,13:31:00.119803778
2309.0,1,13:31:00.119988595
2309.0,1,13:31:00.120040500
2309.1,3,13:31:00.121672430
2309.2,4,13:31:00.123525859
2309.2,1,13:31:00.149510228
2309.3,2,13:31:00.183634229
2309.3,4,13:31:00.679032656
2309.3,1,13:31:00.679532984
2309.3,1,13:31:01.926978841
2309.3,2,13:31:02.255595719
2309.4,3,13:31:02.512866836
2309.4,2,13:31:02.513123284
2309.4,1,13:31:02.524306128
2309.4,2,13:31:02.524520845
2309.3,1,13:31:02.685410920
2309.2,4,13:31:02.687706758
2309.2,1,13:31:03.723769981
2309.3,1,13:31:03.761440275
2309.4,1,13:31:04.620408320
2309.5,2,13:31:04.904033751
2309.5,1,13:31:04.904270879
2309.5,1,13:31:04.904304115
2309.5,1,13:31:04.904395860
2309.5,1,13:31:05.291609494
2309.6,2,13:31:05.379253348
2309.6,2,13:31:06.006392675
2309.5,2,13:31:06.157126546
2309.7,2,13:31:07.184465954
2309.7,1,13:31:07.200838610
2309.7,1,13:31:07.201295752
2309.7,1,13:31:07.201479302
2309.7,1,13:31:07.201526838
2309.7,1,13:31:07.201557579
2309.6,4,13:31:07.728770761
2309.5,2,13:31:08.176995509
2309.4,1,13:31:08.729142636
2309.4,1,13:31:08.729418898
2309.6,1,13:31:09.232972729
2309.5,4,13:31:09.232972729
2309.6,3,13:31:10.082383999
2309.4,1,13:31:10.401727327
2309.5,1,13:31:10.974099124
2309.4,2,13:31:13.365356954
2309.4,1,13:31:13.365427477
2309.4,5,13:31:13.365546285
2309.3,1,13:31:13.366476170
2309.3,1,13:31:13.366506231
2309.3,1,13:31:13.367101975
2309.3,2,13:31:13.367130865
2309.3,1,13:31:13.367158369
2309.3,2,13:31:13.367366825
2309.3,1,13:31:13.367632824
2309.3,3,13:31:13.367681234
2309.3,1,13:31:13.369315456
2309.3,1,13:31:13.379020816
2309.4,1,13:31:13.633470001
2309.4,1,13:31:13.633953684
2309.4,2,13:31:14.681813026
2309.4,2,13:31:14.682521329
2309.3,2,13:31:14.682521329
2309.4,1,13:31:14.683306116
2309.4,1,13:31:14.683907894
2309.4,1,13:31:18.468845217
2309.4,1,13:31:18.469484785
2309.4,1,13:31:18.469794375
2309.3,1,13:31:18.493997458
2309.3,1,13:31:18.494462933
2309.3,1,13:31:18.494549101
2309.3,1,13:31:18.495085499
2309.2,1,13:31:19.221203275
2309.4,2,13:31:21.210214734
2309.4,1,13:31:21.210398321
2309.3,1,13:31:22.529445632
2309.3,1,13:31:22.538944362
2309.4,2,13:31:24.806665445
2309.5,1,13:31:25.160331333
2309.5,2,13:31:25.522567704
2309.5,1,13:31:25.522957523
2309.4,1,13:31:25.541704477
2309.6,3,13:31:25.705345561
2309.6,1,13:31:25.801027498
2309.7,1,13:31:25.873678080
2309.8,8,13:31:25.873690803
2309.7,1,13:31:25.876756516
2309.7,1,13:31:26.804351862
2309.6,1,13:31:27.098290440
2309.6,3,13:31:27.158176226
2309.5,6,13:31:28.886784382
2309.4,1,13:31:28.909101918
2309.5,1,13:31:29.440068233
2309.5,1,13:31:30.222623184
2309.4,1,13:31:30.244513783
2309.4,1,13:31:33.013511583
2309.3,1,13:31:33.128630767
2309.3,1,13:31:34.479147107
2309.4,1,13:31:34.778112190
2309.3,3,13:31:34.788293847
2309.4,1,13:31:34.947505300
2309.4,1,13:31:36.527690708
2309.3,2,13:31:37.473995493
2309.3,1,13:31:37.474602251
2309.4,1,13:31:38.152208897
2309.4,2,13:31:38.905261693
2309.5,1,13:31:39.235574291
2309.4,4,13:31:41.417490713
2309.3,1,13:31:41.435496799
2309.3,1,13:31:41.435846713
2309.3,1,13:31:41.444524299
2309.2,1,13:31:41.846876629
2309.4,1,13:31:42.299578134
2309.3,5,13:31:43.911562813
2309.3,1,13:31:43.912171981
2309.3,2,13:31:44.763511531
2309.2,1,13:31:46.251592715
2309.2,1,13:31:46.251875215
2309.2,3,13:31:46.555635494
2309.2,1,13:31:46.700941580
2309.3,1,13:31:50.269185149
2309.3,1,13:31:50.269889057
2309.3,1,13:31:50.270210485
2309.2,1,13:31:51.043698554
2309.2,1,13:31:51.043856607
2309.2,1,13:31:51.044892223
2309.2,1,13:31:51.319994961
2309.2,1,13:31:51.320282589
2309.2,1,13:31:53.429162030
2309.1,5,13:31:54.073105755
2309.0,1,13:31:54.074578716
2309.0,1,13:31:54.087527905
2309.1,1,13:31:55.133573082
2309.2,1,13:31:56.022479520
2309.2,2,13:31:56.023880007
2309.2,1,13:31:58.176301480
2309.1,2,13:31:58.414987147
2309.1,1,13:32:01.060435070
2309.2,2,13:32:01.540911684
2309.3,2,13:32:02.047472969
2309.4,2,13:32:02.048508865
2309.4,1,13:32:02.049090980
2309.3,4,13:32:02.174563838
2309.4,1,13:32:02.431345396
2309.5,1,13:32:02.910974359
2309.4,1,13:32:04.008891493
2309.3,1,13:32:04.311928160
2309.4,1,13:32:04.848002029
2309.3,1,13:32:04.849493655
2309.3,1,13:32:04.849918400
2309.2,1,13:32:05.417779726
2309.2,1,13:32:05.417982450
2309.2,5,13:32:06.194353817
2309.2,3,13:32:06.194784590
2309.2,1,13:32:07.843994880
2309.2,1,13:32:09.135611244
2309.1,1,13:32:09.311738032
2309.1,1,13:32:10.092441980
2309.1,1,13:32:10.309640883
2309.0,1,13:32:12.026788852
2309.2,1,13:32:12.634809140
2309.2,1,13:32:12.635408157
2309.3,2,13:32:13.230820587
2309.4,4,13:32:13.280573367
2309.4,1,13:32:13.835552093
2309.4,2,13:32:14.908653467
2309.5,1,13:32:16.018938445
2309.6,2,13:32:16.020273138
2309.6,1,13:32:16.033422222
2309.5,1,13:32:16.033901015
2309.5,1,13:32:16.033975042
2309.5,1,13:32:16.034009645
2309.6,1,13:32:16.034578984
2309.5,1,13:32:16.034903429
2309.5,1,13:32:16.044560289
2309.4,2,13:32:16.364758086
2309.6,1,13:32:16.907006159
2309.6,2,13:32:18.602677219
2309.5,2,13:32:19.571592641
2309.4,1,13:32:19.589928649
2309.4,3,13:32:20.660856432
2309.3,1,13:32:21.113567678
2309.4,1,13:32:21.113653836
2309.3,2,13:32:21.113808444
2309.3,2,13:32:21.113975478
2309.4,2,13:32:22.516033709
2309.6,1,13:32:22.744439347
2309.5,1,13:32:22.890503355
2309.5,2,13:32:23.335403357
2309.4,1,13:32:23.335403357
2309.4,1,13:32:23.394048978
2309.4,2,13:32:23.447381314
2309.5,1,13:32:23.484394521
2309.4,5,13:32:23.538652514
2309.4,1,13:32:23.539756386
2309.4,1,13:32:23.578222950
2309.3,1,13:32:23.658121299
2309.3,1,13:32:23.671898329
2309.3,2,13:32:25.456943423
2309.3,3,13:32:26.508762192
2309.4,1,13:32:26.545666386
2309.4,1,13:32:29.137171396
2309.3,1,13:32:32.150215453
2309.4,1,13:32:32.150311414
2309.3,1,13:32:32.151324327
2309.4,1,13:32:32.517251572
2309.3,1,13:32:38.113176206
2309.3,1,13:32:39.487770754
2309.4,1,13:32:42.232497507
2309.4,2,13:32:42.232757915
2309.4,1,13:32:42.233037137
2309.5,1,13:32:42.250961795
2309.6,1,13:32:42.481195140
2309.6,4,13:32:42.483193712
2309.6,1,13:32:42.483474005
2309.7,1,13:32:42.516375903
2309.7,1,13:32:42.516428833
2309.7,2,13:32:42.561311481
2309.6,7,13:32:42.561311481
2309.5,9,13:32:42.561311481
2309.0,13,13:32:42.561311481
2309.3,15,13:32:42.561311481
2309.2,8,13:32:42.561311481
2309.1,9,13:32:42.561311481
2309.4,8,13:32:42.561311481
2309.0,5,13:32:42.563950707
2309.0,2,13:32:42.564707745
2309.0,1,13:32:42.564877504
2309.0,1,13:32:42.565246853
2309.0,1,13:32:42.565438031
2309.0,1,13:32:42.565595762
2309.0,1,13:32:42.565956032
2309.0,1,13:32:42.566345576
2309.0,10,13:32:42.566389221
2309.0,1,13:32:42.566430413
2309.0,3,13:32:42.566614301
2309.1,1,13:32:42.566733984
2309.2,1,13:32:42.569499844
2309.2,1,13:32:42.569608997
2309.1,1,13:32:42.570462475
2309.2,2,13:32:42.572398255
2309.2,1,13:32:42.573036250
2309.2,1,13:32:42.573109584
2309.1,4,13:32:42.573235253
2309.1,1,13:32:42.573472705
2309.2,3,13:32:42.574421338
2309.2,1,13:32:42.574449541
2309.2,1,13:32:42.574652786
2309.1,1,13:32:42.575465433
2309.2,1,13:32:42.575897173
2309.2,1,13:32:42.576077477
2309.1,1,13:32:42.576257251
2309.2,1,13:32:42.576308252
2309.2,1,13:32:42.576488532
2309.1,1,13:32:42.578555382
2309.1,1,13:32:42.579074933
2309.1,1,13:32:42.579170820
2309.2,2,13:32:42.603356884
2309.3,2,13:32:42.629499235
2309.3,1,13:32:42.665863107
2309.3,1,13:32:45.834467015
2309.3,1,13:32:49.034005653
2309.3,3,13:32:49.034069885
2309.3,1,13:32:50.009968786
2309.4,3,13:32:50.797640860
2309.4,1,13:32:50.799771364
2309.4,1,13:32:51.584562687
2309.5,2,13:32:51.797507601
2309.6,1,13:32:53.755065613
2309.6,3,13:32:53.755149724
2309.6,4,13:32:53.755396739
2309.5,3,13:32:53.756023939
2309.6,2,13:32:53.756023939
2309.7,3,13:32:53.805028540
2309.6,1,13:32:53.820158071
2309.6,1,13:32:54.232072860
2309.7,1,13:32:54.398468844
2309.7,1,13:32:55.153667669
2309.7,1,13:32:55.895675153
2309.8,1,13:32:57.911238786
2309.8,1,13:32:59.014269357
2309.7,2,13:32:59.015015195
2309.7,6,13:32:59.015083539
2309.7,1,13:32:59.016567214
2309.7,1,13:32:59.017345767
2309.8,1,13:32:59.476088959
2309.7,2,13:33:01.095220808
2309.7,2,13:33:01.124167154
2309.7,1,13:33:01.200410537
2309.7,1,13:33:01.325282656
2309.6,3,13:33:02.125412519
2309.5,1,13:33:02.125412519
2309.7,1,13:33:04.727730678
2309.7,1,13:33:05.688687651
2309.7,1,13:33:08.138780419
2309.7,1,13:33:08.138800561
2309.7,2,13:33:08.138986686
2309.7,2,13:33:08.139078582
2309.8,3,13:33:09.518581116
2309.8,2,13:33:09.518645014
2309.9,1,13:33:09.622654908
2309.8,1,13:33:09.768895558
2309.8,1,13:33:09.939621062
2309.8,1,13:33:09.940024689
2309.9,1,13:33:10.095091679
2309.9,1,13:33:13.044423296
2309.7,1,13:33:13.044915761
2309.7,2,13:33:13.045042164
2309.7,1,13:33:13.045221786
2309.7,1,13:33:13.740043859
2309.8,3,13:33:14.145010862
2309.8,1,13:33:15.555103764
2309.9,4,13:33:15.555103764
2309.9,1,13:33:17.232654212
2310.0,1,13:33:17.233450100
2310.0,1,13:33:17.233484303
2310.0,1,13:33:17.233987132
2309.9,1,13:33:17.235606304
2309.9,2,13:33:17.235774829
2309.9,1,13:33:17.237261783
2309.9,1,13:33:18.080902618
2310.0,3,13:33:18.142559982
2310.1,1,13:33:18.143269497
2310.1,4,13:33:18.143356488
2310.0,1,13:33:19.075936258
2309.9,5,13:33:20.462279890
2309.9,1,13:33:20.464533334
2309.9,1,13:33:20.505180315
2309.9,1,13:33:20.505691801
2310.0,1,13:33:22.492576089
2310.0,1,13:33:22.579296198
2309.9,6,13:33:22.605610200
2309.9,1,13:33:22.853547533
2310.0,1,13:33:23.773067914
2309.9,2,13:33:24.000008403
2309.8,1,13:33:24.726593068
2309.9,1,13:33:26.202848522
2309.9,1,13:33:27.766978309
2309.9,1,13:33:28.570055508
2309.9,1,13:33:30.761919191
2309.9,1,13:33:40.282368743
2310.0,1,13:33:41.396460984
2309.8,4,13:33:41.933084696
2309.9,1,13:33:43.595875707
2309.9,1,13:33:44.911127042
2309.9,1,13:33:44.911400996
2310.0,1,13:33:46.062615845
2310.0,1,13:33:46.063859623
2310.1,1,13:33:46.158605371
2310.1,3,13:33:46.158891652
2310.1,2,13:33:46.159031879
2310.1,2,13:33:46.159134076
2310.1,1,13:33:46.159166822
2310.1,1,13:33:46.159209556
2310.1,3,13:33:47.004187386
2309.9,4,13:33:47.004187386
2310.0,8,13:33:47.004187386
2310.0,7,13:33:49.218322824
2310.0,3,13:33:49.219123282
2310.0,1,13:33:49.220192391
2310.0,1,13:33:49.231176139
2310.1,6,13:33:52.299191551
2310.0,4,13:33:52.299191551
2310.0,1,13:33:52.300562411
2310.0,1,13:33:54.175286296
2310.1,7,13:33:54.258613219
2310.2,3,13:33:54.258613219
2310.1,1,13:33:54.752558507
2310.2,1,13:33:55.204346815
2310.3,2,13:33:55.891875084
2310.3,1,13:33:56.039889373
2310.4,4,13:33:57.490240715
2310.3,6,13:33:57.490240715
2310.4,1,13:33:57.490254050
2310.3,1,13:33:57.495975074
2310.4,1,13:33:57.513005130
2310.1,6,13:33:59.048873657
2310.2,6,13:33:59.048873657
2310.1,6,13:33:59.050141410
2310.1,1,13:33:59.057676747
2310.1,1,13:33:59.057936854
2310.1,1,13:34:00.125605481
2310.2,1,13:34:00.175912216
2310.2,2,13:34:00.215782639
2310.2,1,13:34:00.216204545
2310.2,1,13:34:00.235719726
2310.2,3,13:34:00.559892432
2310.1,7,13:34:00.559892432
2310.2,1,13:34:00.561469673
2310.2,1,13:34:00.608386364
2310.2,2,13:34:00.910547078
2310.2,2,13:34:01.078164518
2310.3,3,13:34:01.078164518
2310.1,1,13:34:01.174600205
2310.2,2,13:34:01.174600205
2310.2,2,13:34:02.145852556
2310.2,1,13:34:02.597042540
2310.1,2,13:34:02.597117034
2310.1,1,13:34:02.597977455
2310.1,1,13:34:02.598342317
2310.1,1,13:34:03.165999385
2310.1,1,13:34:03.166364260
2310.2,1,13:34:08.338965646
2310.2,1,13:34:10.345980435
2310.3,1,13:34:12.444379087
2310.3,2,13:34:12.644202481
2310.3,1,13:34:12.670746505
2310.2,1,13:34:15.068336041
2310.3,1,13:34:15.231641566
2310.3,1,13:34:15.232088811
2310.3,1,13:34:16.116390630
2310.2,11,13:34:16.727840997
2310.2,1,13:34:16.824521095
2310.3,2,13:34:17.034761325
2310.3,1,13:34:21.157797960
2310.3,1,13:34:21.158245975
2310.4,1,13:34:21.470611132
2310.3,1,13:34:24.340314576
2310.4,1,13:34:24.340463996
2310.3,1,13:34:24.374288036
2310.4,1,13:34:24.827960877
2310.3,1,13:34:24.831772304
2310.3,1,13:34:27.164509342
2310.3,1,13:34:27.462269430
2310.4,5,13:34:27.735629255
2310.4,1,13:34:27.737247698
2310.4,2,13:34:27.919989389
2310.4,1,13:34:28.002202523
2310.5,1,13:34:29.016128262
2310.5,2,13:34:29.016128262
2310.5,2,13:34:29.016255037
2310.6,2,13:34:29.024834151
2310.6,3,13:34:29.025602716
2310.7,6,13:34:29.175690169
2310.7,1,13:34:29.175706077
2310.8,1,13:34:29.420947441
2310.8,1,13:34:29.420986855
2310.8,1,13:34:29.421175218
2310.7,1,13:34:29.444851017
2310.9,1,13:34:31.687148388
2310.8,1,13:34:31.687638750
2310.8,1,13:34:31.688165330
2310.8,1,13:34:31.688281093
2310.8,1,13:34:31.688385313
2310.9,1,13:34:32.491291092
2310.8,1,13:34:32.492122965
2310.7,5,13:34:34.272795251
2310.8,1,13:34:34.277927112
2310.9,1,13:34:35.220749775
2310.9,1,13:34:36.007238338
2311.0,1,13:34:38.564145222
2311.0,1,13:34:38.864689973
2311.0,15,13:34:38.865214878
2311.0,1,13:34:38.866275648
2311.0,1,13:34:38.867102817
2311.1,1,13:34:38.867176430
2311.0,2,13:34:39.218358964
2311.0,2,13:34:40.514489500
2311.0,1,13:34:40.514736500
2311.0,1,13:34:40.515237088
2311.0,1,13:34:40.515481529
2311.0,1,13:34:40.515811770
2311.1,7,13:34:42.651161089
2311.1,1,13:34:42.883169080
2311.1,1,13:34:42.883395527
2311.1,2,13:34:42.936908618
2311.0,1,13:34:45.783585298
2311.2,1,13:34:46.088399137
2311.1,1,13:34:49.515915563
2311.2,1,13:34:51.086708088
2311.2,1,13:34:51.749120777
2311.2,1,13:34:51.749177398
2311.2,1,13:34:51.749240226
2311.3,1,13:34:53.447777225
2311.2,5,13:34:53.576748361
2311.2,1,13:34:53.576782682
2311.2,1,13:34:54.391923015
2311.2,1,13:34:57.681888285
2311.1,3,13:34:58.850744934
2311.1,2,13:34:58.850808435
2311.1,1,13:34:58.989186160
2311.2,2,13:35:00.205744904
2311.2,2,13:35:00.972842199
2311.1,5,13:35:01.684804429
2311.0,1,13:35:04.595922148
2311.0,1,13:35:04.595939179
2311.0,1,13:35:04.596319036
2311.0,1,13:35:04.596366963
2311.1,1,13:35:05.599625113
2311.1,3,13:35:06.369371006
2311.2,1,13:35:06.630387126
2311.2,1,13:35:06.630903258
2311.2,1,13:35:07.074982794
2311.3,1,13:35:07.076386057
2311.3,1,13:35:07.076417072
2311.3,1,13:35:07.076598273
2311.4,2,13:35:07.420696538
2311.5,10,13:35:07.420712089
2311.5,2,13:35:07.572143853
2311.4,1,13:35:07.771803673
2311.4,1,13:35:07.802822158
2311.5,2,13:35:08.043843518
2311.4,2,13:35:10.509301813
2311.3,2,13:35:10.510593769
2311.4,1,13:35:10.642153786
2311.3,1,13:35:10.642153786
2311.3,1,13:35:10.642734780
2311.4,4,13:35:15.254985330
2311.4,1,13:35:15.301699240
2311.4,1,13:35:15.302317502
2311.4,1,13:35:15.302766609
2311.4,1,13:35:15.302805457
2311.4,1,13:35:15.303269999
2311.4,1,13:35:15.326389973
2311.4,1,13:35:19.153398984
2311.3,1,13:35:20.392531717
2311.3,1,13:35:20.393132219
2311.5,6,13:35:20.852693931
2311.4,4,13:35:20.852693931
2311.4,2,13:35:20.854532949
2311.4,2,13:35:20.855079085
2311.3,1,13:35:21.321144834
2311.2,4,13:35:27.805735913
2311.3,1,13:35:27.807789523
2311.2,3,13:35:27.853949002
2311.2,3,13:35:27.898035004
2311.2,1,13:35:27.916010208
2311.2,2,13:35:30.199456576
2311.1,7,13:35:30.201417614
2311.1,1,13:35:30.207971465
2311.1,1,13:35:30.221482404
2311.1,1,13:35:31.198839836
2311.1,1,13:35:33.404553856
2311.1,1,13:35:34.124150762
2311.2,2,13:35:35.003132689
2311.2,1,13:35:35.003169970
2311.2,1,13:35:35.003268529
2311.2,1,13:35:35.003317221
2311.2,1,13:35:35.016299482
2311.2,1,13:35:36.635470387
2311.2,1,13:35:37.864418267
2311.2,3,13:35:37.867760264
2311.3,1,13:35:41.924354359
2311.3,2,13:35:41.924381502
2311.4,1,13:35:42.390388295
2311.4,4,13:35:42.390588510
2311.4,1,13:35:42.390861351
2311.4,1,13:35:42.391171543
2311.4,1,13:35:43.111093454
2311.3,2,13:35:45.216346012
2311.3,1,13:35:48.134221857
2311.3,1,13:35:48.134768428
2311.3,1,13:35:52.427014540
2311.2,8,13:35:52.590494462
2311.1,4,13:35:57.305903666
2311.0,2,13:36:01.036483290
2311.2,1,13:36:01.686617194
2311.1,2,13:36:01.686617194
2311.1,1,13:36:01.687900506
2311.1,1,13:36:01.687957483
2311.0,6,13:36:06.309061989
2310.9,2,13:36:06.582444687
2310.9,1,13:36:06.582692765
2310.9,1,13:36:06.599236821
2311.0,1,13:36:06.689762240
2311.1,1,13:36:08.980905017
2311.0,1,13:36:10.257484011
2311.2,2,13:36:11.185921375
2311.1,1,13:36:12.308555351
2311.1,1,13:36:17.508873802
2311.1,1,13:36:18.650895906
2311.1,1,13:36:20.935421491
2311.2,2,13:36:23.658950706
2311.2,1,13:36:24.042083916
2311.2,1,13:36:24.161423710
2311.1,1,13:36:27.409604701
2311.1,1,13:36:27.409646467
2311.0,1,13:36:27.474502946
2311.0,3,13:36:27.712700558
2311.1,1,13:36:29.619507421
2311.0,1,13:36:30.111262225
2311.0,1,13:36:30.111743604
2311.0,1,13:36:30.113465351
2311.1,2,13:36:31.402610780
2311.1,1,13:36:36.588709829
2311.1,2,13:36:36.588965036
2311.1,2,13:36:36.589006980
2311.1,1,13:36:37.480609847
2311.2,3,13:36:39.268676510
2311.3,1,13:36:39.282278436
2311.3,1,13:36:39.282552058
2311.3,1,13:36:39.282586042
2311.4,1,13:36:40.254439923
2311.4,1,13:36:40.254466752
2311.4,1,13:36:40.254551823
2311.4,3,13:36:40.254551823
2311.4,1,13:36:40.254698700
2311.4,1,13:36:40.254725173
2311.4,1,13:36:40.254819378
2311.3,5,13:36:40.255139016
2311.3,1,13:36:40.256727327
2311.2,3,13:36:40.257203922
2311.1,1,13:36:40.281113250
2311.1,1,13:36:47.146628911
2311.3,6,13:36:48.339851961
2311.4,1,13:36:51.008749382
2311.3,2,13:36:51.986612445
2311.2,1,13:36:52.081624873
2311.4,1,13:36:52.403318713
2311.3,1,13:36:52.403318713
2311.3,1,13:36:54.620421890
2311.3,2,13:36:57.936908670
2311.3,1,13:36:58.502334901
2311.2,4,13:36:58.503994646
2311.3,3,13:36:59.354636385
2311.3,1,13:36:59.354855561
2311.3,1,13:36:59.504019998
2311.2,2,13:37:00.735901356
2311.2,1,13:37:00.735959076
2311.1,3,13:37:00.736945223
2311.1,3,13:37:00.736996997
2311.1,2,13:37:00.738216193
2311.1,1,13:37:00.738623504
2311.0,3,13:37:04.174094578
2311.0,1,13:37:04.175304303
2311.1,2,13:37:06.284392281
2311.1,1,13:37:06.574735999
2311.1,1,13:37:06.662592505
2311.1,1,13:37:06.689228774
2311.1,1,13:37:06.698639118
2311.1,1,13:37:11.137190754
2311.2,1,13:37:14.160585634
2311.2,1,13:37:14.160628144
2311.2,3,13:37:14.160835572
2311.2,1,13:37:14.160913231
2311.2,2,13:37:14.160963456
2311.2,1,13:37:15.563346606
2311.3,2,13:37:17.855114628
2311.3,1,13:37:17.978819919
2311.3,1,13:37:17.978869376
2311.3,1,13:37:17.979652899
2311.2,3,13:37:18.735468831
2311.2,2,13:37:18.735569163
2311.2,1,13:37:18.735897509
2311.2,1,13:37:18.736647665
2311.2,1,13:37:18.736952961
2311.1,3,13:37:18.795200514
2311.0,1,13:37:19.226882193
2311.0,1,13:37:19.278582549
2311.0,2,13:37:20.245431820
2310.9,21,13:37:20.760608841
2310.9,3,13:37:20.760683318
2310.9,3,13:37:20.761553490
2310.9,2,13:37:20.761646922
2310.9,5,13:37:20.761713474
2310.9,2,13:37:20.761850200
2310.9,2,13:37:20.761921731
2310.9,1,13:37:20.762169915
2310.9,8,13:37:20.762390400
2310.9,2,13:37:20.762447316
2311.0,1,13:37:20.764010074
2311.0,2,13:37:20.764239445
2311.1,1,13:37:20.819433434
2311.0,1,13:37:20.836689390
2311.0,2,13:37:22.543663049
2311.1,1,13:37:22.659948495
2311.1,1,13:37:22.660042010
2311.0,2,13:37:22.662195311
2311.1,2,13:37:22.821580591
2311.2,3,13:37:23.959652351
2311.1,1,13:37:26.078459233
2311.1,1,13:37:30.875770562
2311.0,1,13:37:33.582388584
2310.9,2,13:37:36.198375242
2310.9,1,13:37:36.198439701
2310.9,2,13:37:36.198536644
2310.9,2,13:37:36.198657279
2310.9,6,13:37:36.198864032
2310.9,19,13:37:36.198864032
2310.9,3,13:37:36.914629995
2310.9,1,13:37:36.914668290
2311.0,7,13:37:40.323622972
2311.0,1,13:37:40.323885224
2311.0,1,13:37:40.325113774
2310.9,4,13:37:40.326209789
2310.9,2,13:37:40.326474300
2310.9,3,13:37:40.326625590
2310.9,1,13:37:40.326661405
2310.9,1,13:37:40.326962185
2310.9,1,13:37:40.332475177
2310.9,1,13:37:40.339797606
2311.0,1,13:37:43.447661128
2311.0,3,13:37:43.447951201
2310.9,1,13:37:43.841267400
2310.9,2,13:37:47.472424885
2310.9,1,13:37:47.472458943
2310.9,1,13:37:50.211521355
2311.0,1,13:37:52.245776808
2311.0,1,13:37:52.246687130
2311.0,1,13:37:55.092148060
2310.9,3,13:38:01.071691907
2310.9,1,13:38:01.722133363
2310.9,1,13:38:01.722447613
2310.9,2,13:38:02.070403762
2310.8,1,13:38:06.831088250
2310.8,1,13:38:06.831467758
2310.8,1,13:38:06.913878216
2310.7,1,13:38:07.987042335
2310.7,4,13:38:08.874311923
2310.7,1,13:38:08.875403174
2310.7,2,13:38:09.008835670
2310.6,1,13:38:09.372440278
2310.8,4,13:38:12.009009311
2310.7,1,13:38:14.732377406
2310.7,1,13:38:14.732638887
2310.6,2,13:38:15.093521979
2310.8,1,13:38:17.954238252
2310.8,3,13:38:21.623546891
2311.0,3,13:38:22.387737310
2311.1,1,13:38:22.411332233
2311.1,2,13:38:22.411572542
2311.1,2,13:38:22.412108901
2311.1,1,13:38:22.547420093
2311.1,1,13:38:22.547668687
2311.0,1,13:38:22.781158637
2311.0,2,13:38:22.781424521
2311.0,1,13:38:22.802212431
2311.1,1,13:38:26.648237842
2311.1,1,13:38:31.601244606
2311.1,1,13:38:31.623010922
2311.0,1,13:38:32.575477231
2311.0,1,13:38:34.307658918
2311.0,1,13:38:42.911545275
2311.0,1,13:38:47.982097824
2311.0,1,13:38:50.296519678
2311.0,1,13:38:52.970835017
2311.0,1,13:38:55.537072612
2311.0,2,13:39:01.001289213
2311.1,1,13:39:01.001722946
2311.2,1,13:39:01.014544471
2311.2,1,13:39:01.014789292
2311.3,4,13:39:01.126183093
2311.4,2,13:39:01.434449912
2311.5,2,13:39:01.436499787
2311.5,1,13:39:01.437719930
2311.4,1,13:39:03.181554366
2311.5,1,13:39:03.181959466
2311.6,1,13:39:03.880030080
2311.6,2,13:39:04.890661380
2311.6,1,13:39:04.890921308
2311.6,6,13:39:04.891014980
2311.6,1,13:39:04.891048751
2311.6,1,13:39:04.891400419
2311.7,1,13:39:08.087896024
2311.7,1,13:39:08.113177676
2311.7,1,13:39:08.726385546
2311.8,1,13:39:08.822348716
2311.9,2,13:39:08.822361964
2311.9,1,13:39:08.822361964
2311.9,1,13:39:08.822395274
2311.8,2,13:39:09.472098793
2311.7,1,13:39:09.861693584
2311.7,1,13:39:09.862725579
2311.8,1,13:39:10.332737520
2311.7,1,13:39:10.336685087
2311.7,2,13:39:11.954118326
2311.8,1,13:39:15.271379704
2311.9,1,13:39:17.035435408
2311.8,1,13:39:20.330248812
2311.9,1,13:39:20.548267776
2311.8,1,13:39:20.872167171
2311.8,1,13:39:22.553431580
2311.8,1,13:39:22.553917014
2311.7,1,13:39:22.590655888
2311.8,1,13:39:23.262863645
2311.7,1,13:39:23.826106894
2311.8,1,13:39:28.781063802
2311.8,1,13:39:31.728067129
2311.8,1,13:39:31.728621096
2311.9,1,13:39:33.888074881
2311.9,2,13:39:34.056142494
2312.0,1,13:39:36.473164354
2311.8,1,13:39:37.104535669
2311.9,1,13:39:39.912854261
2311.8,1,13:39:41.509438162
2311.9,1,13:39:44.822233161
2312.0,2,13:39:46.788059180
2312.0,3,13:39:46.788146464
2312.0,1,13:39:46.789885966
2312.0,2,13:39:47.340760991
2312.0,1,13:39:47.341031013
2312.0,1,13:39:49.671232610
2312.0,1,13:39:52.930046423
2312.1,1,13:39:53.461961037
2312.2,2,13:39:55.525233389
2312.1,1,13:39:55.893808536
2312.1,1,13:39:55.900619962
2312.1,1,13:39:58.270983592
2312.0,2,13:39:58.955645647
2311.9,1,13:39:59.135163113
2311.8,3,13:40:00.108112929
2311.7,1,13:40:01.612188954
2311.6,1,13:40:01.834488484
2311.6,2,13:40:02.596996133
2311.5,6,13:40:03.843393024
2311.5,1,13:40:03.844438703
2311.5,3,13:40:03.844653143
2311.5,1,13:40:03.846177055
2311.6,1,13:40:03.946332787
2311.6,2,13:40:04.979184376
2311.6,1,13:40:04.979799854
2311.7,5,13:40:07.438483229
2311.7,1,13:40:07.448704513
2311.7,1,13:40:07.448979702
2311.6,2,13:40:07.945365434
2311.6,3,13:40:08.308371157
2311.6,1,13:40:08.308409101
2311.5,1,13:40:08.313289913
2311.3,1,13:40:11.235837156
2311.2,1,13:40:12.230116060
2311.2,1,13:40:14.058354567
2311.2,1,13:40:14.058649392
2311.3,1,13:40:14.875665814
2311.3,1,13:40:14.875985276
2311.2,1,13:40:15.185793229
2311.1,2,13:40:17.549615891
2311.0,2,13:40:23.270255810
2311.0,1,13:40:28.232041182
2310.9,1,13:40:30.690806872
2310.8,1,13:40:31.098187092
2310.8,1,13:40:31.098718139
2310.9,1,13:40:31.233349382
2310.8,2,13:40:31.670704334
2310.8,1,13:40:34.729328687
2310.7,1,13:40:34.827917015
2310.7,1,13:40:35.076409875
2310.6,1,13:40:35.252255394
2310.6,1,13:40:35.252267717
2310.6,1,13:40:36.280529828
2310.7,3,13:40:38.958371395
2310.7,1,13:40:38.983799640
2310.7,1,13:40:39.240665898
2310.7,1,13:40:39.269276296
2310.9,5,13:40:40.828349374
2310.8,4,13:40:40.828349374
2310.8,1,13:40:40.831154598
2310.8,1,13:40:45.978820120
2310.8,1,13:40:45.979069846
2310.7,1,13:40:47.433112602
2310.7,1,13:40:52.285650622
2310.7,1,13:40:53.572078063
2310.7,1,13:40:53.583015778
2310.6,2,13:40:54.233247534
2310.5,1,13:40:54.490891714
2310.5,1,13:40:54.490906789
2310.6,1,13:40:56.428350183
2310.6,1,13:40:56.428909199
2310.6,3,13:40:59.559289810
2310.6,1,13:41:00.050074090
2310.6,1,13:41:00.054012996
2310.5,1,13:41:01.402428645
2310.4,1,13:41:01.404013493
2310.4,1,13:41:01.404020437
2310.3,1,13:41:01.404020437
2310.4,2,13:41:02.659428306
2310.4,1,13:41:04.831589380
2310.4,1,13:41:04.831893290
2310.5,1,13:41:05.655048324
2310.4,1,13:41:05.655441948
2310.4,1,13:41:07.682440788
2310.4,1,13:41:09.876670785
2310.4,2,13:41:09.877140833
2310.4,1,13:41:09.877606865
2310.4,1,13:41:11.430122516
2310.4,1,13:41:12.169387522
2310.5,2,13:41:12.921975988
2310.7,1,13:41:12.972096167
2310.6,2,13:41:13.333203671
2310.6,1,13:41:16.672676843
2310.5,1,13:41:20.829227860
2310.6,1,13:41:21.966645953
2310.6,1,13:41:23.092552686
2310.7,2,13:41:24.237859613
2310.7,1,13:41:24.238256123
2310.8,2,13:41:25.845253604
2310.9,1,13:41:25.860571889
2310.9,1,13:41:26.425976699
2310.8,1,13:41:26.853699187
2310.6,6,13:41:32.809436035
2310.7,7,13:41:32.809436035
2310.8,2,13:41:32.809436035
2310.7,1,13:41:32.811156272
2310.7,1,13:41:32.811407554
2310.7,1,13:41:33.431774633
2310.8,1,13:41:33.482302795
2310.9,1,13:41:33.575056176
2310.9,1,13:41:45.293902535
2310.9,1,13:41:45.294436165
2310.8,1,13:41:47.232875447
2310.8,2,13:41:47.233032333
2310.7,3,13:42:00.589020338
2310.6,2,13:42:01.533214551
2310.5,1,13:42:05.721991346
2310.4,4,13:42:07.295820706
2310.4,1,13:42:07.296254914
2310.4,1,13:42:09.810115735
2310.5,1,13:42:12.430177636
2310.5,1,13:42:17.004540301
2310.6,1,13:42:18.327289112
2310.6,2,13:42:18.327340382
2310.7,2,13:42:18.628995028
2310.6,2,13:42:21.903969359
2310.6,1,13:42:28.036321901
2310.6,2,13:42:30.800197827
2310.6,1,13:42:30.800635954
2310.8,2,13:42:44.267635815
2310.8,1,13:42:44.267671461
2310.8,1,13:42:44.267695810
2310.8,1,13:42:44.267782087
2310.8,2,13:42:44.268407873
2310.8,1,13:42:44.268630558
2310.9,1,13:42:44.662050555
2310.9,1,13:42:45.251648107
2310.9,1,13:42:47.863466432
2310.7,6,13:42:48.104010590
2310.8,1,13:42:50.987747607
2310.8,2,13:42:51.911001829
2310.9,1,13:42:52.547465297
2310.9,1,13:42:58.475631309
2310.9,1,13:42:58.475671914
2310.9,2,13:42:58.476342095
2311.0,1,13:42:58.691845193
2310.9,1,13:43:00.023545627
2310.9,1,13:43:02.215463945
2310.9,2,13:43:11.733030535
2311.0,1,13:43:11.757928541
2311.0,1,13:43:12.898355523
2310.9,1,13:43:19.441566934
2310.9,2,13:43:31.105385748
2311.0,1,13:43:31.106513438
2311.1,1,13:43:31.344007376
2311.0,1,13:43:36.485435520
2311.0,1,13:43:36.485714745
2310.9,4,13:43:38.265617873
2310.9,1,13:43:38.266870276
2311.0,1,13:43:38.288945334
2311.0,1,13:43:39.320392820
2310.9,1,13:43:39.350590102
2310.9,1,13:43:39.373812424
2310.9,1,13:43:39.374693888
2310.9,1,13:43:44.086466616
2310.9,1,13:43:44.087031764
2310.9,1,13:43:44.213197520
2310.9,1,13:43:44.214058622
2310.9,1,13:43:44.236138150
2310.8,1,13:43:49.744640223
2310.8,2,13:43:49.744918065
2310.7,1,13:43:49.747378919
2310.8,1,13:43:49.786019350
2310.6,1,13:43:51.405527572
2310.6,1,13:43:52.160866183
2310.8,1,13:43:52.639251585
2310.9,1,13:43:58.745061814
2310.8,1,13:44:00.596245555
2310.8,4,13:44:07.604223360
2310.9,1,13:44:09.478705683
2310.9,1,13:44:09.984840616
2311.1,1,13:44:10.369057891
2311.1,1,13:44:10.369766590
2311.0,2,13:44:10.371054594
2311.0,1,13:44:10.371742387
2310.9,1,13:44:12.324687519
2310.9,1,13:44:20.342983241
2310.9,1,13:44:27.451966112
2311.0,2,13:44:29.120926272
2311.1,1,13:44:31.508631320
2311.0,1,13:44:31.513080139
2311.2,1,13:44:34.723479986
2311.3,1,13:44:34.896710929
2311.2,2,13:44:37.810979193
2311.2,2,13:44:37.811295167
2311.2,1,13:44:37.813049192
2311.3,2,13:44:43.235384455
2311.3,1,13:44:43.236014804
2311.2,2,13:44:46.377030191
2311.2,1,13:44:47.926020338
2311.2,1,13:44:52.613636799
2311.2,2,13:44:52.636330300
2311.2,1,13:44:54.415192877
2311.1,1,13:45:01.276853033
2311.1,2,13:45:01.277061988
2311.1,1,13:45:01.445124550
2311.0,1,13:45:01.445479495
2311.0,1,13:45:08.921183308
2311.2,1,13:45:12.245639622
2311.4,1,13:45:18.962336616
2311.5,3,13:45:19.863850185
2311.5,1,13:45:19.866836486
2311.6,4,13:45:19.867783483
2311.7,6,13:45:19.867783483
2311.5,1,13:45:19.869739527
2311.6,1,13:45:19.869916583
2311.6,1,13:45:19.872897475
2311.5,1,13:45:19.873000825
2311.5,1,13:45:19.992129637
2311.5,1,13:45:20.086032728
2311.5,1,13:45:22.960279883
2311.5,3,13:45:27.168850489
2311.5,1,13:45:27.169221028
2311.5,1,13:45:27.169456437
2311.5,1,13:45:27.169963417
2311.4,1,13:45:35.044390148
2311.5,1,13:45:35.155823419
2311.5,1,13:45:35.363081149
2311.5,1,13:45:36.007388456
2311.5,1,13:45:36.007693140
2311.5,1,13:45:37.107262783
2311.5,1,13:45:37.107721390
2311.4,1,13:45:37.759004119
2311.4,3,13:45:37.759416060
2311.3,1,13:45:39.516489518
2311.3,4,13:45:39.516660864
2311.2,1,13:45:42.219968589
2311.1,1,13:45:51.080657790
2311.1,2,13:45:51.080833922
2311.0,5,13:45:55.917808200
2311.0,3,13:45:55.918495446
2311.0,12,13:45:55.918593073
2311.0,1,13:45:55.919735554
2311.0,1,13:45:55.919781321
2310.9,2,13:46:04.823358086
2311.0,1,13:46:08.933516904
2311.0,2,13:46:12.732401989
2310.7,1,13:46:14.293761643
2310.9,1,13:46:15.028049426
2311.0,2,13:46:15.109278985
2311.1,1,13:46:15.458762306
2311.0,2,13:46:17.927879550
2310.7,1,13:46:24.376295997
2310.6,4,13:46:30.913367025
2310.5,8,13:46:30.914086700
2310.5,1,13:46:30.916311081
2310.5,1,13:46:30.917558873
2310.5,1,13:46:31.005736257
2310.4,1,13:46:31.432789346
2310.2,1,13:46:32.231846576
2310.2,2,13:46:32.231860131
2310.3,1,13:46:32.233134003
2310.3,1,13:46:32.240313760
2310.2,1,13:46:35.989662495
2310.3,1,13:46:36.014551830
2310.3,1,13:46:36.884485147
2310.2,4,13:46:37.592358035
2310.2,1,13:46:37.593074398
2310.2,7,13:46:37.593125502
2310.2,6,13:46:37.593173573
2310.2,1,13:46:37.593275980
2310.2,2,13:46:37.593392549
2310.2,1,13:46:37.593563099
2310.2,1,13:46:37.593593462
2310.2,1,13:46:37.593632807
2310.2,1,13:46:37.606647369
2310.1,5,13:46:37.608495608
2310.2,1,13:46:37.747558365
2310.1,2,13:46:41.367782501
2310.1,1,13:46:41.368126607
2310.1,1,13:46:41.375595598
2310.1,2,13:46:43.646248652
2310.0,1,13:46:44.365902915
2310.0,1,13:46:44.825032576
2310.0,1,13:46:46.722062764
2310.0,1,13:46:46.836260312
2310.0,1,13:46:46.836615030
2310.0,1,13:46:51.850749747
2310.0,1,13:46:51.851520318
2310.0,1,13:46:52.903734104
2309.9,3,13:46:58.308493701
2309.8,3,13:46:58.694543714
2309.9,1,13:46:58.694543714
2309.8,1,13:46:59.008798864
2310.0,1,13:46:59.172459526
2309.8,4,13:47:01.008745603
2309.8,1,13:47:01.009204145
2309.8,2,13:47:01.019526308
2309.8,1,13:47:01.019924380
2309.8,1,13:47:01.145717025
2309.9,1,13:47:05.890529600
2309.9,1,13:47:06.013091357
2309.8,6,13:47:10.044218024
2309.8,1,13:47:12.586349424
2309.8,1,13:47:12.586392907
2309.8,1,13:47:12.586869838
2309.8,1,13:47:12.597217495
2309.8,1,13:47:12.823290299
2309.7,1,13:47:13.008637592
2309.9,1,13:47:16.198536991
2309.9,1,13:47:16.198807173
2309.9,1,13:47:20.564136948
2309.8,1,13:47:22.373041302
2309.8,1,13:47:22.397917288
2309.9,1,13:47:23.632104082
2309.8,1,13:47:29.167455609
2309.8,1,13:47:29.167766658
2309.7,1,13:47:30.039735366
2309.8,1,13:47:30.056934419
2309.8,3,13:47:31.550511584
2309.7,4,13:47:31.550511584
2309.7,2,13:47:31.559867123
2309.7,1,13:47:32.971244484
2309.8,2,13:47:32.982660381
2309.7,2,13:47:33.255367090
2309.7,1,13:47:33.256137995
2309.7,1,13:47:33.589883438
2309.7,1,13:47:33.590277452
2309.8,1,13:47:34.725871478
2309.7,1,13:47:37.021265933
2309.6,3,13:47:37.032351260
2309.5,1,13:47:37.032364773
2309.7,1,13:47:37.613873417
2309.8,2,13:47:38.946474745
2309.9,1,13:47:38.955767546
2310.0,4,13:47:39.847429073
2310.0,1,13:47:39.847456324
2310.0,2,13:47:40.862844790
2310.0,1,13:47:42.683825716
2309.9,1,13:47:47.565489576
2309.9,2,13:47:54.584522287
2310.0,3,13:47:54.584522287
2309.9,1,13:47:54.585345860
2309.8,2,13:47:56.595745996
2309.8,1,13:48:01.970888464
2309.7,1,13:48:05.034306292
2309.6,2,13:48:05.323140487
2309.5,1,13:48:05.343058708
2309.5,2,13:48:05.343102075
2309.6,1,13:48:12.769152531
2309.5,1,13:48:16.288634874
2309.5,3,13:48:19.752057507
2309.4,2,13:48:19.752057507
2309.5,1,13:48:21.950225733
2309.5,1,13:48:22.628698362
2309.4,1,13:48:26.530787455
2309.4,2,13:48:26.530837337
2309.4,1,13:48:32.008301314
2309.4,1,13:48:33.373378223
2309.5,3,13:48:37.383723600
2309.5,1,13:48:37.383932652
2309.5,2,13:48:37.384036119
2309.6,3,13:48:37.385075071
2309.6,1,13:48:37.385162046
2309.7,2,13:48:37.387786169
2309.7,1,13:48:37.387823744
2309.7,1,13:48:37.387956226
2309.8,2,13:48:39.661920775
2309.7,1,13:48:41.561723618
2309.7,2,13:48:41.561974736
2309.7,5,13:48:41.562020743
2309.6,1,13:48:50.226241449
2309.6,1,13:48:50.226254018
2309.5,1,13:48:50.317741300
2309.4,1,13:48:57.294838395
2309.3,1,13:49:00.950661553
2309.3,6,13:49:00.951123108
2309.2,1,13:49:04.049038421
2309.2,2,13:49:10.107021018
2309.2,1,13:49:10.108409644
2309.2,1,13:49:11.272019981
2309.3,2,13:49:11.272019981
2309.3,1,13:49:11.272033369
2309.3,4,13:49:11.272084232
2309.3,1,13:49:11.279592677
2309.4,2,13:49:11.898458322
2309.5,1,13:49:13.834397580
2309.5,2,13:49:13.836797878
2309.5,2,13:49:13.837047595
2309.5,1,13:49:13.837074850
2309.5,1,13:49:14.463500529
2309.4,1,13:49:15.340885799
2309.6,1,13:49:24.517136608
2309.6,1,13:49:24.518393137
2309.5,1,13:49:31.560238395
2309.5,1,13:49:31.560487741
2309.5,1,13:49:31.560521386
2309.4,1,13:49:37.217167101
2309.3,1,13:49:37.596682328
2309.4,3,13:49:40.049470319
2309.5,1,13:49:42.465641347
2309.5,1,13:49:42.465958300
2309.5,1,13:49:42.466013680
2309.6,1,13:49:47.511252963
2309.7,3,13:49:47.690807903
2309.6,2,13:49:52.379554738
2309.5,1,13:49:52.415138745
2309.5,1,13:49:54.678211665
2309.8,2,13:50:00.159540647
2309.7,2,13:50:00.159540647
2309.7,1,13:50:00.241901559
2309.7,2,13:50:03.875335747
2309.8,4,13:50:07.174551135
2309.6,1,13:50:07.981287055
2309.7,4,13:50:07.981287055
2309.7,1,13:50:12.908663004
2309.6,4,13:50:12.908663004
2309.6,2,13:50:17.430742301
2309.7,3,13:50:17.430742301
2309.6,1,13:50:18.735159135
2309.6,1,13:50:19.403045182
2309.5,1,13:50:24.987337253
2309.6,1,13:50:28.224667701
2309.6,2,13:50:29.869943549
2309.7,3,13:50:30.603968366
2309.7,1,13:50:48.059224205
2309.7,1,13:50:51.466942900
2309.6,1,13:50:54.113465930
2309.6,1,13:50:54.113500775
2309.6,1,13:50:54.113655348
2309.6,1,13:50:54.117131783
2309.5,1,13:50:54.122666272
2309.5,5,13:50:54.122817145
2309.6,1,13:50:54.955300061
2309.5,1,13:50:55.522383790
2309.6,1,13:50:56.699704497
2309.6,1,13:50:57.192062270
2309.6,1,13:50:57.192120396
2309.5,1,13:51:01.359497785
2309.5,1,13:51:01.360061002
2309.6,5,13:51:02.532615245
2309.6,1,13:51:02.603828066
2309.6,1,13:51:05.809151267
2309.8,4,13:51:06.938896988
2309.7,2,13:51:06.938896988
2309.7,1,13:51:13.438781269
2309.7,1,13:51:13.439068955
2309.8,2,13:51:13.564950595
2309.8,1,13:51:13.565476444
2309.7,1,13:51:13.825768230
2309.6,1,13:51:15.211410786
2309.7,1,13:51:18.780921029
2309.8,1,13:51:23.712869587
2309.9,1,13:51:24.979334593
2309.9,1,13:51:24.979348958
2309.7,1,13:51:29.812659027
2309.7,1,13:51:29.812694042
2309.7,2,13:51:29.813743599
2309.7,1,13:51:29.813876709
2309.8,2,13:51:29.814906330
2309.9,3,13:51:29.817543934
2309.9,2,13:51:29.818832323
2309.8,2,13:51:29.820227909
2309.8,1,13:51:29.820534738
2309.8,1,13:51:29.822397268
2309.7,1,13:51:29.822953983
2309.9,1,13:51:29.824986443
2309.9,1,13:51:29.827929498
2309.9,2,13:51:29.828163941
2309.9,1,13:51:29.854829746
2310.0,1,13:51:29.869028476
2310.0,2,13:51:29.869039759
2310.1,4,13:51:29.869039759
2310.2,2,13:51:29.869039759
2310.0,1,13:51:29.870988852
2310.0,2,13:51:29.871329937
2310.1,1,13:51:29.895017717
2310.0,1,13:51:29.949536617
2309.9,3,13:51:30.263736259
2310.1,1,13:51:31.383316044
2310.1,2,13:51:31.859763271
2310.0,2,13:51:36.348405985
2309.8,1,13:51:41.505212450
2309.8,1,13:51:42.619924721
2309.7,1,13:51:44.247986435
2309.7,1,13:51:44.615211109
2309.7,1,13:51:47.633680841
2309.8,1,13:51:47.921916289
2309.8,1,13:51:47.922377144
2309.8,1,13:51:49.836887922
2309.7,2,13:51:49.836887922
2309.9,1,13:51:52.077945364
2309.9,1,13:51:54.566698007
2309.8,1,13:51:55.675372686
2309.8,1,13:51:55.675442089
2309.8,1,13:51:59.095375093
2309.7,2,13:52:00.617078397
2309.6,2,13:52:00.617282097
2309.7,1,13:52:01.428061686
2309.8,2,13:52:06.165789587
2309.7,2,13:52:10.312056976
2309.7,3,13:52:10.312874751
2309.9,1,13:52:11.311999434
2309.8,2,13:52:11.311999434
2309.8,1,13:52:11.324276340
2309.9,1,13:52:11.549677162
2309.9,2,13:52:11.550060995
2309.9,1,13:52:11.996997793
2309.8,2,13:52:13.301512504
2309.8,3,13:52:13.301830510
2309.8,1,13:52:14.407082857
2309.8,1,13:52:19.774241760
2309.9,1,13:52:20.938854090
2309.7,3,13:52:22.123638122
2309.7,1,13:52:22.123672423
2309.7,1,13:52:22.123765683
2309.6,1,13:52:22.125646050
2309.5,2,13:52:22.127557734
2309.5,1,13:52:22.132375786
2309.5,1,13:52:22.222781104
2309.4,3,13:52:22.438129051
2309.4,1,13:52:23.190366036
2309.3,2,13:52:25.878996034
2309.4,1,13:52:34.763487851
2309.5,1,13:52:38.853624988
2309.6,1,13:52:39.967854687
2309.5,1,13:52:42.422958148
2309.6,1,13:52:45.689952210
2309.7,1,13:52:45.739572386
2309.6,1,13:52:45.744077968
2309.5,1,13:52:45.869879925
2309.6,1,13:52:48.654403368
2309.6,1,13:52:55.587826978
2309.7,1,13:52:56.348313940
2309.7,1,13:52:56.592400675
2309.8,1,13:52:56.942712076
2309.7,1,13:52:58.653718503
2309.7,1,13:53:03.765761006
2309.8,1,13:53:06.337026499
2309.9,1,13:53:11.139906121
2309.8,1,13:53:12.821308650
2309.8,2,13:53:19.581468901
2309.7,2,13:53:19.581468901
2309.6,4,13:53:19.581468901
2309.8,1,13:53:19.583529656
2309.8,1,13:53:19.600363695
2309.9,1,13:53:23.910705908
2309.9,3,13:53:32.227427524
2309.7,4,13:53:34.359119540
2309.7,2,13:53:35.256909572
2309.6,3,13:53:37.008067719
2309.8,1,13:53:42.412441090
2309.7,1,13:53:42.412711777
2309.8,2,13:53:51.435349268
2309.9,1,13:53:58.882808417
2309.9,3,13:53:58.885081967
2310.0,3,13:53:58.885744533
2310.0,1,13:53:58.886671567
2310.1,6,13:53:58.888771430
2310.1,4,13:53:59.116420814
2310.0,1,13:54:00.700232804
2310.2,1,13:54:03.940369209
2310.0,5,13:54:05.949098865
2310.0,5,13:54:06.962761217
2310.1,2,13:54:09.258989637
2310.1,2,13:54:09.259325253
2310.1,1,13:54:09.407764742
2310.0,1,13:54:09.820535738
2310.0,1,13:54:09.821177033
2310.1,3,13:54:10.453399733
2309.9,4,13:54:20.131791406
2309.8,1,13:54:20.991104807
2310.0,1,13:54:21.940290141
2309.9,3,13:54:23.008916768
2309.9,1,13:54:23.009290530
2310.0,1,13:54:24.219421695
2309.8,4,13:54:25.688439057
2309.8,10,13:54:25.688834204
2309.9,1,13:54:25.774097646
2309.7,1,13:54:35.031016458
2309.7,1,13:54:35.797363319
2309.6,3,13:54:36.029243187
2309.6,1,13:54:36.029584157
2309.6,1,13:54:36.030037753
2309.6,1,13:54:36.344799255
2309.5,1,13:54:37.031538509
2309.6,1,13:54:40.236289532
2309.5,1,13:54:41.625790744
2309.5,1,13:54:42.447521197
2309.7,1,13:54:42.655893760
2309.7,1,13:54:43.431722886
2309.5,3,13:54:44.404597869
2309.8,2,13:54:45.839316626
2309.7,5,13:54:45.839316626
2309.6,3,13:54:47.561808926
2309.6,1,13:54:52.245661568
2309.6,1,13:54:52.263836010
2309.5,2,13:54:55.374282432
2309.5,4,13:54:58.248088326
2309.4,1,13:55:00.019407494
2309.3,1,13:55:00.019418822
2309.3,1,13:55:00.473618793
2309.3,1,13:55:01.434928413
2309.5,1,13:55:01.576524201
2309.5,1,13:55:02.210165349
2309.3,1,13:55:04.986993432
2309.3,1,13:55:05.986187989
2309.3,1,13:55:06.240573598
2309.3,2,13:55:06.428598450
2309.2,1,13:55:06.986944154
2309.2,1,13:55:06.986958938
2309.2,1,13:55:11.269379321
2309.2,2,13:55:20.539626002
2309.2,2,13:55:22.007099736
2309.3,1,13:55:22.007894286
2309.3,1,13:55:22.007924795
2309.3,4,13:55:22.007982066
2309.4,3,13:55:23.144045043
2309.4,1,13:55:23.144307465
2309.3,2,13:55:23.157170575
2309.5,5,13:55:23.511894101
2309.6,4,13:55:24.499077178
2309.7,1,13:55:24.570842222
2309.7,2,13:55:24.571058342
2309.7,2,13:55:24.571143044
2309.8,3,13:55:24.789720570
2309.9,1,13:55:24.879886915
2309.8,2,13:55:33.145608531
2309.7,2,13:55:34.391452785
2309.7,1,13:55:34.391794270
2309.6,1,13:55:34.392778043
2309.4,1,13:55:34.397375912
2309.4,3,13:55:37.226582737
2309.4,2,13:55:39.637480249
2309.7,3,13:55:39.652562443
2309.6,5,13:55:39.652562443
2309.5,2,13:55:39.652562443
2309.5,1,13:55:39.663656462
2309.4,1,13:55:41.658683232
2309.4,1,13:55:41.659362999
2309.4,3,13:55:41.659905029
2309.4,1,13:55:41.660508901
2309.3,2,13:55:41.667644040
2309.3,1,13:55:42.245797056
2309.4,3,13:55:42.769564248
2309.3,3,13:55:44.144674354
2309.2,7,13:55:44.144674354
2309.4,2,13:55:46.130118171
2309.3,2,13:55:48.941360507
2309.2,1,13:55:49.137159618
2309.1,1,13:55:49.137621727
2308.9,1,13:55:50.554692247
2309.0,3,13:55:50.554692247
2308.9,2,13:55:50.554705901
2308.9,1,13:55:50.566290432
2309.0,2,13:55:50.992360069
2309.0,1,13:55:50.992873810
2309.1,1,13:55:50.992943571
2309.0,1,13:55:50.993281060
2308.8,1,13:55:51.393739576
2308.9,1,13:55:51.393739576
2308.7,1,13:55:51.393756898
2308.8,3,13:55:51.393756898
2308.7,1,13:55:51.393854369
2308.6,1,13:55:51.393860654
2308.9,2,13:55:51.397170737
2308.8,1,13:55:51.397316564
2308.9,1,13:55:51.398354537
2309.0,2,13:55:53.636205556
2309.0,1,13:55:53.636541084
2308.9,2,13:55:54.337854448
2309.0,1,13:55:55.000335674
2309.0,1,13:55:56.652871984
2308.9,3,13:55:56.659117988
2308.8,1,13:55:56.702901010
2308.7,5,13:55:56.708546045
2308.6,2,13:55:56.753203465
2308.5,1,13:55:57.197829842
2308.3,4,13:55:57.197843948
2308.3,1,13:55:57.198418212
2308.3,1,13:55:57.234823838
2308.4,1,13:56:02.404271467
2308.4,2,13:56:02.404341242
2308.5,3,13:56:02.862717767
2308.5,2,13:56:02.863030033
2308.6,4,13:56:02.880952726
2308.5,2,13:56:02.881552144
2308.5,2,13:56:03.062619404
2308.5,1,13:56:03.062989143
2308.7,2,13:56:03.628327663
2308.7,3,13:56:09.872373607
