price,volume,timestamp
2373.7,1,09:15:01.015514628
2373.6,1,09:15:01.070375533
2373.7,1,09:15:01.347497039
2373.8,1,09:15:01.829922679
2373.8,1,09:15:02.559638325
2373.8,1,09:15:05.053598422
2373.3,1,09:15:07.229055175
2372.8,9,09:15:07.231893808
2373.2,3,09:15:07.231893808
2372.9,11,09:15:07.231893808
2373.1,5,09:15:07.231893808
2373.0,13,09:15:07.231893808
2372.8,1,09:15:07.232055396
2373.1,1,09:15:07.233890159
2373.1,1,09:15:07.234429540
2373.0,1,09:15:07.238031214
2373.0,1,09:15:07.239064593
2373.1,5,09:15:07.661378164
2373.1,8,09:15:07.662172350
2373.0,1,09:15:08.077198185
2373.0,1,09:15:08.077533232
2373.2,1,09:15:09.889943246
2373.1,1,09:15:10.184371482
2373.0,2,09:15:10.801707687
2372.9,1,09:15:11.718521081
2372.9,1,09:15:11.718809855
2372.8,1,09:15:12.600923965
2372.8,1,09:15:12.600988488
2372.6,1,09:15:12.606239004
2372.7,9,09:15:12.606239004
2372.7,1,09:15:12.611568759
2372.7,1,09:15:13.265804866
2372.6,1,09:15:13.312903444
2372.7,1,09:15:13.500303742
2372.7,1,09:15:13.600835893
2372.7,3,09:15:14.822291264
2372.7,1,09:15:14.910941131
2372.8,1,09:15:15.590265956
2372.7,3,09:15:17.630531964
2372.8,1,09:15:17.730668542
2372.4,8,09:15:18.000539213
2372.5,22,09:15:18.000539213
2372.7,1,09:15:18.000539213
2372.6,4,09:15:18.000539213
2372.5,1,09:15:18.006539033
2372.5,3,09:15:18.008679152
2372.6,1,09:15:18.020187273
2372.6,1,09:15:18.156731635
2372.5,1,09:15:18.772132473
2372.5,1,09:15:18.772317360
2372.5,1,09:15:19.014337409
2372.5,1,09:15:19.771606911
2372.5,1,09:15:20.518256950
2372.7,7,09:15:20.809626186
2372.7,1,09:15:20.810374201
2372.8,1,09:15:20.811745390
2372.9,1,09:15:21.189745460
2372.9,1,09:15:21.190191097
2372.8,1,09:15:21.201302441
2372.9,1,09:15:21.326594339
2372.9,1,09:15:21.398611765
2372.7,3,09:15:21.644505562
2372.8,1,09:15:21.645050530
2372.9,1,09:15:21.841062867
2372.7,1,09:15:22.649961242
2372.8,1,09:15:25.060633829
2372.9,5,09:15:25.164226708
2373.0,1,09:15:25.389307766
2372.9,1,09:15:25.440001036
2372.9,1,09:15:25.755509210
2372.8,1,09:15:26.041606171
2372.9,1,09:15:26.042859927
2372.9,1,09:15:29.062359241
2372.9,1,09:15:29.704193951
2373.0,1,09:15:30.239709801
2372.9,1,09:15:30.606183784
2372.9,1,09:15:31.064717900
2373.0,1,09:15:31.588721737
2373.0,1,09:15:34.743670597
2373.2,1,09:15:35.424521741
2373.2,1,09:15:35.424538653
2373.1,1,09:15:36.604689691
2373.1,1,09:15:36.604934295
2373.2,1,09:15:36.652452188
2373.2,2,09:15:37.571849817
2373.3,1,09:15:37.571849817
2373.1,1,09:15:37.699568958
2373.2,1,09:15:39.181810942
2373.3,1,09:15:40.319285354
2373.2,3,09:15:41.370420159
2373.3,1,09:15:43.196171297
2373.2,3,09:15:43.972224220
2373.2,1,09:15:43.972604402
2373.2,1,09:15:43.973485507
2373.3,1,09:15:44.722822204
2373.4,1,09:15:48.573012312
2373.4,1,09:15:52.711318025
2373.3,1,09:15:53.680262192
2373.5,1,09:15:53.945440182
2373.5,1,09:15:55.199069862
2373.7,1,09:15:56.128975840
2373.8,1,09:15:56.128982650
2373.7,1,09:15:58.424881692
2373.8,1,09:16:02.098455113
2373.9,1,09:16:02.599712299
2373.9,1,09:16:02.600027410
2374.0,2,09:16:04.089745945
2374.0,2,09:16:04.559599094
2374.0,1,09:16:04.559887298
2374.1,2,09:16:06.103771952
2374.2,1,09:16:06.348608202
2374.2,1,09:16:06.348622608
2374.0,1,09:16:07.396379476
2374.1,1,09:16:07.396791411
2374.3,2,09:16:07.510623758
2374.2,3,09:16:07.510623758
2374.2,1,09:16:07.512154545
2374.3,1,09:16:07.664766043
2374.1,1,09:16:07.792493935
2374.3,1,09:16:08.185971660
2374.3,2,09:16:08.199209467
2374.3,1,09:16:08.200894668
2374.4,1,09:16:08.652588833
2374.4,1,09:16:08.652861098
2374.4,1,09:16:09.120080806
2374.4,1,09:16:09.120271152
2374.4,2,09:16:09.299683746
2374.5,1,09:16:09.760704552
2374.5,1,09:16:09.761050582
2374.6,2,09:16:09.780905661
2374.6,1,09:16:09.781881082
2374.6,4,09:16:09.789342183
2374.6,1,09:16:09.789615164
2374.6,2,09:16:09.789682183
2374.6,2,09:16:09.789738562
2374.6,5,09:16:09.789779216
2374.6,4,09:16:09.789945091
2374.6,1,09:16:10.448706183
2374.6,2,09:16:10.449138189
2374.6,1,09:16:10.459617537
2374.5,1,09:16:10.510430076
2374.7,2,09:16:10.877004265
2374.6,1,09:16:11.136635982
2374.7,2,09:16:11.299146295
2374.8,2,09:16:11.321222709
2375.0,2,09:16:11.321222709
2374.9,6,09:16:11.321222709
2375.0,3,09:16:11.321242872
2375.0,1,09:16:11.321242872
2374.8,1,09:16:11.323500819
2374.8,1,09:16:11.323600328
2374.8,1,09:16:11.323798633
2374.7,2,09:16:11.327236341
2374.7,1,09:16:11.327754069
2374.7,1,09:16:11.494366126
2374.6,1,09:16:11.547408897
2374.8,1,09:16:11.583882296
2374.7,1,09:16:11.597714217
2374.7,1,09:16:11.653010790
2374.8,1,09:16:11.702608759
2374.8,1,09:16:11.702911430
2374.8,1,09:16:11.702959079
2374.7,1,09:16:11.974292471
2374.7,1,09:16:11.974373670
2374.6,3,09:16:13.026319579
2374.6,3,09:16:13.026640312
2374.5,2,09:16:13.101167975
2374.6,1,09:16:13.196047618
2374.6,1,09:16:13.263612365
2374.6,1,09:16:13.265049472
2374.4,1,09:16:13.318427999
2374.6,1,09:16:13.670098207
2374.5,1,09:16:13.868027027
2374.5,1,09:16:13.868809213
2374.6,1,09:16:13.987026544
2374.5,1,09:16:14.036407124
2374.5,1,09:16:14.036695182
2374.6,2,09:16:14.647543468
2374.7,1,09:16:15.174085036
2374.5,1,09:16:15.606080032
2374.5,1,09:16:16.160824285
2374.4,1,09:16:16.160885092
2374.4,1,09:16:16.161235365
2374.4,1,09:16:17.029030476
2374.3,3,09:16:17.694536269
2374.4,3,09:16:18.126087412
2374.3,1,09:16:18.126757328
2374.4,1,09:16:18.370704598
2374.4,1,09:16:18.526264166
2374.5,1,09:16:18.696387786
2374.4,1,09:16:19.065808502
2374.5,1,09:16:19.512987853
2374.4,1,09:16:20.810696498
2374.4,2,09:16:20.996530783
2374.5,3,09:16:20.996530783
2374.3,2,09:16:22.158681580
2374.2,2,09:16:25.425763188
2374.1,1,09:16:26.549131778
2374.1,1,09:16:28.777978781
2374.0,1,09:16:28.778704290
2374.1,1,09:16:28.957791766
2374.0,1,09:16:29.668587436
2374.1,2,09:16:29.912989085
2374.1,2,09:16:29.949631639
2374.0,1,09:16:30.098268208
2374.0,2,09:16:31.610011649
2374.0,1,09:16:31.610762614
2374.1,1,09:16:32.155853866
2373.9,3,09:16:32.345885897
2373.8,2,09:16:32.347550875
2373.7,1,09:16:32.500958813
2373.7,1,09:16:33.351949777
2373.9,1,09:16:33.929504141
2373.8,1,09:16:34.921406025
2373.8,1,09:16:35.475232588
2373.9,1,09:16:36.300217549
2373.9,1,09:16:36.300460418
2374.0,1,09:16:36.970207180
2374.1,5,09:16:37.456123032
2374.2,1,09:16:37.459939561
2374.2,1,09:16:37.461268615
2374.2,1,09:16:38.927181330
2374.1,1,09:16:39.174897674
2374.1,1,09:16:39.175091800
2374.0,1,09:16:40.415352594
2373.9,1,09:16:40.949390729
2373.9,3,09:16:41.037103077
2373.9,1,09:16:41.038864800
2373.8,1,09:16:42.314833535
2374.0,2,09:16:42.868769207
2374.0,4,09:16:42.868801058
2374.0,2,09:16:42.868963803
2374.0,7,09:16:42.869082472
2374.0,1,09:16:42.870155293
2374.0,1,09:16:42.870699381
2374.1,1,09:16:44.150470865
2374.1,1,09:16:44.151192970
2374.2,2,09:16:44.444618906
2373.9,1,09:16:45.072883868
2374.0,1,09:16:45.744122124
2374.0,1,09:16:46.604589841
2374.1,1,09:16:47.852047706
2374.1,1,09:16:49.519435436
2374.1,1,09:16:50.073088480
2374.0,1,09:16:50.220562630
2374.0,1,09:16:50.220864059
2374.1,1,09:16:50.817343424
2374.1,1,09:16:50.828052283
2374.1,1,09:16:51.628537470
2374.2,2,09:16:51.969068567
2374.3,2,09:16:52.006422332
2374.4,1,09:16:52.082150482
2374.4,1,09:16:52.084422247
2374.5,1,09:16:54.654003200
2374.4,1,09:16:56.483845352
2374.4,1,09:16:56.597606987
2374.4,1,09:16:56.650028139
2374.4,1,09:16:56.651308088
2374.3,2,09:16:56.856792889
2374.3,1,09:16:56.857022782
2374.3,1,09:16:56.918692662
2374.4,1,09:16:57.352209811
2374.2,5,09:17:00.013118772
2374.1,1,09:17:00.015183028
2374.1,1,09:17:00.154989759
2374.0,1,09:17:01.549274123
2374.0,1,09:17:01.549584001
2373.9,1,09:17:02.280571607
2374.0,1,09:17:02.601418607
2374.0,1,09:17:02.601629327
2374.0,2,09:17:02.602142202
2373.9,1,09:17:02.602249462
2374.0,1,09:17:02.709770018
2374.1,2,09:17:02.986180025
2374.2,1,09:17:03.049018276
2374.2,1,09:17:03.049211588
2374.2,2,09:17:03.126233249
2374.3,1,09:17:03.161825932
2374.3,5,09:17:03.162127461
2374.4,1,09:17:03.517551197
2374.4,6,09:17:03.517588026
2374.4,2,09:17:03.568250019
2374.2,1,09:17:03.568250019
2374.3,7,09:17:03.568250019
2374.3,1,09:17:05.955040048
2374.3,2,09:17:05.955141864
2374.3,1,09:17:05.956224215
2374.4,1,09:17:06.104460861
2374.4,1,09:17:08.092309082
2374.5,2,09:17:11.312285411
2374.6,1,09:17:11.747530241
2374.6,2,09:17:11.747805261
2374.7,1,09:17:12.645874658
2374.7,2,09:17:12.646236548
2374.8,1,09:17:12.669095718
2374.8,2,09:17:12.669109519
2374.8,1,09:17:12.670550192
2374.9,1,09:17:13.966631432
2374.8,1,09:17:14.025581239
2374.8,1,09:17:14.213450149
2374.9,1,09:17:14.676592392
2374.9,1,09:17:15.615887818
2374.8,1,09:17:15.790725159
2374.9,4,09:17:15.810089821
2374.9,1,09:17:15.810383549
2374.9,1,09:17:16.133272170
2375.0,1,09:17:16.978423981
2374.9,1,09:17:17.042939321
2374.8,1,09:17:17.048328809
2374.8,1,09:17:17.048682179
2374.9,1,09:17:17.636350284
2375.0,5,09:17:17.794354024
2374.9,1,09:17:19.287018744
2374.9,1,09:17:19.287267414
2374.9,1,09:17:19.596302694
2375.0,1,09:17:19.762511897
2374.9,1,09:17:19.955057008
2374.9,1,09:17:20.058060544
2374.8,1,09:17:20.322508826
2374.8,2,09:17:21.236697450
2374.7,8,09:17:21.236697450
2374.7,1,09:17:21.240544010
2374.6,1,09:17:22.489889218
2374.6,1,09:17:22.607473489
2374.7,1,09:17:23.104030156
2374.8,2,09:17:23.862921684
2374.5,2,09:17:23.990755457
2374.4,1,09:17:24.252991199
2374.3,1,09:17:25.976111473
2374.4,1,09:17:26.141541040
2374.3,1,09:17:27.536728192
2374.3,1,09:17:27.594747944
2374.4,1,09:17:27.594747944
2374.3,2,09:17:28.616511309
2374.2,1,09:17:28.786681256
2374.4,1,09:17:29.130606735
2374.4,1,09:17:29.530226305
2374.3,1,09:17:29.897002097
2374.4,1,09:17:31.903367363
2374.4,1,09:17:31.903638719
2374.4,4,09:17:31.904118175
2374.4,1,09:17:31.904167411
2374.4,1,09:17:31.904653107
2374.4,1,09:17:31.904682302
2374.4,3,09:17:31.904768060
2374.3,1,09:17:32.240196686
2374.3,1,09:17:32.240924207
2374.4,1,09:17:32.608444543
2374.2,3,09:17:35.071199805
2374.2,1,09:17:35.090388080
2374.2,2,09:17:35.497132464
2374.2,1,09:17:35.497347978
2374.2,1,09:17:35.498144551
2374.1,1,09:17:35.530197384
2374.1,1,09:17:35.530275503
2374.0,1,09:17:35.915086725
2374.0,3,09:17:35.915367562
2374.1,1,09:17:36.073761058
2374.1,2,09:17:36.367088013
2374.1,1,09:17:36.367403622
2374.2,3,09:17:37.892682959
2374.3,1,09:17:39.957933649
2374.3,1,09:17:40.070656453
2374.2,1,09:17:41.734550863
2374.3,1,09:17:42.253544321
2374.3,1,09:17:42.396795649
2374.3,1,09:17:42.627204837
2374.2,2,09:17:42.674180907
2374.2,1,09:17:42.674630461
2374.1,1,09:17:43.094181712
2374.0,1,09:17:44.696324324
2373.9,1,09:17:45.246507941
2373.9,2,09:17:45.246785845
2373.8,1,09:17:45.612999446
2373.8,2,09:17:46.029626222
2373.8,1,09:17:46.056255498
2373.8,3,09:17:46.056541844
2373.9,1,09:17:46.990337743
2374.0,1,09:17:50.024953036
2374.0,3,09:17:51.181608065
2374.1,1,09:17:51.592971614
2374.1,1,09:17:52.573628920
2374.2,1,09:17:53.833278593
2374.2,1,09:17:54.244395947
2374.0,2,09:17:55.179845425
2374.1,3,09:17:55.179845425
2374.1,1,09:17:55.598358445
2374.0,2,09:17:55.810718020
2374.3,2,09:17:56.574050528
2374.4,1,09:17:56.713092103
2374.4,1,09:17:56.713295268
2374.5,1,09:17:57.994583817
2374.5,1,09:17:57.995082803
2374.5,1,09:17:58.774691189
2374.4,2,09:18:00.086697093
2374.2,1,09:18:01.950872296
2374.2,8,09:18:01.951076799
2374.2,2,09:18:01.951141764
2374.2,1,09:18:01.952492492
2374.3,1,09:18:03.601362947
2374.2,2,09:18:04.934503236
2374.1,1,09:18:05.523164995
2374.0,2,09:18:06.990382535
2374.1,1,09:18:06.991343972
2374.1,2,09:18:07.620399255
2374.2,4,09:18:07.755869441
2374.1,1,09:18:08.286121398
2374.2,4,09:18:10.295301270
2374.0,2,09:18:12.429621817
2374.0,1,09:18:13.145816157
2374.1,1,09:18:14.025588711
2374.1,1,09:18:14.026114132
2374.1,1,09:18:14.168778557
2374.0,1,09:18:14.500136749
2374.2,1,09:18:18.245590459
2374.2,2,09:18:18.245904475
2374.1,1,09:18:18.759654601
2374.1,1,09:18:21.449888369
2374.1,1,09:18:21.450175095
2374.2,4,09:18:22.141167356
2374.3,1,09:18:22.141167356
2374.3,2,09:18:23.007177145
2374.2,2,09:18:23.122986505
2374.2,1,09:18:23.123735582
2374.2,1,09:18:26.060793638
2374.3,1,09:18:26.555778041
2374.3,1,09:18:26.555961619
2374.2,1,09:18:29.960988865
2374.3,1,09:18:30.154279761
2374.3,2,09:18:31.159107807
2374.3,1,09:18:31.159519508
2374.4,4,09:18:32.240576406
2374.5,2,09:18:33.006847200
2374.5,1,09:18:34.103736435
2374.6,1,09:18:34.105454939
2374.6,2,09:18:34.454495461
2374.5,1,09:18:34.528270602
2374.5,1,09:18:34.662732172
2374.5,4,09:18:34.662982229
2374.5,1,09:18:35.061461204
2374.4,2,09:18:35.411301066
2374.4,4,09:18:35.411669130
2374.4,1,09:18:35.430689284
2374.4,1,09:18:35.431158654
2374.4,1,09:18:36.468299732
2374.4,1,09:18:36.493132691
2374.4,1,09:18:36.517764247
2374.5,2,09:18:36.772702745
2374.5,3,09:18:36.773048480
2374.5,10,09:18:36.773298037
2374.5,3,09:18:36.773342479
2374.5,2,09:18:36.773565188
2374.4,1,09:18:36.774367399
2374.5,1,09:18:36.799351388
2374.6,2,09:18:37.112506316
2374.7,1,09:18:37.112506316
2374.5,1,09:18:38.520669126
2374.6,1,09:18:38.964175958
2374.5,5,09:18:42.657193176
2374.3,6,09:18:42.657193176
2374.4,8,09:18:42.657193176
2374.2,1,09:18:42.657193176
2374.4,1,09:18:42.660133767
2374.4,1,09:18:42.686757268
2374.4,1,09:18:44.248060816
2374.3,1,09:18:46.542151312
2374.4,5,09:18:47.729657290
2374.5,1,09:18:47.801401437
2374.7,2,09:18:50.790963549
2374.8,1,09:18:51.129639712
2374.9,1,09:18:51.129651338
2374.9,1,09:18:51.387166107
2374.9,1,09:18:51.390798577
2375.0,1,09:18:51.605113106
2374.9,1,09:18:54.876126175
2375.0,1,09:18:55.257394065
2375.0,2,09:18:55.546834612
2375.0,5,09:18:55.547113760
2375.0,2,09:18:55.547185861
2375.0,1,09:18:57.863332563
2375.0,1,09:18:57.863389054
2375.0,1,09:18:57.864070716
2375.0,1,09:18:58.327703033
2375.0,1,09:19:00.219973841
2374.9,1,09:19:00.640818421
2374.9,1,09:19:00.641377995
2374.8,1,09:19:00.651852737
2374.7,1,09:19:01.307472199
2374.8,1,09:19:01.754989379
2374.8,1,09:19:02.069243276
2374.9,1,09:19:02.484218821
2374.9,1,09:19:03.570155493
2375.0,1,09:19:04.602438108
2375.0,4,09:19:05.055516041
2375.0,6,09:19:05.057410265
2374.9,4,09:19:06.056370985
2374.8,1,09:19:07.088873995
2374.8,1,09:19:07.088924723
2374.9,5,09:19:07.370981598
2374.8,1,09:19:07.371785815
2374.8,1,09:19:08.864314649
2374.9,7,09:19:09.525947264
2375.0,1,09:19:09.525947264
2374.8,2,09:19:09.525947264
2374.9,2,09:19:10.747370030
2375.0,1,09:19:10.995546617
2375.0,8,09:19:10.995585949
2375.1,5,09:19:12.495453793
2375.2,9,09:19:12.495453793
2375.3,1,09:19:12.495469025
2375.3,1,09:19:12.527594279
2375.3,2,09:19:12.941295412
2375.3,1,09:19:13.501878804
2375.3,2,09:19:14.006989645
2375.2,1,09:19:14.765375159
2375.2,2,09:19:14.765617436
2375.2,1,09:19:15.181689786
2375.2,1,09:19:16.121000041
2375.2,1,09:19:16.121235653
2375.2,1,09:19:16.850116910
2375.2,1,09:19:16.850336735
2375.2,1,09:19:17.531489152
2375.2,2,09:19:17.725466739
2375.2,1,09:19:17.845489769
2375.3,1,09:19:19.267510737
2375.3,4,09:19:19.693787491
2375.5,7,09:19:19.693787491
2375.4,13,09:19:19.693787491
2375.6,1,09:19:19.693819767
2375.5,1,09:19:19.695000975
2375.5,2,09:19:19.695061417
2375.5,3,09:19:19.695303594
2375.3,1,09:19:19.696163216
2375.4,1,09:19:19.698004072
2375.2,2,09:19:20.016242323
2375.2,1,09:19:20.017207081
2375.2,2,09:19:20.017558647
2375.2,2,09:19:20.283716915
2375.1,1,09:19:21.437693787
2375.0,1,09:19:21.770019693
2374.9,6,09:19:21.824890948
2374.9,1,09:19:21.848847946
2374.7,1,09:19:22.206503852
2374.7,1,09:19:22.206796114
2374.7,1,09:19:22.207283304
2374.8,1,09:19:22.353048913
2374.8,1,09:19:23.069930594
2374.8,1,09:19:23.069998361
2374.8,1,09:19:23.070026999
2374.8,1,09:19:23.070474192
2374.8,1,09:19:23.070524394
2374.8,2,09:19:23.072379161
2374.8,1,09:19:23.073306527
2374.7,5,09:19:23.074887688
2374.6,2,09:19:23.076972531
2374.7,2,09:19:23.484326253
2374.7,1,09:19:23.485175418
2374.8,3,09:19:24.410245252
2374.9,2,09:19:24.434199134
2374.8,1,09:19:24.589984223
2374.7,1,09:19:25.099332635
2374.6,1,09:19:25.100263496
2374.6,2,09:19:25.100561390
2374.5,2,09:19:25.294429847
2374.5,1,09:19:25.294869922
2374.5,2,09:19:25.295132776
2374.4,1,09:19:25.451745331
2374.5,1,09:19:25.765122467
2374.5,2,09:19:27.006670184
2374.5,1,09:19:27.006758474
2374.4,1,09:19:27.045221947
2374.3,1,09:19:27.338747558
2374.4,1,09:19:27.618677284
2374.5,1,09:19:29.493118746
2374.5,1,09:19:30.794182994
2374.5,1,09:19:32.405775468
2374.4,1,09:19:33.916879941
2374.3,1,09:19:34.215172494
2374.3,1,09:19:34.215610084
2374.3,1,09:19:34.217577330
2374.2,3,09:19:36.305673756
2374.3,4,09:19:36.306154537
2374.3,2,09:19:36.306334903
2374.4,5,09:19:36.307113949
2374.5,1,09:19:36.597656246
2374.7,1,09:19:37.664473282
2374.6,1,09:19:39.080624957
2374.5,1,09:19:40.005722385
2374.5,2,09:19:40.005982841
2374.4,1,09:19:40.056740620
2374.5,1,09:19:40.762472824
2374.2,1,09:19:42.304175178
2374.3,1,09:19:42.330610118
2374.2,1,09:19:44.091205006
2374.2,2,09:19:44.091556565
2374.1,4,09:19:44.156274664
2374.1,1,09:19:44.156622534
2374.0,1,09:19:45.647253490
2374.0,2,09:19:45.647267266
2374.0,1,09:19:45.647504106
2374.0,1,09:19:45.934583442
2374.0,3,09:19:46.469710852
2374.2,8,09:19:46.469710852
2374.1,6,09:19:46.469710852
2374.2,8,09:19:46.470871765
2374.0,2,09:19:46.471639519
2374.0,1,09:19:46.505763359
2374.0,1,09:19:46.506188030
2374.1,1,09:19:47.383700250
2374.3,1,09:19:48.739259890
2374.3,1,09:19:48.739779164
2374.5,7,09:19:49.513832205
2374.4,3,09:19:49.513832205
2374.7,5,09:19:49.513832205
2374.6,5,09:19:49.513832205
2374.4,1,09:19:49.515768812
2374.4,1,09:19:49.516070210
2374.5,1,09:19:49.766420044
2374.4,2,09:19:49.787665065
2374.4,1,09:19:49.788360375
2374.2,3,09:19:51.737724863
2374.4,3,09:19:53.646636925
2374.4,1,09:19:55.062011549
2374.4,1,09:19:55.062231118
2374.2,1,09:19:57.314482028
2374.3,1,09:19:58.278039223
2374.2,1,09:19:59.104565249
2374.2,3,09:19:59.105212843
2374.3,2,09:19:59.487255102
2374.3,1,09:20:00.106527761
2374.3,1,09:20:00.107373308
2374.3,1,09:20:02.939383989
2374.2,5,09:20:05.063579975
2374.4,3,09:20:06.710506709
2374.5,1,09:20:06.792877853
2374.6,1,09:20:07.812615295
2374.5,1,09:20:07.813815227
2374.5,1,09:20:10.847296194
2374.6,1,09:20:14.007458694
2374.7,3,09:20:14.051336813
2374.6,1,09:20:15.025657797
2374.7,1,09:20:15.530462169
2374.8,1,09:20:16.571015704
2374.8,1,09:20:17.014361378
2374.8,1,09:20:17.045498690
2374.8,1,09:20:17.392969742
2374.8,1,09:20:18.529490010
2374.9,1,09:20:20.308661112
2374.9,1,09:20:20.348466846
2375.0,3,09:20:21.419480917
2375.1,1,09:20:21.422388038
2375.1,3,09:20:21.426365946
2375.1,1,09:20:21.426797910
2375.1,2,09:20:21.426865006
2375.2,2,09:20:23.961316046
2375.3,3,09:20:24.260676448
2375.3,1,09:20:24.261524932
2375.4,1,09:20:24.367077746
2375.3,1,09:20:24.372486223
2375.3,1,09:20:24.372872196
2375.3,1,09:20:24.396014404
2375.2,4,09:20:24.419123401
2375.3,1,09:20:24.419767270
2375.3,2,09:20:24.420612280
2375.5,5,09:20:24.452967278
2375.4,1,09:20:24.454024112
2375.5,1,09:20:26.082721222
2375.5,2,09:20:26.083685497
2375.5,3,09:20:26.580112176
2375.5,1,09:20:26.651992212
2375.6,1,09:20:26.679283694
2375.6,3,09:20:26.679475288
2375.6,1,09:20:26.679506853
2375.6,1,09:20:26.679572278
2375.6,6,09:20:26.679619323
2375.6,3,09:20:26.679743451
2375.6,2,09:20:26.679778655
2375.6,34,09:20:26.679852451
2375.7,1,09:20:26.682958728
2375.7,1,09:20:26.684617603
2375.6,1,09:20:26.690992545
2375.5,1,09:20:26.695393594
2375.5,1,09:20:26.697854485
2375.5,1,09:20:26.698237568
2375.5,1,09:20:27.019430030
2375.5,1,09:20:27.978576156
2375.5,2,09:20:28.062374597
2375.4,1,09:20:28.385546044
2375.4,2,09:20:28.385742426
2375.4,1,09:20:28.578114430
2375.4,1,09:20:28.659713532
2375.3,1,09:20:28.997616827
2375.3,1,09:20:28.998086305
2375.2,4,09:20:29.191938895
2375.2,1,09:20:29.554869977
2375.3,1,09:20:29.555953074
2375.4,1,09:20:29.563808946
2375.2,8,09:20:31.466251390
2375.3,2,09:20:31.466251390
2375.3,2,09:20:32.445536112
2375.5,3,09:20:33.413529743
2375.4,6,09:20:33.413529743
2375.3,1,09:20:34.727710525
2375.4,1,09:20:35.100509224
2375.4,1,09:20:36.920037390
2375.4,1,09:20:37.048067723
2375.4,3,09:20:37.048412642
2375.5,1,09:20:40.326419349
2375.6,3,09:20:40.592278682
2375.7,1,09:20:45.045717002
2375.6,3,09:20:46.348442954
2375.6,3,09:20:47.341180980
2375.8,1,09:20:47.911719802
2375.8,2,09:20:47.911733668
2375.8,4,09:20:47.911733668
2375.9,1,09:20:47.911733668
2375.9,2,09:20:47.911762744
2375.8,1,09:20:48.190917065
2375.8,1,09:20:48.310388666
2375.7,1,09:20:48.376211372
2375.9,1,09:20:48.568959985
2375.8,1,09:20:49.133723603
2375.9,1,09:20:49.508241578
2375.9,1,09:20:49.935135243
2375.9,1,09:20:50.098953934
2375.9,1,09:20:50.775223954
2375.9,5,09:20:51.600203351
2376.0,2,09:20:51.600203351
2376.0,1,09:20:51.600218014
2375.9,1,09:20:51.601209199
2375.8,1,09:20:51.602303311
2375.8,2,09:20:51.602342998
2375.8,2,09:20:51.602409207
2375.9,4,09:20:51.602563036
2375.8,1,09:20:51.841818939
2375.8,1,09:20:51.851688377
2375.9,3,09:20:51.851688377
2375.8,1,09:20:51.852552164
2375.7,2,09:20:52.204368409
2375.8,1,09:20:52.807401466
2375.7,1,09:20:52.923170319
2375.8,1,09:20:53.430311961
2375.7,2,09:20:54.389602640
2375.9,2,09:20:54.409517116
2375.8,1,09:20:55.089619792
2375.8,1,09:20:56.713360982
2375.9,1,09:20:56.895502987
2375.8,1,09:21:00.245756082
2375.7,1,09:21:01.558639263
2375.7,1,09:21:01.558912263
2375.7,1,09:21:02.116103203
2375.7,1,09:21:02.116250895
2375.8,2,09:21:02.147356505
2375.8,1,09:21:02.487245363
2375.8,1,09:21:02.593059525
2375.8,1,09:21:02.593425394
2375.9,5,09:21:02.973832216
2375.9,3,09:21:03.518644815
2376.0,1,09:21:03.591097071
2376.0,2,09:21:03.591305834
2376.0,1,09:21:03.591518721
2376.0,5,09:21:03.591813961
2376.0,1,09:21:03.591900594
2376.0,1,09:21:03.592045946
2376.0,2,09:21:03.592104569
2376.0,1,09:21:03.592468353
2376.0,2,09:21:03.592588806
2376.0,1,09:21:03.592876003
2376.1,3,09:21:03.613765735
2376.1,7,09:21:03.906406392
2376.0,1,09:21:04.031226071
2376.1,3,09:21:04.042340890
2376.1,1,09:21:04.420314580
2376.2,2,09:21:04.420314580
2376.2,1,09:21:04.425671766
2376.1,1,09:21:04.426097666
2376.0,1,09:21:04.447193244
2376.1,1,09:21:04.602294356
2375.9,1,09:21:04.765119874
2375.9,1,09:21:04.765134370
2375.9,2,09:21:04.766114902
2375.8,2,09:21:05.006058730
2375.8,1,09:21:05.026240258
2375.8,1,09:21:05.047017733
2376.0,1,09:21:05.498849750
2375.9,3,09:21:05.498849750
2376.0,1,09:21:05.543372351
2375.8,2,09:21:06.141683168
2375.8,1,09:21:06.161591109
2375.8,1,09:21:06.182340219
2375.8,1,09:21:06.203210193
2375.9,4,09:21:07.254611977
2376.0,1,09:21:07.654703456
2376.0,1,09:21:07.655314343
2376.0,2,09:21:08.216371727
2375.9,1,09:21:08.639253001
2376.0,1,09:21:09.002413649
2376.0,2,09:21:09.906549972
2376.0,3,09:21:11.418092475
2376.1,1,09:21:11.884340230
2376.1,3,09:21:12.089581035
2376.0,1,09:21:12.156746563
2376.0,1,09:21:12.433214670
2375.9,5,09:21:13.038160131
2375.9,7,09:21:13.038487056
2375.9,3,09:21:13.038565266
2376.0,1,09:21:13.280309448
2376.0,3,09:21:13.717186801
2376.1,1,09:21:13.717186801
2376.0,1,09:21:14.025604109
2375.9,1,09:21:14.548771802
2376.1,4,09:21:15.229348288
2375.9,6,09:21:15.418945318
2375.8,1,09:21:15.418945318
2375.9,1,09:21:15.420526860
2375.9,1,09:21:15.576785191
2376.0,1,09:21:16.322464912
2375.9,1,09:21:16.393907781
2375.9,1,09:21:16.394184247
2375.9,1,09:21:16.395146353
2375.8,1,09:21:16.421625338
2375.8,1,09:21:17.229077041
2375.8,2,09:21:17.229376794
2375.9,1,09:21:17.980523831
2375.9,1,09:21:19.070144606
2375.8,1,09:21:19.793501313
2375.8,1,09:21:19.822127784
2375.9,1,09:21:20.553426195
2375.9,1,09:21:20.553669736
2375.8,1,09:21:21.172382824
2375.9,1,09:21:21.190007845
2375.8,1,09:21:21.216701702
2375.8,1,09:21:21.386950594
2375.8,1,09:21:24.178918333
2375.9,1,09:21:24.178968027
2375.8,2,09:21:24.791072962
2375.8,1,09:21:24.791616716
2375.9,3,09:21:24.845090470
2376.0,3,09:21:25.218923348
2376.0,2,09:21:25.219458057
2375.9,5,09:21:25.264184793
2375.9,2,09:21:25.264454427
2375.8,4,09:21:26.424039596
2375.8,1,09:21:26.424766705
2375.9,1,09:21:26.454651698
2375.9,1,09:21:26.455044439
2375.8,6,09:21:26.478159203
2375.8,4,09:21:26.479180491
2375.9,1,09:21:26.594616256
2375.9,1,09:21:27.115925273
2375.9,1,09:21:27.446210070
2376.0,1,09:21:28.340909423
2375.8,1,09:21:30.591397689
2375.9,2,09:21:32.122342415
2375.8,1,09:21:32.123260193
2375.9,1,09:21:32.124363937
2376.0,1,09:21:33.099237979
2376.1,2,09:21:33.626204810
2376.1,2,09:21:33.626435029
2376.2,2,09:21:34.641727236
2376.3,2,09:21:34.647837558
2376.4,1,09:21:34.647844508
2376.5,1,09:21:34.943022985
2376.4,1,09:21:34.943022985
2376.4,1,09:21:35.102249059
2376.2,1,09:21:35.590398891
2376.3,1,09:21:36.167243172
2376.3,1,09:21:36.237704493
2376.3,1,09:21:36.237923352
2376.2,1,09:21:36.246396752
2376.4,1,09:21:38.448027237
2376.3,1,09:21:39.190792326
2376.3,1,09:21:39.900538391
2376.2,1,09:21:40.407382230
2376.3,1,09:21:40.649113206
2376.3,1,09:21:40.649577123
2376.4,1,09:21:40.650568119
2376.4,1,09:21:40.728302283
2376.4,1,09:21:40.728534793
2376.3,1,09:21:41.128430933
2376.4,1,09:21:42.089579081
2376.5,3,09:21:42.089915897
2376.5,2,09:21:43.516561450
2376.6,1,09:21:43.613091862
2376.6,2,09:21:43.613108172
2376.6,1,09:21:43.613850469
2376.5,4,09:21:43.614499771
2376.6,2,09:21:43.832967463
2376.5,1,09:21:43.949332330
2376.6,1,09:21:44.317806319
2376.8,5,09:21:44.569584645
2376.7,5,09:21:44.569584645
2376.9,4,09:21:44.569601702
2376.7,1,09:21:44.571872513
2376.7,1,09:21:44.572117519
2376.6,1,09:21:44.575173754
2376.7,4,09:21:44.752418065
2376.6,1,09:21:44.752868999
2376.6,1,09:21:44.753553580
2376.6,1,09:21:44.753655396
2376.5,1,09:21:44.978296046
2376.4,5,09:21:44.999318889
2376.4,3,09:21:44.999737310
2376.5,1,09:21:45.002805680
2376.5,1,09:21:45.014124097
2376.6,3,09:21:45.355249176
2376.5,1,09:21:45.356083193
2376.6,1,09:21:45.356270557
2376.6,1,09:21:45.495887238
2376.7,1,09:21:45.548311463
2376.4,1,09:21:47.056979502
2376.5,1,09:21:47.445443381
2376.2,4,09:21:47.627527390
2376.3,6,09:21:47.627527390
2376.3,1,09:21:47.629516884
2376.3,1,09:21:47.678057998
2376.3,1,09:21:47.957185762
2376.4,3,09:21:49.789311312
2376.5,7,09:21:49.789311312
2376.6,7,09:21:49.906027002
2376.5,1,09:21:49.906027002
2376.7,2,09:21:49.906027002
2376.5,1,09:21:49.907977291
2376.5,1,09:21:49.908098999
2376.5,1,09:21:50.145116086
2376.5,1,09:21:50.145512888
2376.5,1,09:21:50.185852207
2376.4,3,09:21:51.408335053
2376.3,1,09:21:51.605095590
2376.3,2,09:21:52.037172547
2376.3,1,09:21:52.352388252
2376.3,1,09:21:52.352901206
2376.3,1,09:21:52.353158760
2376.4,1,09:21:53.523913077
2376.4,3,09:21:53.524185222
2376.3,1,09:21:53.524311392
2376.4,1,09:21:53.524942605
2376.5,1,09:21:53.529534905
2376.3,2,09:21:54.044234970
2376.4,1,09:21:54.045853796
2376.3,3,09:21:54.846607676
2376.3,1,09:21:56.094574222
2376.3,1,09:21:56.094918660
2376.3,2,09:21:56.661256710
2376.4,8,09:21:56.661593568
2376.3,1,09:21:56.662623956
2376.3,1,09:21:56.662742807
2376.3,1,09:21:56.686624988
2376.3,1,09:21:56.686850618
2376.2,1,09:21:56.779450726
2376.3,1,09:21:57.623312054
2376.4,2,09:21:58.129655511
2376.3,1,09:21:58.333790762
2376.3,1,09:21:59.112475203
2376.4,5,09:21:59.288105531
2376.3,1,09:21:59.981483847
2376.2,4,09:21:59.981615184
2376.2,1,09:21:59.983102965
2376.3,2,09:22:00.037572675
2376.1,1,09:22:00.193976041
2376.1,1,09:22:00.208698440
2376.1,2,09:22:01.100270411
2376.1,1,09:22:01.186087270
2376.2,1,09:22:01.629796734
2376.0,1,09:22:01.676404722
2376.1,1,09:22:01.676404722
2375.9,6,09:22:01.678216064
2376.0,15,09:22:01.678216064
2375.9,2,09:22:01.681005698
2376.0,1,09:22:01.699902966
2375.9,1,09:22:02.205653783
2375.9,2,09:22:02.205701343
2375.8,2,09:22:02.676290980
2375.8,1,09:22:03.345900539
2375.8,1,09:22:03.366760494
2375.7,4,09:22:03.675300217
2375.7,2,09:22:04.051938767
2375.7,1,09:22:04.052632451
2375.7,3,09:22:04.551063399
2375.7,1,09:22:04.571096149
2375.6,2,09:22:04.673589534
2375.6,1,09:22:04.699609339
2375.6,1,09:22:04.934158602
2375.7,2,09:22:05.041026931
2375.7,1,09:22:05.155554949
2375.6,1,09:22:05.334571612
2375.6,1,09:22:05.632716402
2375.6,1,09:22:05.675693231
2375.7,4,09:22:06.611213242
2375.7,2,09:22:06.611546104
2375.6,1,09:22:06.623430788
2375.6,1,09:22:06.675212137
2375.6,1,09:22:06.675432346
2375.5,5,09:22:06.687153517
2375.5,1,09:22:06.687166813
2375.5,1,09:22:06.689045808
2375.5,1,09:22:06.690439039
2375.6,1,09:22:06.695405779
2375.4,2,09:22:06.733849252
2375.4,2,09:22:06.734096285
2375.4,2,09:22:06.735675971
2375.4,3,09:22:06.735884849
2375.5,3,09:22:06.736275278
2375.5,1,09:22:06.736570293
2375.5,1,09:22:06.895548751
2375.5,2,09:22:07.689288192
2375.6,1,09:22:08.236739962
2375.5,1,09:22:08.689554261
2375.5,1,09:22:08.689834833
2375.6,3,09:22:09.184008525
2375.6,1,09:22:09.184254536
2375.5,1,09:22:09.549348689
2375.6,1,09:22:09.559518279
2375.5,4,09:22:09.689449598
2375.7,4,09:22:09.743378135
2375.7,3,09:22:10.239040331
2375.7,1,09:22:10.689494135
2376.0,2,09:22:10.774972791
2375.8,8,09:22:10.774972791
2375.9,10,09:22:10.774972791
2375.9,1,09:22:10.777598079
2375.8,1,09:22:11.082842338
2375.8,1,09:22:11.082875036
2375.8,1,09:22:11.689552197
2375.8,1,09:22:11.689799178
2375.7,2,09:22:11.800760368
2375.7,1,09:22:11.830096118
2375.8,2,09:22:12.655130206
2375.8,1,09:22:12.660015039
2375.7,1,09:22:12.688273238
2375.7,1,09:22:13.070704879
2375.8,1,09:22:13.550814000
2375.9,1,09:22:14.025574097
2375.9,1,09:22:14.831005681
2375.9,1,09:22:14.832391606
2375.9,1,09:22:14.832472712
2375.9,1,09:22:15.344625472
2375.9,2,09:22:15.344820573
2375.9,1,09:22:15.344875051
2375.8,4,09:22:16.829281220
2375.7,1,09:22:16.829281220
2375.8,1,09:22:17.096048370
2375.8,1,09:22:17.851306972
2375.8,1,09:22:17.851425647
2375.8,2,09:22:18.595862827
2375.7,1,09:22:19.848029918
2375.7,1,09:22:19.848756467
2375.7,1,09:22:19.849126311
2375.7,1,09:22:19.970610602
2375.6,1,09:22:20.127539355
2375.5,2,09:22:21.092916970
2375.5,1,09:22:21.092996149
2375.4,1,09:22:21.094165798
2375.4,1,09:22:21.140003210
2375.3,2,09:22:21.378351334
2375.3,1,09:22:21.378368032
2375.4,1,09:22:22.124219469
2375.3,4,09:22:22.138557741
2375.4,1,09:22:22.139671812
2375.4,1,09:22:22.140047416
2375.4,1,09:22:22.159654874
2375.4,2,09:22:23.138678306
2375.4,1,09:22:23.138970011
2375.5,2,09:22:23.166763788
2375.5,1,09:22:23.167487431
2375.5,1,09:22:24.091771136
2375.4,4,09:22:24.139215125
2375.4,2,09:22:25.139097102
2375.3,1,09:22:25.222703064
2375.5,2,09:22:26.225706881
2375.4,1,09:22:26.225794899
2375.5,1,09:22:26.558868200
2375.6,2,09:22:26.559081001
2375.5,2,09:22:26.570470943
2375.6,3,09:22:27.122941289
2375.5,1,09:22:29.101522282
2375.5,1,09:22:29.101892376
2375.5,1,09:22:31.045315600
2375.5,1,09:22:31.045897013
2375.6,1,09:22:32.460830608
2375.7,3,09:22:32.733919550
2375.6,3,09:22:32.745985258
2375.7,1,09:22:35.241749648
2375.6,1,09:22:36.255009555
2375.7,4,09:22:36.260148822
2375.8,4,09:22:39.563568378
2375.9,8,09:22:39.564846174
2376.0,1,09:22:39.569380636
2376.0,4,09:22:39.569662398
2376.0,7,09:22:39.569872128
2376.0,2,09:22:39.569931867
2376.0,1,09:22:39.570734654
2376.0,1,09:22:39.570986650
2376.0,1,09:22:39.571150467
2375.9,2,09:22:39.578496184
2375.9,1,09:22:39.578757084
2375.9,1,09:22:39.934871012
2375.9,1,09:22:40.577034578
2375.9,1,09:22:41.540864118
2375.8,2,09:22:41.576609181
2375.9,2,09:22:41.794089667
2376.0,1,09:22:43.043202895
2376.0,1,09:22:43.043473768
2376.1,1,09:22:43.489648495
2375.9,1,09:22:44.261702390
2376.0,2,09:22:44.261702390
2375.9,1,09:22:47.383408260
2375.8,1,09:22:48.771205543
2375.8,1,09:22:48.772373778
2375.7,1,09:22:49.771595352
2375.8,1,09:22:50.390301388
2375.8,1,09:22:50.466383214
2375.9,1,09:22:50.640577876
2375.9,3,09:22:53.676280520
2375.8,1,09:22:57.778931886
2375.7,2,09:23:00.035940317
2375.7,1,09:23:00.314476116
2375.8,2,09:23:00.445699324
2375.8,1,09:23:00.445798862
2375.9,2,09:23:00.446781151
2376.0,8,09:23:01.081989542
2376.1,2,09:23:01.083156187
2376.1,1,09:23:01.083882915
2376.2,1,09:23:01.851063555
2376.2,2,09:23:01.851262961
2376.3,1,09:23:02.096992315
2376.3,2,09:23:02.097219686
2376.3,1,09:23:02.097726045
2376.2,1,09:23:02.383722785
2376.1,2,09:23:03.009077147
2376.0,1,09:23:03.602337789
2376.0,1,09:23:03.723473246
2376.1,1,09:23:05.678646476
2375.9,2,09:23:06.583133170
2376.0,1,09:23:07.024136070
2376.1,6,09:23:09.259279481
2376.0,3,09:23:09.259279481
2376.1,8,09:23:09.260657477
2376.1,3,09:23:09.260777799
2376.1,1,09:23:09.262260402
2376.1,4,09:23:09.567125100
2376.1,1,09:23:10.896430300
2376.2,3,09:23:11.672311937
2376.1,1,09:23:12.656331799
2376.1,1,09:23:12.698750959
2376.2,1,09:23:14.025574948
2376.2,2,09:23:14.265434405
2376.2,1,09:23:14.266312281
2376.2,2,09:23:14.266348285
2376.4,3,09:23:14.268416458
2376.3,2,09:23:14.268416458
2376.3,2,09:23:15.045724353
2376.4,1,09:23:15.046669722
2376.5,1,09:23:15.605884892
2376.6,1,09:23:16.041989096
2376.5,1,09:23:17.065560821
2376.4,1,09:23:17.088280029
2376.5,3,09:23:17.446183457
2376.4,1,09:23:17.447280117
2376.4,1,09:23:17.447507014
2376.5,3,09:23:18.375545777
2376.5,1,09:23:18.376539743
2376.4,1,09:23:18.405302233
2376.4,1,09:23:19.227463361
2376.4,1,09:23:19.227848457
2376.5,1,09:23:19.642168027
2376.5,3,09:23:19.642799328
2376.6,3,09:23:19.645165341
2376.5,1,09:23:21.129105344
2376.5,1,09:23:22.674549538
2376.6,1,09:23:22.678321874
2376.6,1,09:23:22.678687855
2376.6,4,09:23:22.678990595
2376.6,1,09:23:22.680767491
2376.7,1,09:23:22.839651007
2376.7,1,09:23:22.840026097
2376.8,1,09:23:22.851155665
2376.8,1,09:23:22.948877721
2376.9,1,09:23:23.207483064
2376.9,2,09:23:23.207535888
2376.9,1,09:23:23.207714777
2376.9,1,09:23:23.207766599
2376.8,1,09:23:23.554127022
2376.8,1,09:23:23.970382597
2376.9,1,09:23:25.699400874
2377.0,1,09:23:25.700638473
2377.0,1,09:23:25.700652487
2377.1,1,09:23:25.700652487
2377.0,4,09:23:25.700652487
2377.1,1,09:23:25.700713806
2377.1,1,09:23:25.787669340
2377.1,1,09:23:25.991464685
2377.1,1,09:23:25.991812034
2377.1,2,09:23:25.992092426
2377.1,1,09:23:26.471048578
2377.1,1,09:23:26.474964068
2377.2,3,09:23:26.644152624
2377.0,1,09:23:26.947330362
2376.9,1,09:23:26.948330258
2376.9,1,09:23:27.866520993
2377.0,6,09:23:30.412890291
2377.0,4,09:23:30.413994144
2377.1,1,09:23:30.414366734
2377.0,1,09:23:30.415134337
2377.0,1,09:23:30.415838149
2377.1,1,09:23:30.706450343
2377.1,2,09:23:30.706527621
2377.1,1,09:23:30.726543878
2377.0,1,09:23:30.903954069
2377.1,1,09:23:32.461264232
2377.1,1,09:23:32.461874676
2377.1,1,09:23:33.118658465
2377.1,1,09:23:33.381295048
2377.1,1,09:23:33.385359289
2377.3,5,09:23:34.077668272
2377.2,4,09:23:34.077668272
2377.1,1,09:23:34.080294523
2377.2,5,09:23:34.091045373
2377.2,1,09:23:34.091387220
2377.3,1,09:23:34.121914603
2377.3,1,09:23:34.384905080
2377.3,1,09:23:35.078515960
2377.4,1,09:23:35.209948947
2377.2,1,09:23:35.433286237
2377.3,1,09:23:35.594088217
2377.2,2,09:23:36.030652311
2377.2,1,09:23:36.030989984
2377.3,4,09:23:36.031762857
2377.4,6,09:23:36.031762857
2377.3,1,09:23:36.038804766
2377.3,1,09:23:36.119585926
2377.1,1,09:23:36.763613251
2377.1,1,09:23:37.045923793
2377.1,1,09:23:37.075191544
2377.2,1,09:23:37.149574665
2377.2,1,09:23:37.640812438
2377.1,1,09:23:38.039938675
2377.0,2,09:23:38.069917689
2377.0,1,09:23:38.304773577
2377.3,3,09:23:38.932996931
2377.1,7,09:23:38.932996931
2377.2,7,09:23:38.932996931
2377.1,1,09:23:39.070747214
2377.1,1,09:23:39.071487008
2377.1,1,09:23:39.178469180
2377.1,1,09:23:39.178781775
2377.2,3,09:23:39.283978161
2377.3,1,09:23:39.284673791
2377.2,2,09:23:39.284762285
2377.3,1,09:23:39.285413636
2377.3,1,09:23:39.285822566
2377.2,8,09:23:39.293260239
2377.2,2,09:23:39.293321245
2377.2,3,09:23:39.293392146
2377.2,2,09:23:39.293565734
2377.2,1,09:23:39.293599782
2377.2,2,09:23:39.293630119
2377.3,1,09:23:39.410532824
2377.2,2,09:23:39.865462183
2377.1,2,09:23:40.804925140
2377.1,1,09:23:41.976811133
2377.1,1,09:23:41.976923081
2377.2,4,09:23:42.355151651
2377.2,1,09:23:42.355811623
2377.3,4,09:23:42.393132302
2377.4,8,09:23:42.393132302
2377.5,5,09:23:42.393132302
2377.4,2,09:23:42.472072093
2377.4,1,09:23:42.472349592
2377.3,1,09:23:42.584255698
2377.3,1,09:23:42.850331800
2377.2,2,09:23:43.405009233
2377.2,3,09:23:43.405605465
2377.3,3,09:23:45.396044029
2377.2,1,09:23:45.418998178
2377.3,2,09:23:45.814767913
2377.3,6,09:23:46.272799364
2377.3,1,09:23:46.273781396
2377.4,1,09:23:47.309731766
2377.4,3,09:23:47.310212290
2377.4,1,09:23:47.311782149
2377.4,4,09:23:49.061861130
2377.4,1,09:23:49.062090913
2377.5,1,09:23:49.274009342
2377.5,2,09:23:49.274027681
2377.4,1,09:23:49.884721780
2377.4,1,09:23:49.886396572
2377.4,1,09:23:50.909488396
2377.4,1,09:23:51.230777957
2377.3,2,09:23:51.875850694
2377.3,1,09:23:51.913654458
2377.3,2,09:23:51.964092227
2377.3,2,09:23:52.066344080
2377.4,1,09:23:52.066344080
2377.3,1,09:23:52.705297039
2377.3,1,09:23:52.705395708
2377.4,1,09:23:54.121583339
2377.4,1,09:23:54.121711774
2377.5,1,09:23:54.121711774
2377.4,1,09:23:54.412371765
2377.3,1,09:23:54.412371765
2377.4,1,09:23:55.760594370
2377.5,1,09:23:56.351314817
2377.4,1,09:23:56.959980274
2377.5,3,09:23:56.985731551
2377.4,1,09:23:57.706910427
2377.4,1,09:23:57.707412514
2377.5,3,09:23:58.378525916
2377.6,2,09:23:59.434378806
2377.6,1,09:23:59.709218147
2377.5,1,09:24:00.131927251
2377.6,1,09:24:00.240737809
2377.5,1,09:24:00.322187732
2377.5,1,09:24:00.507456472
2377.7,4,09:24:01.789941306
2377.7,1,09:24:01.794639981
2377.8,3,09:24:01.878517105
2377.8,3,09:24:01.910331023
2377.7,1,09:24:01.926375660
2377.7,1,09:24:02.060503532
2377.6,1,09:24:02.196136859
2377.6,1,09:24:02.196953947
2377.6,1,09:24:02.197024669
2377.4,1,09:24:02.262072549
2377.4,1,09:24:02.327704842
2377.5,1,09:24:02.328294255
2377.4,1,09:24:02.384396945
2377.4,1,09:24:02.388451561
2377.4,1,09:24:02.392471178
2377.4,2,09:24:02.392706322
2377.3,1,09:24:02.392808932
2377.3,1,09:24:02.394069284
2377.3,1,09:24:02.394287298
2377.2,1,09:24:02.395592975
2377.2,1,09:24:02.395802960
2377.2,6,09:24:02.396052427
2377.3,1,09:24:02.396274368
2377.3,1,09:24:02.396638868
2377.3,1,09:24:02.425207985
2377.4,1,09:24:02.445973056
2377.4,1,09:24:02.539769698
2377.4,1,09:24:02.540096021
2377.4,1,09:24:02.571735450
2377.3,1,09:24:02.898259669
2377.3,1,09:24:02.898631904
2377.4,1,09:24:03.373766260
2377.2,1,09:24:03.622382923
2377.2,1,09:24:03.622775245
2377.1,7,09:24:04.094531791
2377.1,1,09:24:04.096218634
2377.1,1,09:24:04.794824750
2377.0,1,09:24:05.369556283
2377.0,1,09:24:05.742742131
2377.1,1,09:24:06.073942518
2377.1,1,09:24:06.197725116
2377.3,2,09:24:06.335513584
2377.2,1,09:24:06.355530397
2377.0,4,09:24:06.619053041
2377.0,1,09:24:06.620008439
2377.0,1,09:24:06.620082371
2377.0,1,09:24:06.620473000
2377.0,1,09:24:06.620568461
2377.0,1,09:24:06.620594112
2377.0,4,09:24:06.621590465
2377.1,2,09:24:07.487633915
2377.0,4,09:24:07.518215588
2377.0,1,09:24:07.518577804
2377.1,1,09:24:08.122468546
2377.1,1,09:24:08.122550570
2376.9,5,09:24:09.302139900
2377.0,1,09:24:09.303053522
2377.0,1,09:24:09.304245558
2377.0,2,09:24:09.314967500
2377.0,1,09:24:09.398792150
2376.9,1,09:24:11.399846428
2376.9,1,09:24:11.593419054
2376.9,1,09:24:11.646810541
2376.9,1,09:24:11.647637676
2376.9,1,09:24:11.671329880
2377.0,3,09:24:12.162545146
2377.0,1,09:24:12.461691279
2377.1,1,09:24:12.606701584
2377.1,1,09:24:12.606959689
2376.9,3,09:24:13.510247844
2376.9,1,09:24:13.511342535
2377.0,2,09:24:14.006918225
2377.0,1,09:24:14.094195170
2377.1,1,09:24:14.849802050
2377.1,2,09:24:15.026204278
2377.0,2,09:24:15.046126899
2377.0,1,09:24:15.046635269
2377.0,1,09:24:15.046705443
2376.9,2,09:24:15.054949949
2377.0,1,09:24:15.199589145
2376.9,1,09:24:16.042555460
2377.0,2,09:24:16.270962923
2376.9,1,09:24:16.340887472
2376.9,1,09:24:17.823487575
2377.0,3,09:24:18.495581923
2376.9,1,09:24:18.628048990
2376.9,1,09:24:19.185191149
2377.0,1,09:24:19.622474726
2377.0,1,09:24:19.622736713
2376.9,1,09:24:20.553852142
2376.9,1,09:24:20.601490140
2376.9,4,09:24:22.186844432
2376.9,5,09:24:22.188241501
2377.1,1,09:24:22.297795126
2377.1,1,09:24:22.593849933
2377.1,2,09:24:22.594360564
2377.2,1,09:24:23.453363147
2377.1,2,09:24:23.762965493
2377.1,1,09:24:23.763369482
2377.0,1,09:24:25.619094696
2377.0,1,09:24:28.191572951
2377.0,1,09:24:28.191691193
2377.0,1,09:24:28.204838739
2376.9,1,09:24:28.879492155
2376.9,1,09:24:28.879761863
2376.8,2,09:24:30.920562426
2376.8,2,09:24:31.880939992
2376.9,1,09:24:34.244903162
2377.0,1,09:24:34.245026108
2376.9,1,09:24:34.245026108
2377.0,2,09:24:36.366390186
2377.1,1,09:24:38.072831524
2377.1,1,09:24:38.672215268
2377.1,2,09:24:38.672286086
2377.1,1,09:24:39.879916014
2377.0,2,09:24:40.735403008
2377.0,3,09:24:43.988412961
2377.0,3,09:24:43.988497779
2377.0,1,09:24:43.988534582
2377.0,3,09:24:43.988585319
2377.1,4,09:24:44.865469728
2377.0,1,09:24:44.878239804
2377.0,1,09:24:45.094719134
2376.9,1,09:24:45.709050877
2376.9,1,09:24:46.247622155
2376.9,1,09:24:47.118232679
2376.9,1,09:24:48.666451244
2377.0,2,09:24:49.605995402
2377.1,1,09:24:49.779964256
2377.1,1,09:24:50.400129396
2377.0,1,09:24:50.672765692
2377.1,1,09:24:52.766893443
2377.1,1,09:24:53.647175056
2377.2,3,09:24:54.720059557
2377.1,2,09:24:54.720059557
2377.2,1,09:24:57.054712285
2377.0,1,09:24:57.367588339
2377.1,1,09:24:57.418258548
2377.1,1,09:24:57.514697691
2377.1,1,09:24:57.796896784
2377.2,1,09:24:58.670592807
2377.3,1,09:24:58.670764381
2377.2,1,09:24:58.670764381
2377.1,1,09:24:59.525571299
2377.1,1,09:24:59.526787410
2377.1,2,09:24:59.542945778
2377.2,1,09:25:00.529819848
2377.3,2,09:25:00.862001155
2377.4,2,09:25:00.963089107
2377.4,1,09:25:00.968108712
2377.5,5,09:25:01.506440035
2377.4,1,09:25:01.593633453
2377.5,1,09:25:01.593989911
2377.6,1,09:25:01.595708609
2377.5,1,09:25:01.641683537
2377.5,1,09:25:01.902161680
2377.5,1,09:25:02.094774462
2377.4,1,09:25:02.302882834
2377.5,1,09:25:02.590537802
2377.5,3,09:25:02.590784027
2377.6,2,09:25:02.919510423
2377.5,2,09:25:02.923792915
2377.5,1,09:25:02.938578081
2377.6,2,09:25:03.147392099
2377.4,1,09:25:03.287145691
2377.3,5,09:25:05.107952424
2377.3,1,09:25:05.109089048
2377.4,1,09:25:05.329959417
2377.4,1,09:25:05.509510453
2377.5,4,09:25:05.790716597
2377.5,1,09:25:05.791240336
2377.5,1,09:25:05.864833671
2377.6,1,09:25:06.413059688
2377.6,2,09:25:07.680441519
2377.6,1,09:25:07.682474517
2377.7,4,09:25:07.696153975
2377.7,1,09:25:07.697296547
2377.8,2,09:25:08.123171140
2377.7,2,09:25:08.155836186
2377.7,1,09:25:08.156930137
2377.7,1,09:25:08.157353046
2377.6,1,09:25:08.559404086
2377.8,2,09:25:09.274393895
2377.7,1,09:25:09.275719019
2377.7,1,09:25:09.531677783
2377.8,1,09:25:10.370695577
2377.8,1,09:25:10.586358984
2377.6,2,09:25:12.012577359
2377.5,1,09:25:13.494422357
2377.5,3,09:25:15.063310774
2377.5,1,09:25:15.083431091
2377.5,1,09:25:15.084004700
2377.5,1,09:25:15.087537770
2377.6,1,09:25:15.203811591
2377.6,2,09:25:15.203904792
2377.5,1,09:25:15.784678463
2377.6,1,09:25:16.082583860
2377.5,1,09:25:16.775680426
2377.7,1,09:25:16.799007224
2377.7,4,09:25:18.145388142
2377.8,1,09:25:18.145388142
2377.7,1,09:25:18.146866173
2377.8,1,09:25:18.913481719
2377.6,1,09:25:18.996577831
2377.6,1,09:25:19.020664058
2377.5,1,09:25:19.420214198
2377.6,1,09:25:20.860365511
2377.5,1,09:25:21.389691019
2377.6,1,09:25:21.630106768
2377.7,3,09:25:21.681932792
2377.7,1,09:25:21.683085642
2377.8,1,09:25:21.893463105
2377.8,1,09:25:22.119273769
2377.6,4,09:25:27.908685873
2377.6,3,09:25:27.908729676
2377.7,2,09:25:27.908962682
2377.6,1,09:25:27.908962682
2377.6,1,09:25:27.909581264
2377.6,1,09:25:27.909659973
2377.6,1,09:25:28.099158290
2377.5,1,09:25:28.126564539
2377.5,1,09:25:29.098828235
2377.5,1,09:25:29.099054691
2377.5,1,09:25:29.099105291
2377.4,1,09:25:29.368285893
2377.5,1,09:25:29.380856499
2377.6,1,09:25:29.652023625
2377.5,1,09:25:31.897001679
2377.4,1,09:25:34.143372085
2377.4,8,09:25:34.144802002
2377.4,3,09:25:34.145838947
2377.4,1,09:25:34.146598768
2377.4,1,09:25:34.374080346
2377.4,1,09:25:34.511626236
2377.3,1,09:25:35.032327070
2377.3,4,09:25:35.032395567
2377.3,1,09:25:35.032689161
2377.2,3,09:25:35.199901757
2377.1,2,09:25:35.199901757
2377.1,1,09:25:35.325517887
2377.2,1,09:25:35.326565101
2377.1,5,09:25:38.564229069
2377.2,3,09:25:38.564229069
2377.0,2,09:25:38.564229069
2377.1,1,09:25:38.566329058
2377.1,1,09:25:38.779045435
2377.1,1,09:25:39.982661891
2377.2,1,09:25:40.080151800
2377.0,2,09:25:41.041398350
2376.9,2,09:25:41.041411121
2376.9,2,09:25:41.048154598
2376.9,5,09:25:41.048420585
2376.9,1,09:25:41.059893626
2377.0,5,09:25:41.175866378
2377.0,1,09:25:41.268000964
2377.0,2,09:25:41.853853599
2376.9,4,09:25:41.854367536
2376.9,1,09:25:41.855348237
2377.0,1,09:25:42.002688426
2377.0,1,09:25:42.002899598
2377.0,2,09:25:42.002934549
2377.0,3,09:25:42.002969789
2376.9,1,09:25:42.093650536
2376.9,2,09:25:42.093846454
2377.0,1,09:25:42.343814866
2376.8,1,09:25:44.183416449
2376.8,3,09:25:44.183431703
2376.8,1,09:25:44.183953086
2376.9,1,09:25:44.311425166
2376.8,6,09:25:45.184028796
2376.8,1,09:25:45.185247090
2376.8,1,09:25:45.185860587
2376.9,28,09:25:45.557457562
2376.9,2,09:25:45.557504833
2376.9,3,09:25:45.557547742
2376.9,1,09:25:45.557726736
2376.9,1,09:25:45.557775716
2376.9,1,09:25:45.558419358
2376.9,2,09:25:45.558976591
2376.9,1,09:25:45.559011178
2376.9,1,09:25:45.559062878
2376.9,1,09:25:45.559361175
2376.8,1,09:25:45.743066129
2376.7,4,09:25:46.005942243
2376.6,1,09:25:46.130650614
2376.6,2,09:25:46.711861804
2376.6,1,09:25:48.108712569
2376.7,1,09:25:49.146715837
2376.8,6,09:25:49.147032947
2376.9,5,09:25:49.147842618
2376.8,1,09:25:49.147947654
2376.8,1,09:25:49.743745913
2376.6,1,09:25:50.093035595
2376.7,1,09:25:50.297028890
2376.8,2,09:25:51.055754453
2376.9,1,09:25:51.067569747
2376.8,1,09:25:51.086530704
2376.9,2,09:25:53.608411125
2377.0,3,09:25:54.104055247
2377.0,3,09:25:54.104356501
2377.0,1,09:25:54.104399977
2377.0,4,09:25:54.104456068
2376.9,1,09:25:54.350796269
2377.0,1,09:25:54.351556752
2377.1,1,09:25:54.802848332
2377.2,7,09:25:55.166035484
2377.3,1,09:25:55.174643390
2377.2,1,09:25:55.210186875
2377.2,2,09:25:55.583319259
2377.2,3,09:25:55.583390704
2377.2,1,09:25:55.583749354
2377.1,1,09:25:56.712968344
2377.2,2,09:25:57.208867490
2377.3,1,09:25:57.218073380
2377.2,1,09:25:57.507746621
2377.2,1,09:25:58.056347503
2377.2,1,09:25:58.342562394
2377.4,1,09:25:58.877350594
2377.4,1,09:26:01.151872492
2377.4,1,09:26:01.562935953
2377.5,1,09:26:01.808513350
2377.3,2,09:26:03.066795203
2377.3,1,09:26:03.088040441
2377.1,1,09:26:04.263707097
2377.1,1,09:26:04.605581383
2377.0,3,09:26:05.617631380
2377.0,1,09:26:05.618883917
2376.9,1,09:26:05.619395358
2377.0,1,09:26:05.636176609
2377.0,1,09:26:05.636535457
2376.9,3,09:26:06.028757240
2377.0,1,09:26:06.066328975
2377.0,1,09:26:07.070707634
2377.1,1,09:26:08.844188622
2377.2,1,09:26:08.844720521
2377.1,1,09:26:09.782583335
2377.1,1,09:26:10.384094464
2377.2,2,09:26:11.144111516
2377.3,1,09:26:11.144111516
2377.1,3,09:26:12.436060610
2377.1,2,09:26:12.436634818
2377.3,5,09:26:13.200908183
2377.4,1,09:26:13.203281250
2377.5,3,09:26:13.203289406
2377.3,1,09:26:13.322843457
2377.5,1,09:26:13.530081364
2377.6,1,09:26:13.530628085
2377.5,1,09:26:13.837628012
2377.4,1,09:26:14.273985211
2377.6,6,09:26:14.286261205
2377.6,1,09:26:15.433374479
2377.7,1,09:26:17.122539175
2377.6,3,09:26:17.280070460
2377.6,1,09:26:18.158467884
2377.6,1,09:26:18.158681082
2377.6,1,09:26:18.182147354
2377.5,2,09:26:18.435988493
2377.5,1,09:26:19.303184465
2377.6,3,09:26:20.749037345
2377.6,1,09:26:20.953967802
2377.5,1,09:26:21.074728021
2377.4,2,09:26:24.465393773
2377.3,3,09:26:24.486495309
2377.3,2,09:26:24.490476016
2377.5,2,09:26:24.657631231
2377.5,1,09:26:26.272997232
2377.4,1,09:26:28.879039833
2377.5,2,09:26:29.601589038
2377.7,1,09:26:31.040569100
2377.5,2,09:26:32.963480018
2377.5,3,09:26:32.963630754
2377.5,1,09:26:32.963752622
2377.4,5,09:26:33.989106330
2377.4,2,09:26:37.069693941
2377.3,1,09:26:37.071499228
2377.4,1,09:26:37.072579147
2377.4,2,09:26:37.738502174
2377.3,1,09:26:37.739874995
2377.4,3,09:26:37.778945442
2377.7,2,09:26:37.778945442
2377.6,8,09:26:37.778945442
2377.5,7,09:26:37.778945442
2377.4,4,09:26:39.226878335
2377.4,2,09:26:39.228271474
2377.4,1,09:26:39.230974018
2377.4,1,09:26:39.237903355
2377.5,13,09:26:40.015408397
2377.5,3,09:26:40.015709823
2377.5,1,09:26:40.828038473
2377.5,1,09:26:41.693428111
2377.6,1,09:26:42.123631580
2377.6,1,09:26:42.125148712
2377.6,1,09:26:42.125423482
2377.6,1,09:26:44.439047526
2377.7,5,09:26:44.766672306
2377.8,3,09:26:44.768171393
2377.8,1,09:26:44.835839577
2378.0,1,09:26:46.036699492
2378.0,5,09:26:46.036716891
2378.0,1,09:26:46.036716891
2378.0,2,09:26:46.036726799
2377.9,2,09:26:46.038403908
2378.0,2,09:26:46.038501471
2378.0,2,09:26:46.039113836
2378.1,6,09:26:46.053899810
2378.2,1,09:26:46.055651574
2378.2,2,09:26:46.061027836
2378.2,1,09:26:46.065851245
2378.2,1,09:26:46.084147746
2378.1,1,09:26:46.366798503
2378.2,1,09:26:46.377066921
2378.1,1,09:26:46.482703410
2378.1,13,09:26:46.482994671
2378.0,2,09:26:46.484525307
2378.1,2,09:26:46.627135330
2378.1,1,09:26:47.224214801
2378.0,1,09:26:48.020847098
2377.9,1,09:26:48.328306433
2378.1,1,09:26:52.152160227
2378.1,1,09:26:52.177850765
2378.2,1,09:26:53.553137059
2378.2,1,09:26:53.553668977
2378.2,1,09:26:53.554688086
2378.2,1,09:26:53.966326249
2378.2,1,09:26:54.007833769
2378.2,2,09:26:54.008160520
2378.2,7,09:26:54.008688298
2378.2,1,09:26:54.009081372
2378.2,1,09:26:54.417556130
2378.2,1,09:26:54.651883154
2378.1,4,09:26:54.722810519
2378.1,4,09:26:54.723215695
2378.1,1,09:26:54.723758343
2378.1,1,09:26:54.724030572
2378.2,1,09:26:55.204602857
2378.1,2,09:26:56.372233574
2378.0,4,09:26:56.422663997
2378.1,1,09:26:56.661608012
2378.1,1,09:26:56.839524283
2378.0,1,09:26:56.952836186
2378.0,1,09:26:57.263789103
2378.1,1,09:26:57.447949499
2378.0,1,09:26:57.655564144
2377.9,6,09:26:57.876446084
2377.7,1,09:26:58.092513559
2377.9,2,09:26:58.573240785
2378.0,1,09:26:58.921796709
2377.8,3,09:27:00.743084208
2377.8,1,09:27:00.743766434
2377.8,1,09:27:00.756163429
2377.9,5,09:27:02.471216319
2377.9,1,09:27:02.471695493
2377.9,2,09:27:02.471868489
2377.9,1,09:27:02.472696314
2377.8,1,09:27:02.589508096
2377.7,1,09:27:04.326373427
2377.7,1,09:27:04.326864262
2377.6,1,09:27:05.017760051
2377.6,1,09:27:06.435520829
2377.8,3,09:27:07.377476002
2377.9,2,09:27:08.357841370
2378.0,1,09:27:08.561716050
2378.0,2,09:27:08.562239361
2377.9,1,09:27:09.708461921
2378.0,3,09:27:11.234321990
2378.0,1,09:27:11.567406279
2378.1,1,09:27:12.375273311
2378.1,4,09:27:12.375524523
2378.1,3,09:27:12.375566155
2378.1,3,09:27:12.378239324
2377.9,1,09:27:12.737256310
2377.9,1,09:27:14.497025989
2377.9,2,09:27:15.289156586
2378.0,1,09:27:15.668997172
2378.0,3,09:27:17.478489788
2378.0,2,09:27:17.479038245
2378.0,2,09:27:18.768459465
2378.1,1,09:27:23.747672226
2378.0,1,09:27:23.885483721
2378.0,2,09:27:23.886182673
2378.0,1,09:27:24.043019645
2378.2,1,09:27:24.211682692
2378.3,5,09:27:24.240179205
2378.2,4,09:27:24.870127995
2378.3,1,09:27:25.396827284
2378.3,1,09:27:25.403319074
2378.3,1,09:27:26.206799224
2378.3,1,09:27:26.212314397
2378.2,1,09:27:26.701526998
2378.1,1,09:27:26.817306947
2378.1,3,09:27:27.427727180
2378.1,1,09:27:27.811238936
2378.2,1,09:27:27.970093744
2378.2,1,09:27:27.970552531
2378.3,1,09:27:27.995892687
2378.3,1,09:27:28.389576446
2378.3,1,09:27:29.144854424
2378.2,1,09:27:29.214589081
2378.4,3,09:27:30.960554170
2378.5,3,09:27:30.960565380
2378.5,1,09:27:30.960565380
2378.5,2,09:27:30.960594405
2378.5,1,09:27:30.960600546
2378.6,3,09:27:31.220754316
2378.6,5,09:27:31.221520891
2378.7,1,09:27:31.268844633
2378.6,1,09:27:31.480224018
2378.6,1,09:27:31.480554242
2378.6,1,09:27:31.481375596
2378.6,1,09:27:31.487306039
2378.7,1,09:27:31.526064328
2378.6,1,09:27:31.756795829
2378.6,1,09:27:31.775250681
2378.4,1,09:27:31.860255718
2378.6,1,09:27:31.886117571
2378.6,1,09:27:32.185464037
2378.6,2,09:27:32.733985027
2378.4,2,09:27:32.788890983
2378.5,1,09:27:32.867999389
2378.5,1,09:27:32.868311165
2378.5,1,09:27:33.661795197
2378.4,10,09:27:33.969523086
2378.4,5,09:27:34.167936174
2378.4,1,09:27:34.572092350
2378.5,3,09:27:34.572856976
2378.6,4,09:27:34.616697614
2378.7,2,09:27:34.616697614
2378.5,1,09:27:34.845558182
2378.4,1,09:27:35.172257269
2378.3,1,09:27:36.215014155
2378.3,8,09:27:36.218921486
2378.3,3,09:27:36.219233255
2378.2,1,09:27:36.730075903
2378.1,4,09:27:37.766131053
2378.0,1,09:27:37.963125125
2378.2,1,09:27:38.437185508
2378.3,2,09:27:39.050346750
2378.3,1,09:27:39.720391916
2378.5,6,09:27:41.052180023
2378.5,1,09:27:41.052583071
2378.4,2,09:27:41.053600202
2378.4,2,09:27:41.053635787
2378.4,1,09:27:41.053897197
2378.4,1,09:27:41.054011593
2378.4,1,09:27:41.054044070
2378.4,1,09:27:41.054129336
2378.4,2,09:27:41.055167805
2378.4,1,09:27:41.849516314
2378.3,1,09:27:41.980132557
2378.4,1,09:27:42.722662304
2378.4,1,09:27:46.163537182
2378.4,1,09:27:46.163576505
2378.3,1,09:27:47.029254730
2378.2,1,09:27:47.029583140
2378.3,1,09:27:47.029665179
2378.3,1,09:27:47.030005849
2378.1,1,09:27:50.582263877
2378.0,5,09:27:52.284434432
2378.0,1,09:27:52.285768827
2377.8,5,09:27:53.500459512
2377.8,1,09:27:53.500472831
2377.9,3,09:27:54.766036627
2377.9,1,09:27:54.766474210
2377.9,1,09:27:54.766826384
2377.9,1,09:27:54.933436025
2377.9,1,09:27:55.142112448
2377.8,1,09:27:56.359432157
2377.8,1,09:27:56.359706364
2377.7,2,09:27:58.207345781
2377.7,2,09:27:59.107147523
2377.8,1,09:28:01.338950160
2377.7,1,09:28:01.339939229
2377.7,1,09:28:01.340220246
2377.7,1,09:28:02.655612237
2377.6,1,09:28:03.634835335
2377.6,3,09:28:03.635091884
2377.6,3,09:28:03.635224972
2377.5,4,09:28:04.006200877
2377.4,1,09:28:04.196134958
2377.4,1,09:28:04.196366802
2377.4,1,09:28:04.511106183
2377.3,1,09:28:07.998781551
2377.3,2,09:28:08.523805465
2377.3,1,09:28:08.703816060
2377.4,1,09:28:09.241047216
2377.3,1,09:28:10.284993573
2377.3,2,09:28:10.440432104
2377.3,2,09:28:10.440734735
2377.2,4,09:28:10.492632716
2377.1,1,09:28:10.776918403
2377.1,1,09:28:11.805162854
2377.2,2,09:28:13.097920575
2377.1,2,09:28:13.582255464
2377.0,2,09:28:15.472922559
2377.0,3,09:28:15.473115388
2377.0,1,09:28:15.473143232
2377.0,2,09:28:15.473213367
2377.0,1,09:28:15.546009318
2377.0,1,09:28:16.435511107
2377.1,3,09:28:17.280711301
2377.1,1,09:28:18.645338372
2377.1,2,09:28:21.073989831
2377.2,1,09:28:21.528648462
2377.3,1,09:28:21.549020476
2377.1,1,09:28:22.655877577
2377.1,1,09:28:22.656653941
2377.0,1,09:28:23.848026033
2377.0,2,09:28:23.848260160
2377.1,3,09:28:24.124599205
2377.1,2,09:28:24.126196752
2377.1,2,09:28:26.156206987
2377.1,2,09:28:26.156427119
2377.1,1,09:28:26.422804246
2377.1,1,09:28:26.423037701
2377.0,1,09:28:27.444430051
2377.0,1,09:28:28.636361279
2377.0,1,09:28:29.385796392
2377.1,2,09:28:29.799101857
2377.0,6,09:28:30.250201090
2377.1,1,09:28:30.250201090
2377.0,3,09:28:30.250787909
2377.1,2,09:28:30.251667389
2377.1,1,09:28:30.293285054
2377.1,2,09:28:30.635695923
2377.0,1,09:28:31.830293491
2377.1,1,09:28:33.165600096
2377.1,1,09:28:33.165788355
2377.1,1,09:28:33.166018418
2377.1,1,09:28:33.275519927
2377.2,4,09:28:33.579469475
2377.0,1,09:28:34.276163486
2377.1,1,09:28:36.988608639
2377.1,1,09:28:37.295913348
2377.3,2,09:28:39.740799280
2377.3,1,09:28:42.868496960
2377.2,1,09:28:42.869426195
2377.3,1,09:28:43.691613053
2377.2,1,09:28:46.279433193
2377.3,4,09:28:46.280174417
2377.3,1,09:28:47.168203256
2377.3,1,09:28:47.170378794
2377.4,3,09:28:48.085690268
2377.5,2,09:28:48.822218768
2377.6,5,09:28:49.006314392
2377.6,1,09:28:49.007113343
2377.7,1,09:28:49.008702351
2377.8,1,09:28:49.008713823
2377.6,1,09:28:49.217851377
2378.0,17,09:28:49.527576374
2377.8,9,09:28:49.527576374
2378.1,13,09:28:49.527576374
2377.9,6,09:28:49.527576374
2378.3,9,09:28:49.527576374
2378.2,12,09:28:49.527576374
2378.4,16,09:28:49.527576374
2378.5,15,09:28:49.527576374
2378.6,3,09:28:49.527576374
2378.1,2,09:28:49.530944435
2378.2,1,09:28:49.536802328
2378.2,1,09:28:49.536889259
2378.2,1,09:28:49.537101379
2378.2,1,09:28:49.537220616
2378.2,1,09:28:49.537515582
2378.2,1,09:28:49.538720909
2378.2,1,09:28:49.540572632
2378.2,1,09:28:49.540790858
2378.2,1,09:28:49.541728595
2378.2,2,09:28:49.550868722
2378.1,1,09:28:49.563791488
2378.1,1,09:28:49.567245462
2378.0,1,09:28:49.602042572
2377.9,4,09:28:49.602042572
2377.9,2,09:28:49.849850475
2377.9,1,09:28:49.850558617
2377.9,2,09:28:49.851072589
2377.8,1,09:28:49.976991377
2377.9,1,09:28:50.464343563
2377.9,1,09:28:50.464439417
2377.9,1,09:28:50.464671819
2377.9,1,09:28:50.593025501
2377.9,1,09:28:50.593522637
2378.0,1,09:28:50.601611063
2377.9,2,09:28:50.602619529
2378.0,1,09:28:50.610696443
2378.0,3,09:28:50.611275923
2378.0,3,09:28:50.612053082
2378.1,1,09:28:50.617297005
2378.0,1,09:28:50.617758502
2378.1,1,09:28:50.829769021
2378.1,1,09:28:51.106012575
2378.0,1,09:28:51.353331096
2378.0,5,09:28:51.466548167
2378.2,5,09:28:51.627190189
2378.1,2,09:28:51.627190189
2377.9,2,09:28:51.842424687
2378.0,6,09:28:51.842424687
2378.1,1,09:28:51.845793775
2378.1,2,09:28:51.845963772
2378.0,6,09:28:52.038078337
2377.8,4,09:28:52.038078337
2377.9,5,09:28:52.038078337
2378.0,1,09:28:52.040468011
2377.9,5,09:28:52.341912715
2377.8,5,09:28:52.341912715
2377.8,8,09:28:52.612966170
2377.9,1,09:28:52.612966170
2377.7,1,09:28:52.612966170
2377.6,10,09:28:52.912014417
2377.7,8,09:28:52.912014417
2377.7,1,09:28:52.914813408
2377.6,2,09:28:53.367163947
2377.5,1,09:28:53.792998217
2377.4,4,09:28:53.793888596
2377.3,1,09:28:54.022690047
2377.3,1,09:28:54.025132586
2377.2,2,09:28:54.127408062
2377.2,3,09:28:54.127856835
2377.1,1,09:28:54.182855696
2377.1,3,09:28:54.183489033
2377.1,1,09:28:54.184213269
2377.1,1,09:28:54.184485764
2377.1,2,09:28:54.234210674
2377.1,1,09:28:54.234688560
2377.0,9,09:28:54.550859486
2376.9,9,09:28:54.550859486
2377.0,1,09:28:54.552402793
2377.1,1,09:28:54.823909535
2377.0,3,09:28:54.831615198
2377.0,1,09:28:55.238191002
2377.0,1,09:28:55.238337431
2376.9,11,09:28:55.258350289
2376.8,1,09:28:55.258350289
2377.0,3,09:28:55.258350289
2377.0,1,09:28:55.289995355
2377.0,1,09:28:55.290701402
2376.9,1,09:28:55.464134732
2377.0,1,09:28:55.650041696
2377.1,3,09:28:56.136271502
2377.0,1,09:28:56.629548834
2377.1,1,09:28:58.826446427
2377.1,1,09:28:58.826666512
2377.1,1,09:28:59.970069711
2377.1,1,09:28:59.970293965
2377.1,1,09:28:59.970360450
2377.1,1,09:28:59.970426723
2377.0,1,09:28:59.995399165
2377.0,2,09:28:59.995438833
2376.3,1,09:29:07.218768874
2376.4,3,09:29:07.221929033
2376.4,1,09:29:07.766093253
2376.4,11,09:29:07.766397259
2376.4,1,09:29:07.766719077
2376.4,1,09:29:07.766813578
2376.4,1,09:29:07.766935049
2376.4,1,09:29:07.766951040
2376.4,5,09:29:07.767203551
2376.3,5,09:29:07.823119821
2376.3,10,09:29:07.839789964
2376.4,1,09:29:07.840470078
2376.3,5,09:29:07.958800181
2376.4,4,09:29:07.984924349
2376.3,8,09:29:08.082888277
2376.3,1,09:29:08.083286839
2376.3,1,09:29:08.083361029
2376.3,3,09:29:08.095905771
2376.3,3,09:29:08.096144388
2376.3,2,09:29:08.319790698
2376.3,2,09:29:08.320198492
2376.3,1,09:29:08.350328216
2376.2,2,09:29:08.647289838
2376.2,1,09:29:08.647493775
2376.2,2,09:29:09.286885872
2376.2,1,09:29:09.287147970
2376.2,4,09:29:09.287196630
2376.2,6,09:29:09.593295311
2376.2,1,09:29:09.599104513
2376.1,1,09:29:09.679579919
2376.1,1,09:29:09.984066737
2376.1,1,09:29:10.136158594
2376.0,7,09:29:11.248342949
2376.1,1,09:29:11.324107570
2376.1,42,09:29:11.324410114
2376.1,3,09:29:11.325901395
2376.1,1,09:29:11.326109975
2376.1,1,09:29:11.326433690
2376.1,1,09:29:11.326483931
2376.0,7,09:29:11.392568735
2376.1,1,09:29:11.405463715
2376.0,7,09:29:11.527042235
2376.1,2,09:29:11.531120526
2376.2,1,09:29:11.598204643
2376.2,2,09:29:11.598214208
2376.0,7,09:29:11.678648955
2376.1,1,09:29:11.679319833
2376.1,1,09:29:11.679465551
2376.0,7,09:29:11.826017862
2376.1,1,09:29:11.826553937
2376.1,1,09:29:11.826763496
2376.0,7,09:29:11.976661726
2376.0,1,09:29:11.977107115
2376.1,1,09:29:12.003881747
2376.1,2,09:29:12.209708705
2376.1,2,09:29:12.209997802
2376.1,1,09:29:12.214569167
2376.1,2,09:29:12.225991018
2376.1,1,09:29:12.226328464
2376.1,1,09:29:12.361394486
2376.1,1,09:29:12.361652040
2376.1,1,09:29:12.362001631
2376.1,7,09:29:12.375803134
2376.1,3,09:29:12.529368169
2376.1,6,09:29:12.613582163
2376.1,7,09:29:12.703324065
2376.0,1,09:29:12.703324065
2376.1,1,09:29:12.703773575
2376.0,4,09:29:12.846645369
2376.0,1,09:29:12.846972023
2376.0,2,09:29:12.847104195
2376.1,1,09:29:12.853157104
2376.1,2,09:29:12.853476135
2376.0,4,09:29:13.111765763
2376.0,2,09:29:13.112325515
2375.9,3,09:29:13.113916916
2376.0,1,09:29:13.115377612
2376.1,1,09:29:13.169137070
2376.1,1,09:29:13.169759889
2376.0,1,09:29:13.242731398
2376.0,2,09:29:13.242827416
2376.0,1,09:29:13.383225752
2376.0,1,09:29:13.559082407
2376.0,1,09:29:13.559216027
2376.1,3,09:29:13.565341389
2375.9,3,09:29:13.705616443
2376.0,6,09:29:14.098514113
2376.0,1,09:29:14.100068078
2376.0,1,09:29:14.185867333
2376.0,1,09:29:14.186079837
2375.9,1,09:29:14.695439528
2375.9,11,09:29:14.695747660
2375.9,1,09:29:14.695817309
2375.9,1,09:29:14.695890373
2375.9,1,09:29:14.695943939
2376.0,5,09:29:14.696720531
2376.0,1,09:29:14.696749082
2376.0,1,09:29:14.697095834
2376.0,1,09:29:14.697211753
2376.0,6,09:29:14.697323596
2376.0,5,09:29:14.697411661
2376.0,1,09:29:14.697510524
2376.0,3,09:29:14.697539493
2376.0,3,09:29:14.697594553
2376.0,2,09:29:14.697626449
2376.0,1,09:29:14.698249387
2375.9,7,09:29:14.830766477
2376.0,1,09:29:14.952694068
2375.9,7,09:29:14.990936234
2376.0,1,09:29:15.014763540
2375.9,6,09:29:15.150761555
2375.9,2,09:29:15.204110638
2375.9,3,09:29:15.500269767
2375.8,7,09:29:15.742803036
2375.8,1,09:29:15.742854096
2375.8,8,09:29:15.743173364
2375.8,2,09:29:15.743266259
2375.8,6,09:29:15.743415568
2375.8,1,09:29:15.876358861
2375.8,1,09:29:15.876445339
2375.8,2,09:29:15.911500677
2375.9,1,09:29:16.189314245
2375.8,1,09:29:16.197005719
2375.9,1,09:29:16.381834606
2375.8,7,09:29:16.551420813
2375.8,1,09:29:16.552122728
2375.8,1,09:29:16.694769092
2375.8,6,09:29:16.695121480
2375.8,7,09:29:16.848369042
2375.9,4,09:29:16.853031438
2375.9,2,09:29:16.853559861
2375.9,10,09:29:16.853824820
2375.9,1,09:29:16.853855813
2375.9,1,09:29:16.854041506
2375.9,1,09:29:16.854103879
2375.9,4,09:29:16.854103879
2375.9,3,09:29:16.854184741
2375.9,5,09:29:16.854366719
2376.0,1,09:29:17.102966385
2375.9,1,09:29:17.232017726
2375.8,7,09:29:17.239818526
2375.9,1,09:29:17.240509820
2375.9,1,09:29:17.241000214
2375.8,7,09:29:17.350900116
2375.9,3,09:29:17.353443214
2375.9,2,09:29:17.542929158
2375.8,5,09:29:17.542929158
2375.9,1,09:29:17.543344479
2375.9,1,09:29:17.547199098
2376.0,18,09:29:17.618217729
2376.1,30,09:29:17.618217729
2376.1,1,09:29:17.619222982
2376.1,1,09:29:17.620385424
2376.2,3,09:29:17.621254722
2376.2,1,09:29:17.621371124
2376.2,1,09:29:17.621862827
2376.2,1,09:29:17.621907954
2376.2,1,09:29:17.621932467
2376.2,1,09:29:17.621994718
2376.2,1,09:29:17.622099917
2376.2,4,09:29:17.622125364
2376.2,1,09:29:17.622152641
2376.2,1,09:29:17.622295581
2376.1,7,09:29:17.728839921
2376.1,7,09:29:17.894892929
2376.1,1,09:29:17.895190769
2376.2,5,09:29:18.048806689
2376.1,7,09:29:18.063404480
2376.0,5,09:29:18.209112723
2376.1,1,09:29:18.209112723
2375.9,1,09:29:18.209112723
2376.1,5,09:29:18.310611378
2375.9,7,09:29:18.391401967
2376.0,1,09:29:18.393154482
2375.9,1,09:29:18.471872966
2376.1,1,09:29:18.639207108
2376.0,7,09:29:18.639207108
2376.0,1,09:29:18.706041963
2376.1,11,09:29:18.821049313
2376.1,1,09:29:18.821583740
2376.1,1,09:29:18.821785868
2376.1,3,09:29:18.833170722
2376.0,2,09:29:18.898582873
2376.0,1,09:29:18.951357701
2375.9,1,09:29:19.003033991
2375.9,1,09:29:19.127397311
2375.9,1,09:29:19.127441242
2375.9,1,09:29:19.417918748
2375.9,1,09:29:19.438499649
2375.9,1,09:29:19.810626818
2375.9,10,09:29:19.842584656
2375.8,1,09:29:20.149156263
2375.9,1,09:29:20.165350683
2375.8,1,09:29:20.294536760
2375.8,4,09:29:20.344591219
2375.8,1,09:29:20.349870951
2375.8,3,09:29:20.371177466
2375.8,4,09:29:20.371458980
2375.8,4,09:29:20.538228639
2375.8,2,09:29:20.538470957
2375.8,1,09:29:20.538506260
2375.8,1,09:29:20.538551147
2375.8,2,09:29:20.538595510
2375.7,1,09:29:20.599071978
2375.8,1,09:29:20.644391839
2375.7,1,09:29:20.928744009
2375.8,30,09:29:21.065746225
2375.9,28,09:29:21.065746225
2375.9,1,09:29:21.066712587
2375.9,1,09:29:21.066932931
2375.9,9,09:29:21.067178958
2376.0,2,09:29:21.074834571
2375.9,6,09:29:21.127123556
2375.8,4,09:29:21.127123556
2375.9,1,09:29:21.197388294
2375.9,1,09:29:21.228415599
2376.0,3,09:29:21.383907964
2375.8,6,09:29:21.391774832
2375.7,4,09:29:21.391774832
2375.8,1,09:29:21.393619980
2375.8,4,09:29:21.577466160
2375.7,6,09:29:21.577466160
2375.8,1,09:29:21.650799269
2375.7,1,09:29:21.719015021
2375.7,9,09:29:21.790658421
2375.7,1,09:29:21.791012074
2375.8,1,09:29:21.883323959
2375.8,1,09:29:21.903881209
2375.7,3,09:29:21.927406282
2375.7,3,09:29:21.927786207
2375.7,4,09:29:21.928220881
2375.8,1,09:29:21.984096028
2375.7,1,09:29:22.021663074
2375.7,2,09:29:22.046763552
2375.7,1,09:29:22.121825714
2375.7,1,09:29:22.132685914
2375.7,1,09:29:22.144015451
2375.7,1,09:29:22.323240122
2375.7,7,09:29:22.383589826
2375.7,1,09:29:22.447219530
2375.7,1,09:29:22.610975963
2375.7,1,09:29:22.671489702
2375.7,1,09:29:22.860202724
2375.7,1,09:29:22.861682850
2375.7,1,09:29:23.074113861
2375.6,10,09:29:23.256872728
2375.6,1,09:29:23.256886795
2375.6,3,09:29:23.257209636
2375.7,1,09:29:23.334823986
2375.6,10,09:29:23.391028611
2375.6,1,09:29:23.391483772
2375.7,3,09:29:23.449346113
2375.7,1,09:29:23.479834132
2375.7,3,09:29:23.480034556
2375.6,3,09:29:23.560353319
2375.6,7,09:29:23.561280535
2375.7,1,09:29:23.657720938
2375.6,1,09:29:23.845528027
2375.5,4,09:29:23.872489120
2375.5,1,09:29:23.872647601
2375.5,2,09:29:23.872811102
2375.5,1,09:29:23.872875541
2375.5,2,09:29:23.872919139
2375.6,1,09:29:23.890645986
2375.6,1,09:29:23.954241705
2375.6,1,09:29:24.064207892
2375.6,1,09:29:24.111115566
2375.5,10,09:29:24.304126027
2375.5,2,09:29:24.379913797
2375.5,9,09:29:24.490293535
2375.5,1,09:29:24.498999420
2375.5,11,09:29:24.738143745
2375.5,5,09:29:24.799954879
2375.5,5,09:29:24.800334685
2375.6,1,09:29:25.000786966
2375.6,1,09:29:25.031099980
2375.4,4,09:29:25.137940739
2375.4,1,09:29:25.138566265
2375.4,1,09:29:25.138625310
2375.4,4,09:29:25.139099406
2375.4,2,09:29:25.235992597
2375.5,1,09:29:25.244513332
2375.4,1,09:29:25.244893065
2375.3,1,09:29:25.274667117
2375.4,1,09:29:25.442436206
2375.3,2,09:29:25.447462502
2375.3,1,09:29:25.447982897
2375.3,3,09:29:25.450420868
2375.3,1,09:29:25.488478993
2375.3,1,09:29:25.508626849
2375.4,1,09:29:25.571123037
2375.4,1,09:29:25.731214534
2375.3,1,09:29:25.991225022
2375.2,9,09:29:25.991225022
2375.3,6,09:29:26.011434854
2375.3,1,09:29:26.032301201
2375.3,1,09:29:26.053515821
2375.3,2,09:29:26.073597656
2375.3,2,09:29:26.093067482
2375.4,2,09:29:26.121045892
2375.4,1,09:29:26.121075835
2375.4,2,09:29:26.125199551
2375.4,1,09:29:26.125225926
2375.2,5,09:29:26.135287309
2375.3,4,09:29:26.135287309
2375.1,1,09:29:26.135287309
2375.1,2,09:29:26.135304870
2375.2,1,09:29:26.137019484
2375.3,4,09:29:26.137991024
2375.1,4,09:29:26.320044324
2375.2,4,09:29:26.320044324
2375.3,2,09:29:26.320044324
2375.3,6,09:29:26.340291967
2375.3,1,09:29:26.361472535
2375.3,1,09:29:26.364780557
2375.3,1,09:29:26.375010968
2375.3,1,09:29:26.381590743
2375.1,4,09:29:26.508996273
2375.2,3,09:29:26.508996273
2375.0,2,09:29:26.508996273
2375.3,1,09:29:26.508996273
2375.2,1,09:29:26.511254341
2375.3,5,09:29:26.528800193
2375.3,2,09:29:26.684107353
2375.2,6,09:29:26.711286123
2375.3,1,09:29:26.711286123
2375.2,2,09:29:26.711816636
2375.2,1,09:29:26.712209678
2375.3,7,09:29:26.731182707
2375.3,1,09:29:26.732381371
2375.3,1,09:29:26.732718823
2375.3,1,09:29:26.752372386
2375.3,1,09:29:26.773538944
2375.3,3,09:29:26.793571524
2375.3,1,09:29:26.895912262
2375.3,9,09:29:26.915738471
2375.4,1,09:29:26.984503519
2375.3,3,09:29:27.064298119
2375.3,1,09:29:27.064582633
2375.3,1,09:29:27.215766949
2375.3,3,09:29:27.235744616
2375.4,6,09:29:27.257098606
2375.4,3,09:29:27.257764808
2375.3,1,09:29:27.273408496
2375.3,4,09:29:27.393137153
2375.2,6,09:29:27.393137153
2375.3,2,09:29:27.393978223
2375.3,1,09:29:27.394159126
2375.2,5,09:29:27.543146343
2375.3,3,09:29:27.543146343
2375.2,2,09:29:27.543659522
2375.3,3,09:29:27.563067381
2375.3,1,09:29:27.584187152
2375.3,3,09:29:27.604222292
2375.4,1,09:29:27.612578400
2375.4,1,09:29:27.616251239
2375.4,1,09:29:27.616294427
2375.4,4,09:29:27.617314060
2375.4,6,09:29:27.617398357
2375.4,20,09:29:27.617661003
2375.4,2,09:29:27.617739876
2375.4,4,09:29:27.617969011
2375.4,3,09:29:27.618009393
2375.3,8,09:29:27.728218954
2375.2,2,09:29:27.728218954
2375.4,1,09:29:27.887403330
2375.3,3,09:29:27.903363194
2375.1,3,09:29:27.903363194
2375.2,4,09:29:27.903363194
2375.3,2,09:29:27.915772382
2375.3,2,09:29:27.923298067
2375.3,1,09:29:28.051824640
2375.1,5,09:29:28.051824640
2375.2,4,09:29:28.051824640
2375.3,1,09:29:28.053226185
2375.3,3,09:29:28.071696209
2375.2,4,09:29:28.074114530
2375.1,5,09:29:28.074114530
2375.1,1,09:29:28.074673680
2375.2,7,09:29:28.092847068
2375.3,8,09:29:28.092847068
2375.2,1,09:29:28.094263087
2375.2,1,09:29:28.097022477
2375.2,1,09:29:28.103491647
2375.3,5,09:29:28.114157625
2375.4,2,09:29:28.127486208
2375.4,1,09:29:28.145201926
2375.4,1,09:29:28.145914711
2375.4,2,09:29:28.151794504
2375.5,3,09:29:28.151794504
2375.5,2,09:29:28.151807480
2375.3,3,09:29:28.327373950
2375.3,7,09:29:28.347403381
2375.3,1,09:29:28.479956797
2375.5,7,09:29:28.489480115
2375.6,12,09:29:28.489480115
2375.4,5,09:29:28.489480115
2375.5,1,09:29:28.640374520
2375.6,5,09:29:28.640374520
2375.5,1,09:29:29.048076951
2375.6,8,09:29:29.219371716
2375.5,1,09:29:29.465536211
2375.6,2,09:29:29.480529575
2375.4,3,09:29:30.453808515
2375.4,2,09:29:30.454112599
2375.3,8,09:29:31.457810333
2375.3,2,09:29:31.458816578
2375.3,2,09:29:31.478416922
2375.3,2,09:29:31.638763676
2375.3,8,09:29:31.658756137
2375.3,1,09:29:31.746532188
2375.3,1,09:29:31.799095394
2375.3,9,09:29:31.818852298
2375.3,1,09:29:31.966864542
2375.3,9,09:29:31.986693246
2375.3,1,09:29:32.036536747
2375.3,1,09:29:32.136940334
2375.3,2,09:29:32.159665088
2375.3,4,09:29:32.160026551
2375.3,4,09:29:32.179399274
2375.4,1,09:29:32.399449662
2375.5,3,09:29:32.400042450
2375.5,1,09:29:32.401124690
2375.4,1,09:29:32.627641240
2375.4,1,09:29:32.820595648
2375.4,3,09:29:33.103857664
2375.3,1,09:29:33.561638337
2375.3,1,09:29:33.687859918
2375.3,1,09:29:33.769258042
2375.3,1,09:29:33.863788126
2375.4,1,09:29:34.104299592
2375.4,1,09:29:34.110301864
2375.4,1,09:29:34.579853626
2375.3,1,09:29:35.211761162
2375.3,4,09:29:35.214285145
2375.3,1,09:29:35.214776077
2375.3,1,09:29:35.232556349
2375.3,1,09:29:35.252867363
2375.3,1,09:29:35.272855064
2375.3,1,09:29:35.293199802
2375.3,2,09:29:35.314125385
2375.3,1,09:29:35.335312692
2375.3,1,09:29:35.335530686
2375.3,1,09:29:35.355445542
2375.3,1,09:29:35.376068348
2375.3,2,09:29:35.447637292
2375.3,1,09:29:35.482481955
2375.3,1,09:29:35.505532020
2375.3,1,09:29:35.527276465
2375.4,1,09:29:35.560926394
2375.3,1,09:29:35.570051711
2375.3,1,09:29:35.600712908
2375.3,1,09:29:35.620713081
2375.3,1,09:29:35.672572498
2375.3,1,09:29:35.999389920
2375.3,1,09:29:36.019428129
2375.2,6,09:29:36.159474931
2375.1,3,09:29:36.305451901
2375.1,1,09:29:36.305478426
2375.1,5,09:29:36.305620265
2375.0,21,09:29:36.307546762
2375.0,4,09:29:36.308576447
2375.0,1,09:29:36.310100033
2374.9,4,09:29:36.310895818
2374.8,12,09:29:36.310895818
2374.6,2,09:29:36.310909348
2374.7,9,09:29:36.310909348
2374.8,1,09:29:36.310909348
2375.0,1,09:29:36.311120536
2374.9,1,09:29:36.313677698
2374.9,1,09:29:36.316021966
2374.8,1,09:29:36.329868678
2374.7,2,09:29:36.344355805
2374.6,4,09:29:36.359710450
2374.5,1,09:29:36.360993833
2374.4,1,09:29:36.361004556
2374.5,1,09:29:36.361532647
2374.5,1,09:29:36.362127762
2374.5,1,09:29:36.386888665
2374.5,1,09:29:36.387308353
2374.5,1,09:29:36.387408561
2374.5,2,09:29:36.490313934
2374.4,1,09:29:36.816185408
2374.4,3,09:29:36.816277214
2374.4,2,09:29:36.816363149
2374.5,2,09:29:36.816458901
2374.3,5,09:29:36.995065269
2374.2,1,09:29:36.995078705
2374.4,1,09:29:37.604276653
2374.5,1,09:29:37.882485829
2374.5,1,09:29:38.089459675
2374.3,1,09:29:38.222246012
2374.4,4,09:29:38.222246012
2374.5,1,09:29:38.222246012
2374.5,1,09:29:38.364707571
2374.6,1,09:29:38.428756013
2374.6,2,09:29:38.429024214
2374.6,1,09:29:38.429060393
2374.7,1,09:29:38.467088284
2374.9,2,09:29:39.125726978
2374.9,2,09:29:39.463178822
2374.8,1,09:29:39.463777445
2374.8,1,09:29:39.479736762
2374.8,1,09:29:39.500910556
2374.8,1,09:29:39.501162068
2374.9,1,09:29:41.020542325
2374.8,1,09:29:41.158663868
2374.8,2,09:29:41.164657330
2374.7,1,09:29:41.479893503
2374.7,1,09:29:41.480148404
2374.7,1,09:29:41.480262646
2374.8,1,09:29:41.759710718
2374.8,1,09:29:41.885005677
2374.9,1,09:29:41.961598950
2374.9,3,09:29:41.961719967
2374.9,19,09:29:41.961992439
2374.9,2,09:29:41.962056815
2374.9,1,09:29:41.973839904
2375.0,1,09:29:42.591767886
2375.0,1,09:29:42.591928865
2374.9,2,09:29:42.657194676
2374.9,2,09:29:42.657350315
2374.9,1,09:29:42.657440451
2374.9,1,09:29:42.859162251
2374.9,1,09:29:42.872515944
2375.0,1,09:29:42.888512308
2375.0,1,09:29:42.892474077
2375.0,2,09:29:42.893404384
2375.0,1,09:29:42.987507708
2375.0,2,09:29:42.987620667
2375.0,5,09:29:42.987765917
2375.0,1,09:29:42.987966370
2375.0,1,09:29:42.988004256
2375.0,2,09:29:42.988080532
2375.0,1,09:29:42.988110919
2375.0,2,09:29:42.988147535
2375.0,1,09:29:43.256759931
2375.0,2,09:29:43.613681208
2375.0,2,09:29:43.806810542
2374.9,2,09:29:44.097646975
2375.0,1,09:29:44.331779329
2375.0,1,09:29:44.331913549
2375.1,1,09:29:45.113572608
2375.2,11,09:29:45.216035663
2375.1,9,09:29:45.216035663
2375.2,1,09:29:45.217018727
2375.2,1,09:29:45.217125455
2375.2,1,09:29:45.217180516
2375.2,1,09:29:45.217431647
2375.2,1,09:29:45.218381973
2375.2,1,09:29:45.218519055
2375.1,2,09:29:45.219496818
2375.1,1,09:29:45.219545693
2375.1,1,09:29:45.219956338
2375.2,2,09:29:46.593534004
2375.2,1,09:29:46.594000426
2375.2,1,09:29:46.594624654
2375.1,3,09:29:47.645399815
2375.3,5,09:29:47.838780431
2375.3,1,09:29:47.839721922
2375.3,1,09:29:48.041712814
2375.3,1,09:29:48.060816050
2375.2,1,09:29:48.265417896
2375.1,1,09:29:48.646665675
2375.3,5,09:29:50.166645613
2375.2,4,09:29:50.747775740
2375.2,1,09:29:50.748185032
2375.2,1,09:29:50.748450327
2375.2,1,09:29:50.748747987
2375.2,1,09:29:50.748987890
2375.3,2,09:29:51.762663361
2375.5,1,09:29:51.764347782
2375.5,1,09:29:51.764368080
2375.4,1,09:29:51.912189563
2375.5,2,09:29:52.510381249
2375.5,1,09:29:52.510720273
2375.6,1,09:29:52.983651034
2375.6,1,09:29:52.983667207
2375.6,2,09:29:52.983828215
2375.6,1,09:29:52.983871797
2375.5,1,09:29:53.021982325
2375.4,3,09:29:53.357380836
2375.5,6,09:29:53.357380836
2375.4,8,09:29:55.320419883
2375.4,1,09:29:55.320672908
2375.4,1,09:29:55.321259957
2375.3,1,09:29:55.965028671
2375.3,9,09:29:55.965253431
2375.3,1,09:29:55.966087953
2375.2,1,09:29:56.575242515
2375.2,1,09:29:56.668186603
2375.1,1,09:29:56.790502604
2375.1,1,09:29:56.833174337
2375.0,1,09:29:56.873005692
2375.1,1,09:29:56.873413006
2375.0,1,09:29:57.174853307
2375.0,1,09:29:57.346184020
2375.0,2,09:29:57.414558628
2375.0,1,09:29:58.208253727
2375.1,1,09:29:59.212564748
2375.1,1,09:29:59.212661413
2375.2,1,09:29:59.361825059
2375.3,1,09:30:00.009927472
2375.3,1,09:30:00.010199491
2375.2,2,09:30:00.023496367
2375.1,1,09:30:00.100921081
2375.1,1,09:30:00.136432075
2375.1,1,09:30:00.172562317
2375.1,1,09:30:00.184437667
2375.1,1,09:30:00.189232688
2375.0,1,09:30:00.212736272
2375.1,1,09:30:00.213146110
2375.2,1,09:30:00.244149964
2375.0,1,09:30:00.248149382
2375.0,1,09:30:00.280221276
2375.1,1,09:30:00.413892453
2375.1,1,09:30:00.414304349
2375.2,3,09:30:00.473187061
2375.3,2,09:30:00.867738622
2375.3,2,09:30:00.868616710
2375.4,1,09:30:00.870579121
2375.4,1,09:30:00.895700260
2375.4,1,09:30:00.944447140
2375.3,1,09:30:01.175320227
2375.5,3,09:30:01.358264034
2375.5,2,09:30:01.358671787
2375.5,1,09:30:01.635793875
2375.5,2,09:30:01.635873762
2375.4,1,09:30:01.821772515
2375.5,1,09:30:02.129307757
2375.2,2,09:30:02.342766963
2375.2,5,09:30:02.948392371
2375.3,1,09:30:02.948392371
2375.2,2,09:30:02.949759451
2374.9,2,09:30:03.294544649
2375.1,3,09:30:03.294544649
2375.0,7,09:30:03.294544649
2375.1,1,09:30:03.331288215
2375.3,3,09:30:04.121426976
2375.2,2,09:30:04.121426976
2375.2,1,09:30:04.134277540
2375.1,1,09:30:04.332743017
2375.2,1,09:30:05.068209599
2375.1,2,09:30:06.347304832
2375.1,1,09:30:06.348314650
2375.2,1,09:30:06.348314650
2375.0,1,09:30:06.551635752
2374.9,1,09:30:06.845492042
2374.9,1,09:30:06.845535115
2374.9,3,09:30:06.845592706
2374.7,6,09:30:07.189989228
2374.6,5,09:30:07.189989228
2374.6,1,09:30:07.203168889
2374.6,1,09:30:07.516191188
2374.5,2,09:30:07.782666927
2374.5,2,09:30:07.896286666
2374.5,1,09:30:07.905505889
2374.5,1,09:30:07.905787289
2374.5,1,09:30:08.032467386
2374.3,7,09:30:08.200833751
2374.4,3,09:30:08.200833751
2374.4,4,09:30:08.202405271
2374.4,1,09:30:08.415222774
2374.3,1,09:30:08.692423838
2374.3,1,09:30:08.694229858
2374.3,2,09:30:08.708053820
2374.4,1,09:30:08.821402911
2374.3,2,09:30:08.822424384
2374.3,1,09:30:08.896642465
2374.4,4,09:30:08.899714380
2374.3,1,09:30:09.281805014
2374.3,2,09:30:09.292594749
2374.2,1,09:30:09.735613256
2374.2,1,09:30:09.735779646
2374.2,7,09:30:09.735840627
2374.2,1,09:30:09.735885037
2374.2,1,09:30:09.735993993
2374.2,6,09:30:09.736036992
2374.2,2,09:30:09.753876741
2374.3,2,09:30:09.754671006
2374.3,1,09:30:09.754717974
2374.3,1,09:30:09.754778250
2374.4,1,09:30:09.756754097
2374.5,1,09:30:09.890405493
2374.5,1,09:30:09.890694714
2374.5,1,09:30:10.073705075
2374.6,1,09:30:10.180025427
2374.5,1,09:30:10.231193556
2374.5,1,09:30:10.232620725
2374.4,1,09:30:10.336738273
2374.4,2,09:30:10.662473245
2374.5,3,09:30:10.790788834
2374.6,2,09:30:10.877070003
2374.6,1,09:30:11.090864270
2374.7,1,09:30:11.719887030
2374.7,1,09:30:11.923437379
2374.5,1,09:30:12.106544624
2374.5,1,09:30:12.381621915
2374.5,1,09:30:12.600583880
2374.6,2,09:30:12.600946165
2374.6,1,09:30:12.985804052
2374.6,1,09:30:13.305684153
2374.6,1,09:30:14.445989697
2374.6,1,09:30:14.446163240
2374.6,1,09:30:14.446197106
2374.6,1,09:30:14.446518130
2374.6,1,09:30:14.446622343
2374.6,1,09:30:14.447604696
2374.5,1,09:30:14.471757237
2374.5,1,09:30:14.471974595
2374.5,3,09:30:14.642874236
2374.4,1,09:30:14.776770996
2374.4,1,09:30:14.777086925
2374.3,1,09:30:15.393302680
2374.3,2,09:30:15.393412935
2374.4,1,09:30:15.393946968
2374.3,1,09:30:15.393946968
2374.3,3,09:30:15.724899934
2374.3,1,09:30:16.471903050
2374.3,1,09:30:16.472313538
2374.2,1,09:30:16.850912803
2374.3,1,09:30:17.227918751
2374.3,1,09:30:17.231869369
2374.3,1,09:30:17.232316923
2374.3,1,09:30:17.462340526
2374.2,2,09:30:17.661662623
2374.1,1,09:30:17.663786486
2374.1,1,09:30:17.663858629
2374.1,1,09:30:17.664693852
2374.2,2,09:30:17.832145163
2374.2,1,09:30:17.832318062
2374.1,2,09:30:18.284763144
2374.1,1,09:30:18.285057140
2374.0,1,09:30:19.206988284
2374.0,1,09:30:19.207005699
2374.0,2,09:30:19.207692120
2374.0,1,09:30:19.208295200
2374.0,1,09:30:19.208757254
2373.8,4,09:30:19.299963142
2373.9,2,09:30:19.299963142
2373.8,1,09:30:19.314608833
2373.9,1,09:30:19.379569645
2373.9,1,09:30:19.652818187
2374.0,1,09:30:20.058653950
2373.9,1,09:30:20.089727728
2373.9,1,09:30:20.090255620
2373.8,6,09:30:20.118793305
2373.7,4,09:30:20.118793305
2373.7,1,09:30:20.118807171
2373.7,1,09:30:20.458422493
2373.7,1,09:30:20.466937378
2373.7,1,09:30:20.482084054
2373.7,1,09:30:20.554625634
2373.7,1,09:30:20.559287741
2373.8,3,09:30:20.897403892
2373.9,2,09:30:20.984543623
2374.1,1,09:30:21.021567088
2374.0,1,09:30:21.319791179
2374.0,2,09:30:21.345192399
2373.8,1,09:30:21.460711545
2373.7,1,09:30:21.650504828
2373.8,4,09:30:21.650504828
2373.9,1,09:30:21.945580096
2373.8,3,09:30:23.544692560
2373.7,1,09:30:23.588582308
2373.7,1,09:30:23.816700885
2373.7,1,09:30:23.841133604
2373.7,1,09:30:23.891360475
2373.6,1,09:30:24.330502209
2373.6,1,09:30:24.546595607
2373.6,8,09:30:24.546915383
2373.6,1,09:30:24.548736793
2373.6,1,09:30:24.549449143
2373.6,1,09:30:24.549746080
2373.7,5,09:30:24.666439814
2373.6,1,09:30:24.822405662
2373.6,1,09:30:24.822760299
2373.6,2,09:30:25.399915565
2373.7,2,09:30:25.602062847
2373.8,1,09:30:25.602842814
2373.8,1,09:30:25.602872325
2373.8,2,09:30:25.603058210
2373.8,1,09:30:25.603118848
2373.8,1,09:30:25.939582730
2373.9,1,09:30:26.131250794
2373.9,1,09:30:26.256787734
2373.9,2,09:30:26.256991873
2373.9,1,09:30:26.257026651
2373.9,1,09:30:26.257076908
2373.8,1,09:30:26.369324473
2373.9,1,09:30:26.369730017
2374.0,5,09:30:26.849884979
2374.0,3,09:30:26.850123462
2374.0,2,09:30:26.850168644
2374.0,1,09:30:26.850225029
2374.0,1,09:30:26.850270121
2374.0,1,09:30:26.850444342
2374.0,4,09:30:26.850523496
2374.0,1,09:30:26.850592105
2374.0,1,09:30:26.850629079
2373.7,1,09:30:26.869976002
2373.8,6,09:30:26.869976002
2373.9,1,09:30:26.869976002
2373.9,4,09:30:26.871284602
2373.9,1,09:30:26.871519426
2373.9,1,09:30:26.871588045
2374.0,1,09:30:27.094542321
2374.0,2,09:30:27.094765784
2374.0,2,09:30:27.815602588
2373.9,2,09:30:28.307245732
2373.9,1,09:30:28.308078741
2373.7,2,09:30:28.317008671
2373.7,1,09:30:28.317036351
2373.7,1,09:30:28.317118999
2373.7,1,09:30:28.317625970
2373.7,1,09:30:28.318964851
2373.8,1,09:30:29.541477376
2373.7,1,09:30:29.695224842
2373.7,1,09:30:29.699407969
2373.8,2,09:30:29.778288019
2373.9,3,09:30:29.778288019
2373.9,1,09:30:29.965477632
2373.7,2,09:30:30.048349775
2373.7,1,09:30:30.049438485
2373.7,1,09:30:30.281626102
2373.9,1,09:30:30.324779845
2374.2,1,09:30:30.442338525
2374.3,2,09:30:30.547878918
2374.3,1,09:30:30.547918371
2374.4,1,09:30:30.549040445
2374.2,1,09:30:30.793830960
2374.3,3,09:30:31.245069606
2374.2,3,09:30:31.245757598
2374.2,1,09:30:31.246427032
2374.2,1,09:30:31.268487614
2374.2,1,09:30:31.848487068
2374.1,3,09:30:32.869624520
2374.1,14,09:30:32.870102850
2374.2,3,09:30:32.871527473
2374.2,1,09:30:32.871636829
2374.2,1,09:30:32.872299627
2374.0,5,09:30:33.512874939
2374.0,4,09:30:34.434767659
2374.0,2,09:30:34.435364881
2374.1,2,09:30:34.435868354
2374.0,3,09:30:34.435868354
2374.1,3,09:30:35.225564709
2374.3,1,09:30:35.460226144
2374.1,1,09:30:35.665662768
2374.2,1,09:30:35.665662768
2374.2,1,09:30:36.018012157
2374.2,4,09:30:36.608185977
2374.2,1,09:30:37.811559454
2374.1,1,09:30:37.923385596
2374.1,1,09:30:37.923466221
2374.1,4,09:30:37.923604540
2374.1,1,09:30:37.923649012
2374.1,2,09:30:37.923685794
2374.1,1,09:30:37.923915577
2374.1,3,09:30:37.924076304
2374.1,2,09:30:37.924112996
2374.0,1,09:30:38.028439658
2374.2,2,09:30:38.129608391
2374.1,3,09:30:38.129608391
2374.1,1,09:30:39.085525364
2374.2,2,09:30:39.386453940
2374.2,1,09:30:39.386502449
2374.2,1,09:30:39.387225584
2374.2,1,09:30:39.387479195
2374.2,2,09:30:39.395573442
2374.2,1,09:30:39.869381458
2374.3,2,09:30:41.081650058
2374.4,1,09:30:41.081788736
2374.3,2,09:30:41.119881976
2374.2,2,09:30:41.572998529
2374.2,1,09:30:41.977060908
2374.3,1,09:30:42.771169202
2374.1,4,09:30:42.774110313
2374.1,2,09:30:42.775262001
2374.0,2,09:30:43.746529579
2374.0,1,09:30:43.746580599
2374.0,2,09:30:43.746719770
2374.0,4,09:30:43.746821509
2374.0,1,09:30:43.746869868
2374.0,2,09:30:43.747094654
2374.0,1,09:30:43.747544695
2374.1,2,09:30:43.747758370
2374.1,1,09:30:43.747893012
2374.2,1,09:30:43.810229528
2374.2,1,09:30:44.559289063
2374.3,1,09:30:44.918403272
2374.4,1,09:30:45.045607029
2374.4,1,09:30:45.100448990
2374.4,1,09:30:45.101007888
2374.5,1,09:30:45.163705302
2374.5,1,09:30:45.163774449
2374.5,2,09:30:45.258768369
2374.6,3,09:30:45.612709439
2374.7,1,09:30:46.086322021
2374.6,1,09:30:46.246014723
2374.6,3,09:30:46.246274164
2374.6,2,09:30:46.246536388
2374.6,1,09:30:46.246804761
2374.7,1,09:30:46.442503972
2374.7,1,09:30:46.543036665
2374.7,1,09:30:47.085778191
2374.6,1,09:30:47.441330389
2374.5,3,09:30:47.725768850
2374.5,1,09:30:47.725997508
2374.5,1,09:30:47.726038411
2374.5,3,09:30:47.726112339
2374.5,2,09:30:47.726112339
2374.4,1,09:30:47.728821191
2374.5,1,09:30:47.828815409
2374.5,1,09:30:47.869932886
2374.6,1,09:30:48.057430252
2374.7,4,09:30:48.639971978
2374.6,2,09:30:48.640797101
2374.6,1,09:30:48.661025614
2374.7,1,09:30:48.724625298
2374.7,1,09:30:48.874447600
2374.6,3,09:30:48.880389247
2374.5,1,09:30:49.371634330
2374.5,1,09:30:49.371685896
2374.5,1,09:30:49.385741996
2374.5,2,09:30:50.064572631
2374.7,4,09:30:51.231571230
2374.7,1,09:30:51.232019405
2374.6,3,09:30:51.402678104
2374.6,1,09:30:51.403184853
2374.7,1,09:30:51.404940652
2374.6,1,09:30:51.798699367
2374.6,1,09:30:51.798755801
2374.5,1,09:30:51.811802978
2374.5,1,09:30:51.856981144
2374.4,3,09:30:51.906942015
2374.4,1,09:30:51.918824091
2374.4,1,09:30:51.925893449
2374.5,1,09:30:51.946553874
2374.6,1,09:30:52.331537605
2374.5,3,09:30:52.397123177
2374.6,1,09:30:52.612226035
2374.6,1,09:30:52.612531478
2374.5,1,09:30:52.697756520
2374.5,1,09:30:52.698346203
2374.5,1,09:30:53.289161265
2374.5,1,09:30:53.289518053
2374.4,2,09:30:53.657266446
2374.4,2,09:30:53.657589453
2374.5,1,09:30:53.703105568
2374.5,2,09:30:53.703159952
2374.4,1,09:30:53.771723708
2374.4,1,09:30:54.011278359
2374.4,1,09:30:54.015246042
2374.4,1,09:30:54.015843580
2374.4,1,09:30:54.016059927
2374.4,1,09:30:54.016162675
2374.4,1,09:30:54.361350237
2374.4,1,09:30:54.361762351
2374.5,2,09:30:54.921238987
2374.5,1,09:30:54.993027592
2374.4,1,09:30:55.026717172
2374.5,1,09:30:55.892787855
2374.6,1,09:30:56.703556384
2374.6,2,09:30:56.703853987
2374.7,1,09:30:57.094516833
2374.7,2,09:30:57.094766076
2374.8,1,09:30:57.095235641
2374.7,1,09:30:57.095725030
2374.8,1,09:30:57.099865353
2374.8,3,09:30:57.355622180
2374.9,1,09:30:57.366679830
2374.8,2,09:30:57.374936268
2374.8,2,09:30:57.375337080
2374.7,1,09:30:57.435129973
2374.7,1,09:30:57.435201642
2374.7,1,09:30:57.458702156
2374.6,1,09:30:57.463214378
2374.7,1,09:30:57.548061188
2374.7,1,09:30:58.778712394
2374.5,1,09:30:58.823619844
2374.4,2,09:30:59.172414005
2374.4,1,09:30:59.172785747
2374.4,1,09:30:59.173030485
2374.4,1,09:30:59.177096467
2374.5,1,09:30:59.347799118
2374.4,1,09:30:59.796171451
2374.4,1,09:30:59.823308919
2374.4,1,09:30:59.823722424
2374.4,1,09:30:59.924227763
2374.4,1,09:30:59.924254505
2374.4,1,09:30:59.924307216
2374.4,1,09:30:59.924642459
2374.4,1,09:30:59.924662114
2374.3,3,09:30:59.925301214
2374.2,1,09:30:59.926765452
2374.2,1,09:30:59.926884283
2374.2,1,09:30:59.927262339
2374.1,1,09:30:59.930078812
2372.9,1,09:31:43.661543782
2372.9,8,09:31:43.661670869
2372.9,4,09:31:43.661779882
2372.9,1,09:31:43.661884055
2372.9,1,09:31:43.662078043
2372.9,1,09:31:43.663078575
2373.0,5,09:31:44.164839965
2373.0,1,09:31:44.353141533
2373.0,1,09:31:44.512380905
2372.9,2,09:31:44.533534809
2373.0,3,09:31:44.644613429
2372.9,2,09:31:44.644613429
2372.8,2,09:31:44.645823898
2372.8,1,09:31:44.646117923
2372.8,1,09:31:44.646198599
2372.8,1,09:31:44.752143016
2372.7,1,09:31:44.837115852
2372.7,1,09:31:44.837157107
2372.7,1,09:31:44.837193502
2372.7,1,09:31:44.837222095
2372.6,1,09:31:44.838222512
2372.6,1,09:31:44.838272253
2372.6,1,09:31:44.838320110
2372.5,2,09:31:44.849039632
2372.5,1,09:31:44.867930287
2372.5,1,09:31:45.479079563
2372.5,4,09:31:45.479296412
2372.5,1,09:31:45.479342550
2372.6,1,09:31:45.869579288
2372.8,1,09:31:47.667232714
2372.6,1,09:31:48.016861675
2372.4,1,09:31:48.478240504
2372.4,1,09:31:48.478334953
2372.4,1,09:31:48.478382292
2372.4,1,09:31:48.478439454
2372.4,4,09:31:48.478479938
2372.4,1,09:31:48.478515987
2372.4,1,09:31:48.478545153
2372.3,1,09:31:48.525174264
2372.4,3,09:31:48.618046296
2372.3,2,09:31:48.618046296
2372.2,3,09:31:49.269719488
2372.3,7,09:31:49.269719488
2372.4,5,09:31:49.369321314
2372.2,3,09:31:49.992543268
2372.4,4,09:31:50.065043640
2372.3,1,09:31:50.065043640
2372.3,1,09:31:50.065837628
2372.3,1,09:31:50.888652713
2372.3,4,09:31:50.889016221
2372.3,1,09:31:50.889518039
2372.4,3,09:31:50.927344396
2372.3,2,09:31:51.132568353
2372.3,1,09:31:51.133072685
2372.2,2,09:31:51.784982496
2372.1,4,09:31:51.784982496
2372.3,2,09:31:52.144699407
2372.3,1,09:31:52.538110239
2372.3,2,09:31:52.538506558
2372.4,1,09:31:52.798005712
2372.4,1,09:31:52.865010026
2372.1,1,09:31:53.349243837
2372.1,7,09:31:53.349548790
2372.0,1,09:31:53.365034804
2372.1,3,09:31:53.417267921
2372.2,5,09:31:53.602811872
2372.2,5,09:31:54.729360337
2372.1,1,09:31:54.730171969
2372.1,1,09:31:54.730347068
2372.1,2,09:31:55.059970831
2372.2,2,09:31:55.513336600
2372.3,3,09:31:55.513336600
2372.1,1,09:31:55.514482006
2372.0,1,09:31:55.515770159
2371.9,3,09:31:55.601622696
2371.9,1,09:31:55.611315813
2371.9,1,09:31:55.934471344
2371.8,1,09:31:55.938208286
2371.9,1,09:31:56.046773363
2372.0,1,09:31:56.745728116
2371.8,7,09:31:56.973706078
2371.9,3,09:31:56.973706078
2371.8,1,09:31:56.974863020
2371.8,1,09:31:56.974881718
2371.8,1,09:31:56.974941268
2371.8,1,09:31:56.974971681
2371.8,1,09:31:56.975000604
2371.8,1,09:31:56.975067687
2371.8,1,09:31:56.975179129
2371.8,3,09:31:56.975357062
2371.8,4,09:31:56.975374310
2371.9,1,09:31:56.976935900
2372.0,1,09:31:57.031719412
2372.0,1,09:31:57.101884612
2372.0,1,09:31:57.288879171
2371.9,4,09:31:57.980644358
2371.9,2,09:31:57.980882418
2372.0,5,09:31:57.994650531
2372.0,1,09:31:58.099363923
2372.1,3,09:31:58.700095417
2372.0,1,09:31:58.700486449
2372.0,2,09:31:58.700720146
2372.0,1,09:31:58.700763317
2372.0,1,09:31:58.700905273
2371.8,1,09:31:59.098977506
2371.8,1,09:31:59.099316735
2371.7,1,09:31:59.641306572
2371.8,1,09:31:59.802574656
2371.6,5,09:31:59.959576010
2371.5,5,09:31:59.959576010
2371.7,1,09:31:59.979913953
2371.7,1,09:32:00.077718013
2371.6,5,09:32:00.118695776
2371.7,1,09:32:00.795570776
2371.6,1,09:32:00.833256088
2371.6,2,09:32:00.834236997
2371.7,1,09:32:00.883199844
2371.5,1,09:32:01.019112215
2371.5,1,09:32:01.019164746
2371.5,1,09:32:01.019259590
2371.5,4,09:32:01.019336488
2371.5,3,09:32:01.019380124
2371.5,1,09:32:01.019597866
2371.5,1,09:32:01.019839631
2371.5,2,09:32:01.019892848
2371.5,1,09:32:01.019918340
2371.5,1,09:32:01.019997413
2371.5,7,09:32:01.020991536
2371.6,1,09:32:01.021055124
2371.6,1,09:32:01.022571340
2371.6,3,09:32:01.022855998
2371.6,1,09:32:01.027771029
2371.5,1,09:32:01.077147605
2371.6,1,09:32:01.401612381
2371.5,1,09:32:01.551201531
2371.5,2,09:32:01.551374398
2371.5,5,09:32:01.551472858
2371.5,1,09:32:01.551978721
2371.5,3,09:32:01.552152967
2371.5,16,09:32:01.636129719
2371.4,2,09:32:01.636553897
2371.4,3,09:32:01.636800819
2371.3,2,09:32:01.638480854
2371.2,1,09:32:01.638488131
2371.3,1,09:32:01.654603079
2371.3,1,09:32:01.830028482
2371.4,1,09:32:01.903969576
2371.4,1,09:32:02.387676332
2371.4,1,09:32:02.583312769
2371.4,1,09:32:02.584261373
2371.3,1,09:32:02.733883940
2371.4,3,09:32:02.762972054
2371.4,1,09:32:02.763577760
2371.5,1,09:32:03.207041602
2371.5,2,09:32:03.207349522
2371.4,1,09:32:03.231564135
2371.3,1,09:32:03.463941215
2371.2,1,09:32:03.467681575
2371.3,1,09:32:03.722305499
2371.4,1,09:32:03.872014808
2371.4,1,09:32:03.939301201
2371.5,2,09:32:04.050119453
2371.4,1,09:32:04.806257092
2371.5,1,09:32:04.825027444
2371.3,3,09:32:04.825475171
2371.4,1,09:32:05.028600905
2371.5,1,09:32:05.289646230
2371.5,1,09:32:05.289861943
2371.5,2,09:32:05.298615719
2371.5,1,09:32:05.298665595
2371.6,2,09:32:05.299002534
2371.6,1,09:32:05.299135256
2371.7,3,09:32:05.300130658
2371.8,1,09:32:06.378738580
2371.9,1,09:32:06.422809092
2371.8,1,09:32:07.100137369
2371.8,1,09:32:07.143630552
2371.9,1,09:32:07.586988663
2371.8,3,09:32:07.664726051
2371.9,2,09:32:07.790272619
2372.1,5,09:32:07.876937101
2372.0,5,09:32:07.876937101
2372.0,1,09:32:07.961843646
2372.1,2,09:32:07.962408531
2372.1,1,09:32:07.963012472
2372.1,1,09:32:07.963766785
2372.1,1,09:32:08.029564845
2372.2,1,09:32:08.371800832
2372.3,1,09:32:08.371814695
2372.3,1,09:32:08.625708679
2372.3,2,09:32:08.626002054
2372.3,1,09:32:08.627211594
2372.3,1,09:32:08.989433958
2372.2,1,09:32:09.086743598
2372.2,1,09:32:09.086802966
2372.1,1,09:32:09.088172277
2372.0,2,09:32:09.344616134
2372.0,1,09:32:09.344920639
2372.0,1,09:32:09.363399992
2372.1,1,09:32:09.841638445
2372.1,2,09:32:09.857903025
2372.2,1,09:32:09.877459054
2372.2,1,09:32:09.877484366
2372.2,2,09:32:09.877540857
2372.2,1,09:32:09.877589668
2372.4,3,09:32:10.097066033
2372.3,5,09:32:10.098307944
2372.3,1,09:32:10.098651365
2372.3,1,09:32:10.175415438
2372.4,1,09:32:10.234307622
2372.4,1,09:32:10.268428283
2372.4,2,09:32:10.268769541
2372.4,1,09:32:10.269705579
2372.4,1,09:32:10.270157399
2372.4,1,09:32:10.270397881
2372.4,2,09:32:10.558514276
2372.5,5,09:32:10.855218943
2372.6,1,09:32:10.859457096
2372.6,1,09:32:10.859469067
2372.6,1,09:32:10.859593485
2372.7,4,09:32:10.859593485
2372.7,3,09:32:10.860722641
2372.8,7,09:32:10.860722641
2372.8,1,09:32:10.860796605
2372.7,3,09:32:10.863367325
2372.7,1,09:32:10.863744699
2372.7,1,09:32:10.868121741
2372.8,1,09:32:10.884241985
2372.8,2,09:32:10.906330495
2372.8,1,09:32:10.906523410
2372.8,1,09:32:10.906565138
2372.9,1,09:32:10.918420235
2372.8,1,09:32:10.925343018
2372.9,2,09:32:10.979779446
2373.0,1,09:32:11.097253354
2372.9,1,09:32:11.229791120
2372.9,1,09:32:11.229832810
2373.0,2,09:32:11.436676394
2373.0,1,09:32:11.832264727
2372.9,1,09:32:11.836213584
2372.9,1,09:32:11.836298178
2372.9,1,09:32:11.889453114
2372.9,1,09:32:11.889508734
2372.9,1,09:32:12.337475608
2373.0,1,09:32:12.454818026
2373.0,2,09:32:12.795550806
2373.1,1,09:32:12.826052782
2373.1,1,09:32:12.826285337
2373.2,1,09:32:12.922796292
2373.2,2,09:32:12.922809492
2373.2,1,09:32:12.923736817
2373.2,2,09:32:13.259316651
2373.2,1,09:32:13.417961620
2373.1,1,09:32:13.497749148
2373.4,6,09:32:13.675714781
2373.2,1,09:32:13.675714781
2373.3,7,09:32:13.675714781
2373.4,2,09:32:13.677039439
2373.4,1,09:32:13.677057846
2373.4,1,09:32:13.677088509
2373.4,1,09:32:13.677103367
2373.4,1,09:32:13.677132305
2373.4,1,09:32:13.677184936
2373.4,1,09:32:13.677193484
2373.4,1,09:32:13.677244112
2373.4,1,09:32:13.677286888
2373.4,1,09:32:13.677331231
2373.4,2,09:32:13.677386093
2373.4,1,09:32:13.677514921
2373.4,1,09:32:13.677613985
2373.4,1,09:32:13.677693385
2373.4,1,09:32:13.677774276
2373.4,1,09:32:13.678430837
2373.4,1,09:32:13.678705684
2373.4,1,09:32:13.678939036
2373.4,1,09:32:13.679405708
2373.5,1,09:32:13.681201533
2373.5,1,09:32:13.681458916
2373.5,2,09:32:13.681665430
2373.5,1,09:32:13.682067454
2373.5,1,09:32:13.685672477
2373.5,1,09:32:13.685842951
2373.5,1,09:32:13.685907560
2373.4,2,09:32:13.747641097
2373.4,4,09:32:13.748642934
2373.4,1,09:32:13.749041630
2373.4,1,09:32:13.749360933
2373.4,1,09:32:13.750086067
2373.4,1,09:32:13.750294094
2373.4,1,09:32:13.755366397
2373.4,1,09:32:13.755388781
2373.5,4,09:32:13.953567888
2373.8,11,09:32:13.953567888
2373.7,9,09:32:13.953567888
2373.6,8,09:32:13.953567888
2374.0,6,09:32:13.953567888
2373.9,12,09:32:13.953567888
2374.0,2,09:32:13.953889674
2374.0,1,09:32:13.953895892
2373.7,1,09:32:13.956547862
2373.7,1,09:32:13.958697313
2373.7,1,09:32:13.959828322
2373.6,2,09:32:13.962899174
2373.6,1,09:32:13.965812784
2373.5,1,09:32:13.979837556
2373.5,1,09:32:13.995187071
2373.6,2,09:32:14.091928435
2373.6,1,09:32:14.091965219
2373.6,1,09:32:14.102918752
2373.6,1,09:32:14.103002075
2373.6,1,09:32:14.166596750
2373.5,2,09:32:14.221491070
2373.5,5,09:32:14.374611859
2373.6,1,09:32:14.374647731
2373.6,1,09:32:14.374682605
2373.6,1,09:32:14.375059897
2373.6,1,09:32:14.375098505
2373.6,1,09:32:14.375386258
2373.6,2,09:32:14.375910067
2373.7,1,09:32:14.377067351
2373.7,2,09:32:14.377691012
2373.7,1,09:32:14.377867313
2373.7,1,09:32:14.379335602
2373.6,2,09:32:14.836669303
2373.5,2,09:32:14.842432707
2373.5,1,09:32:14.843020554
2373.5,1,09:32:14.843067139
2373.5,1,09:32:14.848471820
2373.7,6,09:32:14.950548625
2373.6,2,09:32:14.950548625
2373.9,7,09:32:14.950548625
2373.8,6,09:32:14.950548625
2373.7,1,09:32:14.953431675
2373.7,1,09:32:14.953979206
2373.7,1,09:32:14.954036393
2373.7,1,09:32:14.955825806
2373.7,1,09:32:15.168342041
2373.7,1,09:32:15.172347507
2373.7,1,09:32:15.206886045
2373.7,1,09:32:15.207130489
2373.8,5,09:32:15.461898440
2373.7,1,09:32:15.461898440
2373.8,1,09:32:15.462441395
2373.8,1,09:32:15.462505079
2373.8,1,09:32:15.462570745
2373.8,1,09:32:15.462586537
2373.8,1,09:32:15.479273269
2373.8,1,09:32:15.549972819
2373.9,1,09:32:15.550051810
2373.9,1,09:32:15.673556425
2373.9,1,09:32:15.673655141
2373.9,1,09:32:15.673688027
2373.9,1,09:32:15.673732461
2373.9,1,09:32:15.673937547
2373.9,1,09:32:15.673953249
2373.9,1,09:32:15.674021747
2373.9,1,09:32:15.674086154
2374.0,2,09:32:15.674128229
2373.9,1,09:32:15.674222146
2373.9,2,09:32:15.674347721
2374.0,1,09:32:15.674521392
2374.0,1,09:32:15.674651215
2374.2,4,09:32:15.737834653
2374.0,1,09:32:15.737834653
2374.1,5,09:32:15.737834653
2374.0,1,09:32:15.739120640
2374.0,2,09:32:15.739233919
2374.0,1,09:32:15.739263136
2374.0,3,09:32:15.739995259
2374.0,1,09:32:15.740815097
2374.0,2,09:32:15.817911464
2374.0,1,09:32:15.818767740
2373.9,1,09:32:15.828904120
2373.9,2,09:32:15.829820666
2373.9,2,09:32:15.836922428
2374.2,3,09:32:15.861174443
2374.1,7,09:32:15.861174443
2374.0,2,09:32:15.862765710
2374.0,1,09:32:15.862940622
2374.0,1,09:32:15.866325173
2374.1,1,09:32:15.871232462
2374.0,1,09:32:15.873859818
2374.0,1,09:32:15.916478643
2374.2,6,09:32:16.028863125
2374.1,4,09:32:16.028863125
