bidVolume,bidPrice,askVolume,askPrice,timestamp
26,5254.5,34,5254.75,08:00:00.016930359
26,5254.5,34,5254.75,08:00:00.016936116
26,5254.5,35,5254.75,08:00:00.017084727
26,5254.5,35,5254.75,08:00:00.017091303
26,5254.5,35,5254.75,08:00:00.017222896
26,5254.5,36,5254.75,08:00:00.017251594
26,5254.5,37,5254.75,08:00:00.017457333
26,5254.5,38,5254.75,08:00:00.017562074
26,5254.5,38,5254.75,08:00:00.036162347
26,5254.5,38,5254.75,08:00:00.036273956
27,5254.5,38,5254.75,08:00:00.036393386
27,5254.5,37,5254.75,08:00:00.036488565
27,5254.5,37,5254.75,08:00:00.041550857
27,5254.5,37,5254.75,08:00:00.041550857
27,5254.5,38,5254.75,08:00:00.041561042
27,5254.5,38,5254.75,08:00:00.041561042
27,5254.5,39,5254.75,08:00:00.041571708
27,5254.5,39,5254.75,08:00:00.041571708
25,5254.5,39,5254.75,08:00:00.041710402
16,5254.5,39,5254.75,08:00:00.041810077
12,5254.5,39,5254.75,08:00:00.041867618
11,5254.5,39,5254.75,08:00:00.041906620
10,5254.5,39,5254.75,08:00:00.041963140
9,5254.5,39,5254.75,08:00:00.041972660
9,5254.5,40,5254.75,08:00:00.041993601
8,5254.5,40,5254.75,08:00:00.042027839
7,5254.5,40,5254.75,08:00:00.042057100
37,5254.25,40,5254.75,08:00:00.042433322
37,5254.25,40,5254.75,08:00:00.042433322
37,5254.25,40,5254.75,08:00:00.042461092
37,5254.25,40,5254.75,08:00:00.042477134
37,5254.25,40,5254.75,08:00:00.042481198
37,5254.25,1,5254.5,08:00:00.042517221
37,5254.25,1,5254.5,08:00:00.042536284
37,5254.25,6,5254.5,08:00:00.042552534
37,5254.25,6,5254.5,08:00:00.042563475
38,5254.25,6,5254.5,08:00:00.042579767
39,5254.25,6,5254.5,08:00:00.042584461
40,5254.25,6,5254.5,08:00:00.042596305
40,5254.25,6,5254.5,08:00:00.042596305
40,5254.25,5,5254.5,08:00:00.042816505
40,5254.25,4,5254.5,08:00:00.042816505
40,5254.25,6,5254.5,08:00:00.042816505
40,5254.25,2,5254.5,08:00:00.042865782
40,5254.25,1,5254.5,08:00:00.042865782
40,5254.25,2,5254.5,08:00:00.042865782
41,5254.25,2,5254.5,08:00:00.042865782
40,5254.25,2,5254.5,08:00:00.042865782
40,5254.25,2,5254.5,08:00:00.042865782
39,5254.25,2,5254.5,08:00:00.042873543
39,5254.25,2,5254.5,08:00:00.042873543
39,5254.25,2,5254.5,08:00:00.042873543
39,5254.25,2,5254.5,08:00:00.042873543
39,5254.25,42,5254.75,08:00:00.043022742
39,5254.25,42,5254.75,08:00:00.043022742
1,5254.5,42,5254.75,08:00:00.043059015
2,5254.5,42,5254.75,08:00:00.043097911
3,5254.5,42,5254.75,08:00:00.043107937
3,5254.5,42,5254.75,08:00:00.043114072
3,5254.5,42,5254.75,08:00:00.043114072
3,5254.5,42,5254.75,08:00:00.043127170
3,5254.5,42,5254.75,08:00:00.043127170
2,5254.5,42,5254.75,08:00:00.043141100
2,5254.5,42,5254.75,08:00:00.043178883
3,5254.5,42,5254.75,08:00:00.043189485
3,5254.5,46,5254.75,08:00:00.043196880
3,5254.5,46,5254.75,08:00:00.043212929
3,5254.5,46,5254.75,08:00:00.043212929
4,5254.5,46,5254.75,08:00:00.043218064
4,5254.5,47,5254.75,08:00:00.043222711
4,5254.5,48,5254.75,08:00:00.043227444
4,5254.5,49,5254.75,08:00:00.043232791
4,5254.5,45,5254.75,08:00:00.043238602
4,5254.5,46,5254.75,08:00:00.043249150
4,5254.5,47,5254.75,08:00:00.043541261
4,5254.5,48,5254.75,08:00:00.043645132
3,5254.5,48,5254.75,08:00:00.043651776
3,5254.5,49,5254.75,08:00:00.043808428
6,5254.5,49,5254.75,08:00:00.044426802
6,5254.5,48,5254.75,08:00:00.044514263
7,5254.5,48,5254.75,08:00:00.044531361
4,5254.5,48,5254.75,08:00:00.044742540
4,5254.5,47,5254.75,08:00:00.045091190
3,5254.5,47,5254.75,08:00:00.045196693
2,5254.5,47,5254.75,08:00:00.070376177
2,5254.5,47,5254.75,08:00:00.070497207
1,5254.5,47,5254.75,08:00:00.078422676
35,5254.25,47,5254.75,08:00:00.078778498
35,5254.25,47,5254.75,08:00:00.078778498
38,5254.25,47,5254.75,08:00:00.078778498
38,5254.25,47,5254.75,08:00:00.078778498
39,5254.25,47,5254.75,08:00:00.078829180
39,5254.25,47,5254.75,08:00:00.078829180
40,5254.25,47,5254.75,08:00:00.078896637
41,5254.25,47,5254.75,08:00:00.078933819
41,5254.25,48,5254.75,08:00:00.079053095
41,5254.25,48,5254.75,08:00:00.086399650
41,5254.25,49,5254.75,08:00:00.086500452
41,5254.25,49,5254.75,08:00:00.097615242
1,5254.5,49,5254.75,08:00:00.099655316
2,5254.5,49,5254.75,08:00:00.099754172
41,5254.25,49,5254.75,08:00:00.099881861
41,5254.25,49,5254.75,08:00:00.099881861
41,5254.25,5,5254.5,08:00:00.100247007
41,5254.25,5,5254.5,08:00:00.100285966
41,5254.25,5,5254.5,08:00:00.100285966
41,5254.25,6,5254.5,08:00:00.100350546
41,5254.25,6,5254.5,08:00:00.100365455
40,5254.25,6,5254.5,08:00:00.100375180
40,5254.25,6,5254.5,08:00:00.100375180
39,5254.25,6,5254.5,08:00:00.100382806
39,5254.25,7,5254.5,08:00:00.100390796
39,5254.25,2,5254.5,08:00:00.100507452
39,5254.25,4,5254.5,08:00:00.100507452
39,5254.25,49,5254.75,08:00:00.100746663
39,5254.25,49,5254.75,08:00:00.100746663
39,5254.25,53,5254.75,08:00:00.100783771
1,5254.5,53,5254.75,08:00:00.100803083
1,5254.5,52,5254.75,08:00:00.100840562
1,5254.5,52,5254.75,08:00:00.100858604
1,5254.5,52,5254.75,08:00:00.100858604
2,5254.5,52,5254.75,08:00:00.100898214
2,5254.5,53,5254.75,08:00:00.100971922
2,5254.5,49,5254.75,08:00:00.101836160
5,5254.5,49,5254.75,08:00:00.101919941
6,5254.5,49,5254.75,08:00:00.102027946
6,5254.5,48,5254.75,08:00:00.102048471
6,5254.5,47,5254.75,08:00:00.102136159
6,5254.5,47,5254.75,08:00:00.127366000
6,5254.5,47,5254.75,08:00:00.127482590
3,5254.5,47,5254.75,08:00:00.136021067
3,5254.5,48,5254.75,08:00:00.136147697
3,5254.5,49,5254.75,08:00:00.136156648
3,5254.5,48,5254.75,08:00:00.136263783
7,5254.5,48,5254.75,08:00:00.141110191
8,5254.5,48,5254.75,08:00:00.141206119
7,5254.5,48,5254.75,08:00:00.141589906
8,5254.5,48,5254.75,08:00:00.141809747
8,5254.5,47,5254.75,08:00:00.142012260
9,5254.5,47,5254.75,08:00:00.142037951
9,5254.5,46,5254.75,08:00:00.142049570
9,5254.5,45,5254.75,08:00:00.142135690
10,5254.5,45,5254.75,08:00:00.142155850
10,5254.5,44,5254.75,08:00:00.142192212
10,5254.5,43,5254.75,08:00:00.142229128
10,5254.5,42,5254.75,08:00:00.142319268
10,5254.5,41,5254.75,08:00:00.142571411
10,5254.5,40,5254.75,08:00:00.142608868
10,5254.5,41,5254.75,08:00:00.151754563
9,5254.5,41,5254.75,08:00:00.194673688
8,5254.5,41,5254.75,08:00:00.194679897
7,5254.5,41,5254.75,08:00:00.194778558
8,5254.5,41,5254.75,08:00:00.194830703
7,5254.5,41,5254.75,08:00:00.194992645
7,5254.5,42,5254.75,08:00:00.195018623
7,5254.5,43,5254.75,08:00:00.195031113
40,5254.25,43,5254.75,08:00:00.201936091
40,5254.25,43,5254.75,08:00:00.201936091
40,5254.25,43,5254.75,08:00:00.201964008
40,5254.25,5,5254.5,08:00:00.202027405
40,5254.25,5,5254.5,08:00:00.202035181
39,5254.25,5,5254.5,08:00:00.202043338
39,5254.25,5,5254.5,08:00:00.202078958
40,5254.25,5,5254.5,08:00:00.202084033
40,5254.25,6,5254.5,08:00:00.202154575
40,5254.25,1,5254.5,08:00:00.202282993
39,5254.25,1,5254.5,08:00:00.202282993
39,5254.25,1,5254.5,08:00:00.202282993
40,5254.25,1,5254.5,08:00:00.202282993
40,5254.25,1,5254.5,08:00:00.202282993
39,5254.25,1,5254.5,08:00:00.202298081
36,5254.25,1,5254.5,08:00:00.202311768
36,5254.25,1,5254.5,08:00:00.202311768
37,5254.25,1,5254.5,08:00:00.202319688
37,5254.25,46,5254.75,08:00:00.202488093
37,5254.25,46,5254.75,08:00:00.202488093
1,5254.5,46,5254.75,08:00:00.202513716
3,5254.5,46,5254.75,08:00:00.202518720
4,5254.5,46,5254.75,08:00:00.202535585
4,5254.5,46,5254.75,08:00:00.202577736
4,5254.5,46,5254.75,08:00:00.202577736
3,5254.5,46,5254.75,08:00:00.202589397
3,5254.5,45,5254.75,08:00:00.202651597
4,5254.5,45,5254.75,08:00:00.202670416
7,5254.5,45,5254.75,08:00:00.202676128
8,5254.5,45,5254.75,08:00:00.202681604
9,5254.5,45,5254.75,08:00:00.202781625
9,5254.5,44,5254.75,08:00:00.202802701
9,5254.5,43,5254.75,08:00:00.203299667
9,5254.5,42,5254.75,08:00:00.203311687
13,5254.5,42,5254.75,08:00:00.203682347
13,5254.5,41,5254.75,08:00:00.203741558
13,5254.5,41,5254.75,08:00:00.203741558
13,5254.5,40,5254.75,08:00:00.203822568
14,5254.5,40,5254.75,08:00:00.204542805
14,5254.5,40,5254.75,08:00:00.204542805
15,5254.5,40,5254.75,08:00:00.204659746
16,5254.5,40,5254.75,08:00:00.204838927
16,5254.5,40,5254.75,08:00:00.226532760
17,5254.5,40,5254.75,08:00:00.378317767
18,5254.5,40,5254.75,08:00:00.379024050
18,5254.5,40,5254.75,08:00:00.379024050
18,5254.5,39,5254.75,08:00:00.379120529
3,5254.5,39,5254.75,08:00:00.803971933
2,5254.5,39,5254.75,08:00:00.803971933
2,5254.5,40,5254.75,08:00:00.803975703
1,5254.5,40,5254.75,08:00:00.804186324
35,5254.25,40,5254.75,08:00:00.804186324
35,5254.25,40,5254.75,08:00:00.804186324
35,5254.25,40,5254.75,08:00:00.804186324
35,5254.25,40,5254.75,08:00:00.804186324
35,5254.25,40,5254.75,08:00:00.804186324
35,5254.25,40,5254.75,08:00:00.804194459
35,5254.25,40,5254.75,08:00:00.804194459
35,5254.25,40,5254.75,08:00:00.804194459
1,5254.5,40,5254.75,08:00:00.804194459
1,5254.5,41,5254.75,08:00:00.804194459
35,5254.25,41,5254.75,08:00:00.804314606
35,5254.25,41,5254.75,08:00:00.804314606
35,5254.25,42,5254.75,08:00:00.804314606
35,5254.25,42,5254.75,08:00:00.804314606
35,5254.25,42,5254.75,08:00:00.804314606
35,5254.25,42,5254.75,08:00:00.804314606
36,5254.25,42,5254.75,08:00:00.804328097
36,5254.25,42,5254.75,08:00:00.804338305
37,5254.25,42,5254.75,08:00:00.804343723
37,5254.25,42,5254.75,08:00:00.804343723
38,5254.25,42,5254.75,08:00:00.804420777
43,5254.25,42,5254.75,08:00:00.804439248
43,5254.25,42,5254.75,08:00:00.804439248
44,5254.25,42,5254.75,08:00:00.804471585
44,5254.25,42,5254.75,08:00:00.804471585
44,5254.25,42,5254.75,08:00:00.804571350
44,5254.25,43,5254.75,08:00:00.804609142
45,5254.25,43,5254.75,08:00:00.804640590
45,5254.25,43,5254.75,08:00:00.806083777
46,5254.25,43,5254.75,08:00:00.806192406
46,5254.25,43,5254.75,08:00:00.816924812
46,5254.25,43,5254.75,08:00:00.816932681
46,5254.25,43,5254.75,08:00:00.816941570
46,5254.25,43,5254.75,08:00:00.816948451
46,5254.25,43,5254.75,08:00:00.817035384
46,5254.25,43,5254.75,08:00:00.823307123
45,5254.25,43,5254.75,08:00:00.837186448
45,5254.25,43,5254.75,08:00:00.840701317
45,5254.25,43,5254.75,08:00:00.840707963
45,5254.25,43,5254.75,08:00:00.840750076
45,5254.25,43,5254.75,08:00:00.840757641
45,5254.25,43,5254.75,08:00:00.840805409
45,5254.25,44,5254.75,08:00:00.996284699
45,5254.25,5,5254.5,08:00:00.997833140
45,5254.25,6,5254.5,08:00:00.997903252
45,5254.25,7,5254.5,08:00:00.997928235
45,5254.25,9,5254.5,08:00:00.997944963
45,5254.25,10,5254.5,08:00:00.997952838
45,5254.25,5,5254.5,08:00:00.998083222
44,5254.25,5,5254.5,08:00:00.998083222
44,5254.25,5,5254.5,08:00:00.998083222
44,5254.25,6,5254.5,08:00:00.998083222
43,5254.25,6,5254.5,08:00:00.998083222
42,5254.25,6,5254.5,08:00:00.998083222
42,5254.25,4,5254.5,08:00:00.998338367
42,5254.25,1,5254.5,08:00:00.998338367
42,5254.25,44,5254.75,08:00:00.998380460
42,5254.25,44,5254.75,08:00:00.998380460
2,5254.5,44,5254.75,08:00:00.998380460
2,5254.5,44,5254.75,08:00:00.998403142
2,5254.5,44,5254.75,08:00:00.998403142
2,5254.5,44,5254.75,08:00:00.998403142
2,5254.5,44,5254.75,08:00:00.998403142
2,5254.5,44,5254.75,08:00:00.998403142
2,5254.5,44,5254.75,08:00:00.998403142
2,5254.5,44,5254.75,08:00:00.998403142
2,5254.5,44,5254.75,08:00:00.998563260
2,5254.5,44,5254.75,08:00:00.998598646
2,5254.5,44,5254.75,08:00:00.998608886
2,5254.5,44,5254.75,08:00:00.998621600
2,5254.5,44,5254.75,08:00:00.998627687
2,5254.5,44,5254.75,08:00:00.998637457
2,5254.5,44,5254.75,08:00:00.998644081
2,5254.5,44,5254.75,08:00:00.998649658
2,5254.5,44,5254.75,08:00:00.998659502
42,5254.25,44,5254.75,08:00:00.998865702
42,5254.25,44,5254.75,08:00:00.998865702
43,5254.25,44,5254.75,08:00:00.998922668
1,5254.5,44,5254.75,08:00:00.998949942
1,5254.5,45,5254.75,08:00:00.998956230
1,5254.5,45,5254.75,08:00:00.998982558
1,5254.5,45,5254.75,08:00:00.998982558
1,5254.5,45,5254.75,08:00:00.998987074
1,5254.5,45,5254.75,08:00:00.998987074
1,5254.5,45,5254.75,08:00:00.998993074
1,5254.5,45,5254.75,08:00:00.998993074
1,5254.5,47,5254.75,08:00:00.999194479
1,5254.5,47,5254.75,08:00:00.999194479
1,5254.5,47,5254.75,08:00:00.999429437
1,5254.5,47,5254.75,08:00:00.999435658
1,5254.5,47,5254.75,08:00:00.999440455
5,5254.5,47,5254.75,08:00:00.999592785
5,5254.5,48,5254.75,08:00:00.999641173
8,5254.5,48,5254.75,08:00:00.999688047
9,5254.5,48,5254.75,08:00:00.999693468
9,5254.5,47,5254.75,08:00:00.999718074
9,5254.5,48,5254.75,08:00:00.999736298
9,5254.5,47,5254.75,08:00:00.999764017
9,5254.5,45,5254.75,08:00:00.999984568
9,5254.5,45,5254.75,08:00:00.999984568
9,5254.5,44,5254.75,08:00:01.000064692
9,5254.5,43,5254.75,08:00:01.000094990
9,5254.5,42,5254.75,08:00:01.000548010
9,5254.5,42,5254.75,08:00:01.001176343
9,5254.5,42,5254.75,08:00:01.002226207
10,5254.5,42,5254.75,08:00:01.016242672
11,5254.5,42,5254.75,08:00:01.016534493
11,5254.5,41,5254.75,08:00:01.029062013
11,5254.5,41,5254.75,08:00:01.029062013
11,5254.5,42,5254.75,08:00:01.029238947
11,5254.5,42,5254.75,08:00:01.029238947
10,5254.5,42,5254.75,08:00:01.029327087
10,5254.5,42,5254.75,08:00:01.029367068
9,5254.5,42,5254.75,08:00:01.069714283
6,5254.5,42,5254.75,08:00:01.070181815
7,5254.5,42,5254.75,08:00:01.070631024
8,5254.5,42,5254.75,08:00:01.070820830
9,5254.5,42,5254.75,08:00:01.070909855
10,5254.5,42,5254.75,08:00:01.164421486
11,5254.5,42,5254.75,08:00:01.164532682
13,5254.5,42,5254.75,08:00:01.164540740
13,5254.5,41,5254.75,08:00:01.164647686
13,5254.5,41,5254.75,08:00:01.164647686
14,5254.5,41,5254.75,08:00:01.165976826
15,5254.5,41,5254.75,08:00:01.165985357
14,5254.5,41,5254.75,08:00:01.166902822
15,5254.5,41,5254.75,08:00:01.793790176
15,5254.5,40,5254.75,08:00:01.793796228
15,5254.5,39,5254.75,08:00:01.793917190
16,5254.5,39,5254.75,08:00:01.794020040
25,5254.5,39,5254.75,08:00:01.794097043
25,5254.5,38,5254.75,08:00:01.794125005
25,5254.5,37,5254.75,08:00:01.794184735
26,5254.5,37,5254.75,08:00:01.794205964
26,5254.5,37,5254.75,08:00:01.794205964
26,5254.5,37,5254.75,08:00:01.794236583
26,5254.5,37,5254.75,08:00:01.794236583
26,5254.5,36,5254.75,08:00:01.794244237
26,5254.5,36,5254.75,08:00:01.794244237
26,5254.5,33,5254.75,08:00:01.794300113
27,5254.5,33,5254.75,08:00:01.794311742
27,5254.5,32,5254.75,08:00:01.794423021
27,5254.5,31,5254.75,08:00:01.794484270
27,5254.5,30,5254.75,08:00:01.794529356
28,5254.5,30,5254.75,08:00:01.795823277
28,5254.5,22,5254.75,08:00:01.795921519
28,5254.5,23,5254.75,08:00:01.822291879
28,5254.5,31,5254.75,08:00:02.190945828
28,5254.5,32,5254.75,08:00:02.191073934
27,5254.5,32,5254.75,08:00:02.191144365
27,5254.5,33,5254.75,08:00:03.582732687
27,5254.5,32,5254.75,08:00:04.205422922
27,5254.5,31,5254.75,08:00:04.205521877
27,5254.5,23,5254.75,08:00:04.205840808
27,5254.5,23,5254.75,08:00:04.205902820
27,5254.5,23,5254.75,08:00:04.205902820
27,5254.5,23,5254.75,08:00:04.205909681
27,5254.5,23,5254.75,08:00:04.205909681
27,5254.5,24,5254.75,08:00:04.383886059
27,5254.5,24,5254.75,08:00:04.612320825
27,5254.5,24,5254.75,08:00:04.612430917
27,5254.5,22,5254.75,08:00:05.158901150
27,5254.5,21,5254.75,08:00:05.158997853
27,5254.5,21,5254.75,08:00:05.159019018
30,5254.5,21,5254.75,08:00:05.159099282
31,5254.5,21,5254.75,08:00:05.159107029
31,5254.5,20,5254.75,08:00:07.053611593
33,5254.5,20,5254.75,08:00:07.053716664
33,5254.5,19,5254.75,08:00:07.053734348
33,5254.5,18,5254.75,08:00:07.053758188
33,5254.5,17,5254.75,08:00:07.053773027
33,5254.5,13,5254.75,08:00:07.054083517
33,5254.5,11,5254.75,08:00:07.054226975
33,5254.5,9,5254.75,08:00:07.054226975
33,5254.5,9,5254.75,08:00:07.054226975
33,5254.5,9,5254.75,08:00:07.054226975
33,5254.5,9,5254.75,08:00:07.054226975
33,5254.5,8,5254.75,08:00:07.054277760
33,5254.5,63,5255.0,08:00:07.054468228
33,5254.5,63,5255.0,08:00:07.054468228
33,5254.5,50,5255.0,08:00:07.054468228
36,5254.5,50,5255.0,08:00:07.054476712
36,5254.5,50,5255.0,08:00:07.054476712
37,5254.5,50,5255.0,08:00:07.054476712
1,5254.75,50,5255.0,08:00:07.054521733
1,5254.75,50,5255.0,08:00:07.054534784
1,5254.75,50,5255.0,08:00:07.054534784
1,5254.75,53,5255.0,08:00:07.054586948
1,5254.75,52,5255.0,08:00:07.054591988
1,5254.75,52,5255.0,08:00:07.054612712
1,5254.75,52,5255.0,08:00:07.054612712
1,5254.75,52,5255.0,08:00:07.054622407
1,5254.75,53,5255.0,08:00:07.054635054
1,5254.75,53,5255.0,08:00:07.054655359
5,5254.75,53,5255.0,08:00:07.054664239
5,5254.75,52,5255.0,08:00:07.054673020
5,5254.75,51,5255.0,08:00:07.054678828
6,5254.75,51,5255.0,08:00:07.054691522
6,5254.75,51,5255.0,08:00:07.054720960
6,5254.75,52,5255.0,08:00:07.054730205
5,5254.75,52,5255.0,08:00:07.054852291
5,5254.75,53,5255.0,08:00:07.054852291
6,5254.75,53,5255.0,08:00:07.054852291
6,5254.75,54,5255.0,08:00:07.054852291
4,5254.75,54,5255.0,08:00:07.055055255
3,5254.75,54,5255.0,08:00:07.055055255
2,5254.75,54,5255.0,08:00:07.055055255
2,5254.75,54,5255.0,08:00:07.055055255
2,5254.75,54,5255.0,08:00:07.055055255
2,5254.75,54,5255.0,08:00:07.055124421
2,5254.75,54,5255.0,08:00:07.055124421
1,5254.75,54,5255.0,08:00:07.055276543
46,5254.5,54,5255.0,08:00:07.055276543
46,5254.5,54,5255.0,08:00:07.055276543
46,5254.5,55,5255.0,08:00:07.055276543
46,5254.5,56,5255.0,08:00:07.055282924
46,5254.5,55,5255.0,08:00:07.055287973
47,5254.5,55,5255.0,08:00:07.055405435
47,5254.5,55,5255.0,08:00:07.055405435
48,5254.5,55,5255.0,08:00:07.055462194
48,5254.5,57,5255.0,08:00:07.055557140
48,5254.5,58,5255.0,08:00:07.055569976
48,5254.5,58,5255.0,08:00:07.055770226
48,5254.5,59,5255.0,08:00:07.056050728
48,5254.5,59,5255.0,08:00:07.056057144
48,5254.5,59,5255.0,08:00:07.056057144
48,5254.5,59,5255.0,08:00:07.056159456
48,5254.5,59,5255.0,08:00:07.056385320
48,5254.5,59,5255.0,08:00:07.056391342
48,5254.5,57,5255.0,08:00:07.056860764
48,5254.5,57,5255.0,08:00:07.056860764
48,5254.5,56,5255.0,08:00:07.056971636
48,5254.5,56,5255.0,08:00:07.057081859
48,5254.5,56,5255.0,08:00:07.057089385
48,5254.5,56,5255.0,08:00:07.057097402
48,5254.5,56,5255.0,08:00:07.057177038
48,5254.5,55,5255.0,08:00:07.058279701
4,5254.75,55,5255.0,08:00:07.058387610
4,5254.75,54,5255.0,08:00:07.058426069
4,5254.75,54,5255.0,08:00:07.058426069
5,5254.75,54,5255.0,08:00:07.058488290
5,5254.75,53,5255.0,08:00:07.058581613
6,5254.75,53,5255.0,08:00:07.058592810
6,5254.75,53,5255.0,08:00:07.059883522
6,5254.75,53,5255.0,08:00:07.069641124
6,5254.75,53,5255.0,08:00:07.070118785
6,5254.75,53,5255.0,08:00:07.070233927
6,5254.75,54,5255.0,08:00:07.074658275
6,5254.75,54,5255.0,08:00:07.074775583
6,5254.75,54,5255.0,08:00:07.086198797
6,5254.75,54,5255.0,08:00:07.151224906
6,5254.75,54,5255.0,08:00:07.151286290
6,5254.75,54,5255.0,08:00:07.151320345
6,5254.75,54,5255.0,08:00:07.319408953
6,5254.75,54,5255.0,08:00:07.319408953
7,5254.75,54,5255.0,08:00:07.418301869
8,5254.75,54,5255.0,08:00:07.418511947
8,5254.75,53,5255.0,08:00:07.418554306
9,5254.75,53,5255.0,08:00:07.470146960
10,5254.75,53,5255.0,08:00:07.470244319
10,5254.75,53,5255.0,08:00:08.023328237
10,5254.75,53,5255.0,08:00:08.023735046
10,5254.75,53,5255.0,08:00:08.041955932
10,5254.75,53,5255.0,08:00:08.355918110
10,5254.75,53,5255.0,08:00:08.396467187
10,5254.75,52,5255.0,08:00:08.396577875
13,5254.75,52,5255.0,08:00:08.396675224
13,5254.75,49,5255.0,08:00:08.396775105
13,5254.75,49,5255.0,08:00:08.396782314
13,5254.75,49,5255.0,08:00:08.396797476
13,5254.75,49,5255.0,08:00:08.398072523
13,5254.75,50,5255.0,08:00:08.402338721
13,5254.75,50,5255.0,08:00:08.402463930
10,5254.75,50,5255.0,08:00:08.402469799
10,5254.75,50,5255.0,08:00:08.964116330
10,5254.75,50,5255.0,08:00:08.964244931
12,5254.75,50,5255.0,08:00:09.557568172
15,5254.75,50,5255.0,08:00:09.557669902
15,5254.75,50,5255.0,08:00:09.560378424
15,5254.75,50,5255.0,08:00:09.560378424
15,5254.75,49,5255.0,08:00:09.586006596
15,5254.75,48,5255.0,08:00:09.586129418
16,5254.75,48,5255.0,08:00:09.586225103
24,5254.75,48,5255.0,08:00:09.586335284
25,5254.75,48,5255.0,08:00:09.586431235
26,5254.75,48,5255.0,08:00:09.586442989
26,5254.75,48,5255.0,08:00:09.586442989
27,5254.75,48,5255.0,08:00:09.586453056
27,5254.75,47,5255.0,08:00:09.586560421
28,5254.75,47,5255.0,08:00:09.586567894
30,5254.75,47,5255.0,08:00:09.587288689
31,5254.75,47,5255.0,08:00:09.587333237
31,5254.75,46,5255.0,08:00:09.587341180
31,5254.75,46,5255.0,08:00:09.587341180
31,5254.75,45,5255.0,08:00:09.587347202
31,5254.75,45,5255.0,08:00:09.587387747
31,5254.75,44,5255.0,08:00:09.587961515
32,5254.75,44,5255.0,08:00:09.587966792
32,5254.75,36,5255.0,08:00:09.587978393
33,5254.75,36,5255.0,08:00:09.588051795
33,5254.75,35,5255.0,08:00:09.588062215
33,5254.75,32,5255.0,08:00:09.588082750
33,5254.75,31,5255.0,08:00:09.588095857
33,5254.75,30,5255.0,08:00:09.588103653
33,5254.75,14,5255.0,08:00:09.588397048
36,5254.75,14,5255.0,08:00:09.588397048
36,5254.75,13,5255.0,08:00:09.588397048
36,5254.75,13,5255.0,08:00:09.588397048
36,5254.75,13,5255.0,08:00:09.588401477
36,5254.75,13,5255.0,08:00:09.588401477
36,5254.75,13,5255.0,08:00:09.588406753
36,5254.75,13,5255.0,08:00:09.588426718
36,5254.75,13,5255.0,08:00:09.588491251
36,5254.75,10,5255.0,08:00:09.588686596
36,5254.75,10,5255.0,08:00:09.588686596
37,5254.75,10,5255.0,08:00:09.588686596
37,5254.75,9,5255.0,08:00:09.588686596
37,5254.75,8,5255.0,08:00:09.588686596
38,5254.75,8,5255.0,08:00:09.588691057
38,5254.75,3,5255.0,08:00:09.588691057
38,5254.75,3,5255.0,08:00:09.588691057
39,5254.75,3,5255.0,08:00:09.588717649
39,5254.75,3,5255.0,08:00:09.588797644
39,5254.75,3,5255.0,08:00:09.588819764
39,5254.75,3,5255.0,08:00:09.588819764
39,5254.75,3,5255.0,08:00:09.588827002
39,5254.75,2,5255.0,08:00:09.588844099
44,5254.75,2,5255.0,08:00:09.588877678
44,5254.75,2,5255.0,08:00:09.588877678
44,5254.75,6,5255.0,08:00:09.588908090
45,5254.75,6,5255.0,08:00:09.588917768
45,5254.75,6,5255.0,08:00:09.588917768
42,5254.75,6,5255.0,08:00:09.588998912
42,5254.75,8,5255.0,08:00:09.589008154
42,5254.75,9,5255.0,08:00:09.589017671
42,5254.75,10,5255.0,08:00:09.589100070
42,5254.75,12,5255.0,08:00:09.589118710
42,5254.75,11,5255.0,08:00:09.589224118
42,5254.75,12,5255.0,08:00:09.589224118
42,5254.75,12,5255.0,08:00:09.589224118
42,5254.75,13,5255.0,08:00:09.589224118
42,5254.75,16,5255.0,08:00:09.589232159
42,5254.75,15,5255.0,08:00:09.589521169
46,5254.75,15,5255.0,08:00:09.589861000
46,5254.75,16,5255.0,08:00:09.590374626
42,5254.75,16,5255.0,08:00:09.590482206
42,5254.75,17,5255.0,08:00:09.590850585
42,5254.75,18,5255.0,08:00:09.590856019
42,5254.75,18,5255.0,08:00:09.590856019
42,5254.75,18,5255.0,08:00:09.590866400
42,5254.75,21,5255.0,08:00:09.590946222
42,5254.75,22,5255.0,08:00:09.590951883
42,5254.75,21,5255.0,08:00:09.590999990
42,5254.75,21,5255.0,08:00:09.590999990
42,5254.75,22,5255.0,08:00:09.591049810
41,5254.75,22,5255.0,08:00:09.591607221
41,5254.75,23,5255.0,08:00:09.591694890
41,5254.75,23,5255.0,08:00:09.591694890
43,5254.75,23,5255.0,08:00:09.592022673
43,5254.75,23,5255.0,08:00:09.592022673
43,5254.75,24,5255.0,08:00:09.597404259
42,5254.75,24,5255.0,08:00:09.597509513
42,5254.75,25,5255.0,08:00:09.597521542
42,5254.75,24,5255.0,08:00:09.597526886
42,5254.75,25,5255.0,08:00:09.597539360
41,5254.75,25,5255.0,08:00:09.597605656
41,5254.75,26,5255.0,08:00:09.597980998
41,5254.75,26,5255.0,08:00:09.597980998
41,5254.75,26,5255.0,08:00:09.598431009
41,5254.75,27,5255.0,08:00:09.608803940
41,5254.75,28,5255.0,08:00:09.608898124
41,5254.75,28,5255.0,08:00:09.609272577
41,5254.75,28,5255.0,08:00:09.609272577
41,5254.75,28,5255.0,08:00:09.609374796
41,5254.75,26,5255.0,08:00:09.610008322
41,5254.75,25,5255.0,08:00:09.610093494
42,5254.75,25,5255.0,08:00:09.610205693
40,5254.75,25,5255.0,08:00:09.612930161
40,5254.75,25,5255.0,08:00:09.612930161
40,5254.75,24,5255.0,08:00:09.706493289
40,5254.75,24,5255.0,08:00:09.706493289
40,5254.75,23,5255.0,08:00:09.706608482
40,5254.75,24,5255.0,08:00:09.852279683
40,5254.75,24,5255.0,08:00:09.852279683
40,5254.75,23,5255.0,08:00:09.853833943
40,5254.75,23,5255.0,08:00:09.853833943
40,5254.75,22,5255.0,08:00:10.586466607
40,5254.75,22,5255.0,08:00:10.586466607
40,5254.75,21,5255.0,08:00:10.586567959
40,5254.75,21,5255.0,08:00:10.586694464
40,5254.75,20,5255.0,08:00:12.318560944
40,5254.75,19,5255.0,08:00:12.318672581
40,5254.75,19,5255.0,08:00:12.318699504
40,5254.75,18,5255.0,08:00:12.318768145
39,5254.75,18,5255.0,08:00:12.318793665
40,5254.75,18,5255.0,08:00:12.318798952
40,5254.75,19,5255.0,08:00:12.318887434
40,5254.75,16,5255.0,08:00:12.318918193
40,5254.75,16,5255.0,08:00:12.440746974
42,5254.75,16,5255.0,08:00:12.641552977
42,5254.75,16,5255.0,08:00:12.641552977
42,5254.75,16,5255.0,08:00:12.940733978
42,5254.75,14,5255.0,08:00:13.885802670
42,5254.75,13,5255.0,08:00:13.885808814
42,5254.75,13,5255.0,08:00:13.885923920
42,5254.75,12,5255.0,08:00:13.885931859
42,5254.75,10,5255.0,08:00:13.886615515
42,5254.75,12,5255.0,08:00:13.886664265
42,5254.75,9,5255.0,08:00:13.886722720
42,5254.75,8,5255.0,08:00:13.886750878
46,5254.75,8,5255.0,08:00:13.886775396
46,5254.75,5,5255.0,08:00:13.889441997
46,5254.75,3,5255.0,08:00:13.889881920
46,5254.75,2,5255.0,08:00:13.889982194
46,5254.75,1,5255.0,08:00:13.890254504
56,5254.75,1,5255.0,08:00:13.890265899
56,5254.75,83,5255.25,08:00:13.890393553
56,5254.75,83,5255.25,08:00:13.890393553
56,5254.75,84,5255.25,08:00:13.890541607
56,5254.75,84,5255.25,08:00:13.890556116
57,5254.75,84,5255.25,08:00:13.890567105
57,5254.75,84,5255.25,08:00:13.890578091
57,5254.75,84,5255.25,08:00:13.890620351
57,5254.75,85,5255.25,08:00:13.890653331
57,5254.75,86,5255.25,08:00:13.890721668
57,5254.75,86,5255.25,08:00:13.890877646
57,5254.75,86,5255.25,08:00:13.890971721
57,5254.75,86,5255.25,08:00:13.892283354
57,5254.75,86,5255.25,08:00:13.892292173
57,5254.75,86,5255.25,08:00:13.900595662
57,5254.75,86,5255.25,08:00:13.902172776
57,5254.75,86,5255.25,08:00:13.902179736
58,5254.75,86,5255.25,08:00:13.914017502
58,5254.75,86,5255.25,08:00:13.914017502
59,5254.75,86,5255.25,08:00:13.914137420
49,5254.75,86,5255.25,08:00:13.914312486
49,5254.75,86,5255.25,08:00:13.940758914
49,5254.75,86,5255.25,08:00:14.058207402
49,5254.75,86,5255.25,08:00:14.123281904
49,5254.75,86,5255.25,08:00:14.123302286
49,5254.75,86,5255.25,08:00:14.123316961
49,5254.75,86,5255.25,08:00:14.123428144
49,5254.75,86,5255.25,08:00:14.190786929
49,5254.75,86,5255.25,08:00:14.372260747
49,5254.75,1,5255.0,08:00:14.411358742
49,5254.75,3,5255.0,08:00:14.411463320
48,5254.75,3,5255.0,08:00:14.411475867
47,5254.75,3,5255.0,08:00:14.411481605
47,5254.75,5,5255.0,08:00:14.411679606
47,5254.75,6,5255.0,08:00:14.411780203
47,5254.75,7,5255.0,08:00:14.411785953
47,5254.75,8,5255.0,08:00:14.411999164
47,5254.75,9,5255.0,08:00:14.412092104
47,5254.75,10,5255.0,08:00:14.412133708
43,5254.75,10,5255.0,08:00:14.412239659
43,5254.75,9,5255.0,08:00:14.412316070
43,5254.75,10,5255.0,08:00:14.412327660
43,5254.75,11,5255.0,08:00:14.412362199
53,5254.75,11,5255.0,08:00:14.412430747
53,5254.75,10,5255.0,08:00:14.412522647
53,5254.75,9,5255.0,08:00:14.412534570
43,5254.75,9,5255.0,08:00:14.414265373
43,5254.75,11,5255.0,08:00:14.414361228
43,5254.75,12,5255.0,08:00:14.436200798
43,5254.75,12,5255.0,08:00:14.436200798
43,5254.75,10,5255.0,08:00:14.705044160
43,5254.75,9,5255.0,08:00:14.872027020
43,5254.75,8,5255.0,08:00:14.872207529
43,5254.75,7,5255.0,08:00:14.872320844
43,5254.75,5,5255.0,08:00:14.872427649
53,5254.75,5,5255.0,08:00:14.874200277
53,5254.75,3,5255.0,08:00:14.874405151
53,5254.75,2,5255.0,08:00:14.874499812
53,5254.75,3,5255.0,08:00:14.898293139
53,5254.75,3,5255.0,08:00:15.038195717
53,5254.75,3,5255.0,08:00:15.038306772
53,5254.75,2,5255.0,08:00:15.056267041
53,5254.75,2,5255.0,08:00:15.227767398
53,5254.75,2,5255.0,08:00:15.333885761
53,5254.75,2,5255.0,08:00:15.333996217
53,5254.75,4,5255.0,08:00:15.462180331
53,5254.75,5,5255.0,08:00:15.462279907
53,5254.75,6,5255.0,08:00:15.462380632
43,5254.75,6,5255.0,08:00:15.463694197
43,5254.75,7,5255.0,08:00:15.463795461
44,5254.75,7,5255.0,08:00:15.499325643
44,5254.75,8,5255.0,08:00:15.533898104
43,5254.75,8,5255.0,08:00:15.867540526
43,5254.75,10,5255.0,08:00:15.867631507
43,5254.75,12,5255.0,08:00:15.867640521
43,5254.75,8,5255.0,08:00:16.368794718
43,5254.75,6,5255.0,08:00:16.368860825
44,5254.75,6,5255.0,08:00:16.368872511
44,5254.75,5,5255.0,08:00:16.368884985
45,5254.75,5,5255.0,08:00:16.368905190
45,5254.75,3,5255.0,08:00:16.368915350
45,5254.75,2,5255.0,08:00:16.368926704
45,5254.75,1,5255.0,08:00:16.368943649
46,5254.75,1,5255.0,08:00:16.368986920
46,5254.75,85,5255.25,08:00:16.369013881
46,5254.75,85,5255.25,08:00:16.369013881
46,5254.75,2,5255.0,08:00:16.369115505
46,5254.75,2,5255.0,08:00:16.369156533
46,5254.75,2,5255.0,08:00:16.369156533
46,5254.75,85,5255.25,08:00:16.369201133
46,5254.75,85,5255.25,08:00:16.369201133
47,5254.75,85,5255.25,08:00:16.369320264
47,5254.75,84,5255.25,08:00:16.369343763
47,5254.75,84,5255.25,08:00:16.369343763
48,5254.75,84,5255.25,08:00:16.369423793
48,5254.75,85,5255.25,08:00:16.369540845
52,5254.75,85,5255.25,08:00:16.370074481
52,5254.75,86,5255.25,08:00:16.370190093
4,5255.0,86,5255.25,08:00:16.372211996
5,5255.0,86,5255.25,08:00:16.372323544
7,5255.0,86,5255.25,08:00:16.372332168
7,5255.0,85,5255.25,08:00:16.372368636
8,5255.0,85,5255.25,08:00:16.372433950
9,5255.0,85,5255.25,08:00:16.372440740
8,5255.0,85,5255.25,08:00:16.382940469
8,5255.0,85,5255.25,08:00:16.440728930
8,5255.0,85,5255.25,08:00:16.548211853
8,5255.0,85,5255.25,08:00:16.548336841
8,5255.0,85,5255.25,08:00:16.613282552
8,5255.0,85,5255.25,08:00:16.613302706
8,5255.0,85,5255.25,08:00:16.613325852
10,5255.0,85,5255.25,08:00:16.772104757
11,5255.0,85,5255.25,08:00:16.772199943
12,5255.0,85,5255.25,08:00:16.772243077
12,5255.0,85,5255.25,08:00:16.797187910
12,5255.0,85,5255.25,08:00:16.831614317
13,5255.0,85,5255.25,08:00:16.907659110
16,5255.0,85,5255.25,08:00:16.907754488
17,5255.0,85,5255.25,08:00:16.907766655
18,5255.0,85,5255.25,08:00:16.907868273
18,5255.0,85,5255.25,08:00:16.907868273
18,5255.0,71,5255.25,08:00:16.907883832
18,5255.0,71,5255.25,08:00:16.907892385
18,5255.0,71,5255.25,08:00:16.907905528
18,5255.0,70,5255.25,08:00:16.907918808
19,5255.0,70,5255.25,08:00:16.907965392
19,5255.0,70,5255.25,08:00:16.907978272
19,5255.0,70,5255.25,08:00:16.907978272
20,5255.0,70,5255.25,08:00:16.907990432
20,5255.0,70,5255.25,08:00:16.908002511
20,5255.0,70,5255.25,08:00:16.908085093
22,5255.0,70,5255.25,08:00:16.908094367
30,5255.0,70,5255.25,08:00:16.908393128
30,5255.0,70,5255.25,08:00:16.908472666
31,5255.0,70,5255.25,08:00:16.908482317
32,5255.0,70,5255.25,08:00:16.908496014
32,5255.0,69,5255.25,08:00:16.908540303
32,5255.0,68,5255.25,08:00:16.908597603
32,5255.0,67,5255.25,08:00:16.908942628
33,5255.0,67,5255.25,08:00:16.908956477
33,5255.0,58,5255.25,08:00:16.908964973
33,5255.0,58,5255.25,08:00:16.908979883
33,5255.0,58,5255.25,08:00:16.908979883
33,5255.0,58,5255.25,08:00:16.908988798
33,5255.0,58,5255.25,08:00:16.908988798
35,5255.0,58,5255.25,08:00:16.909033573
35,5255.0,55,5255.25,08:00:16.909091872
35,5255.0,55,5255.25,08:00:16.909132067
35,5255.0,54,5255.25,08:00:16.909199388
37,5255.0,54,5255.25,08:00:16.909629102
37,5255.0,53,5255.25,08:00:16.937905622
38,5255.0,53,5255.25,08:00:16.937999873
38,5255.0,53,5255.25,08:00:16.940701854
38,5255.0,53,5255.25,08:00:16.968681478
38,5255.0,53,5255.25,08:00:17.008961770
38,5255.0,53,5255.25,08:00:17.067218434
38,5255.0,53,5255.25,08:00:17.077245245
38,5255.0,53,5255.25,08:00:17.077347627
38,5255.0,53,5255.25,08:00:17.190733539
37,5255.0,53,5255.25,08:00:17.527300796
39,5255.0,53,5255.25,08:00:17.530677565
39,5255.0,53,5255.25,08:00:17.530677565
40,5255.0,53,5255.25,08:00:17.565419552
40,5255.0,52,5255.25,08:00:17.606533327
40,5255.0,52,5255.25,08:00:17.606533327
40,5255.0,51,5255.25,08:00:17.606652798
40,5255.0,50,5255.25,08:00:17.607119953
40,5255.0,49,5255.25,08:00:17.607127805
40,5255.0,45,5255.25,08:00:17.607240070
40,5255.0,45,5255.25,08:00:18.009981709
40,5255.0,45,5255.25,08:00:18.009991517
40,5255.0,45,5255.25,08:00:18.604628345
40,5255.0,45,5255.25,08:00:18.604634921
40,5255.0,45,5255.25,08:00:18.839321500
40,5255.0,45,5255.25,08:00:18.839321500
40,5255.0,44,5255.25,08:00:18.984492056
40,5255.0,44,5255.25,08:00:18.984566708
40,5255.0,44,5255.25,08:00:18.984574538
40,5255.0,44,5255.25,08:00:18.984587588
40,5255.0,44,5255.25,08:00:19.011366170
40,5255.0,44,5255.25,08:00:19.011479267
40,5255.0,44,5255.25,08:00:19.099632068
40,5255.0,44,5255.25,08:00:19.099632068
40,5255.0,44,5255.25,08:00:19.437143443
40,5255.0,44,5255.25,08:00:19.437143443
40,5255.0,43,5255.25,08:00:19.437149420
40,5255.0,43,5255.25,08:00:19.437149420
40,5255.0,43,5255.25,08:00:19.438130599
40,5255.0,43,5255.25,08:00:19.438130599
41,5255.0,43,5255.25,08:00:19.959893439
41,5255.0,43,5255.25,08:00:20.061148366
41,5255.0,43,5255.25,08:00:20.061272183
41,5255.0,43,5255.25,08:00:20.190729175
41,5255.0,43,5255.25,08:00:20.440723238
41,5255.0,42,5255.25,08:00:20.509518413
41,5255.0,41,5255.25,08:00:20.509524423
41,5255.0,41,5255.25,08:00:20.509564347
41,5255.0,41,5255.25,08:00:20.509564347
41,5255.0,39,5255.25,08:00:20.509602226
42,5255.0,39,5255.25,08:00:20.509621356
42,5255.0,38,5255.25,08:00:20.509628326
42,5255.0,36,5255.25,08:00:20.509674800
42,5255.0,36,5255.25,08:00:20.509727041
43,5255.0,36,5255.25,08:00:20.509786233
43,5255.0,36,5255.25,08:00:20.509869652
43,5255.0,36,5255.25,08:00:20.520071557
43,5255.0,35,5255.25,08:00:20.654320888
48,5255.0,35,5255.25,08:00:20.654863390
48,5255.0,35,5255.25,08:00:20.654863390
49,5255.0,35,5255.25,08:00:20.654869144
49,5255.0,35,5255.25,08:00:20.654869144
49,5255.0,35,5255.25,08:00:21.791874473
49,5255.0,35,5255.25,08:00:21.975730928
49,5255.0,35,5255.25,08:00:21.975730928
49,5255.0,36,5255.25,08:00:21.975736770
49,5255.0,36,5255.25,08:00:21.975736770
49,5255.0,37,5255.25,08:00:21.975865669
49,5255.0,37,5255.25,08:00:21.976704573
49,5255.0,37,5255.25,08:00:21.976704573
49,5255.0,36,5255.25,08:00:21.976712909
49,5255.0,36,5255.25,08:00:21.976712909
49,5255.0,36,5255.25,08:00:22.062105708
49,5255.0,34,5255.25,08:00:22.082953505
47,5255.0,34,5255.25,08:00:22.082953505
47,5255.0,38,5255.25,08:00:22.783164708
48,5255.0,38,5255.25,08:00:22.783778541
48,5255.0,40,5255.25,08:00:22.936522159
48,5255.0,41,5255.25,08:00:22.936625160
48,5255.0,41,5255.25,08:00:22.936625160
48,5255.0,41,5255.25,08:00:22.936630968
48,5255.0,41,5255.25,08:00:22.936630968
47,5255.0,41,5255.25,08:00:22.936647439
47,5255.0,42,5255.25,08:00:22.936852009
47,5255.0,41,5255.25,08:00:22.936881075
47,5255.0,41,5255.25,08:00:22.936896891
47,5255.0,41,5255.25,08:00:22.936896891
47,5255.0,40,5255.25,08:00:22.936901671
47,5255.0,40,5255.25,08:00:22.936901671
47,5255.0,40,5255.25,08:00:22.937251591
47,5255.0,40,5255.25,08:00:22.937251591
47,5255.0,41,5255.25,08:00:22.937257407
47,5255.0,41,5255.25,08:00:22.937257407
47,5255.0,42,5255.25,08:00:22.940276232
47,5255.0,42,5255.25,08:00:22.940386311
47,5255.0,42,5255.25,08:00:22.940386311
47,5255.0,41,5255.25,08:00:22.940391678
47,5255.0,41,5255.25,08:00:22.940391678
47,5255.0,40,5255.25,08:00:22.940492601
47,5255.0,40,5255.25,08:00:22.957982388
47,5255.0,40,5255.25,08:00:22.957982388
47,5255.0,41,5255.25,08:00:23.010690294
47,5255.0,41,5255.25,08:00:23.010690294
47,5255.0,42,5255.25,08:00:23.010985320
47,5255.0,43,5255.25,08:00:23.011286786
46,5255.0,43,5255.25,08:00:23.011395588
46,5255.0,42,5255.25,08:00:23.011586971
46,5255.0,42,5255.25,08:00:24.038492570
46,5255.0,42,5255.25,08:00:24.038492570
46,5255.0,42,5255.25,08:00:24.220647189
46,5255.0,42,5255.25,08:00:24.220647189
46,5255.0,42,5255.25,08:00:24.221380692
46,5255.0,42,5255.25,08:00:24.221380692
46,5255.0,42,5255.25,08:00:24.221826941
46,5255.0,42,5255.25,08:00:24.221826941
46,5255.0,42,5255.25,08:00:24.223309118
46,5255.0,42,5255.25,08:00:24.223309118
46,5255.0,42,5255.25,08:00:24.224397128
46,5255.0,42,5255.25,08:00:24.224397128
46,5255.0,42,5255.25,08:00:24.241620612
46,5255.0,42,5255.25,08:00:24.241620612
46,5255.0,42,5255.25,08:00:24.241811537
46,5255.0,42,5255.25,08:00:24.241811537
46,5255.0,42,5255.25,08:00:24.331394881
46,5255.0,42,5255.25,08:00:24.331394881
46,5255.0,42,5255.25,08:00:24.356802018
46,5255.0,42,5255.25,08:00:24.356802018
46,5255.0,43,5255.25,08:00:24.631209520
44,5255.0,43,5255.25,08:00:24.632407067
44,5255.0,44,5255.25,08:00:24.632509715
43,5255.0,44,5255.25,08:00:24.632515962
43,5255.0,48,5255.25,08:00:24.632535076
43,5255.0,49,5255.25,08:00:24.633088450
42,5255.0,49,5255.25,08:00:24.634413015
41,5255.0,49,5255.25,08:00:24.634454414
40,5255.0,49,5255.25,08:00:24.634460670
40,5255.0,48,5255.25,08:00:24.634467646
38,5255.0,48,5255.25,08:00:24.634489960
36,5255.0,48,5255.25,08:00:24.634506127
35,5255.0,48,5255.25,08:00:24.634513279
34,5255.0,48,5255.25,08:00:24.634521663
33,5255.0,48,5255.25,08:00:24.635540170
33,5255.0,49,5255.25,08:00:24.635548769
33,5255.0,50,5255.25,08:00:24.635562225
30,5255.0,50,5255.25,08:00:24.635570494
30,5255.0,50,5255.25,08:00:24.635585118
22,5255.0,50,5255.25,08:00:24.635692711
22,5255.0,53,5255.25,08:00:24.635708606
20,5255.0,53,5255.25,08:00:24.635782114
17,5255.0,53,5255.25,08:00:24.635825527
16,5255.0,53,5255.25,08:00:24.635868663
15,5255.0,53,5255.25,08:00:24.636369115
15,5255.0,54,5255.25,08:00:24.636389557
14,5255.0,54,5255.25,08:00:24.636567579
14,5255.0,63,5255.25,08:00:24.636567579
14,5255.0,63,5255.25,08:00:24.636669822
14,5255.0,64,5255.25,08:00:24.636675636
2,5255.0,64,5255.25,08:00:24.636903030
2,5255.0,64,5255.25,08:00:24.636918832
2,5255.0,64,5255.25,08:00:24.636929901
1,5255.0,64,5255.25,08:00:24.637082778
42,5254.75,64,5255.25,08:00:24.637082778
42,5254.75,64,5255.25,08:00:24.637082778
42,5254.75,64,5255.25,08:00:24.637093434
42,5254.75,1,5255.0,08:00:24.637093434
42,5254.75,1,5255.0,08:00:24.637093434
42,5254.75,1,5255.0,08:00:24.637093434
42,5254.75,4,5255.0,08:00:24.637111904
42,5254.75,4,5255.0,08:00:24.637116711
41,5254.75,4,5255.0,08:00:24.637124254
41,5254.75,4,5255.0,08:00:24.637133905
41,5254.75,1,5255.0,08:00:24.637146680
41,5254.75,1,5255.0,08:00:24.637154587
41,5254.75,1,5255.0,08:00:24.637154587
41,5254.75,1,5255.0,08:00:24.637160616
41,5254.75,1,5255.0,08:00:24.637160616
45,5254.75,1,5255.0,08:00:24.637166082
46,5254.75,1,5255.0,08:00:24.637246723
46,5254.75,2,5255.0,08:00:24.637257901
46,5254.75,2,5255.0,08:00:24.637268608
46,5254.75,1,5255.0,08:00:24.637277796
46,5254.75,68,5255.25,08:00:24.637394423
46,5254.75,68,5255.25,08:00:24.637394423
45,5254.75,68,5255.25,08:00:24.637415309
45,5254.75,67,5255.25,08:00:24.637503218
45,5254.75,68,5255.25,08:00:24.637544656
41,5254.75,68,5255.25,08:00:24.637626192
41,5254.75,67,5255.25,08:00:24.637738042
41,5254.75,67,5255.25,08:00:24.638000905
41,5254.75,68,5255.25,08:00:24.638122155
41,5254.75,68,5255.25,08:00:24.643472302
41,5254.75,68,5255.25,08:00:24.643472302
41,5254.75,69,5255.25,08:00:24.654922492
41,5254.75,69,5255.25,08:00:24.664704869
41,5254.75,69,5255.25,08:00:24.765204157
41,5254.75,70,5255.25,08:00:24.813414441
41,5254.75,70,5255.25,08:00:24.813414441
41,5254.75,69,5255.25,08:00:24.818228164
41,5254.75,69,5255.25,08:00:24.818228164
41,5254.75,69,5255.25,08:00:24.830270263
41,5254.75,69,5255.25,08:00:24.830295409
41,5254.75,69,5255.25,08:00:24.830318373
42,5254.75,69,5255.25,08:00:24.926013411
4,5255.0,69,5255.25,08:00:24.926254279
5,5255.0,69,5255.25,08:00:24.926360160
5,5255.0,68,5255.25,08:00:24.926369565
5,5255.0,68,5255.25,08:00:24.926382510
6,5255.0,68,5255.25,08:00:24.926467980
7,5255.0,68,5255.25,08:00:24.926473868
7,5255.0,68,5255.25,08:00:24.926755858
8,5255.0,68,5255.25,08:00:24.926772773
5,5255.0,68,5255.25,08:00:24.926921500
7,5255.0,68,5255.25,08:00:24.926921500
5,5255.0,68,5255.25,08:00:24.927009268
4,5255.0,68,5255.25,08:00:24.927017377
5,5255.0,68,5255.25,08:00:24.927029630
5,5255.0,68,5255.25,08:00:24.927404246
5,5255.0,68,5255.25,08:00:24.927808068
6,5255.0,68,5255.25,08:00:25.104111781
8,5255.0,68,5255.25,08:00:25.104214795
7,5255.0,68,5255.25,08:00:25.164980518
5,5255.0,68,5255.25,08:00:25.165073986
4,5255.0,68,5255.25,08:00:25.165080585
8,5255.0,68,5255.25,08:00:25.165681346
9,5255.0,68,5255.25,08:00:25.165778945
8,5255.0,68,5255.25,08:00:25.176183875
9,5255.0,68,5255.25,08:00:25.231974170
11,5255.0,68,5255.25,08:00:25.232069116
12,5255.0,68,5255.25,08:00:25.232078303
12,5255.0,68,5255.25,08:00:25.727955863
12,5255.0,68,5255.25,08:00:25.728068915
11,5255.0,68,5255.25,08:00:25.773525176
10,5255.0,68,5255.25,08:00:25.773626557
10,5255.0,68,5255.25,08:00:25.773634615
8,5255.0,68,5255.25,08:00:25.773641815
8,5255.0,68,5255.25,08:00:25.773755091
8,5255.0,68,5255.25,08:00:25.775152041
10,5255.0,68,5255.25,08:00:25.781181407
11,5255.0,68,5255.25,08:00:25.781370106
14,5255.0,68,5255.25,08:00:25.781462888
14,5255.0,67,5255.25,08:00:25.781583387
14,5255.0,66,5255.25,08:00:25.781696013
13,5255.0,66,5255.25,08:00:26.587891109
10,5255.0,66,5255.25,08:00:26.588008577
8,5255.0,66,5255.25,08:00:26.588101817
8,5255.0,67,5255.25,08:00:26.593652540
8,5255.0,66,5255.25,08:00:26.594204177
9,5255.0,66,5255.25,08:00:26.597153833
11,5255.0,66,5255.25,08:00:26.597353988
12,5255.0,66,5255.25,08:00:26.690478362
13,5255.0,66,5255.25,08:00:26.690580431
11,5255.0,66,5255.25,08:00:26.706361050
10,5255.0,66,5255.25,08:00:26.706463017
9,5255.0,66,5255.25,08:00:26.706471235
9,5255.0,67,5255.25,08:00:26.766777245
11,5255.0,67,5255.25,08:00:26.908939863
12,5255.0,67,5255.25,08:00:26.909089802
14,5255.0,67,5255.25,08:00:26.909188815
14,5255.0,67,5255.25,08:00:27.171412242
14,5255.0,66,5255.25,08:00:27.284258909
15,5255.0,66,5255.25,08:00:27.284351954
15,5255.0,66,5255.25,08:00:27.401833326
15,5255.0,66,5255.25,08:00:27.401842225
17,5255.0,66,5255.25,08:00:27.988593930
18,5255.0,66,5255.25,08:00:27.988701010
18,5255.0,65,5255.25,08:00:27.988711756
18,5255.0,61,5255.25,08:00:27.988821624
19,5255.0,61,5255.25,08:00:27.988917424
27,5255.0,61,5255.25,08:00:27.988925418
28,5255.0,61,5255.25,08:00:27.989007688
28,5255.0,52,5255.25,08:00:27.989019838
29,5255.0,52,5255.25,08:00:27.989027758
30,5255.0,52,5255.25,08:00:27.989040821
31,5255.0,52,5255.25,08:00:27.989051916
31,5255.0,51,5255.25,08:00:27.989119064
31,5255.0,50,5255.25,08:00:27.989127589
31,5255.0,49,5255.25,08:00:27.989139595
32,5255.0,49,5255.25,08:00:27.989214013
32,5255.0,48,5255.25,08:00:27.989245709
32,5255.0,45,5255.25,08:00:27.989255950
32,5255.0,45,5255.25,08:00:27.989357347
32,5255.0,44,5255.25,08:00:27.993284437
34,5255.0,44,5255.25,08:00:28.005672706
35,5255.0,44,5255.25,08:00:28.066948291
35,5255.0,44,5255.25,08:00:28.066948291
37,5255.0,44,5255.25,08:00:28.112103142
37,5255.0,43,5255.25,08:00:28.199375956
37,5255.0,43,5255.25,08:00:28.199375956
37,5255.0,42,5255.25,08:00:28.199721707
37,5255.0,42,5255.25,08:00:28.199721707
37,5255.0,42,5255.25,08:00:28.690736523
37,5255.0,43,5255.25,08:00:28.808659723
37,5255.0,43,5255.25,08:00:28.808659723
37,5255.0,44,5255.25,08:00:28.909800414
37,5255.0,44,5255.25,08:00:28.909800414
37,5255.0,44,5255.25,08:00:28.940734487
37,5255.0,43,5255.25,08:00:29.729489435
37,5255.0,43,5255.25,08:00:29.729489435
37,5255.0,43,5255.25,08:00:29.845912021
37,5255.0,43,5255.25,08:00:29.846021009
42,5255.0,43,5255.25,08:00:29.907651081
43,5255.0,43,5255.25,08:00:29.907700234
42,5255.0,43,5255.25,08:00:29.907851195
42,5255.0,42,5255.25,08:00:29.907851195
43,5255.0,42,5255.25,08:00:29.907962121
43,5255.0,40,5255.25,08:00:29.911032343
43,5255.0,40,5255.25,08:00:29.956338141
43,5255.0,40,5255.25,08:00:29.956458959
43,5255.0,40,5255.25,08:00:29.964049026
43,5255.0,40,5255.25,08:00:30.323554231
43,5255.0,40,5255.25,08:00:30.323554231
43,5255.0,33,5255.25,08:00:30.624207444
43,5255.0,32,5255.25,08:00:30.624327373
44,5255.0,32,5255.25,08:00:30.624457080
45,5255.0,32,5255.25,08:00:30.695833238
46,5255.0,32,5255.25,08:00:31.447988355
46,5255.0,31,5255.25,08:00:31.448247240
46,5255.0,31,5255.25,08:00:31.448247240
45,5255.0,31,5255.25,08:00:31.448350298
45,5255.0,31,5255.25,08:00:31.448524769
45,5255.0,31,5255.25,08:00:31.879282271
46,5255.0,31,5255.25,08:00:32.037124150
46,5255.0,31,5255.25,08:00:32.064848019
46,5255.0,31,5255.25,08:00:32.064954328
46,5255.0,32,5255.25,08:00:32.653285982
46,5255.0,31,5255.25,08:00:33.219507371
46,5255.0,30,5255.25,08:00:33.223340373
46,5255.0,30,5255.25,08:00:33.223435770
46,5255.0,30,5255.25,08:00:33.223444865
47,5255.0,30,5255.25,08:00:33.223568794
47,5255.0,25,5255.25,08:00:33.223818121
47,5255.0,25,5255.25,08:00:33.223818121
47,5255.0,24,5255.25,08:00:33.226787726
47,5255.0,23,5255.25,08:00:33.226988322
47,5255.0,21,5255.25,08:00:33.227193255
47,5255.0,20,5255.25,08:00:33.227193255
48,5255.0,20,5255.25,08:00:33.227193255
48,5255.0,103,5255.5,08:00:33.227467382
48,5255.0,103,5255.5,08:00:33.227467382
1,5255.25,103,5255.5,08:00:33.227481274
2,5255.25,103,5255.5,08:00:33.227481274
2,5255.25,103,5255.5,08:00:33.227503094
2,5255.25,103,5255.5,08:00:33.227507440
3,5255.25,103,5255.5,08:00:33.227544074
5,5255.25,103,5255.5,08:00:33.227554161
6,5255.25,103,5255.5,08:00:33.227561211
7,5255.25,103,5255.5,08:00:33.227568590
7,5255.25,103,5255.5,08:00:33.227584715
8,5255.25,103,5255.5,08:00:33.227592021
13,5255.25,103,5255.5,08:00:33.227592021
13,5255.25,103,5255.5,08:00:33.227620985
15,5255.25,103,5255.5,08:00:33.227633369
16,5255.25,103,5255.5,08:00:33.227641814
16,5255.25,100,5255.5,08:00:33.227662598
16,5255.25,100,5255.5,08:00:33.227687392
21,5255.25,100,5255.5,08:00:33.227708248
21,5255.25,100,5255.5,08:00:33.227708248
24,5255.25,100,5255.5,08:00:33.227714622
24,5255.25,100,5255.5,08:00:33.227734769
24,5255.25,99,5255.5,08:00:33.227751839
24,5255.25,99,5255.5,08:00:33.227751839
26,5255.25,99,5255.5,08:00:33.227760722
26,5255.25,100,5255.5,08:00:33.227824346
27,5255.25,100,5255.5,08:00:33.227831792
27,5255.25,101,5255.5,08:00:33.227854964
27,5255.25,100,5255.5,08:00:33.227861719
28,5255.25,100,5255.5,08:00:33.227872020
29,5255.25,100,5255.5,08:00:33.227876750
29,5255.25,99,5255.5,08:00:33.227888040
29,5255.25,99,5255.5,08:00:33.227902024
30,5255.25,99,5255.5,08:00:33.227912869
30,5255.25,99,5255.5,08:00:33.227923010
30,5255.25,99,5255.5,08:00:33.227962051
30,5255.25,99,5255.5,08:00:33.227981200
30,5255.25,99,5255.5,08:00:33.227995312
30,5255.25,92,5255.5,08:00:33.228001066
30,5255.25,92,5255.5,08:00:33.228006298
30,5255.25,92,5255.5,08:00:33.228021147
30,5255.25,92,5255.5,08:00:33.228021147
31,5255.25,92,5255.5,08:00:33.228026433
31,5255.25,92,5255.5,08:00:33.228032798
31,5255.25,92,5255.5,08:00:33.228032798
31,5255.25,93,5255.5,08:00:33.228043969
31,5255.25,93,5255.5,08:00:33.228060664
31,5255.25,93,5255.5,08:00:33.228060664
28,5255.25,93,5255.5,08:00:33.228065874
28,5255.25,93,5255.5,08:00:33.228080962
28,5255.25,93,5255.5,08:00:33.228080962
28,5255.25,94,5255.5,08:00:33.228085480
28,5255.25,88,5255.5,08:00:33.228125491
28,5255.25,87,5255.5,08:00:33.228139731
27,5255.25,87,5255.5,08:00:33.228197995
28,5255.25,87,5255.5,08:00:33.228227262
28,5255.25,87,5255.5,08:00:33.228245208
30,5255.25,87,5255.5,08:00:33.228347380
30,5255.25,88,5255.5,08:00:33.228357492
31,5255.25,88,5255.5,08:00:33.228500394
32,5255.25,88,5255.5,08:00:33.228700789
32,5255.25,88,5255.5,08:00:33.228867039
32,5255.25,88,5255.5,08:00:33.228874066
32,5255.25,88,5255.5,08:00:33.228887157
32,5255.25,87,5255.5,08:00:33.228974823
32,5255.25,87,5255.5,08:00:33.229907012
32,5255.25,87,5255.5,08:00:33.229920372
41,5255.25,87,5255.5,08:00:33.230186540
41,5255.25,87,5255.5,08:00:33.230296700
41,5255.25,87,5255.5,08:00:33.230296700
42,5255.25,87,5255.5,08:00:33.230307935
43,5255.25,87,5255.5,08:00:33.230375079
43,5255.25,87,5255.5,08:00:33.231202356
43,5255.25,87,5255.5,08:00:33.231431302
43,5255.25,87,5255.5,08:00:33.232137933
43,5255.25,87,5255.5,08:00:33.243317180
43,5255.25,87,5255.5,08:00:33.249551726
43,5255.25,87,5255.5,08:00:33.249551726
43,5255.25,87,5255.5,08:00:33.249655107
43,5255.25,77,5255.5,08:00:33.283596085
44,5255.25,77,5255.5,08:00:33.283619000
44,5255.25,75,5255.5,08:00:33.283627733
45,5255.25,75,5255.5,08:00:33.283643804
45,5255.25,75,5255.5,08:00:33.283687017
45,5255.25,75,5255.5,08:00:33.283700003
45,5255.25,75,5255.5,08:00:33.283710832
47,5255.25,75,5255.5,08:00:33.283718400
46,5255.25,75,5255.5,08:00:33.283737722
46,5255.25,75,5255.5,08:00:33.283745665
46,5255.25,74,5255.5,08:00:33.283758811
46,5255.25,74,5255.5,08:00:33.283835052
47,5255.25,74,5255.5,08:00:33.283844899
47,5255.25,74,5255.5,08:00:33.283856093
47,5255.25,74,5255.5,08:00:33.284062686
47,5255.25,74,5255.5,08:00:33.284062686
47,5255.25,73,5255.5,08:00:33.284067954
47,5255.25,73,5255.5,08:00:33.284067954
47,5255.25,73,5255.5,08:00:33.284077883
47,5255.25,73,5255.5,08:00:33.284077883
47,5255.25,72,5255.5,08:00:33.284669901
47,5255.25,72,5255.5,08:00:33.284669901
47,5255.25,73,5255.5,08:00:33.285099350
47,5255.25,73,5255.5,08:00:33.285099350
48,5255.25,73,5255.5,08:00:33.285266714
48,5255.25,73,5255.5,08:00:33.285266714
48,5255.25,73,5255.5,08:00:33.290437762
48,5255.25,73,5255.5,08:00:33.296280264
48,5255.25,73,5255.5,08:00:33.296304789
48,5255.25,73,5255.5,08:00:33.296326210
48,5255.25,73,5255.5,08:00:33.334315583
48,5255.25,73,5255.5,08:00:33.338142589
48,5255.25,74,5255.5,08:00:33.346657465
48,5255.25,73,5255.5,08:00:33.384086987
48,5255.25,73,5255.5,08:00:33.384086987
48,5255.25,72,5255.5,08:00:33.403530160
49,5255.25,72,5255.5,08:00:33.403634489
49,5255.25,72,5255.5,08:00:33.403645139
49,5255.25,72,5255.5,08:00:33.403645139
49,5255.25,71,5255.5,08:00:33.403655612
37,5255.25,71,5255.5,08:00:33.403992662
37,5255.25,71,5255.5,08:00:33.403998493
37,5255.25,71,5255.5,08:00:33.404061256
37,5255.25,71,5255.5,08:00:33.404076363
37,5255.25,71,5255.5,08:00:33.404082693
37,5255.25,71,5255.5,08:00:33.404101311
35,5255.25,71,5255.5,08:00:33.404107087
34,5255.25,71,5255.5,08:00:33.404112898
34,5255.25,72,5255.5,08:00:33.404124832
34,5255.25,72,5255.5,08:00:33.404243026
34,5255.25,72,5255.5,08:00:33.404361899
34,5255.25,72,5255.5,08:00:33.404361899
34,5255.25,72,5255.5,08:00:33.404483882
34,5255.25,73,5255.5,08:00:33.404602828
34,5255.25,73,5255.5,08:00:33.404794362
34,5255.25,74,5255.5,08:00:33.405033071
34,5255.25,74,5255.5,08:00:33.405033071
34,5255.25,74,5255.5,08:00:33.415412196
34,5255.25,74,5255.5,08:00:33.440700976
34,5255.25,73,5255.5,08:00:33.485923375
34,5255.25,73,5255.5,08:00:33.492295148
34,5255.25,73,5255.5,08:00:33.497691840
25,5255.25,73,5255.5,08:00:33.786665313
25,5255.25,74,5255.5,08:00:33.786671320
25,5255.25,74,5255.5,08:00:33.786671320
24,5255.25,74,5255.5,08:00:33.786773587
23,5255.25,74,5255.5,08:00:33.786781306
22,5255.25,74,5255.5,08:00:33.786789075
21,5255.25,74,5255.5,08:00:33.786874651
21,5255.25,75,5255.5,08:00:33.787012085
23,5255.25,75,5255.5,08:00:33.787555670
26,5255.25,75,5255.5,08:00:33.787655352
26,5255.25,74,5255.5,08:00:33.787660952
27,5255.25,74,5255.5,08:00:33.787770135
28,5255.25,74,5255.5,08:00:33.787776062
29,5255.25,74,5255.5,08:00:33.809919882
30,5255.25,74,5255.5,08:00:33.810031171
30,5255.25,73,5255.5,08:00:33.810071009
30,5255.25,73,5255.5,08:00:33.810071009
39,5255.25,73,5255.5,08:00:33.976371963
39,5255.25,72,5255.5,08:00:33.976492289
40,5255.25,72,5255.5,08:00:33.976498907
40,5255.25,72,5255.5,08:00:33.976509297
41,5255.25,72,5255.5,08:00:33.986830392
41,5255.25,72,5255.5,08:00:34.007017856
41,5255.25,72,5255.5,08:00:34.007124018
42,5255.25,72,5255.5,08:00:34.055213486
42,5255.25,71,5255.5,08:00:34.055230937
42,5255.25,71,5255.5,08:00:34.055230937
42,5255.25,71,5255.5,08:00:34.055457709
42,5255.25,71,5255.5,08:00:34.061575093
42,5255.25,72,5255.5,08:00:34.065743015
42,5255.25,72,5255.5,08:00:34.065743015
44,5255.25,72,5255.5,08:00:34.180986928
45,5255.25,72,5255.5,08:00:34.251902726
45,5255.25,72,5255.5,08:00:34.251902726
45,5255.25,72,5255.5,08:00:34.271181743
45,5255.25,72,5255.5,08:00:34.342871787
55,5255.25,72,5255.5,08:00:34.350102845
55,5255.25,71,5255.5,08:00:34.350705258
55,5255.25,71,5255.5,08:00:34.350705258
55,5255.25,70,5255.5,08:00:34.350816130
55,5255.25,69,5255.5,08:00:34.357645289
55,5255.25,65,5255.5,08:00:34.358248344
55,5255.25,64,5255.5,08:00:34.358255867
55,5255.25,64,5255.5,08:00:34.361440703
55,5255.25,64,5255.5,08:00:34.392485030
55,5255.25,64,5255.5,08:00:34.393485594
55,5255.25,64,5255.5,08:00:34.417256158
55,5255.25,64,5255.5,08:00:34.417256158
55,5255.25,64,5255.5,08:00:34.418342372
55,5255.25,63,5255.5,08:00:34.445806983
56,5255.25,63,5255.5,08:00:34.445909031
56,5255.25,60,5255.5,08:00:34.446027594
57,5255.25,60,5255.5,08:00:34.446135215
58,5255.25,60,5255.5,08:00:34.516783750
57,5255.25,60,5255.5,08:00:34.524112611
57,5255.25,50,5255.5,08:00:35.171870443
57,5255.25,49,5255.5,08:00:35.172229532
57,5255.25,47,5255.5,08:00:35.172229532
57,5255.25,46,5255.5,08:00:35.172272759
57,5255.25,45,5255.5,08:00:35.172272759
57,5255.25,81,5255.75,08:00:35.172481835
57,5255.25,81,5255.75,08:00:35.172481835
58,5255.25,81,5255.75,08:00:35.172489812
2,5255.5,81,5255.75,08:00:35.172639083
3,5255.5,81,5255.75,08:00:35.172648600
8,5255.5,81,5255.75,08:00:35.172672296
9,5255.5,81,5255.75,08:00:35.172695529
9,5255.5,81,5255.75,08:00:35.172706060
9,5255.5,79,5255.75,08:00:35.172716431
10,5255.5,79,5255.75,08:00:35.172743280
10,5255.5,79,5255.75,08:00:35.172756983
12,5255.5,79,5255.75,08:00:35.172771818
12,5255.5,76,5255.75,08:00:35.172797099
13,5255.5,76,5255.75,08:00:35.172805406
13,5255.5,70,5255.75,08:00:35.172830405
13,5255.5,69,5255.75,08:00:35.172838127
14,5255.5,69,5255.75,08:00:35.172856431
14,5255.5,69,5255.75,08:00:35.172864751
14,5255.5,62,5255.75,08:00:35.172887555
14,5255.5,62,5255.75,08:00:35.172892275
14,5255.5,62,5255.75,08:00:35.172903686
14,5255.5,62,5255.75,08:00:35.172938641
14,5255.5,63,5255.75,08:00:35.172946094
14,5255.5,66,5255.75,08:00:35.172969704
14,5255.5,65,5255.75,08:00:35.172974869
14,5255.5,65,5255.75,08:00:35.172989746
15,5255.5,65,5255.75,08:00:35.172994354
20,5255.5,65,5255.75,08:00:35.173015907
20,5255.5,65,5255.75,08:00:35.173015907
20,5255.5,65,5255.75,08:00:35.173065773
22,5255.5,65,5255.75,08:00:35.173077261
23,5255.5,65,5255.75,08:00:35.173082778
24,5255.5,65,5255.75,08:00:35.173113963
24,5255.5,65,5255.75,08:00:35.173154604
24,5255.5,65,5255.75,08:00:35.173154604
25,5255.5,65,5255.75,08:00:35.173168172
25,5255.5,64,5255.75,08:00:35.173183788
26,5255.5,64,5255.75,08:00:35.173250845
19,5255.5,64,5255.75,08:00:35.173437298
20,5255.5,64,5255.75,08:00:35.173437298
12,5255.5,64,5255.75,08:00:35.173581473
11,5255.5,64,5255.75,08:00:35.173581473
12,5255.5,64,5255.75,08:00:35.173581473
10,5255.5,64,5255.75,08:00:35.173581473
10,5255.5,64,5255.75,08:00:35.173581473
10,5255.5,64,5255.75,08:00:35.173581473
10,5255.5,64,5255.75,08:00:35.173581473
10,5255.5,64,5255.75,08:00:35.173581473
11,5255.5,64,5255.75,08:00:35.173581473
11,5255.5,64,5255.75,08:00:35.173581473
11,5255.5,65,5255.75,08:00:35.173586920
10,5255.5,65,5255.75,08:00:35.173703476
10,5255.5,66,5255.75,08:00:35.173709520
9,5255.5,66,5255.75,08:00:35.173725752
8,5255.5,66,5255.75,08:00:35.173725752
7,5255.5,66,5255.75,08:00:35.173725752
6,5255.5,66,5255.75,08:00:35.173725752
6,5255.5,67,5255.75,08:00:35.173725752
7,5255.5,67,5255.75,08:00:35.173741419
7,5255.5,67,5255.75,08:00:35.173741419
7,5255.5,67,5255.75,08:00:35.173741419
7,5255.5,68,5255.75,08:00:35.173741419
5,5255.5,68,5255.75,08:00:35.173852170
6,5255.5,68,5255.75,08:00:35.173932626
5,5255.5,68,5255.75,08:00:35.173932626
5,5255.5,68,5255.75,08:00:35.173932626
4,5255.5,68,5255.75,08:00:35.173932626
3,5255.5,68,5255.75,08:00:35.173991536
3,5255.5,68,5255.75,08:00:35.173991536
2,5255.5,68,5255.75,08:00:35.174062526
1,5255.5,68,5255.75,08:00:35.174091093
53,5255.25,68,5255.75,08:00:35.174276436
53,5255.25,68,5255.75,08:00:35.174276436
53,5255.25,1,5255.5,08:00:35.174276436
53,5255.25,1,5255.5,08:00:35.174355708
53,5255.25,1,5255.5,08:00:35.174379668
53,5255.25,69,5255.75,08:00:35.174582031
53,5255.25,69,5255.75,08:00:35.174582031
1,5255.5,69,5255.75,08:00:35.174774851
2,5255.5,69,5255.75,08:00:35.174874065
3,5255.5,69,5255.75,08:00:35.174983802
4,5255.5,69,5255.75,08:00:35.175032757
5,5255.5,69,5255.75,08:00:35.175278354
6,5255.5,69,5255.75,08:00:35.175374597
7,5255.5,69,5255.75,08:00:35.175380278
6,5255.5,69,5255.75,08:00:35.175804203
5,5255.5,69,5255.75,08:00:35.175810411
53,5255.25,69,5255.75,08:00:35.176371219
53,5255.25,69,5255.75,08:00:35.176371219
53,5255.25,1,5255.5,08:00:35.176400061
53,5255.25,2,5255.5,08:00:35.176449195
53,5255.25,3,5255.5,08:00:35.176459707
53,5255.25,4,5255.5,08:00:35.176532137
53,5255.25,6,5255.5,08:00:35.176537590
53,5255.25,7,5255.5,08:00:35.176544150
53,5255.25,8,5255.5,08:00:35.176549489
53,5255.25,8,5255.5,08:00:35.176549489
52,5255.25,8,5255.5,08:00:35.176563840
52,5255.25,9,5255.5,08:00:35.176569504
52,5255.25,10,5255.5,08:00:35.176665734
52,5255.25,11,5255.5,08:00:35.176760919
52,5255.25,10,5255.5,08:00:35.176826348
52,5255.25,9,5255.5,08:00:35.176918676
52,5255.25,9,5255.5,08:00:35.179694576
52,5255.25,12,5255.5,08:00:35.182056315
52,5255.25,13,5255.5,08:00:35.189475775
52,5255.25,14,5255.5,08:00:35.189586328
52,5255.25,15,5255.5,08:00:35.189671299
52,5255.25,15,5255.5,08:00:35.194477844
52,5255.25,15,5255.5,08:00:35.194477844
52,5255.25,14,5255.5,08:00:35.194564559
52,5255.25,14,5255.5,08:00:35.197688448
52,5255.25,14,5255.5,08:00:35.199823901
52,5255.25,14,5255.5,08:00:35.200870133
52,5255.25,18,5255.5,08:00:35.211005141
52,5255.25,21,5255.5,08:00:35.211098781
52,5255.25,22,5255.5,08:00:35.211106823
52,5255.25,22,5255.5,08:00:35.211116577
51,5255.25,22,5255.5,08:00:35.211200700
51,5255.25,23,5255.5,08:00:35.211220316
51,5255.25,23,5255.5,08:00:35.211239162
51,5255.25,24,5255.5,08:00:35.211331233
51,5255.25,24,5255.5,08:00:35.244429227
51,5255.25,25,5255.5,08:00:35.244502752
51,5255.25,25,5255.5,08:00:35.244617433
51,5255.25,24,5255.5,08:00:35.244636783
51,5255.25,24,5255.5,08:00:35.244830627
51,5255.25,25,5255.5,08:00:35.247700112
51,5255.25,27,5255.5,08:00:35.260229185
51,5255.25,28,5255.5,08:00:35.260324486
51,5255.25,27,5255.5,08:00:35.628228721
51,5255.25,26,5255.5,08:00:35.628343559
51,5255.25,23,5255.5,08:00:35.628456313
51,5255.25,22,5255.5,08:00:35.742941694
51,5255.25,23,5255.5,08:00:35.756956790
51,5255.25,26,5255.5,08:00:35.757055886
51,5255.25,27,5255.5,08:00:35.757154580
51,5255.25,28,5255.5,08:00:35.757242930
51,5255.25,29,5255.5,08:00:35.757427273
51,5255.25,30,5255.5,08:00:35.781661261
51,5255.25,30,5255.5,08:00:35.781661261
50,5255.25,30,5255.5,08:00:35.781770508
50,5255.25,30,5255.5,08:00:36.005666469
50,5255.25,30,5255.5,08:00:36.005809799
50,5255.25,31,5255.5,08:00:36.007732555
49,5255.25,31,5255.5,08:00:36.007827667
48,5255.25,31,5255.5,08:00:36.007848977
46,5255.25,31,5255.5,08:00:36.007999588
46,5255.25,31,5255.5,08:00:36.008044706
46,5255.25,31,5255.5,08:00:36.008044706
46,5255.25,40,5255.5,08:00:36.008052379
46,5255.25,41,5255.5,08:00:36.008093004
46,5255.25,41,5255.5,08:00:36.008113292
46,5255.25,42,5255.5,08:00:36.008140291
46,5255.25,43,5255.5,08:00:36.008251545
46,5255.25,43,5255.5,08:00:36.042081970
46,5255.25,42,5255.5,08:00:36.049668462
46,5255.25,33,5255.5,08:00:36.049674363
46,5255.25,32,5255.5,08:00:36.049715206
46,5255.25,32,5255.5,08:00:36.049715206
46,5255.25,31,5255.5,08:00:36.049764931
46,5255.25,30,5255.5,08:00:36.049801489
46,5255.25,29,5255.5,08:00:36.049898201
46,5255.25,26,5255.5,08:00:36.049902960
46,5255.25,25,5255.5,08:00:36.050003682
46,5255.25,24,5255.5,08:00:36.050239082
46,5255.25,24,5255.5,08:00:36.206336510
46,5255.25,23,5255.5,08:00:36.329376851
46,5255.25,22,5255.5,08:00:36.329486431
47,5255.25,22,5255.5,08:00:36.329588062
47,5255.25,20,5255.5,08:00:36.329643526
48,5255.25,20,5255.5,08:00:36.329753563
48,5255.25,20,5255.5,08:00:36.329765490
48,5255.25,21,5255.5,08:00:36.615989026
48,5255.25,20,5255.5,08:00:36.627664238
48,5255.25,20,5255.5,08:00:36.627790343
48,5255.25,20,5255.5,08:00:36.628387085
48,5255.25,21,5255.5,08:00:36.628392928
48,5255.25,21,5255.5,08:00:36.667935234
48,5255.25,21,5255.5,08:00:36.667935234
48,5255.25,21,5255.5,08:00:36.672078970
48,5255.25,21,5255.5,08:00:36.672078970
48,5255.25,21,5255.5,08:00:36.672275322
48,5255.25,21,5255.5,08:00:36.672275322
48,5255.25,24,5255.5,08:00:36.717599883
48,5255.25,26,5255.5,08:00:36.717605960
48,5255.25,26,5255.5,08:00:36.717612511
48,5255.25,26,5255.5,08:00:36.717612511
48,5255.25,27,5255.5,08:00:36.717700339
48,5255.25,28,5255.5,08:00:36.717795596
48,5255.25,29,5255.5,08:00:36.717807513
47,5255.25,29,5255.5,08:00:36.717899991
47,5255.25,38,5255.5,08:00:36.717910628
47,5255.25,38,5255.5,08:00:36.718641106
47,5255.25,39,5255.5,08:00:36.718837185
46,5255.25,39,5255.5,08:00:36.718943280
46,5255.25,39,5255.5,08:00:36.727591608
46,5255.25,39,5255.5,08:00:36.727591608
46,5255.25,39,5255.5,08:00:36.739512009
46,5255.25,39,5255.5,08:00:36.739512009
46,5255.25,39,5255.5,08:00:36.954059724
46,5255.25,39,5255.5,08:00:36.954170872
46,5255.25,39,5255.5,08:00:37.017936964
45,5255.25,39,5255.5,08:00:37.185026872
45,5255.25,39,5255.5,08:00:37.185140314
45,5255.25,39,5255.5,08:00:37.185493809
45,5255.25,39,5255.5,08:00:37.185493809
45,5255.25,38,5255.5,08:00:37.185812357
45,5255.25,29,5255.5,08:00:37.186314693
45,5255.25,28,5255.5,08:00:37.186421799
45,5255.25,28,5255.5,08:00:37.188600708
46,5255.25,28,5255.5,08:00:37.204395718
46,5255.25,25,5255.5,08:00:37.204514066
46,5255.25,24,5255.5,08:00:37.204610324
45,5255.25,24,5255.5,08:00:37.239555769
45,5255.25,27,5255.5,08:00:37.239647896
45,5255.25,27,5255.5,08:00:37.275603083
44,5255.25,27,5255.5,08:00:37.561432973
43,5255.25,27,5255.5,08:00:37.641505804
43,5255.25,28,5255.5,08:00:37.641601524
43,5255.25,28,5255.5,08:00:37.684750588
43,5255.25,37,5255.5,08:00:37.877482804
44,5255.25,37,5255.5,08:00:37.877588521
44,5255.25,38,5255.5,08:00:37.877632451
44,5255.25,37,5255.5,08:00:37.877679105
44,5255.25,28,5255.5,08:00:37.994662863
44,5255.25,27,5255.5,08:00:37.994779422
44,5255.25,24,5255.5,08:00:37.994897885
43,5255.25,24,5255.5,08:00:38.086056142
43,5255.25,27,5255.5,08:00:38.086147843
43,5255.25,36,5255.5,08:00:38.087110538
43,5255.25,37,5255.5,08:00:38.087206172
43,5255.25,38,5255.5,08:00:38.087213391
43,5255.25,39,5255.5,08:00:38.100653627
43,5255.25,39,5255.5,08:00:38.102117332
43,5255.25,39,5255.5,08:00:38.104129851
43,5255.25,39,5255.5,08:00:38.106130807
43,5255.25,39,5255.5,08:00:38.108192801
43,5255.25,39,5255.5,08:00:38.108296355
43,5255.25,39,5255.5,08:00:38.110223629
42,5255.25,39,5255.5,08:00:38.138073977
42,5255.25,40,5255.5,08:00:38.138179304
42,5255.25,40,5255.5,08:00:38.213279714
42,5255.25,40,5255.5,08:00:38.213279714
41,5255.25,40,5255.5,08:00:38.319621438
41,5255.25,41,5255.5,08:00:38.319751269
41,5255.25,41,5255.5,08:00:38.319751269
41,5255.25,43,5255.5,08:00:38.319970946
41,5255.25,44,5255.5,08:00:38.320098706
41,5255.25,45,5255.5,08:00:38.622553534
32,5255.25,45,5255.5,08:00:38.622563063
32,5255.25,46,5255.5,08:00:38.622645030
31,5255.25,46,5255.5,08:00:38.622682787
31,5255.25,47,5255.5,08:00:38.705859339
30,5255.25,47,5255.5,08:00:38.743740748
30,5255.25,47,5255.5,08:00:38.743806957
30,5255.25,53,5255.5,08:00:38.744842642
30,5255.25,54,5255.5,08:00:38.744987176
30,5255.25,54,5255.5,08:00:38.784829789
30,5255.25,53,5255.5,08:00:39.028540644
31,5255.25,53,5255.5,08:00:39.028661952
32,5255.25,53,5255.5,08:00:39.468384897
33,5255.25,53,5255.5,08:00:39.835353563
33,5255.25,52,5255.5,08:00:39.932286215
33,5255.25,52,5255.5,08:00:39.932286215
33,5255.25,50,5255.5,08:00:40.059387261
33,5255.25,50,5255.5,08:00:40.059459967
33,5255.25,50,5255.5,08:00:40.059470848
34,5255.25,50,5255.5,08:00:40.059479814
34,5255.25,48,5255.5,08:00:40.060076118
34,5255.25,47,5255.5,08:00:40.060082937
34,5255.25,46,5255.5,08:00:40.060089401
38,5255.25,46,5255.5,08:00:40.060196664
34,5255.25,46,5255.5,08:00:40.068277407
33,5255.25,46,5255.5,08:00:40.069838251
32,5255.25,46,5255.5,08:00:40.069933715
33,5255.25,46,5255.5,08:00:40.413699564
42,5255.25,46,5255.5,08:00:40.413824546
44,5255.25,46,5255.5,08:00:40.414140930
44,5255.25,45,5255.5,08:00:40.414247498
44,5255.25,45,5255.5,08:00:40.414255985
44,5255.25,44,5255.5,08:00:40.414306981
44,5255.25,43,5255.5,08:00:40.414317615
44,5255.25,43,5255.5,08:00:40.414346640
44,5255.25,43,5255.5,08:00:40.414346640
44,5255.25,34,5255.5,08:00:40.414354016
48,5255.25,34,5255.5,08:00:40.414480860
48,5255.25,33,5255.5,08:00:40.414489670
49,5255.25,33,5255.5,08:00:40.414588910
49,5255.25,30,5255.5,08:00:40.414597716
49,5255.25,29,5255.5,08:00:40.414605384
49,5255.25,29,5255.5,08:00:40.421601628
49,5255.25,29,5255.5,08:00:40.421601628
45,5255.25,29,5255.5,08:00:40.458755439
45,5255.25,30,5255.5,08:00:40.512765555
45,5255.25,29,5255.5,08:00:40.513240697
45,5255.25,29,5255.5,08:00:40.743932508
45,5255.25,29,5255.5,08:00:40.809729411
45,5255.25,29,5255.5,08:00:40.875199499
45,5255.25,29,5255.5,08:00:40.875199499
45,5255.25,29,5255.5,08:00:40.875381711
45,5255.25,29,5255.5,08:00:40.875381711
45,5255.25,29,5255.5,08:00:41.486169067
45,5255.25,29,5255.5,08:00:41.486169067
45,5255.25,29,5255.5,08:00:41.511424879
45,5255.25,29,5255.5,08:00:41.511424879
45,5255.25,30,5255.5,08:00:41.627475672
45,5255.25,30,5255.5,08:00:41.627475672
45,5255.25,31,5255.5,08:00:41.627575968
45,5255.25,34,5255.5,08:00:41.627681097
45,5255.25,35,5255.5,08:00:41.627689436
36,5255.25,35,5255.5,08:00:41.627794769
35,5255.25,35,5255.5,08:00:41.627900167
35,5255.25,44,5255.5,08:00:41.628009785
34,5255.25,44,5255.5,08:00:41.760411689
32,5255.25,44,5255.5,08:00:41.760417180
32,5255.25,44,5255.5,08:00:41.760641361
33,5255.25,44,5255.5,08:00:41.763047701
33,5255.25,43,5255.5,08:00:41.768648352
33,5255.25,43,5255.5,08:00:41.768648352
33,5255.25,43,5255.5,08:00:41.925804474
33,5255.25,43,5255.5,08:00:41.925914835
33,5255.25,43,5255.5,08:00:41.987477036
32,5255.25,43,5255.5,08:00:42.450671511
32,5255.25,44,5255.5,08:00:42.452632726
32,5255.25,44,5255.5,08:00:42.452632726
32,5255.25,45,5255.5,08:00:43.004310748
32,5255.25,46,5255.5,08:00:43.004407240
33,5255.25,46,5255.5,08:00:43.123040065
34,5255.25,46,5255.5,08:00:43.123132999
34,5255.25,45,5255.5,08:00:43.147131218
33,5255.25,45,5255.5,08:00:43.448989784
33,5255.25,45,5255.5,08:00:43.449421505
33,5255.25,45,5255.5,08:00:43.629302280
34,5255.25,45,5255.5,08:00:43.799702867
33,5255.25,45,5255.5,08:00:43.799887066
42,5255.25,45,5255.5,08:00:43.888578070
42,5255.25,36,5255.5,08:00:43.888583827
43,5255.25,36,5255.5,08:00:43.888617693
45,5255.25,36,5255.5,08:00:43.888624071
46,5255.25,36,5255.5,08:00:43.888635969
49,5255.25,36,5255.5,08:00:43.888645659
49,5255.25,35,5255.5,08:00:43.888658149
49,5255.25,35,5255.5,08:00:43.888658149
49,5255.25,35,5255.5,08:00:43.888662988
49,5255.25,35,5255.5,08:00:43.888662988
53,5255.25,35,5255.5,08:00:43.888687823
53,5255.25,34,5255.5,08:00:43.888708214
53,5255.25,33,5255.5,08:00:43.888714764
53,5255.25,30,5255.5,08:00:43.888775977
49,5255.25,30,5255.5,08:00:43.888892986
46,5255.25,30,5255.5,08:00:43.888986114
46,5255.25,30,5255.5,08:00:43.889618888
44,5255.25,30,5255.5,08:00:43.986873891
44,5255.25,30,5255.5,08:00:43.986939263
44,5255.25,30,5255.5,08:00:43.986949001
44,5255.25,33,5255.5,08:00:43.986960784
44,5255.25,34,5255.5,08:00:43.986971648
44,5255.25,34,5255.5,08:00:43.987086595
44,5255.25,34,5255.5,08:00:43.987086595
45,5255.25,34,5255.5,08:00:43.990593373
45,5255.25,34,5255.5,08:00:43.990593373
46,5255.25,34,5255.5,08:00:43.990704130
46,5255.25,31,5255.5,08:00:43.990812190
43,5255.25,31,5255.5,08:00:44.157638580
43,5255.25,32,5255.5,08:00:44.157739295
43,5255.25,32,5255.5,08:00:44.159489587
43,5255.25,32,5255.5,08:00:44.159489587
43,5255.25,32,5255.5,08:00:44.190714947
43,5255.25,32,5255.5,08:00:44.440725008
43,5255.25,32,5255.5,08:00:44.482866275
43,5255.25,32,5255.5,08:00:44.492883562
43,5255.25,32,5255.5,08:00:44.492999033
43,5255.25,32,5255.5,08:00:45.226980548
44,5255.25,32,5255.5,08:00:45.290958845
44,5255.25,31,5255.5,08:00:45.291055410
44,5255.25,29,5255.5,08:00:45.713935838
45,5255.25,29,5255.5,08:00:45.714011376
46,5255.25,29,5255.5,08:00:45.714019312
44,5255.25,29,5255.5,08:00:45.727693172
44,5255.25,27,5255.5,08:00:45.790616475
45,5255.25,27,5255.5,08:00:45.791468367
45,5255.25,27,5255.5,08:00:45.793459726
45,5255.25,27,5255.5,08:00:45.795524948
45,5255.25,27,5255.5,08:00:45.798188349
45,5255.25,27,5255.5,08:00:45.800902817
45,5255.25,27,5255.5,08:00:45.801005277
45,5255.25,27,5255.5,08:00:45.803107556
45,5255.25,27,5255.5,08:00:45.931329934
45,5255.25,27,5255.5,08:00:45.931437075
45,5255.25,27,5255.5,08:00:46.446762456
45,5255.25,28,5255.5,08:00:46.446869904
45,5255.25,37,5255.5,08:00:46.446878378
45,5255.25,37,5255.5,08:00:46.446899844
45,5255.25,40,5255.5,08:00:46.446978249
45,5255.25,41,5255.5,08:00:46.446984236
45,5255.25,41,5255.5,08:00:46.446991203
45,5255.25,42,5255.5,08:00:46.447072731
36,5255.25,42,5255.5,08:00:46.447086910
35,5255.25,42,5255.5,08:00:46.447195657
34,5255.25,42,5255.5,08:00:46.447201606
33,5255.25,42,5255.5,08:00:46.447208157
33,5255.25,42,5255.5,08:00:46.505808301
34,5255.25,42,5255.5,08:00:46.891708611
34,5255.25,41,5255.5,08:00:46.891716487
34,5255.25,42,5255.5,08:00:47.190136840
33,5255.25,42,5255.5,08:00:47.190143682
33,5255.25,43,5255.5,08:00:47.190582772
33,5255.25,43,5255.5,08:00:47.190582772
34,5255.25,43,5255.5,08:00:47.191901000
34,5255.25,42,5255.5,08:00:47.200969964
34,5255.25,41,5255.5,08:00:47.201088425
34,5255.25,41,5255.5,08:00:47.201088425
34,5255.25,42,5255.5,08:00:47.210251048
34,5255.25,43,5255.5,08:00:47.210347348
32,5255.25,43,5255.5,08:00:47.210414923
31,5255.25,43,5255.5,08:00:47.210440517
31,5255.25,43,5255.5,08:00:47.369767320
31,5255.25,44,5255.5,08:00:47.871280722
31,5255.25,44,5255.5,08:00:47.871280722
31,5255.25,44,5255.5,08:00:47.871424681
31,5255.25,46,5255.5,08:00:47.871466013
30,5255.25,46,5255.5,08:00:48.126779164
30,5255.25,44,5255.5,08:00:48.225481600
28,5255.25,44,5255.5,08:00:48.271733330
28,5255.25,45,5255.5,08:00:48.271840948
28,5255.25,45,5255.5,08:00:49.849167713
28,5255.25,45,5255.5,08:00:49.849315960
29,5255.25,45,5255.5,08:00:50.281134245
30,5255.25,45,5255.5,08:00:50.281542563
30,5255.25,46,5255.5,08:00:50.281755873
29,5255.25,46,5255.5,08:00:50.281775403
28,5255.25,46,5255.5,08:00:50.281785589
28,5255.25,36,5255.5,08:00:50.440998820
28,5255.25,36,5255.5,08:00:50.441038309
29,5255.25,36,5255.5,08:00:50.441071167
30,5255.25,36,5255.5,08:00:50.441076579
34,5255.25,36,5255.5,08:00:50.441085840
35,5255.25,36,5255.5,08:00:50.441097344
36,5255.25,36,5255.5,08:00:50.441104198
36,5255.25,35,5255.5,08:00:50.441252163
36,5255.25,39,5255.5,08:00:50.441364968
36,5255.25,38,5255.5,08:00:50.441373769
32,5255.25,38,5255.5,08:00:50.441495125
32,5255.25,39,5255.5,08:00:50.441510088
31,5255.25,39,5255.5,08:00:50.441522684
31,5255.25,40,5255.5,08:00:50.441531826
31,5255.25,43,5255.5,08:00:50.441539718
31,5255.25,42,5255.5,08:00:50.441565862
30,5255.25,42,5255.5,08:00:50.441608993
30,5255.25,43,5255.5,08:00:50.466162023
30,5255.25,44,5255.5,08:00:50.466261983
30,5255.25,44,5255.5,08:00:50.690736672
30,5255.25,44,5255.5,08:00:50.690873546
30,5255.25,44,5255.5,08:00:50.940740704
30,5255.25,47,5255.5,08:00:51.042770295
29,5255.25,47,5255.5,08:00:51.043185426
29,5255.25,47,5255.5,08:00:51.043300888
29,5255.25,47,5255.5,08:00:51.043300888
29,5255.25,48,5255.5,08:00:51.068590467
28,5255.25,48,5255.5,08:00:51.068704662
28,5255.25,47,5255.5,08:00:51.190759010
28,5255.25,47,5255.5,08:00:51.234036758
28,5255.25,47,5255.5,08:00:51.234036758
28,5255.25,48,5255.5,08:00:51.234040992
28,5255.25,48,5255.5,08:00:51.234040992
25,5255.25,48,5255.5,08:00:51.676752419
24,5255.25,48,5255.5,08:00:51.676816769
24,5255.25,49,5255.5,08:00:51.676841627
23,5255.25,49,5255.5,08:00:51.676847778
16,5255.25,49,5255.5,08:00:51.677030269
16,5255.25,50,5255.5,08:00:51.677030269
16,5255.25,51,5255.5,08:00:51.677030269
16,5255.25,52,5255.5,08:00:51.677069248
15,5255.25,52,5255.5,08:00:51.677163692
15,5255.25,52,5255.5,08:00:51.677163692
15,5255.25,52,5255.5,08:00:51.677163692
15,5255.25,52,5255.5,08:00:51.677163692
15,5255.25,53,5255.5,08:00:51.677163692
14,5255.25,53,5255.5,08:00:51.677273515
13,5255.25,53,5255.5,08:00:51.677273515
11,5255.25,53,5255.5,08:00:51.677307643
9,5255.25,53,5255.5,08:00:51.677338550
7,5255.25,53,5255.5,08:00:51.677390906
47,5255.0,53,5255.5,08:00:51.677481250
47,5255.0,53,5255.5,08:00:51.677481250
47,5255.0,1,5255.25,08:00:51.677495474
47,5255.0,1,5255.25,08:00:51.677501167
47,5255.0,2,5255.25,08:00:51.677507244
47,5255.0,2,5255.25,08:00:51.677512066
47,5255.0,2,5255.25,08:00:51.677536537
47,5255.0,3,5255.25,08:00:51.677548701
49,5255.0,3,5255.25,08:00:51.677579478
49,5255.0,4,5255.25,08:00:51.677609616
49,5255.0,4,5255.25,08:00:51.677659380
49,5255.0,5,5255.25,08:00:51.677664574
49,5255.0,5,5255.25,08:00:51.677686220
48,5255.0,5,5255.25,08:00:51.677698845
48,5255.0,5,5255.25,08:00:51.677707680
48,5255.0,9,5255.25,08:00:51.677721652
48,5255.0,9,5255.25,08:00:51.677740151
48,5255.0,9,5255.25,08:00:51.677749079
48,5255.0,9,5255.25,08:00:51.677756497
48,5255.0,9,5255.25,08:00:51.677769496
48,5255.0,12,5255.25,08:00:51.677787634
48,5255.0,12,5255.25,08:00:51.677798745
48,5255.0,12,5255.25,08:00:51.677798745
48,5255.0,13,5255.25,08:00:51.677804088
48,5255.0,13,5255.25,08:00:51.677859971
48,5255.0,14,5255.25,08:00:51.677921137
48,5255.0,13,5255.25,08:00:51.678212577
48,5255.0,13,5255.25,08:00:51.678296815
48,5255.0,14,5255.25,08:00:51.678327654
48,5255.0,14,5255.25,08:00:51.678355965
48,5255.0,14,5255.25,08:00:51.678942371
48,5255.0,15,5255.25,08:00:51.679728332
48,5255.0,15,5255.25,08:00:51.679728332
48,5255.0,16,5255.25,08:00:51.679843592
48,5255.0,16,5255.25,08:00:51.679859743
48,5255.0,17,5255.25,08:00:51.680051609
48,5255.0,17,5255.25,08:00:51.684835638
48,5255.0,17,5255.25,08:00:51.686358114
48,5255.0,16,5255.25,08:00:51.688273804
48,5255.0,16,5255.25,08:00:51.690687545
48,5255.0,17,5255.25,08:00:51.690811772
48,5255.0,17,5255.25,08:00:51.690811772
49,5255.0,17,5255.25,08:00:51.703398963
49,5255.0,17,5255.25,08:00:51.705737576
49,5255.0,17,5255.25,08:00:51.705847291
49,5255.0,17,5255.25,08:00:51.722294209
49,5255.0,17,5255.25,08:00:51.722310478
49,5255.0,17,5255.25,08:00:51.722330859
49,5255.0,17,5255.25,08:00:51.722417152
49,5255.0,18,5255.25,08:00:51.741198856
49,5255.0,19,5255.25,08:00:51.741301524
49,5255.0,18,5255.25,08:00:51.741340213
48,5255.0,18,5255.25,08:00:51.741405283
48,5255.0,18,5255.25,08:00:51.741683682
48,5255.0,19,5255.25,08:00:51.741757357
48,5255.0,18,5255.25,08:00:51.748352482
48,5255.0,21,5255.25,08:00:51.749916021
48,5255.0,23,5255.25,08:00:51.749923608
48,5255.0,24,5255.25,08:00:51.749931448
48,5255.0,25,5255.25,08:00:51.749943977
48,5255.0,26,5255.25,08:00:51.750014932
48,5255.0,26,5255.25,08:00:51.750031169
48,5255.0,27,5255.25,08:00:51.750055755
48,5255.0,28,5255.25,08:00:51.750118348
48,5255.0,37,5255.25,08:00:51.750134121
48,5255.0,37,5255.25,08:00:51.750240175
47,5255.0,37,5255.25,08:00:51.750248674
47,5255.0,37,5255.25,08:00:51.750395868
47,5255.0,37,5255.25,08:00:51.750395868
46,5255.0,37,5255.25,08:00:51.750648116
46,5255.0,38,5255.25,08:00:51.750665220
46,5255.0,39,5255.25,08:00:51.750770624
46,5255.0,40,5255.25,08:00:51.751118644
46,5255.0,40,5255.25,08:00:51.751118644
46,5255.0,40,5255.25,08:00:51.751649902
46,5255.0,40,5255.25,08:00:51.753111970
46,5255.0,40,5255.25,08:00:51.753118326
46,5255.0,40,5255.25,08:00:51.759281900
46,5255.0,39,5255.25,08:00:51.845137796
46,5255.0,38,5255.25,08:00:51.845186242
46,5255.0,38,5255.25,08:00:51.906210549
46,5255.0,38,5255.25,08:00:51.906323425
46,5255.0,38,5255.25,08:00:52.067922405
46,5255.0,38,5255.25,08:00:52.074232725
46,5255.0,37,5255.25,08:00:52.705156574
46,5255.0,38,5255.25,08:00:52.705301153
46,5255.0,38,5255.25,08:00:52.705309268
46,5255.0,38,5255.25,08:00:52.705317192
46,5255.0,38,5255.25,08:00:52.706263054
46,5255.0,38,5255.25,08:00:52.766060543
46,5255.0,38,5255.25,08:00:53.811843876
46,5255.0,38,5255.25,08:00:53.811948515
46,5255.0,38,5255.25,08:00:53.811970093
43,5255.0,38,5255.25,08:00:54.094644739
43,5255.0,38,5255.25,08:00:54.094697457
43,5255.0,38,5255.25,08:00:54.094711912
43,5255.0,39,5255.25,08:00:54.094717848
43,5255.0,40,5255.25,08:00:54.094728674
43,5255.0,41,5255.25,08:00:54.094748159
38,5255.0,41,5255.25,08:00:54.095144436
38,5255.0,41,5255.25,08:00:54.095144436
36,5255.0,41,5255.25,08:00:54.095153367
36,5255.0,41,5255.25,08:00:54.095153367
36,5255.0,41,5255.25,08:00:54.095213096
34,5255.0,41,5255.25,08:00:54.095444489
32,5255.0,41,5255.25,08:00:54.095451039
24,5255.0,41,5255.25,08:00:54.095560611
23,5255.0,41,5255.25,08:00:54.095676347
23,5255.0,41,5255.25,08:00:54.101150644
23,5255.0,41,5255.25,08:00:54.190726815
24,5255.0,41,5255.25,08:00:54.271449838
24,5255.0,40,5255.25,08:00:54.271543392
24,5255.0,40,5255.25,08:00:54.440738113
24,5255.0,40,5255.25,08:00:54.571319863
24,5255.0,40,5255.25,08:00:54.571423555
24,5255.0,41,5255.25,08:00:55.029686848
24,5255.0,42,5255.25,08:00:55.029693027
23,5255.0,42,5255.25,08:00:55.029702138
23,5255.0,42,5255.25,08:00:55.029789570
23,5255.0,42,5255.25,08:00:55.029820473
23,5255.0,42,5255.25,08:00:55.080983267
23,5255.0,42,5255.25,08:00:55.115501316
23,5255.0,42,5255.25,08:00:55.115605437
22,5255.0,42,5255.25,08:00:55.316134115
22,5255.0,42,5255.25,08:00:55.316134115
22,5255.0,42,5255.25,08:00:55.316246156
22,5255.0,42,5255.25,08:00:55.379324344
22,5255.0,42,5255.25,08:00:56.035535488
22,5255.0,42,5255.25,08:00:56.035637668
22,5255.0,42,5255.25,08:00:56.035661525
22,5255.0,42,5255.25,08:00:56.035764683
22,5255.0,42,5255.25,08:00:56.218512195
22,5255.0,42,5255.25,08:00:56.218512195
22,5255.0,43,5255.25,08:00:56.218518192
22,5255.0,43,5255.25,08:00:56.218518192
20,5255.0,43,5255.25,08:00:56.218774754
19,5255.0,43,5255.25,08:00:56.218780712
18,5255.0,43,5255.25,08:00:56.218794226
16,5255.0,43,5255.25,08:00:56.218807545
16,5255.0,44,5255.25,08:00:56.218816080
15,5255.0,44,5255.25,08:00:56.218832966
13,5255.0,44,5255.25,08:00:56.218841904
12,5255.0,44,5255.25,08:00:56.218848535
11,5255.0,44,5255.25,08:00:56.218858416
10,5255.0,44,5255.25,08:00:56.218863322
9,5255.0,44,5255.25,08:00:56.218901329
9,5255.0,45,5255.25,08:00:56.218933765
9,5255.0,45,5255.25,08:00:56.218982358
9,5255.0,45,5255.25,08:00:56.218989296
9,5255.0,45,5255.25,08:00:56.218998227
9,5255.0,45,5255.25,08:00:56.219682868
9,5255.0,47,5255.25,08:00:56.220877136
9,5255.0,47,5255.25,08:00:56.220988303
9,5255.0,47,5255.25,08:00:56.221095239
9,5255.0,47,5255.25,08:00:56.226630669
9,5255.0,49,5255.25,08:00:56.230631688
5,5255.0,49,5255.25,08:00:56.296533846
5,5255.0,50,5255.25,08:00:56.296641861
5,5255.0,50,5255.25,08:00:56.296651691
5,5255.0,50,5255.25,08:00:56.296668137
5,5255.0,50,5255.25,08:00:56.296748202
5,5255.0,50,5255.25,08:00:56.296786731
5,5255.0,50,5255.25,08:00:56.296962690
5,5255.0,50,5255.25,08:00:56.440688369
5,5255.0,48,5255.25,08:00:56.506969264
5,5255.0,46,5255.25,08:00:56.506982247
5,5255.0,46,5255.25,08:00:56.507076623
9,5255.0,46,5255.25,08:00:56.507086572
11,5255.0,46,5255.25,08:00:56.507188222
11,5255.0,45,5255.25,08:00:56.507195272
11,5255.0,45,5255.25,08:00:56.507208885
11,5255.0,45,5255.25,08:00:56.507213999
12,5255.0,45,5255.25,08:00:56.538323069
11,5255.0,45,5255.25,08:00:56.550570485
11,5255.0,45,5255.25,08:00:57.192263386
11,5255.0,45,5255.25,08:00:57.192380512
11,5255.0,45,5255.25,08:00:57.192393365
7,5255.0,45,5255.25,08:00:57.192481652
5,5255.0,45,5255.25,08:00:57.192596711
9,5255.0,45,5255.25,08:00:57.279833630
9,5255.0,35,5255.25,08:00:57.427609152
11,5255.0,35,5255.25,08:00:57.427628567
12,5255.0,35,5255.25,08:00:57.427637357
12,5255.0,35,5255.25,08:00:57.428154197
13,5255.0,35,5255.25,08:00:57.428166360
14,5255.0,35,5255.25,08:00:57.428171355
17,5255.0,35,5255.25,08:00:57.428192645
17,5255.0,35,5255.25,08:00:57.428205529
18,5255.0,35,5255.25,08:00:57.428210803
18,5255.0,35,5255.25,08:00:57.428222540
19,5255.0,35,5255.25,08:00:57.428227632
19,5255.0,38,5255.25,08:00:57.428237661
19,5255.0,38,5255.25,08:00:57.428248368
20,5255.0,38,5255.25,08:00:57.428257591
21,5255.0,38,5255.25,08:00:57.428272404
21,5255.0,42,5255.25,08:00:57.428278721
21,5255.0,42,5255.25,08:00:57.428294405
21,5255.0,42,5255.25,08:00:57.428294405
21,5255.0,41,5255.25,08:00:57.428307160
21,5255.0,41,5255.25,08:00:57.428307160
22,5255.0,41,5255.25,08:00:57.428324578
23,5255.0,41,5255.25,08:00:57.428345061
22,5255.0,41,5255.25,08:00:57.428350677
22,5255.0,41,5255.25,08:00:57.428367260
21,5255.0,41,5255.25,08:00:57.428481864
21,5255.0,42,5255.25,08:00:57.428487851
20,5255.0,42,5255.25,08:00:57.428566573
17,5255.0,42,5255.25,08:00:57.428580685
16,5255.0,42,5255.25,08:00:57.428659848
16,5255.0,42,5255.25,08:00:57.434654824
15,5255.0,42,5255.25,08:00:57.438678950
15,5255.0,42,5255.25,08:00:57.488995352
15,5255.0,42,5255.25,08:00:57.489092647
15,5255.0,42,5255.25,08:00:57.489100410
14,5255.0,42,5255.25,08:00:57.489191880
13,5255.0,42,5255.25,08:00:57.489301749
11,5255.0,42,5255.25,08:00:57.489307096
11,5255.0,42,5255.25,08:00:57.489411229
11,5255.0,43,5255.25,08:00:57.710516423
11,5255.0,43,5255.25,08:00:57.710516423
11,5255.0,43,5255.25,08:00:57.710525501
11,5255.0,43,5255.25,08:00:57.710525501
11,5255.0,42,5255.25,08:00:58.196393409
11,5255.0,42,5255.25,08:00:58.196393409
11,5255.0,42,5255.25,08:00:58.196400600
11,5255.0,42,5255.25,08:00:58.196400600
11,5255.0,32,5255.25,08:00:58.306374424
11,5255.0,32,5255.25,08:00:58.306374424
11,5255.0,32,5255.25,08:00:58.306374424
12,5255.0,32,5255.25,08:00:58.306428121
13,5255.0,32,5255.25,08:00:58.306435190
13,5255.0,28,5255.25,08:00:58.306449805
16,5255.0,28,5255.25,08:00:58.306468106
17,5255.0,28,5255.25,08:00:58.306475172
18,5255.0,28,5255.25,08:00:58.306482157
20,5255.0,28,5255.25,08:00:58.306499390
21,5255.0,28,5255.25,08:00:58.306511713
21,5255.0,28,5255.25,08:00:58.306525301
21,5255.0,29,5255.25,08:00:58.306535544
21,5255.0,30,5255.25,08:00:58.306541624
22,5255.0,30,5255.25,08:00:58.306551279
22,5255.0,34,5255.25,08:00:58.306562598
22,5255.0,35,5255.25,08:00:58.306572553
22,5255.0,36,5255.25,08:00:58.306598470
23,5255.0,36,5255.25,08:00:58.306607648
22,5255.0,36,5255.25,08:00:58.306620931
22,5255.0,35,5255.25,08:00:58.306625824
22,5255.0,38,5255.25,08:00:58.306640916
22,5255.0,39,5255.25,08:00:58.306657313
21,5255.0,39,5255.25,08:00:58.306681624
21,5255.0,39,5255.25,08:00:58.306755021
18,5255.0,39,5255.25,08:00:58.307272500
18,5255.0,40,5255.25,08:00:58.307284423
18,5255.0,40,5255.25,08:00:58.307290961
17,5255.0,40,5255.25,08:00:58.307875875
15,5255.0,40,5255.25,08:00:58.307885290
14,5255.0,40,5255.25,08:00:58.307894237
14,5255.0,40,5255.25,08:00:58.307934776
14,5255.0,40,5255.25,08:00:58.307934776
14,5255.0,41,5255.25,08:00:58.307939858
14,5255.0,41,5255.25,08:00:58.307939858
13,5255.0,41,5255.25,08:00:58.308036960
13,5255.0,41,5255.25,08:00:58.308077345
13,5255.0,41,5255.25,08:00:58.308077345
13,5255.0,40,5255.25,08:00:58.308082629
13,5255.0,40,5255.25,08:00:58.308082629
12,5255.0,40,5255.25,08:00:58.308136626
12,5255.0,40,5255.25,08:00:58.314514813
12,5255.0,41,5255.25,08:00:58.318144528
12,5255.0,42,5255.25,08:00:58.326774771
12,5255.0,43,5255.25,08:00:58.334887029
12,5255.0,43,5255.25,08:00:58.334982410
11,5255.0,43,5255.25,08:00:58.365320693
11,5255.0,43,5255.25,08:00:58.365327158
11,5255.0,43,5255.25,08:00:58.365327158
11,5255.0,44,5255.25,08:00:58.365333827
11,5255.0,44,5255.25,08:00:58.365333827
10,5255.0,44,5255.25,08:00:58.365543540
9,5255.0,44,5255.25,08:00:58.365543540
8,5255.0,44,5255.25,08:00:58.365543540
8,5255.0,48,5255.25,08:00:58.365543540
8,5255.0,48,5255.25,08:00:58.365630235
8,5255.0,48,5255.25,08:00:58.365637384
8,5255.0,48,5255.25,08:00:58.365650233
7,5255.0,48,5255.25,08:00:58.365776856
6,5255.0,48,5255.25,08:00:58.365776856
6,5255.0,48,5255.25,08:00:58.365776856
5,5255.0,48,5255.25,08:00:58.365820672
1,5255.0,48,5255.25,08:00:58.365820672
55,5254.75,48,5255.25,08:00:58.365920956
55,5254.75,48,5255.25,08:00:58.365920956
55,5254.75,49,5255.25,08:00:58.365920956
55,5254.75,50,5255.25,08:00:58.365920956
55,5254.75,1,5255.0,08:00:58.365927829
55,5254.75,1,5255.0,08:00:58.365951669
54,5254.75,1,5255.0,08:00:58.365985519
54,5254.75,1,5255.0,08:00:58.366005529
54,5254.75,1,5255.0,08:00:58.366005529
54,5254.75,5,5255.0,08:00:58.366040276
53,5254.75,5,5255.0,08:00:58.366069726
53,5254.75,5,5255.0,08:00:58.366114732
54,5254.75,5,5255.0,08:00:58.366126466
54,5254.75,5,5255.0,08:00:58.366139452
54,5254.75,6,5255.0,08:00:58.366143996
54,5254.75,7,5255.0,08:00:58.366156550
54,5254.75,7,5255.0,08:00:58.366230103
54,5254.75,7,5255.0,08:00:58.366316057
54,5254.75,10,5255.0,08:00:58.366387902
54,5254.75,10,5255.0,08:00:58.366396494
54,5254.75,10,5255.0,08:00:58.366401198
54,5254.75,10,5255.0,08:00:58.366643821
54,5254.75,10,5255.0,08:00:58.366643821
54,5254.75,10,5255.0,08:00:58.366649312
54,5254.75,10,5255.0,08:00:58.366649312
54,5254.75,11,5255.0,08:00:58.366764902
54,5254.75,11,5255.0,08:00:58.366824743
54,5254.75,11,5255.0,08:00:58.366824743
54,5254.75,11,5255.0,08:00:58.366835802
54,5254.75,11,5255.0,08:00:58.366870949
54,5254.75,11,5255.0,08:00:58.366870949
54,5254.75,11,5255.0,08:00:58.367659592
54,5254.75,11,5255.0,08:00:58.372491104
54,5254.75,11,5255.0,08:00:58.380187947
54,5254.75,11,5255.0,08:00:58.382879630
54,5254.75,11,5255.0,08:00:58.434673563
54,5254.75,11,5255.0,08:00:58.434777309
53,5254.75,11,5255.0,08:00:58.434883266
53,5254.75,12,5255.0,08:00:58.434976241
53,5254.75,14,5255.0,08:00:58.435200606
53,5254.75,18,5255.0,08:00:58.435216594
53,5254.75,18,5255.0,08:00:58.435901527
53,5254.75,18,5255.0,08:00:58.440718447
53,5254.75,18,5255.0,08:00:58.445263540
53,5254.75,18,5255.0,08:00:58.445289352
53,5254.75,18,5255.0,08:00:58.445314379
53,5254.75,16,5255.0,08:00:58.449734187
53,5254.75,16,5255.0,08:00:58.453184631
53,5254.75,12,5255.0,08:00:58.486266288
53,5254.75,11,5255.0,08:00:58.524081205
53,5254.75,11,5255.0,08:00:58.524582485
53,5254.75,12,5255.0,08:00:58.524710898
54,5254.75,12,5255.0,08:00:58.530625545
54,5254.75,12,5255.0,08:00:58.531935063
54,5254.75,12,5255.0,08:00:58.917416263
54,5254.75,12,5255.0,08:00:58.917551584
54,5254.75,12,5255.0,08:00:58.917557513
54,5254.75,16,5255.0,08:00:59.332002185
54,5254.75,16,5255.0,08:00:59.332160937
54,5254.75,15,5255.0,08:00:59.405185836
54,5254.75,16,5255.0,08:00:59.406130895
51,5254.75,16,5255.0,08:00:59.609678313
51,5254.75,19,5255.0,08:00:59.609780324
51,5254.75,20,5255.0,08:00:59.609789748
51,5254.75,21,5255.0,08:00:59.609797448
51,5254.75,22,5255.0,08:00:59.609881709
51,5254.75,23,5255.0,08:00:59.609909060
51,5254.75,22,5255.0,08:00:59.609933098
51,5254.75,23,5255.0,08:00:59.610018102
51,5254.75,24,5255.0,08:00:59.610023462
51,5254.75,24,5255.0,08:00:59.610037990
51,5254.75,30,5255.0,08:00:59.610638687
51,5254.75,31,5255.0,08:00:59.610765642
51,5254.75,31,5255.0,08:00:59.611048103
51,5254.75,31,5255.0,08:00:59.611054753
51,5254.75,31,5255.0,08:00:59.611390734
50,5254.75,31,5255.0,08:00:59.671526020
50,5254.75,39,5255.0,08:00:59.671755247
50,5254.75,40,5255.0,08:00:59.671849689
50,5254.75,40,5255.0,08:00:59.671859481
50,5254.75,40,5255.0,08:00:59.671969722
50,5254.75,40,5255.0,08:00:59.671969722
50,5254.75,40,5255.0,08:00:59.805029620
49,5254.75,40,5255.0,08:00:59.864806319
49,5254.75,40,5255.0,08:00:59.864806319
48,5254.75,40,5255.0,08:01:00.061138746
47,5254.75,40,5255.0,08:01:00.061517531
47,5254.75,41,5255.0,08:01:00.094488876
47,5254.75,41,5255.0,08:01:00.094488876
47,5254.75,41,5255.0,08:01:00.100310253
47,5254.75,41,5255.0,08:01:00.162768630
47,5254.75,41,5255.0,08:01:00.162768630
47,5254.75,41,5255.0,08:01:00.165987866
47,5254.75,41,5255.0,08:01:00.165987866
46,5254.75,41,5255.0,08:01:00.346598395
46,5254.75,42,5255.0,08:01:00.346711105
46,5254.75,42,5255.0,08:01:00.385933904
46,5254.75,42,5255.0,08:01:00.440762547
46,5254.75,42,5255.0,08:01:00.690714978
42,5254.75,42,5255.0,08:01:01.282662357
41,5254.75,42,5255.0,08:01:01.282669247
41,5254.75,43,5255.0,08:01:01.282760708
41,5254.75,43,5255.0,08:01:01.282810028
41,5254.75,42,5255.0,08:01:01.352347491
41,5254.75,42,5255.0,08:01:01.455281071
41,5254.75,42,5255.0,08:01:01.455281071
41,5254.75,43,5255.0,08:01:01.550787772
39,5254.75,43,5255.0,08:01:01.550794355
39,5254.75,43,5255.0,08:01:01.550801104
39,5254.75,43,5255.0,08:01:01.550801104
38,5254.75,43,5255.0,08:01:01.550949823
38,5254.75,43,5255.0,08:01:01.568595144
38,5254.75,43,5255.0,08:01:01.568595144
38,5254.75,43,5255.0,08:01:01.690725212
38,5254.75,42,5255.0,08:01:01.813709999
38,5254.75,42,5255.0,08:01:01.813855698
38,5254.75,42,5255.0,08:01:01.814456511
38,5254.75,42,5255.0,08:01:01.814456511
38,5254.75,42,5255.0,08:01:01.814688976
38,5254.75,42,5255.0,08:01:01.814688976
38,5254.75,42,5255.0,08:01:01.815860772
38,5254.75,42,5255.0,08:01:01.815860772
38,5254.75,43,5255.0,08:01:02.090466258
38,5254.75,43,5255.0,08:01:02.269139005
39,5254.75,43,5255.0,08:01:02.286158889
39,5254.75,42,5255.0,08:01:02.286257601
39,5254.75,43,5255.0,08:01:02.842896042
38,5254.75,43,5255.0,08:01:03.076378543
38,5254.75,43,5255.0,08:01:03.076587098
38,5254.75,43,5255.0,08:01:03.108467752
38,5254.75,43,5255.0,08:01:03.108467752
38,5254.75,44,5255.0,08:01:03.136257600
37,5254.75,44,5255.0,08:01:03.136385110
37,5254.75,44,5255.0,08:01:03.795059982
37,5254.75,44,5255.0,08:01:03.795059982
37,5254.75,44,5255.0,08:01:03.870134730
37,5254.75,44,5255.0,08:01:03.870134730
37,5254.75,44,5255.0,08:01:04.074237450
37,5254.75,44,5255.0,08:01:04.074355226
38,5254.75,44,5255.0,08:01:04.090562212
37,5254.75,44,5255.0,08:01:04.091121711
37,5254.75,44,5255.0,08:01:04.146463238
37,5254.75,44,5255.0,08:01:04.146463238
37,5254.75,44,5255.0,08:01:04.262910731
37,5254.75,44,5255.0,08:01:04.262910731
37,5254.75,44,5255.0,08:01:04.739634566
37,5254.75,44,5255.0,08:01:04.739634566
38,5254.75,44,5255.0,08:01:05.290971654
38,5254.75,43,5255.0,08:01:05.291062562
38,5254.75,43,5255.0,08:01:05.291354484
38,5254.75,43,5255.0,08:01:05.435079907
38,5254.75,43,5255.0,08:01:05.435079907
37,5254.75,43,5255.0,08:01:05.857260126
37,5254.75,44,5255.0,08:01:05.857670855
36,5254.75,44,5255.0,08:01:05.857896917
36,5254.75,45,5255.0,08:01:05.857997984
36,5254.75,45,5255.0,08:01:06.171943472
36,5254.75,45,5255.0,08:01:06.172052142
28,5254.75,45,5255.0,08:01:06.320707228
26,5254.75,45,5255.0,08:01:06.320715586
25,5254.75,45,5255.0,08:01:06.320811543
25,5254.75,45,5255.0,08:01:06.320821086
25,5254.75,45,5255.0,08:01:06.320837387
22,5254.75,45,5255.0,08:01:06.321799045
21,5254.75,45,5255.0,08:01:06.321807346
21,5254.75,45,5255.0,08:01:06.321821749
20,5254.75,45,5255.0,08:01:06.321920727
20,5254.75,45,5255.0,08:01:06.321968895
20,5254.75,45,5255.0,08:01:06.322699265
20,5254.75,45,5255.0,08:01:06.373806879
20,5254.75,44,5255.0,08:01:06.405721308
21,5254.75,44,5255.0,08:01:06.569856879
25,5254.75,44,5255.0,08:01:06.569971857
28,5254.75,44,5255.0,08:01:06.570068124
29,5254.75,44,5255.0,08:01:06.570076278
29,5254.75,43,5255.0,08:01:06.570155672
29,5254.75,43,5255.0,08:01:06.821368433
29,5254.75,42,5255.0,08:01:06.858279428
29,5254.75,42,5255.0,08:01:07.044961006
30,5254.75,42,5255.0,08:01:07.194885847
30,5254.75,42,5255.0,08:01:07.195262741
30,5254.75,42,5255.0,08:01:07.345423290
30,5254.75,42,5255.0,08:01:07.345423290
30,5254.75,43,5255.0,08:01:07.387186245
27,5254.75,43,5255.0,08:01:07.387813080
26,5254.75,43,5255.0,08:01:07.387822002
25,5254.75,43,5255.0,08:01:07.387935195
26,5254.75,43,5255.0,08:01:07.543072514
26,5254.75,43,5255.0,08:01:07.608232365
26,5254.75,45,5255.0,08:01:07.858870815
26,5254.75,44,5255.0,08:01:08.518304697
27,5254.75,44,5255.0,08:01:08.518360269
28,5254.75,44,5255.0,08:01:08.518395281
23,5254.75,44,5255.0,08:01:08.518806224
23,5254.75,44,5255.0,08:01:08.518806224
21,5254.75,44,5255.0,08:01:08.518817015
21,5254.75,44,5255.0,08:01:08.518817015
20,5254.75,44,5255.0,08:01:08.518823687
20,5254.75,44,5255.0,08:01:08.518823687
19,5254.75,44,5255.0,08:01:08.518901151
21,5254.75,44,5255.0,08:01:08.518933630
20,5254.75,44,5255.0,08:01:08.518999182
23,5254.75,44,5255.0,08:01:08.519027403
23,5254.75,45,5255.0,08:01:08.522325706
23,5254.75,44,5255.0,08:01:08.652771598
24,5254.75,44,5255.0,08:01:08.652842412
23,5254.75,44,5255.0,08:01:08.878785811
20,5254.75,44,5255.0,08:01:09.755251795
18,5254.75,44,5255.0,08:01:09.755257862
18,5254.75,44,5255.0,08:01:11.262524775
18,5254.75,44,5255.0,08:01:11.263302656
18,5254.75,44,5255.0,08:01:11.263302656
18,5254.75,44,5255.0,08:01:11.263576064
18,5254.75,44,5255.0,08:01:11.263576064
19,5254.75,44,5255.0,08:01:11.263709096
22,5254.75,44,5255.0,08:01:11.263805389
24,5254.75,44,5255.0,08:01:11.263930614
24,5254.75,44,5255.0,08:01:12.161208516
21,5254.75,44,5255.0,08:01:12.964014764
20,5254.75,44,5255.0,08:01:12.964025308
18,5254.75,44,5255.0,08:01:12.964035462
18,5254.75,44,5255.0,08:01:12.965138473
18,5254.75,44,5255.0,08:01:13.273920982
18,5254.75,44,5255.0,08:01:13.273920982
18,5254.75,45,5255.0,08:01:13.289433177
17,5254.75,45,5255.0,08:01:13.289554293
16,5254.75,45,5255.0,08:01:14.005723495
15,5254.75,45,5255.0,08:01:14.005729809
11,5254.75,45,5255.0,08:01:14.005734961
9,5254.75,45,5255.0,08:01:14.005831635
9,5254.75,45,5255.0,08:01:14.005858426
8,5254.75,45,5255.0,08:01:14.005871184
8,5254.75,46,5255.0,08:01:14.005880385
7,5254.75,46,5255.0,08:01:14.005898366
54,5254.5,46,5255.0,08:01:14.006179050
54,5254.5,46,5255.0,08:01:14.006179050
54,5254.5,46,5255.0,08:01:14.006179050
54,5254.5,47,5255.0,08:01:14.006179050
51,5254.5,47,5255.0,08:01:14.006179050
51,5254.5,47,5255.0,08:01:14.006179050
4,5254.75,47,5255.0,08:01:14.006179050
3,5254.75,47,5255.0,08:01:14.006954906
3,5254.75,47,5255.0,08:01:14.006954906
3,5254.75,47,5255.0,08:01:14.006954906
2,5254.75,47,5255.0,08:01:14.006954906
2,5254.75,47,5255.0,08:01:14.006954906
1,5254.75,47,5255.0,08:01:14.006954906
51,5254.5,47,5255.0,08:01:14.006954906
51,5254.5,47,5255.0,08:01:14.006954906
51,5254.5,48,5255.0,08:01:14.006954906
50,5254.5,48,5255.0,08:01:14.006965367
50,5254.5,48,5255.0,08:01:14.006965367
50,5254.5,48,5255.0,08:01:14.006965367
51,5254.5,48,5255.0,08:01:14.006965367
51,5254.5,48,5255.0,08:01:14.006965367
51,5254.5,49,5255.0,08:01:14.006988084
51,5254.5,49,5255.0,08:01:14.006988084
46,5254.5,49,5255.0,08:01:14.006988084
46,5254.5,49,5255.0,08:01:14.006988084
44,5254.5,49,5255.0,08:01:14.006988084
44,5254.5,49,5255.0,08:01:14.006988084
43,5254.5,49,5255.0,08:01:14.006991265
43,5254.5,49,5255.0,08:01:14.006991265
43,5254.5,1,5254.75,08:01:14.007017502
43,5254.5,1,5254.75,08:01:14.007017502
43,5254.5,1,5254.75,08:01:14.007159302
42,5254.5,1,5254.75,08:01:14.007168256
42,5254.5,1,5254.75,08:01:14.007168256
41,5254.5,1,5254.75,08:01:14.007176129
41,5254.5,1,5254.75,08:01:14.007197877
41,5254.5,1,5254.75,08:01:14.007208626
41,5254.5,2,5254.75,08:01:14.007275539
41,5254.5,2,5254.75,08:01:14.007297655
41,5254.5,2,5254.75,08:01:14.007297655
41,5254.5,2,5254.75,08:01:14.007344881
41,5254.5,1,5254.75,08:01:14.007473591
41,5254.5,1,5254.75,08:01:14.007473591
41,5254.5,1,5254.75,08:01:14.007473591
41,5254.5,1,5254.75,08:01:14.007485988
41,5254.5,50,5255.0,08:01:14.007680635
41,5254.5,50,5255.0,08:01:14.007680635
1,5254.75,50,5255.0,08:01:14.007680635
2,5254.75,50,5255.0,08:01:14.007688568
2,5254.75,49,5255.0,08:01:14.007688568
2,5254.75,49,5255.0,08:01:14.007688568
3,5254.75,49,5255.0,08:01:14.007745210
4,5254.75,49,5255.0,08:01:14.007768602
5,5254.75,49,5255.0,08:01:14.007807240
6,5254.75,49,5255.0,08:01:14.007903750
6,5254.75,49,5255.0,08:01:14.008058896
6,5254.75,49,5255.0,08:01:14.008064070
6,5254.75,49,5255.0,08:01:14.008748177
6,5254.75,49,5255.0,08:01:14.013634925
6,5254.75,49,5255.0,08:01:14.013767914
6,5254.75,48,5255.0,08:01:14.018433122
6,5254.75,48,5255.0,08:01:14.018433122
10,5254.75,48,5255.0,08:01:14.018646972
11,5254.75,48,5255.0,08:01:14.018752619
12,5254.75,48,5255.0,08:01:14.081262305
12,5254.75,48,5255.0,08:01:14.081602292
12,5254.75,47,5255.0,08:01:14.081710125
12,5254.75,47,5255.0,08:01:14.106813791
12,5254.75,47,5255.0,08:01:14.106933575
12,5254.75,45,5255.0,08:01:14.256816681
13,5254.75,45,5255.0,08:01:14.256890769
16,5254.75,45,5255.0,08:01:14.256914622
18,5254.75,45,5255.0,08:01:14.256937567
19,5254.75,45,5255.0,08:01:14.256956860
19,5254.75,47,5255.0,08:01:14.256996218
21,5254.75,47,5255.0,08:01:14.257008816
21,5254.75,46,5255.0,08:01:14.257072302
21,5254.75,46,5255.0,08:01:14.257228133
21,5254.75,46,5255.0,08:01:14.257228133
21,5254.75,46,5255.0,08:01:14.257247836
21,5254.75,46,5255.0,08:01:14.257247836
21,5254.75,46,5255.0,08:01:14.257267814
21,5254.75,46,5255.0,08:01:14.257267814
21,5254.75,46,5255.0,08:01:15.786029491
19,5254.75,46,5255.0,08:01:15.793173092
16,5254.75,46,5255.0,08:01:15.793278463
15,5254.75,46,5255.0,08:01:15.793475795
17,5254.75,46,5255.0,08:01:15.795188393
20,5254.75,46,5255.0,08:01:15.795277022
21,5254.75,46,5255.0,08:01:15.795380189
21,5254.75,46,5255.0,08:01:15.804732947
20,5254.75,46,5255.0,08:01:15.805866759
20,5254.75,46,5255.0,08:01:16.035941522
18,5254.75,46,5255.0,08:01:16.403788088
15,5254.75,46,5255.0,08:01:16.403900367
15,5254.75,47,5255.0,08:01:16.404129140
15,5254.75,47,5255.0,08:01:16.404129140
15,5254.75,47,5255.0,08:01:16.404280509
15,5254.75,48,5255.0,08:01:16.404329233
14,5254.75,48,5255.0,08:01:16.404427843
14,5254.75,48,5255.0,08:01:17.044092541
14,5254.75,48,5255.0,08:01:17.044092541
14,5254.75,48,5255.0,08:01:17.044567716
14,5254.75,48,5255.0,08:01:17.044567716
14,5254.75,48,5255.0,08:01:17.044755998
14,5254.75,48,5255.0,08:01:17.044755998
15,5254.75,48,5255.0,08:01:17.641610932
17,5254.75,48,5255.0,08:01:17.641619902
20,5254.75,48,5255.0,08:01:17.641664335
21,5254.75,48,5255.0,08:01:17.641669682
22,5254.75,48,5255.0,08:01:17.641741357
30,5254.75,48,5255.0,08:01:17.641747546
30,5254.75,48,5255.0,08:01:17.641753434
31,5254.75,48,5255.0,08:01:17.641764877
31,5254.75,47,5255.0,08:01:17.641771002
31,5254.75,39,5255.0,08:01:17.641775934
31,5254.75,38,5255.0,08:01:17.641799557
31,5254.75,38,5255.0,08:01:17.641799557
31,5254.75,38,5255.0,08:01:17.641805099
31,5254.75,38,5255.0,08:01:17.641805099
32,5254.75,38,5255.0,08:01:17.641818939
32,5254.75,38,5255.0,08:01:17.641826620
32,5254.75,38,5255.0,08:01:17.641826620
32,5254.75,38,5255.0,08:01:17.641832060
32,5254.75,38,5255.0,08:01:17.641832060
32,5254.75,37,5255.0,08:01:17.641844569
32,5254.75,36,5255.0,08:01:17.641849730
34,5254.75,36,5255.0,08:01:17.641868448
34,5254.75,36,5255.0,08:01:17.641868448
34,5254.75,36,5255.0,08:01:17.641879875
34,5254.75,36,5255.0,08:01:17.641879875
34,5254.75,36,5255.0,08:01:17.641886279
