price,volume,timestamp
5254.5,7,08:00:00.042424433
5254.5,1,08:00:00.042737297
5254.5,1,08:00:00.042816505
5254.5,4,08:00:00.042816505
5254.5,1,08:00:00.042865782
5254.5,2,08:00:00.043014157
5254.5,1,08:00:00.078416139
5254.5,1,08:00:00.078769727
5254.5,2,08:00:00.099873222
5254.5,5,08:00:00.100498476
5254.5,4,08:00:00.100737581
5254.5,7,08:00:00.201928078
5254.5,5,08:00:00.202268990
5254.5,1,08:00:00.202480083
5254.5,15,08:00:00.803961338
5254.5,1,08:00:00.804139102
5254.5,1,08:00:00.804186324
5254.5,1,08:00:00.804302775
5254.5,5,08:00:00.998070153
5254.5,2,08:00:00.998295006
5254.5,1,08:00:00.998338367
5254.5,1,08:00:00.998380460
5254.75,1,08:00:04.205415741
5254.75,2,08:00:05.158892674
5254.75,4,08:00:07.054074886
5254.75,2,08:00:07.054212370
5254.75,1,08:00:07.054277760
5254.75,8,08:00:07.054455441
5254.75,1,08:00:07.054837097
5254.75,2,08:00:07.055014794
5254.75,1,08:00:07.055055255
5254.75,1,08:00:07.055235262
5254.75,1,08:00:07.055276543
5255.0,16,08:00:09.588380164
5255.0,3,08:00:09.588618341
5255.0,1,08:00:09.588686596
5255.0,1,08:00:09.589208751
5255.0,2,08:00:09.610000182
5254.75,1,08:00:15.867533320
5255.0,4,08:00:16.368786577
5255.0,1,08:00:17.527293922
5255.25,1,08:00:18.984485446
5255.25,1,08:00:20.654313839
5255.25,2,08:00:22.082944664
5255.0,1,08:00:24.636558517
5255.0,12,08:00:24.636894774
5255.0,1,08:00:24.637038163
5255.0,1,08:00:24.637082778
5255.0,3,08:00:24.926912889
5255.0,1,08:00:25.164974278
5255.0,1,08:00:29.907842247
5255.25,7,08:00:30.624198586
5255.25,1,08:00:33.219497151
5255.25,1,08:00:33.223330803
5255.25,1,08:00:33.226780613
5255.25,1,08:00:33.226981507
5255.25,2,08:00:33.227155811
5255.25,1,08:00:33.227193255
5255.25,20,08:00:33.227457052
5255.5,8,08:00:33.283582069
5255.5,1,08:00:33.283596085
5255.25,12,08:00:33.403983398
5255.5,1,08:00:33.485916364
5255.5,1,08:00:34.357638441
5255.5,10,08:00:35.171861960
5255.5,1,08:00:35.172143566
5255.5,2,08:00:35.172229532
5255.5,1,08:00:35.172229532
5255.5,1,08:00:35.172272759
5255.5,45,08:00:35.172470820
5255.5,7,08:00:35.173425732
5255.5,8,08:00:35.173557854
5255.5,1,08:00:35.173703476
5255.5,2,08:00:35.173852170
5255.5,1,08:00:35.173932626
5255.5,1,08:00:35.173991536
5255.5,1,08:00:35.174062526
5255.5,1,08:00:35.174091093
5255.5,1,08:00:35.174267592
5255.5,5,08:00:35.176362768
5255.25,1,08:00:37.185019605
5255.25,1,08:00:37.239549459
5255.25,1,08:00:37.561426171
5255.25,1,08:00:37.641499385
5255.25,1,08:00:38.086049189
5255.25,1,08:00:38.138067190
5255.25,1,08:00:38.743733772
5255.5,1,08:00:39.028533310
5255.5,2,08:00:40.059376049
5255.5,1,08:00:43.147124412
5255.25,2,08:00:43.986865838
5255.25,3,08:00:44.157630577
5255.5,2,08:00:45.713929206
5255.5,2,08:00:45.790608514
5255.5,2,08:00:48.225474957
5255.25,2,08:00:48.271725698
5255.5,10,08:00:50.440988725
5255.25,3,08:00:51.676744647
5255.25,7,08:00:51.677016543
5255.25,1,08:00:51.677152367
5255.25,1,08:00:51.677236087
5255.25,1,08:00:51.677273515
5255.25,2,08:00:51.677307643
5255.25,2,08:00:51.677338550
5255.25,2,08:00:51.677390906
5255.25,7,08:00:51.677471673
5255.0,3,08:00:54.094636605
5255.25,10,08:00:57.427600717
5255.25,10,08:00:58.306360744
5255.0,1,08:00:58.365531671
5255.0,1,08:00:58.365742744
5255.0,1,08:00:58.365776856
5255.0,1,08:00:58.365820672
5255.0,1,08:00:58.365910110
5255.0,1,08:00:58.524073717
5254.75,3,08:00:59.609671910
5255.0,1,08:01:08.518291126
5255.0,1,08:01:08.652765022
5254.75,7,08:01:14.006160692
5254.75,1,08:01:14.006806007
5254.75,1,08:01:14.006954906
5254.75,1,08:01:14.007463192
5254.75,1,08:01:14.007670530
5255.0,2,08:01:14.256809936
5255.0,1,08:01:18.581714408
5255.0,1,08:01:18.611189209
5255.0,1,08:01:19.489660041
5255.0,1,08:01:20.460014438
5255.0,1,08:01:20.908101040
5255.0,1,08:01:22.200712519
5254.75,8,08:01:22.788327438
5254.75,6,08:01:22.803048948
5254.75,2,08:01:22.804036677
5254.75,2,08:01:22.804282001
5255.0,1,08:01:23.256533525
5255.0,1,08:01:28.521726131
5255.0,4,08:01:35.253162211
5255.0,1,08:01:35.253222910
5255.0,2,08:01:35.253307222
5255.0,1,08:01:35.253307222
5255.0,4,08:01:35.253434674
5255.0,2,08:01:35.253491015
5255.0,1,08:01:35.253603017
5255.0,1,08:01:35.253733257
5255.0,2,08:01:35.253733257
5255.0,1,08:01:35.253769187
5255.0,1,08:01:35.253962548
5255.0,1,08:01:35.254098816
5255.0,1,08:01:35.254163447
5255.0,1,08:01:38.515187854
5255.0,1,08:01:38.621569136
5255.0,1,08:01:39.192314621
5255.0,1,08:01:39.580691796
5254.75,1,08:01:41.169149168
5254.75,1,08:01:41.169230808
5254.75,2,08:01:41.169230808
5254.75,2,08:01:41.169330621
5254.75,1,08:01:41.169357168
5254.75,1,08:01:41.169431870
5254.75,2,08:01:41.169431870
5254.75,2,08:01:41.169471172
5254.75,1,08:01:41.780105014
5254.75,4,08:01:43.590980449
5254.75,6,08:01:43.591442296
5254.75,12,08:01:44.433858057
5254.75,2,08:01:46.110724868
5254.75,1,08:01:47.591116461
5254.75,1,08:01:58.995011328
5254.75,6,08:01:58.995283081
5254.75,1,08:01:58.995363243
5254.75,1,08:01:58.995406031
5254.75,2,08:01:58.995821386
5254.75,8,08:01:58.996014533
5254.75,2,08:01:58.996326062
5254.75,2,08:01:58.996476926
5255.0,1,08:02:04.487944492
5255.0,2,08:02:04.488008249
5255.0,1,08:02:04.488008249
5255.0,1,08:02:04.488104395
5255.0,4,08:02:04.488173783
5255.0,1,08:02:04.488214795
5255.0,3,08:02:04.488274546
5255.0,1,08:02:04.488465590
5255.0,4,08:02:04.547356098
5255.0,1,08:02:04.547383068
5255.0,2,08:02:04.547543413
5255.0,1,08:02:04.617105272
5255.0,1,08:02:04.617127906
5255.0,2,08:02:11.013163366
5255.0,1,08:02:12.301668874
5255.0,3,08:02:14.536844907
5255.0,1,08:02:14.537252353
5255.0,1,08:02:14.537311493
5255.0,1,08:02:14.538427263
5255.0,1,08:02:14.538677041
5255.0,3,08:02:14.538783366
5255.0,1,08:02:14.538783366
5255.0,1,08:02:15.438639046
5255.0,1,08:02:15.438836221
5255.0,1,08:02:15.439181745
5254.75,1,08:02:38.153051578
5254.75,4,08:02:38.153212180
5254.75,4,08:02:38.153477157
5254.75,1,08:02:38.153562917
5254.75,4,08:02:38.153813174
5254.75,1,08:02:38.153881688
5254.75,4,08:02:41.620974514
5254.75,3,08:02:44.081715083
5254.75,2,08:02:44.082742071
5254.75,1,08:02:44.082938989
5254.75,4,08:02:44.082978200
5254.75,1,08:02:44.083112680
5254.75,1,08:02:48.114836974
5254.75,2,08:02:51.250452716
5254.75,1,08:02:51.250811248
5254.75,1,08:02:51.250888596
5254.75,1,08:02:51.250978143
5254.5,1,08:03:04.065423543
5254.5,14,08:03:05.799069235
5254.25,2,08:03:06.685160385
5254.5,28,08:03:07.836609756
5254.5,1,08:03:07.836685482
5254.5,2,08:03:07.836753730
5254.5,1,08:03:07.837577430
5254.5,4,08:03:07.837756387
5254.5,1,08:03:07.837756387
5254.5,1,08:03:07.837970554
5254.5,6,08:03:07.838424141
5254.25,2,08:03:09.584898586
5254.25,2,08:03:11.092908995
5254.5,4,08:03:16.075672742
5254.5,1,08:03:16.075865953
5254.5,3,08:03:16.075929471
5254.5,2,08:03:16.075995875
5254.75,2,08:03:21.483158977
5254.5,11,08:03:25.695196149
5254.5,5,08:03:26.435343155
5254.5,1,08:03:26.957829362
5254.5,8,08:03:27.883893884
5254.5,3,08:03:29.802667226
5254.5,29,08:03:32.077311579
5254.5,1,08:03:33.438268155
5254.5,1,08:03:33.959334386
5254.5,1,08:03:35.151428811
5254.5,1,08:03:35.151450988
5254.5,3,08:03:35.151671897
5254.5,1,08:03:40.081453028
5254.5,1,08:03:40.081488376
5254.5,1,08:03:40.081522863
5254.5,3,08:03:40.081595956
5254.5,1,08:03:42.317464128
5254.5,2,08:03:48.043958402
5254.25,1,08:03:50.839883740
5254.25,15,08:03:55.151927588
5254.5,4,08:03:55.571256696
5254.25,1,08:03:55.937822094
5254.5,6,08:03:59.267344942
5254.5,2,08:04:03.096794931
5254.5,1,08:04:08.443694755
5254.5,16,08:04:21.705909390
5254.5,1,08:04:21.707432131
5254.5,1,08:04:21.710112179
5254.5,5,08:04:21.809854443
5254.75,11,08:04:31.092231196
5254.75,1,08:04:31.092400009
5254.75,2,08:04:31.092463398
5254.75,1,08:04:31.092528680
5254.75,1,08:04:31.092568716
5254.75,4,08:04:31.092887029
5254.75,1,08:04:31.433194975
5254.75,5,08:04:31.433435033
5254.75,2,08:04:31.445307872
5254.75,1,08:04:31.873836157
5254.75,4,08:04:33.006167644
5254.75,7,08:04:33.006470546
5254.75,1,08:04:33.006508703
5254.75,1,08:04:33.006818998
5254.75,2,08:04:35.575528694
5254.75,1,08:04:35.575710842
5254.75,1,08:04:35.575744165
5254.75,1,08:04:35.576205284
5254.75,4,08:04:35.576267960
5254.75,1,08:04:35.576447929
5254.75,1,08:04:35.576659536
5254.75,2,08:04:35.576877506
5254.75,3,08:04:36.659584202
5254.75,1,08:04:38.268443960
5254.75,1,08:04:38.848056770
5254.75,2,08:04:39.688996484
5254.75,1,08:04:45.314518336
5254.75,2,08:04:45.318625651
5254.5,1,08:04:55.102160251
5254.5,3,08:05:00.024716689
5254.5,13,08:05:00.024951924
5254.5,1,08:05:00.025004299
5254.5,1,08:05:00.035450682
5254.5,17,08:05:00.090300080
5254.5,1,08:05:00.090391143
5254.5,4,08:05:00.090804419
5254.5,5,08:05:00.139739738
5254.75,1,08:05:02.959380306
5254.75,11,08:05:02.959481163
5254.75,1,08:05:02.959617399
5254.75,2,08:05:02.960332537
5254.75,2,08:05:02.960943957
5254.75,1,08:05:02.961008025
5254.75,1,08:05:02.961076148
5254.75,1,08:05:02.961268527
5254.75,4,08:05:02.968838964
5254.75,2,08:05:04.669992973
5254.75,1,08:05:04.670017296
5254.75,6,08:05:05.986688400
5254.75,1,08:05:05.986851255
5254.75,1,08:05:06.002981384
5254.75,6,08:05:07.015010811
5254.75,2,08:05:13.060919556
5254.75,1,08:05:13.246837619
5254.75,2,08:05:13.247162384
5254.75,2,08:05:13.247375178
5254.75,1,08:05:13.247591544
5254.75,3,08:05:14.933023913
5254.75,8,08:05:17.615059202
5254.75,9,08:05:28.333352576
5254.75,1,08:05:28.333378084
5254.75,5,08:05:28.333525530
5254.75,4,08:05:28.333568807
5254.75,1,08:05:28.333608120
5254.75,1,08:05:28.333652400
5254.75,1,08:05:28.333743071
5254.75,2,08:05:28.333743071
5254.75,5,08:05:28.336386545
5254.75,1,08:05:28.336616133
5254.75,1,08:05:28.337216386
5254.75,1,08:05:28.337422559
5254.75,6,08:05:28.343279910
5254.75,1,08:05:28.359495721
5254.5,2,08:05:30.503631405
5254.5,1,08:05:31.698792925
5254.5,6,08:05:40.354778354
5254.5,20,08:05:55.127636991
5254.75,2,08:05:59.054102573
5254.75,6,08:05:59.908244987
5254.75,1,08:05:59.984383534
5254.75,1,08:05:59.984426015
5254.75,8,08:05:59.985656832
5254.75,1,08:05:59.985748777
5254.75,2,08:05:59.985925155
5254.75,1,08:05:59.986097677
5254.75,1,08:05:59.986177525
5254.75,1,08:05:59.986604897
5254.75,5,08:06:01.169834992
5254.75,3,08:06:01.170364558
5254.75,10,08:06:01.170673937
5254.75,1,08:06:03.085050837
5254.75,1,08:06:03.333848805
5254.75,1,08:06:09.858944108
5254.5,4,08:06:18.293286544
5254.5,2,08:06:18.293335044
5254.5,3,08:06:18.293452381
5254.5,9,08:06:18.293588842
5254.5,1,08:06:18.293644010
5254.5,16,08:06:18.293764032
5254.5,22,08:06:18.293874165
5254.5,2,08:06:18.294067206
5254.5,11,08:06:18.294429287
5254.5,2,08:06:18.294543082
5254.5,1,08:06:18.294764747
5254.5,1,08:06:18.294911771
5254.5,2,08:06:18.295272165
5254.5,1,08:06:18.295775609
5254.5,1,08:06:18.295964211
5254.25,1,08:06:19.467943734
5254.25,1,08:06:19.470832128
5254.25,7,08:06:19.471125232
5254.25,1,08:06:19.471289273
5254.25,4,08:06:25.636290932
5254.25,2,08:06:25.636972523
5254.25,1,08:06:25.637012277
5254.25,1,08:06:25.637142389
5254.25,2,08:06:25.637142389
5254.25,6,08:06:25.638185869
5254.25,5,08:06:27.166428387
5254.25,1,08:06:45.009646174
5254.5,1,08:06:48.359063680
5254.25,4,08:06:50.641997138
5254.25,1,08:06:50.642171760
5254.25,1,08:06:50.642256824
5254.25,9,08:06:50.642756178
5254.25,1,08:06:50.643239496
5254.25,1,08:06:50.912573746
5254.25,2,08:06:50.912720479
5254.25,2,08:06:50.912953811
5254.25,1,08:06:50.913270199
5254.25,1,08:06:50.913304189
5254.25,5,08:06:51.166768590
5254.5,8,08:06:55.022115137
5254.5,2,08:06:55.022508458
5254.5,8,08:06:55.022768360
5254.5,5,08:06:55.023373352
5254.5,2,08:06:55.023480062
5254.5,1,08:06:58.326733823
5254.5,6,08:07:02.383823922
5254.5,2,08:07:02.385604512
5254.5,4,08:07:02.386789575
5254.75,2,08:07:08.305029716
5254.5,1,08:07:10.983112043
5254.5,1,08:07:13.085474436
5254.0,114,08:07:13.114466540
5254.5,15,08:07:13.114466540
5254.25,56,08:07:13.114466540
5253.75,1,08:07:13.115067003
5253.75,2,08:07:13.115091708
5254.0,15,08:07:13.115447513
5254.0,2,08:07:13.116020193
5254.0,1,08:07:13.116762545
5254.0,1,08:07:13.116942685
5254.0,7,08:07:13.117280469
5254.0,3,08:07:13.117280469
5254.0,8,08:07:13.117486853
5254.0,1,08:07:13.117486853
5254.0,5,08:07:13.117538637
5254.0,1,08:07:13.117697370
5254.0,1,08:07:13.117817551
5253.75,1,08:07:13.140168677
5254.0,1,08:07:13.164311713
5254.0,1,08:07:13.165741239
5254.0,6,08:07:13.167578012
5253.75,2,08:07:13.167637514
5253.75,1,08:07:13.167665566
5254.0,25,08:07:13.167957431
5254.0,1,08:07:13.168056818
5254.0,3,08:07:13.168694924
5254.0,3,08:07:13.168853862
5254.0,1,08:07:13.168922020
5254.0,1,08:07:13.169063670
5254.0,1,08:07:13.169099728
5254.0,1,08:07:13.169191040
5254.0,3,08:07:13.177121174
5254.0,4,08:07:13.395454696
5254.0,3,08:07:13.395658886
5254.0,2,08:07:13.395705078
5254.0,2,08:07:13.395741892
5254.0,1,08:07:13.395911077
5254.0,1,08:07:13.395955804
5254.25,4,08:07:13.432505260
5254.0,7,08:07:16.426997421
5254.0,1,08:07:16.427174008
5254.0,4,08:07:18.610766198
5254.0,1,08:07:25.407358347
5254.0,5,08:07:28.888219000
5254.0,1,08:07:28.888591062
5254.0,1,08:07:28.888787143
5254.0,5,08:07:28.889020926
5254.0,3,08:07:29.459358817
5253.75,1,08:07:31.613632777
5254.0,2,08:07:31.742606145
5254.0,1,08:07:31.742641003
5254.0,9,08:07:31.742822466
5254.0,1,08:07:31.743482569
5254.0,1,08:07:31.743519065
5254.0,1,08:07:31.743653103
5254.0,5,08:07:31.745181665
5254.0,2,08:07:31.768080136
5254.0,1,08:07:32.520072972
5254.0,1,08:07:32.521218243
5254.0,5,08:07:32.530630750
5254.0,2,08:07:42.436395071
5254.0,1,08:07:42.436433606
5254.0,1,08:07:42.436722243
5254.25,2,08:07:50.006895091
5254.0,1,08:07:56.611799797
5254.25,3,08:08:08.000781176
5254.0,2,08:08:08.001811559
5254.0,2,08:08:16.298450087
5254.0,1,08:08:16.298560427
5254.0,3,08:08:16.298560427
5254.0,1,08:08:16.298671429
5254.0,2,08:08:16.298671429
5254.0,2,08:08:16.298683835
5254.0,1,08:08:19.822719387
5254.0,6,08:08:19.826417007
5254.0,3,08:08:19.826453472
5254.0,1,08:08:19.826762605
5254.0,15,08:08:32.107671414
5254.0,5,08:08:40.590882377
5253.75,2,08:08:46.356594345
5253.75,10,08:08:46.356840922
5253.75,1,08:08:46.356881327
5253.75,4,08:08:46.356940463
5253.75,1,08:08:46.357027864
5253.75,24,08:08:46.357221068
5253.75,1,08:08:46.357983480
5253.5,3,08:08:46.408996230
5253.5,1,08:08:46.409010176
5253.5,2,08:08:46.409010176
5253.75,1,08:08:47.282222886
5253.75,8,08:08:47.282547248
5253.75,1,08:08:47.283259918
5253.75,1,08:08:49.202671584
5253.75,20,08:08:51.572753751
5253.5,5,08:08:51.572753751
5253.5,5,08:08:58.007365646
5253.75,10,08:08:58.706201582
5253.75,2,08:08:58.706510193
5253.75,1,08:08:58.706650058
5253.75,1,08:08:58.713225097
5253.75,2,08:08:58.767762481
5253.75,1,08:08:59.089765958
5254.0,1,08:09:00.945555326
5254.0,1,08:09:00.945564875
5253.75,1,08:09:01.070106544
5253.75,4,08:09:01.070360767
5253.75,8,08:09:01.070640085
5253.75,1,08:09:01.091786118
5253.75,1,08:09:01.513554560
5253.75,4,08:09:01.513761457
5253.75,1,08:09:01.597672019
5253.75,2,08:09:01.597744339
5253.75,2,08:09:01.597826079
5253.75,1,08:09:01.597826079
5253.75,1,08:09:01.597864028
5253.75,1,08:09:01.597899284
5253.75,1,08:09:01.598220830
5253.75,4,08:09:03.774394636
5253.75,1,08:09:03.774435082
5253.75,2,08:09:03.774471038
5253.75,2,08:09:03.774588753
5253.75,1,08:09:03.774695679
5253.75,6,08:09:05.324140683
5253.75,1,08:09:05.324310979
5253.75,1,08:09:06.555258805
5253.75,1,08:09:07.513639726
5253.75,1,08:09:12.618335859
5254.0,1,08:09:13.402800404
5254.0,1,08:09:17.000957252
5254.0,3,08:09:18.222226267
5254.0,3,08:09:18.649936036
5254.0,7,08:09:19.278322354
5254.0,1,08:09:19.286805879
5253.75,3,08:09:21.546774461
5253.75,1,08:09:21.546995595
5253.75,1,08:09:21.547036147
5253.75,1,08:09:21.547182242
5253.5,1,08:09:25.311778841
5253.75,1,08:09:25.543391566
5253.75,8,08:09:25.543707706
5253.75,1,08:09:25.543895768
5253.75,1,08:09:25.616732120
5253.75,1,08:09:25.928641930
5253.75,1,08:09:25.928819962
5253.75,1,08:09:29.209472980
5253.75,7,08:09:29.209767175
5253.75,1,08:09:29.210706954
5253.75,2,08:09:36.762453554
5253.5,1,08:09:37.193724195
5253.75,7,08:09:39.178691796
5254.0,2,08:09:40.203573938
5253.75,20,08:09:40.924392530
5253.75,6,08:09:40.927390286
5253.75,1,08:09:45.634857901
5253.75,1,08:09:45.635378983
5253.75,2,08:09:45.635428564
5253.75,1,08:09:52.206630866
5254.0,1,08:09:52.799365725
5254.0,1,08:09:56.869828395
5254.25,12,08:09:59.929676990
5254.0,18,08:09:59.929676990
5254.0,1,08:09:59.930116394
5254.0,6,08:09:59.930402634
5254.0,1,08:09:59.930469899
5254.0,2,08:09:59.930625035
5254.0,2,08:09:59.933614551
5254.0,2,08:09:59.933832258
5254.0,5,08:09:59.933899501
5254.0,2,08:09:59.938639744
5254.0,1,08:09:59.938825818
5254.0,1,08:09:59.967994121
5254.0,1,08:10:00.109040682
5254.0,2,08:10:00.109217082
5254.0,11,08:10:00.109577438
5254.0,1,08:10:00.109794400
5254.0,1,08:10:00.109839790
5254.0,2,08:10:00.110084815
5254.25,1,08:10:01.398022099
5254.25,1,08:10:01.569101392
5254.0,2,08:10:03.745629463
5254.25,2,08:10:03.773643775
5254.25,25,08:10:17.526645713
5254.25,1,08:10:17.527013247
5254.25,4,08:10:17.627850728
5254.25,1,08:10:17.628021500
5254.25,1,08:10:17.628094288
5254.25,1,08:10:17.628535027
5254.25,1,08:10:19.337438629
5254.25,1,08:10:19.337489619
5254.25,2,08:10:19.337489619
5254.25,1,08:10:19.337525242
5254.25,3,08:10:19.337583975
5254.25,2,08:10:19.339841033
5254.5,62,08:10:21.074184941
5254.5,2,08:10:21.828824600
5254.25,1,08:10:28.565552567
5254.25,1,08:10:35.419617735
5254.5,2,08:10:36.164149133
5254.5,1,08:10:36.186454121
5254.5,13,08:10:36.188924257
5254.5,2,08:10:36.189569521
5254.75,14,08:10:40.741169202
5254.75,1,08:10:40.741312505
5254.75,19,08:10:40.741559140
5255.0,11,08:10:45.235711749
5255.0,1,08:10:45.235725174
5255.0,3,08:10:45.482071533
5255.0,3,08:10:45.504761080
5254.75,1,08:10:48.497740133
5254.75,1,08:10:48.551715739
5254.75,1,08:10:49.136988088
5254.75,1,08:10:49.192980536
5255.0,1,08:10:50.746984472
5255.0,3,08:10:55.375168313
5254.75,1,08:10:55.538914903
5254.75,4,08:10:55.974101581
5254.75,1,08:10:56.265477419
5254.75,7,08:10:57.041257440
5254.75,1,08:10:57.041337886
5254.75,3,08:10:57.041337886
5254.75,1,08:10:57.041408419
5254.75,2,08:10:57.041408419
5254.75,1,08:10:57.041483931
5254.75,2,08:10:57.041483931
5254.75,1,08:10:57.042129314
5254.75,6,08:11:04.133579388
5254.75,1,08:11:04.133729330
5254.75,1,08:11:04.136469904
5254.75,1,08:11:04.136659495
5254.75,1,08:11:04.136710968
5254.75,1,08:11:04.136905775
5254.75,2,08:11:04.136967309
5254.75,1,08:11:04.137006126
5254.75,1,08:11:04.140794240
5254.75,1,08:11:09.777240946
5254.75,21,08:11:09.922174734
5254.75,7,08:11:09.922273438
5254.75,2,08:11:11.478196779
5254.75,25,08:11:13.699861047
5254.75,3,08:11:13.701207672
5254.75,1,08:11:13.701365407
5254.75,1,08:11:13.701596548
5254.75,1,08:11:13.701881967
5254.75,2,08:11:13.701932454
5254.75,1,08:11:13.702009340
5254.75,1,08:11:13.702946725
5254.75,1,08:11:13.705373789
5254.75,1,08:11:13.708726119
5254.75,1,08:11:18.707214463
5254.75,1,08:11:18.707252555
5254.75,3,08:11:18.707333637
5254.75,2,08:11:18.707403863
5254.5,2,08:11:18.778631263
5254.5,2,08:11:18.778699773
5254.5,2,08:11:18.778759287
5254.5,3,08:11:18.778862906
5254.5,2,08:11:18.778862906
5254.5,1,08:11:18.778961637
5254.5,4,08:11:18.779020195
5254.5,1,08:11:18.779069600
5254.5,2,08:11:18.779069600
5254.5,1,08:11:18.779102801
5254.5,10,08:11:18.779167875
5254.5,12,08:11:19.403311763
5254.5,6,08:11:20.550706051
5254.5,3,08:11:21.169570593
5254.5,1,08:11:21.169608565
5254.5,1,08:11:22.525331963
5254.5,5,08:11:25.346635362
5254.5,1,08:11:30.581346974
5254.75,1,08:11:34.936157714
5254.75,2,08:11:34.936195990
5254.75,1,08:11:34.936227350
5254.75,2,08:11:34.936300183
5254.75,1,08:11:34.936360658
5254.75,2,08:11:34.936413616
5254.75,4,08:11:34.936500130
5254.75,1,08:11:34.936717152
5254.75,2,08:11:34.936778135
5254.75,2,08:11:34.939055567
5254.5,1,08:11:35.729913981
5254.75,2,08:11:36.162226383
5254.75,6,08:11:36.163378988
5254.75,1,08:11:36.163434170
5254.75,1,08:11:37.271482537
5254.75,1,08:11:37.271688573
5254.75,5,08:11:38.905335873
5254.75,1,08:11:38.906087293
5254.75,1,08:11:38.906263367
5254.75,1,08:11:38.906332616
5254.75,2,08:11:38.906332616
5254.75,1,08:11:38.906461896
5254.5,10,08:11:46.511091503
5254.5,2,08:11:46.584926698
5254.5,1,08:11:46.585097681
5254.5,1,08:11:46.585130168
5254.5,1,08:11:47.629613762
5254.75,2,08:11:48.600954365
5254.5,2,08:11:52.522964095
5254.5,2,08:11:52.523177844
5254.5,1,08:11:52.523391637
5254.5,1,08:11:52.523589356
5254.5,4,08:11:53.532843440
5254.5,1,08:11:53.533326248
5254.5,2,08:11:53.541373398
5254.5,1,08:11:55.513629411
5254.5,2,08:12:00.958602880
5254.5,3,08:12:03.145266311
5254.5,1,08:12:03.145450398
5254.5,1,08:12:03.145493369
5254.5,1,08:12:03.145602583
5254.5,1,08:12:03.145852269
5254.5,1,08:12:03.146057793
5254.25,2,08:12:04.702361082
5254.5,2,08:12:06.687681216
5254.5,1,08:12:06.687708023
5254.5,1,08:12:06.687845289
5254.5,2,08:12:06.687904736
5254.75,1,08:12:09.610493594
5254.5,4,08:12:10.107115909
5254.5,1,08:12:13.338828063
5254.5,1,08:12:16.840097531
5254.5,2,08:12:17.027181247
5254.5,1,08:12:17.027216480
5254.5,4,08:12:19.136897814
5254.5,1,08:12:19.136932640
5254.5,1,08:12:19.136989445
5254.5,1,08:12:19.137203337
5254.5,1,08:12:19.137263412
5254.5,1,08:12:19.137302696
5254.5,1,08:12:19.137373148
5254.5,1,08:12:19.137416557
5254.5,2,08:12:19.137595576
5254.5,1,08:12:19.137680959
5254.5,1,08:12:19.137732788
5254.5,2,08:12:19.137831017
5254.5,1,08:12:19.138497847
5254.5,10,08:12:19.964302195
5254.5,1,08:12:21.706963494
5254.5,8,08:12:22.420708635
5254.5,1,08:12:22.421465464
5254.5,8,08:12:23.487846083
5254.5,1,08:12:38.716458109
5254.5,1,08:12:39.265838923
5254.5,1,08:12:44.986836463
5254.25,1,08:12:45.402303813
5254.5,4,08:12:55.412740663
5254.25,1,08:12:57.802285854
5254.5,2,08:12:58.356289541
5254.25,1,08:13:00.002679757
5254.25,2,08:13:03.126668275
5254.25,1,08:13:03.126829354
5254.25,1,08:13:09.387445831
5254.25,2,08:13:12.020681687
5254.25,2,08:13:12.042265028
5254.25,2,08:13:12.673875951
5254.25,1,08:13:12.673911366
5254.25,2,08:13:12.674045045
5254.25,1,08:13:12.674269667
5254.25,1,08:13:12.677110118
5254.25,5,08:13:13.619997404
5254.25,1,08:13:14.606351399
5254.25,1,08:13:17.424106362
5254.25,2,08:13:17.999730178
5254.25,1,08:13:18.729302809
5254.25,1,08:13:18.729744314
5254.25,1,08:13:18.743140764
5254.25,7,08:13:18.743431010
5254.5,1,08:13:25.405292677
5254.25,1,08:13:27.132364500
5254.25,1,08:13:35.368065075
5254.5,1,08:13:35.378083690
5254.5,2,08:13:35.378152395
5254.5,2,08:13:35.378282043
5254.5,11,08:13:35.378458087
5254.5,1,08:13:35.378581831
5254.5,2,08:13:35.378581831
5254.5,9,08:13:35.379951721
5254.5,2,08:13:35.537266601
5254.5,3,08:13:35.537534535
5254.75,1,08:13:46.869355900
5254.5,1,08:13:48.338454357
5254.75,1,08:13:49.287276493
5254.5,1,08:13:51.301106342
5254.75,1,08:14:01.894394797
5254.75,9,08:14:01.894696642
5254.75,2,08:14:01.894755799
5254.75,7,08:14:01.894877974
5254.75,1,08:14:01.895353379
5254.75,6,08:14:01.895583848
5254.75,2,08:14:01.895633219
5254.75,1,08:14:01.895882622
5254.75,2,08:14:01.895959170
5254.75,1,08:14:01.895959170
5254.75,1,08:14:01.896177111
5254.75,1,08:14:01.896218037
5255.0,15,08:14:04.221174737
5255.0,29,08:14:04.221450286
5255.0,1,08:14:06.465469282
5255.0,1,08:14:06.466039909
5255.0,1,08:14:06.466221143
5255.0,3,08:14:06.926290004
5255.0,1,08:14:06.926464290
5255.0,1,08:14:06.926515609
5255.0,22,08:14:07.558686545
5255.0,1,08:14:07.558782317
5255.0,1,08:14:07.851870956
5255.0,8,08:14:07.852151493
5255.25,13,08:14:13.474006263
5255.5,1,08:14:13.474026475
5255.5,1,08:14:13.841964780
5255.5,1,08:14:13.993393122
5255.25,20,08:14:21.425653089
5255.25,4,08:14:21.425929198
5255.25,2,08:14:21.426007205
5255.25,1,08:14:21.426007205
5255.25,1,08:14:21.426142776
5255.25,2,08:14:21.426142776
5255.25,1,08:14:21.426181108
5255.25,1,08:14:21.426457288
5255.25,2,08:14:21.449053110
5255.25,1,08:14:22.518467977
5255.25,1,08:14:23.906853534
5255.25,2,08:14:23.907101863
5255.25,2,08:14:23.907156654
5255.25,2,08:14:23.907253111
5255.25,1,08:14:23.907253111
5255.25,1,08:14:23.907328708
5255.25,1,08:14:23.937852770
5255.5,1,08:14:24.709224524
5255.25,1,08:14:24.716242718
5255.25,1,08:14:26.353625375
5255.5,2,08:14:28.397613742
5255.5,5,08:14:31.227793025
5255.25,1,08:14:36.312833268
5255.5,2,08:14:39.540632550
5255.5,2,08:14:39.540766351
5255.5,1,08:14:39.540766351
5255.5,2,08:14:39.540798621
5255.5,16,08:14:39.540927028
5255.75,2,08:14:41.114256362
5255.75,1,08:14:41.114269473
5255.75,3,08:14:41.212411719
5255.75,58,08:14:41.212697085
5255.75,8,08:14:41.214991753
5255.75,4,08:14:41.215717159
5255.75,1,08:14:41.215752815
5255.75,2,08:14:41.215801382
5255.75,1,08:14:41.215847374
5255.75,6,08:14:41.228828739
5255.75,1,08:14:41.229106888
5255.75,2,08:14:41.229309571
5255.75,1,08:14:41.229621004
5256.0,25,08:14:41.789997076
5256.0,1,08:14:41.790017979
5256.0,2,08:14:41.790017979
5256.0,1,08:14:41.956922456
5256.0,1,08:14:42.004105349
5256.0,1,08:14:42.514440217
5256.0,1,08:14:43.229382737
5256.0,11,08:14:48.088242455
5256.0,1,08:14:49.663273193
5255.75,1,08:14:50.052406167
5255.75,1,08:14:50.052432750
5255.75,4,08:14:50.052799057
5255.75,1,08:14:50.052913457
5255.75,2,08:14:50.052913457
5255.75,1,08:14:50.053029048
5255.75,1,08:14:50.053149484
5255.75,2,08:14:50.053149484
5255.75,1,08:14:50.053475270
5255.75,18,08:14:50.053584309
5255.75,5,08:14:50.053754228
5255.75,2,08:14:50.056206298
5255.75,1,08:14:50.056246100
5255.75,1,08:14:50.065016008
5255.75,1,08:14:50.065043320
5255.75,1,08:14:50.065516005
5255.75,6,08:14:50.065914918
5255.75,1,08:14:50.066210038
5255.75,1,08:14:50.068788647
5255.75,1,08:14:50.078963437
5255.75,1,08:14:50.082196033
5256.0,4,08:14:51.342740571
5255.75,1,08:14:51.343459642
5255.75,1,08:14:52.045326910
5256.0,1,08:14:52.116242991
5256.0,1,08:14:53.356386388
5256.0,1,08:14:54.209894988
5255.75,1,08:14:55.637007398
5255.75,2,08:14:55.637068099
5255.75,1,08:14:55.637429250
5255.75,2,08:14:55.640290626
5255.75,1,08:14:55.650331974
5255.75,1,08:14:55.650360349
5255.75,1,08:14:55.650648934
5255.75,1,08:14:55.650822361
5255.75,1,08:14:55.650883300
5255.75,1,08:14:55.654068168
5255.75,4,08:14:56.214837428
5255.75,1,08:14:56.214867787
5255.75,1,08:14:56.216141842
5255.75,5,08:14:56.219041116
5255.75,5,08:14:56.219319804
5255.75,4,08:14:57.612340739
5255.75,1,08:14:57.612644759
5255.75,1,08:14:57.612681546
5255.75,1,08:14:57.680833877
5255.75,3,08:14:57.782585222
5255.75,8,08:14:57.859636653
5255.75,1,08:14:57.859673217
5255.75,1,08:14:57.859774199
5256.0,2,08:14:57.898230331
5256.0,4,08:14:57.971713786
5256.0,1,08:15:00.208121542
5256.0,1,08:15:00.210169147
5256.0,8,08:15:00.290130678
5256.0,8,08:15:00.291725862
5256.0,2,08:15:00.335158932
5256.0,2,08:15:00.344285961
5256.0,1,08:15:00.439610949
5256.0,1,08:15:00.524127512
5255.75,1,08:15:02.194209037
5256.0,1,08:15:05.392772658
5255.75,18,08:15:05.662822252
5255.75,2,08:15:06.020078909
5255.75,1,08:15:08.428598179
5255.75,1,08:15:08.915843963
5255.75,2,08:15:09.993499352
5255.5,1,08:15:10.658836645
5255.5,1,08:15:10.658848394
5255.75,1,08:15:10.663912329
5255.75,1,08:15:10.663950304
5255.75,14,08:15:10.664178510
5255.75,2,08:15:10.664473819
5255.75,1,08:15:10.664562617
5255.75,1,08:15:10.664726456
5255.75,3,08:15:10.664977969
5255.75,6,08:15:10.665278136
5255.5,1,08:15:10.665572398
5255.5,1,08:15:10.666543793
5255.75,1,08:15:10.680188916
5255.75,6,08:15:10.680473526
5255.75,1,08:15:10.884033629
5255.75,1,08:15:10.884078813
5255.75,1,08:15:11.432138037
5255.75,1,08:15:11.432204391
5255.75,1,08:15:11.432292527
5255.75,1,08:15:11.432321363
5255.75,2,08:15:12.593664915
5255.75,2,08:15:14.624235406
5256.0,5,08:15:16.096982948
5255.75,1,08:15:16.565108248
5256.0,1,08:15:20.021554603
5256.0,3,08:15:21.668344404
5255.75,36,08:15:24.493962690
5255.75,1,08:15:24.494819725
5255.5,3,08:15:24.540115851
5255.5,1,08:15:24.540141029
5255.5,4,08:15:24.540317083
5255.5,3,08:15:24.540396838
5255.5,9,08:15:24.540534745
5255.5,10,08:15:24.540721538
5255.5,1,08:15:24.540721538
5255.5,1,08:15:24.540733155
5255.5,1,08:15:24.540870871
5255.5,1,08:15:24.540933144
5255.5,2,08:15:24.541192461
5255.5,12,08:15:24.546461019
5255.5,2,08:15:24.630480741
5255.5,1,08:15:24.630504191
5255.5,2,08:15:24.630642865
5255.5,1,08:15:25.017490624
5255.25,2,08:15:26.904271072
5255.25,1,08:15:27.368179507
5255.5,17,08:15:27.892289221
5255.75,1,08:15:30.785954711
5255.75,1,08:15:31.014160273
5255.5,1,08:15:32.777049864
5255.75,1,08:15:33.230036685
5255.5,34,08:15:38.268936509
5255.5,1,08:15:38.269186923
5255.5,1,08:15:38.269403971
5255.5,1,08:15:38.269485000
5255.5,1,08:15:38.269568982
5255.5,2,08:15:38.269690152
5255.5,4,08:15:38.269757805
5255.5,3,08:15:38.270164127
5255.5,2,08:15:39.268013928
5255.5,1,08:15:39.268123050
5255.5,5,08:15:39.268123050
5255.5,1,08:15:39.268836415
5255.5,5,08:15:40.433843036
5255.5,1,08:15:41.093767862
5255.25,8,08:15:43.092857548
5255.5,1,08:15:45.465755519
5255.5,1,08:15:45.476850271
5255.5,15,08:15:45.477187429
5255.75,7,08:15:48.126309967
5255.5,1,08:15:48.497161749
5255.5,1,08:15:48.573239890
5255.75,1,08:15:50.278040344
5255.75,1,08:15:50.282758413
5255.75,1,08:15:51.237352785
5255.75,5,08:15:51.237414223
5255.75,7,08:15:51.237673810
5255.75,1,08:15:51.237831164
5255.75,4,08:15:51.237831164
5255.75,2,08:15:51.238053805
5255.75,1,08:15:51.238053805
5255.75,6,08:15:51.238053805
5255.75,1,08:15:51.238091329
5255.75,1,08:15:51.238224611
5255.75,2,08:15:51.238224611
5255.75,3,08:15:51.309058225
5256.0,1,08:15:51.837722561
5255.75,1,08:15:52.642063940
5256.0,5,08:15:53.996644866
5256.0,1,08:15:55.080905333
5256.0,1,08:15:55.123332648
5256.0,2,08:15:55.882883717
5255.75,8,08:16:00.292002576
5255.75,4,08:16:08.992921495
5255.75,1,08:16:08.993062899
5255.75,10,08:16:08.993208764
5255.75,1,08:16:08.993285016
5255.75,1,08:16:12.221309921
5255.75,1,08:16:12.221380460
5255.75,2,08:16:12.221380460
5255.75,2,08:16:12.221440887
5255.75,2,08:16:12.221491716
5255.75,4,08:16:12.221689458
5255.75,1,08:16:12.221889184
5255.75,1,08:16:12.222056925
5256.0,1,08:16:12.311367946
5255.75,1,08:16:12.526254007
5255.75,10,08:16:12.763093113
5255.75,2,08:16:13.208344555
5255.5,2,08:16:16.511018429
5255.5,1,08:16:16.511029754
5255.5,1,08:16:16.965939079
5255.75,2,08:16:18.955201545
5255.75,1,08:16:19.937110215
5255.5,9,08:16:21.977550106
5255.5,1,08:16:23.666991686
5255.75,1,08:16:24.298605701
5255.5,1,08:16:29.572530298
5255.75,1,08:16:31.299985867
5255.5,1,08:16:31.439839207
5255.75,2,08:16:32.667314489
5255.5,1,08:16:36.383040458
5255.75,30,08:16:37.394450802
5255.5,1,08:16:37.396822024
5255.75,25,08:16:38.042005397
5255.5,1,08:16:38.042573937
5255.5,1,08:16:38.993304808
5255.5,1,08:16:41.282049890
5255.5,4,08:16:41.339857659
5255.5,3,08:16:41.340052658
5255.5,1,08:16:41.340168319
5255.5,1,08:16:41.340324927
5255.5,4,08:16:41.340324927
5255.5,2,08:16:41.340445377
5255.5,1,08:16:41.340445377
5255.5,1,08:16:41.341763983
5255.25,1,08:16:41.489410185
5255.25,2,08:16:41.973673000
5255.25,4,08:16:42.052696951
5255.25,2,08:16:42.493895436
5255.25,3,08:16:42.681360475
5255.25,1,08:16:42.870286310
5255.25,1,08:16:43.468444651
5255.5,2,08:16:43.810503686
5255.5,1,08:16:44.279680056
5255.5,1,08:16:44.279803463
5255.5,1,08:16:44.279941171
5255.5,3,08:16:44.279941171
5255.5,2,08:16:44.279941171
5255.5,1,08:16:44.279975924
5255.5,4,08:16:44.280155169
5255.5,2,08:16:44.280155169
5255.5,2,08:16:44.280945077
5255.5,2,08:16:44.281058145
5255.5,1,08:16:44.281058145
5255.25,1,08:16:46.525721624
5255.5,18,08:16:47.401532024
5255.75,7,08:16:47.401532024
5255.5,1,08:16:48.108129104
5255.75,1,08:16:48.539672822
5255.5,1,08:16:49.555021449
5255.5,1,08:16:50.322647778
5255.5,1,08:16:51.145185348
5255.5,1,08:16:52.114838216
5255.5,1,08:16:58.005927453
5255.5,1,08:16:59.931349136
5255.5,1,08:16:59.932064242
5255.75,2,08:17:05.003228192
5255.75,1,08:17:05.003249635
5255.75,10,08:17:05.003487665
5255.75,1,08:17:05.003638763
5255.75,1,08:17:05.003656213
5255.75,1,08:17:05.004342226
5255.75,1,08:17:05.004549920
5255.75,2,08:17:05.005183380
5255.75,1,08:17:05.005247544
5255.75,1,08:17:07.416640711
5255.5,1,08:17:15.532929336
5255.5,2,08:17:15.607678242
5255.5,1,08:17:15.607729615
5255.5,1,08:17:15.607855301
5255.5,2,08:17:15.607855301
5255.5,2,08:17:15.608039933
5255.5,1,08:17:15.608039933
5255.5,4,08:17:15.608221517
5255.5,1,08:17:15.608221517
5255.5,20,08:17:15.608221517
5255.5,1,08:17:15.608292459
5255.5,2,08:17:15.608292459
5255.5,2,08:17:15.608420961
5255.5,5,08:17:15.608420961
5255.5,13,08:17:15.633799378
5255.5,1,08:17:15.784257056
5255.5,7,08:17:15.784587994
5255.5,1,08:17:18.038202839
5255.25,21,08:17:20.454821882
5255.25,1,08:17:20.455237903
5255.25,2,08:17:20.455484187
5255.25,1,08:17:20.455558530
5255.25,2,08:17:20.455777485
5255.25,5,08:17:20.456047446
5255.25,9,08:17:21.369028421
5255.25,1,08:17:21.369063174
5255.25,1,08:17:21.369197055
5255.25,1,08:17:21.369420954
5255.25,2,08:17:21.369714233
5255.25,1,08:17:22.562318220
5255.25,14,08:17:23.302665692
5255.0,36,08:17:23.302665692
5255.0,1,08:17:24.437350010
5255.0,1,08:17:30.406875860
5255.25,2,08:17:30.824938392
5255.25,1,08:17:31.040977275
5255.25,1,08:17:31.041044301
5255.25,1,08:17:31.041200547
5255.25,1,08:17:31.041337750
5255.25,4,08:17:38.827512134
5255.25,15,08:17:38.828049720
5255.25,1,08:17:38.828080731
5255.25,3,08:17:40.005687888
5255.25,6,08:17:40.005981907
5255.25,2,08:17:40.006055127
5255.25,2,08:17:40.495851546
5255.25,4,08:17:40.496067474
5255.25,1,08:17:42.063013758
5255.25,1,08:17:52.207182780
5255.25,9,08:17:52.207518403
5255.25,1,08:17:52.209109884
5255.25,4,08:17:52.209463150
5255.25,7,08:17:52.209798228
5255.25,3,08:18:07.556986374
5255.25,2,08:18:07.557095271
5255.25,1,08:18:07.557095271
5255.25,4,08:18:07.557095271
5255.25,12,08:18:07.557297715
5255.25,1,08:18:07.578849419
5255.25,1,08:18:08.432454257
5255.25,25,08:18:10.144526404
5255.25,1,08:18:10.144845054
5255.0,1,08:18:12.019221377
5255.0,1,08:18:15.180059280
5255.25,2,08:18:15.186982929
5255.0,1,08:18:16.703489286
5255.0,1,08:18:18.324876996
5255.25,1,08:18:26.822740739
5255.0,14,08:18:30.602500771
5255.0,13,08:18:30.602797254
5255.0,2,08:18:30.603861359
5255.0,2,08:18:30.604487711
5255.0,1,08:18:30.604979292
5254.75,5,08:18:30.690472392
5254.75,3,08:18:30.690563706
5254.75,1,08:18:30.690563706
5254.75,2,08:18:30.690619788
5254.75,1,08:18:30.690719287
5254.75,2,08:18:30.690765426
5254.75,4,08:18:30.690943676
5254.75,1,08:18:30.690977001
5255.0,28,08:18:34.815041962
5255.0,1,08:18:34.815186567
5255.0,3,08:18:34.815300338
5255.0,6,08:18:34.815564296
5255.0,1,08:18:34.815925573
5255.0,7,08:18:34.816092626
5255.0,2,08:18:34.837155663
5254.75,1,08:18:35.333125896
5254.75,1,08:18:38.351443247
5255.0,1,08:18:44.620669156
5255.0,1,08:18:44.621139082
5255.0,1,08:18:44.629203350
5255.0,1,08:18:50.471107115
5255.0,11,08:18:50.472749925
5255.0,12,08:18:51.454585886
5255.0,2,08:18:51.454637593
5255.0,2,08:18:54.213413260
5255.0,1,08:18:54.342283941
5255.0,1,08:18:54.344272499
5255.0,1,08:18:57.237136685
5255.0,1,08:18:57.237328883
5255.0,1,08:18:57.941157831
5255.0,1,08:18:58.001255959
5255.0,1,08:18:59.634351829
5255.0,2,08:18:59.634384895
5255.0,1,08:19:00.012699264
5255.0,1,08:19:00.012901534
5255.0,4,08:19:04.924536440
5255.0,3,08:19:04.924720953
5255.0,1,08:19:04.934678787
5255.0,1,08:19:04.939218168
5255.0,1,08:19:08.042619418
5255.0,1,08:19:11.091792341
5255.0,6,08:19:11.091921516
5255.0,1,08:19:11.113017290
5255.0,2,08:19:14.470145249
5255.0,2,08:19:18.535555577
5255.0,1,08:19:19.829140068
5255.0,1,08:19:19.829348117
5255.0,1,08:19:19.829390044
5255.0,1,08:19:22.226323229
5255.0,1,08:19:22.976706319
5255.0,2,08:19:22.976793203
5255.0,5,08:19:31.285180500
5255.0,2,08:19:31.285428192
5255.0,2,08:19:31.285468967
5255.0,2,08:19:31.285546037
5255.0,2,08:19:37.424715208
5255.0,1,08:19:37.424754956
5255.0,2,08:19:37.424955389
5255.0,1,08:19:37.425152705
5254.75,1,08:19:37.425442893
5254.75,1,08:19:37.425945320
5255.0,1,08:19:37.428407616
5255.0,1,08:19:37.428971905
5255.0,1,08:19:37.433785103
5254.75,2,08:19:46.729429745
5254.75,2,08:19:46.729496015
5254.75,1,08:19:46.729496015
5254.75,1,08:19:46.729600155
5254.75,3,08:19:46.729600155
5254.75,2,08:19:46.729724916
5254.75,1,08:19:46.729724916
5254.75,6,08:19:46.729807065
5254.75,5,08:19:46.730314972
5254.75,1,08:19:46.730525710
5254.75,1,08:19:46.730605441
5254.75,3,08:19:51.550658069
5254.75,4,08:19:51.550758468
5254.75,3,08:19:51.550758468
5254.75,2,08:19:51.551153011
5254.75,1,08:19:51.551411867
5254.75,3,08:19:51.551724504
5254.75,4,08:19:55.384524324
5255.0,1,08:20:00.786532956
5254.75,1,08:20:01.810786159
5254.75,2,08:20:04.079755267
5254.75,14,08:20:04.080054014
5254.75,39,08:20:05.626616323
5254.75,16,08:20:05.627261849
5254.75,1,08:20:05.627420307
5254.75,1,08:20:06.124207780
5254.75,5,08:20:06.633127604
5254.75,2,08:20:07.697891545
5254.75,6,08:20:07.697946087
5254.5,3,08:20:08.735708801
5254.5,1,08:20:08.761393519
5254.5,50,08:20:11.763372663
5254.5,1,08:20:11.763768729
5254.5,1,08:20:11.763911279
5254.5,1,08:20:14.609659064
5254.75,14,08:20:16.031849593
5254.75,1,08:20:16.031916973
5254.75,1,08:20:16.031984747
5254.75,1,08:20:16.032285688
5254.75,1,08:20:19.225319668
5254.5,2,08:20:25.085660328
5254.5,8,08:20:30.931489716
5254.5,1,08:20:30.931565113
5254.5,1,08:20:30.931701266
5254.5,1,08:20:30.932011445
5254.5,1,08:20:30.932127432
5254.5,1,08:20:31.370917334
5254.5,1,08:20:31.371074783
5254.5,2,08:20:38.655481222
5254.5,1,08:20:38.655506473
5254.5,1,08:20:38.655660812
5254.5,3,08:20:38.655740797
5254.5,1,08:20:38.656753129
5254.5,4,08:20:38.656841390
5254.5,2,08:20:38.656950863
5254.5,1,08:20:38.657042760
5254.5,3,08:20:38.658847753
5254.5,4,08:20:38.659491054
5254.5,2,08:20:38.660036945
5254.5,2,08:20:40.127520222
5254.5,1,08:20:40.127594229
5254.5,2,08:20:40.127594229
5254.5,1,08:20:41.237464443
5254.5,1,08:20:41.688748763
5254.75,1,08:20:43.350702018
5254.75,1,08:20:44.958782103
5254.75,1,08:20:47.545947213
5254.75,12,08:20:47.546329096
5254.75,1,08:20:47.546741520
5254.75,1,08:20:47.547310999
5254.75,2,08:20:47.547618939
5254.75,1,08:20:47.547722231
5255.0,1,08:20:55.644280811
5255.0,1,08:20:55.644296770
5255.0,1,08:21:05.740716667
5255.0,1,08:21:05.740842580
5255.0,2,08:21:05.741018615
5255.0,1,08:21:05.741018615
5255.0,6,08:21:05.741018615
5255.0,2,08:21:05.741189239
5255.0,1,08:21:05.741189239
5255.0,3,08:21:05.741189239
5255.0,11,08:21:05.741295536
5255.0,8,08:21:05.741416869
5255.0,8,08:21:07.301177270
5255.0,1,08:21:07.301203120
5255.0,1,08:21:07.301353187
5255.0,3,08:21:07.301438110
5255.0,1,08:21:07.301552516
5255.0,2,08:21:07.301552516
5255.0,1,08:21:07.302055381
5255.0,1,08:21:08.591048020
5255.0,1,08:21:16.270878316
5255.25,1,08:21:24.109809658
5255.25,2,08:21:25.256909507
5255.25,19,08:21:26.256700332
5255.25,6,08:21:27.446505300
5255.25,1,08:21:27.446539273
5255.25,5,08:21:27.446665860
5255.25,2,08:21:27.446974158
5255.25,1,08:21:27.447193497
5255.25,5,08:21:27.447243155
5255.25,1,08:21:27.447299015
5255.25,2,08:21:29.506431426
5255.25,2,08:21:29.508099626
5255.25,1,08:21:29.508261302
5255.25,3,08:21:29.508342244
5255.25,1,08:21:29.525830827
5255.5,3,08:21:37.327580914
5255.5,1,08:21:39.734550420
5255.25,1,08:21:50.542916777
5255.5,30,08:21:50.558063543
5255.5,1,08:21:51.003922721
5255.5,1,08:21:51.004783916
5255.25,1,08:21:51.165123140
5255.25,1,08:21:51.195880231
5255.5,1,08:21:52.999549227
5255.5,1,08:21:53.538546178
5255.5,1,08:21:53.731923296
5255.5,3,08:21:53.731966324
5255.5,1,08:21:53.732070563
5255.5,1,08:21:53.732111357
5255.5,4,08:21:53.732219868
5255.5,1,08:21:53.732219868
5255.5,1,08:21:53.732313537
5255.5,1,08:21:53.732436106
5255.5,1,08:21:53.732506582
5255.5,2,08:21:53.732567222
5255.5,3,08:21:53.732782440
5255.5,1,08:21:53.733370413
5255.5,1,08:21:55.571073272
5255.75,3,08:21:55.855760792
5255.5,1,08:21:57.598996968
5255.5,10,08:21:57.599304260
5255.25,1,08:21:58.373323777
5255.25,1,08:21:58.430050660
5255.25,3,08:21:58.958763574
5255.5,4,08:22:15.421767784
5255.5,2,08:22:20.150445168
5255.5,3,08:22:20.295132897
5255.5,1,08:22:21.612348153
5255.5,2,08:22:22.621896110
5255.5,3,08:22:22.699509221
5255.5,1,08:22:23.134065809
5255.5,7,08:22:23.135532604
5255.5,1,08:22:24.393240451
5255.5,1,08:22:27.898956892
5255.75,2,08:22:32.361139676
5255.75,1,08:22:35.088665390
5255.5,4,08:22:38.505566551
5255.5,42,08:22:38.505920402
5255.25,1,08:22:38.521834591
5255.25,2,08:22:38.522012547
5255.25,1,08:22:38.522041639
5255.25,2,08:22:38.522109720
5255.25,2,08:22:38.522239313
5255.25,1,08:22:38.522277627
5255.25,1,08:22:38.522437637
5255.25,1,08:22:38.540676155
5255.25,7,08:22:38.540747347
5255.5,1,08:22:38.921079740
5255.5,4,08:22:42.191870380
5255.5,4,08:22:42.192121182
5255.5,1,08:22:42.192201468
5255.5,6,08:22:42.193048855
5255.5,2,08:22:42.193276866
5255.5,1,08:22:42.193306560
5255.5,10,08:22:42.744002623
5255.5,1,08:22:44.200165216
5255.75,2,08:22:47.065122997
5255.75,1,08:22:49.944373964
5255.75,1,08:22:49.967611469
5255.75,2,08:22:49.967915907
5255.75,1,08:22:49.967955101
5255.75,36,08:22:54.461005649
5256.0,1,08:22:57.239368745
5256.0,1,08:22:57.239378457
5256.0,24,08:22:59.059366503
5256.0,1,08:23:00.528879417
5256.0,1,08:23:00.580910571
5256.0,1,08:23:01.426388144
5256.25,40,08:23:06.085709066
5256.25,1,08:23:06.085724859
5256.25,1,08:23:06.086022417
5256.25,2,08:23:06.086092978
5256.25,8,08:23:06.086380389
5256.25,3,08:23:06.086435526
5256.25,1,08:23:06.086604455
5256.25,2,08:23:06.086682744
5256.25,2,08:23:06.086751020
5256.25,1,08:23:06.087163938
5256.25,3,08:23:06.087835849
5256.5,1,08:23:06.210672810
5256.5,1,08:23:06.210690250
5256.5,4,08:23:06.210690250
5256.5,2,08:23:06.210690250
5256.25,10,08:23:06.221370615
5256.25,1,08:23:06.316683375
5256.25,1,08:23:07.611191300
5256.25,7,08:23:07.822563919
5256.25,11,08:23:08.239652956
5256.0,20,08:23:08.534193514
5256.0,1,08:23:08.858720273
5256.25,13,08:23:11.536591631
5256.25,1,08:23:13.202994454
5256.25,3,08:23:14.630203559
5256.5,2,08:23:17.112688701
5256.5,3,08:23:17.112930338
5256.5,1,08:23:19.010882950
5256.5,1,08:23:19.123913261
5256.25,1,08:23:20.019578329
5256.25,2,08:23:22.692542148
5256.25,1,08:23:22.692630207
5256.25,1,08:23:22.692737134
5256.25,7,08:23:22.692810243
5256.25,4,08:23:22.693057150
5256.25,2,08:23:22.693174247
5256.25,2,08:23:22.693271942
5256.25,2,08:23:22.714909084
5256.5,1,08:23:22.788765537
5256.5,1,08:23:22.789026099
5256.5,1,08:23:27.551679793
5256.5,3,08:23:28.332164630
5256.25,2,08:23:36.795944421
5256.25,1,08:23:36.796115570
5256.25,2,08:23:36.796374007
5256.5,2,08:23:40.213208053
5256.5,3,08:23:41.555730082
5256.25,1,08:23:42.703482204
5256.25,1,08:23:42.734161001
5256.5,1,08:23:43.855538729
5256.5,1,08:23:45.953391891
5256.5,3,08:23:47.016132635
5256.5,60,08:23:52.061300760
5256.5,17,08:23:52.182208018
5256.5,7,08:23:52.182780263
5256.5,1,08:23:52.962267724
5256.5,1,08:23:53.410653699
5256.5,1,08:23:53.823353919
5256.5,20,08:23:55.678132465
5256.5,1,08:23:55.678309602
5256.5,1,08:23:55.678415100
5256.5,1,08:23:55.678704275
5256.5,1,08:23:55.678777982
5256.75,21,08:23:55.789704654
5256.5,4,08:23:55.789704654
5256.75,1,08:23:55.789727467
5256.75,1,08:23:55.810951943
5256.75,2,08:23:57.229706663
5256.75,1,08:24:02.236681307
5256.5,1,08:24:05.874608093
5256.5,2,08:24:05.874662116
5256.5,4,08:24:05.874735845
5256.5,7,08:24:05.874964205
5256.25,1,08:24:09.706659689
5256.25,1,08:24:11.458933063
5256.5,2,08:24:13.126745466
5256.5,1,08:24:13.856489802
5256.5,3,08:24:14.349169734
5256.5,1,08:24:18.299840087
5256.5,4,08:24:18.299913813
5256.5,5,08:24:18.299998608
5256.5,19,08:24:19.611075939
5256.5,1,08:24:19.611207829
5256.5,1,08:24:19.611589574
5256.25,1,08:24:20.017210953
5256.5,1,08:24:22.264558802
5256.5,1,08:24:22.966411190
5256.5,1,08:24:23.489774459
5256.75,2,08:24:23.624003072
5256.75,1,08:24:27.962655848
5256.5,1,08:24:28.136324665
5256.75,1,08:24:36.674437324
5256.5,1,08:24:39.741747792
5256.75,141,08:24:40.300123845
5256.75,1,08:24:40.301370212
5257.0,1,08:24:43.981089999
5257.0,2,08:24:43.981100655
5257.0,1,08:24:44.157730261
5257.0,2,08:24:44.265858891
5256.75,2,08:24:45.192002624
5257.0,15,08:24:45.910866771
5257.0,1,08:24:45.915984062
5256.75,2,08:24:48.252163532
5257.0,2,08:24:51.128129684
5257.0,40,08:24:53.603578022
5257.0,4,08:24:53.603834723
5257.0,5,08:24:53.604025664
5257.0,1,08:24:53.604172223
5257.0,1,08:24:53.604342889
5257.0,1,08:24:53.604381831
5257.0,18,08:24:53.604420055
5257.0,2,08:24:53.607327929
5257.0,2,08:24:53.617578836
5257.0,1,08:24:54.644295016
5257.0,1,08:24:54.803922578
5256.75,2,08:24:54.844018989
5257.0,1,08:24:54.993425790
5257.0,1,08:24:55.187193060
5257.0,1,08:24:55.500562288
5257.0,1,08:24:55.506315913
5257.0,1,08:24:55.787261610
5257.0,2,08:24:56.954017463
5257.0,1,08:24:58.255581016
5257.0,1,08:24:58.970745338
5257.0,4,08:24:58.970773387
5257.0,2,08:24:58.970942459
5257.0,2,08:24:59.315665939
5257.0,40,08:25:00.063799415
5257.0,2,08:25:00.064041964
5257.0,1,08:25:00.064127651
5257.0,3,08:25:00.064127651
5257.0,4,08:25:00.064127651
5257.0,5,08:25:00.064256060
5257.0,1,08:25:00.064256060
5257.0,3,08:25:00.064754144
5257.0,19,08:25:00.064950875
5257.25,1,08:25:00.067480590
5257.25,4,08:25:00.067584531
5257.25,1,08:25:00.067584531
5257.25,1,08:25:00.067788769
5257.25,4,08:25:00.068267551
5257.25,2,08:25:00.068465605
5257.25,1,08:25:00.068512802
5257.25,1,08:25:00.068567395
5257.25,6,08:25:00.068655333
5257.25,1,08:25:00.074009339
5257.25,1,08:25:00.079091364
5257.25,3,08:25:00.135016287
5257.25,18,08:25:00.135342002
5257.25,2,08:25:00.537117191
5257.25,2,08:25:00.545458335
5257.25,1,08:25:00.545864996
5257.25,11,08:25:00.546333120
5257.25,7,08:25:00.636522048
5257.25,5,08:25:00.870167375
5257.0,4,08:25:01.537366900
5257.25,4,08:25:01.852794784
5257.25,2,08:25:01.911388092
5257.25,1,08:25:02.568130368
5257.25,1,08:25:02.832220355
5257.0,1,08:25:04.026209503
5257.25,2,08:25:04.944179738
5257.0,1,08:25:05.871504142
5257.0,1,08:25:08.468902085
5257.25,3,08:25:10.178493617
5257.25,2,08:25:10.178736802
5257.25,2,08:25:10.178792899
5257.25,1,08:25:10.178879685
5257.25,2,08:25:10.178879685
5257.25,5,08:25:10.178967786
5257.25,11,08:25:10.179820715
5257.25,3,08:25:10.180468702
5257.25,1,08:25:10.180622453
5257.25,1,08:25:10.180767656
5257.25,1,08:25:10.180883007
5257.25,2,08:25:10.180883007
5257.25,1,08:25:10.181195732
5257.25,1,08:25:10.183764827
5257.25,3,08:25:10.186565248
5257.25,2,08:25:10.186770475
5257.25,3,08:25:10.186839148
5257.25,1,08:25:10.203307077
5257.25,1,08:25:10.209089501
5257.25,1,08:25:10.209279066
5257.25,1,08:25:10.253617897
5257.25,1,08:25:10.254368158
5257.25,5,08:25:10.919477905
5257.25,1,08:25:10.919710901
5257.25,3,08:25:10.930781415
5257.25,1,08:25:11.210439618
5257.25,1,08:25:12.566342182
5257.0,1,08:25:14.550273804
5257.25,1,08:25:15.467996029
5257.25,1,08:25:16.019904128
5257.25,1,08:25:16.814776525
5257.25,1,08:25:16.911102003
5257.25,1,08:25:19.146880468
5257.25,1,08:25:19.147093295
5257.25,1,08:25:19.147376609
5257.25,2,08:25:19.330734249
5257.25,1,08:25:19.426673180
5257.25,2,08:25:19.426749582
5257.5,1,08:25:21.145380933
5257.5,1,08:25:21.145391810
5257.5,1,08:25:21.145576083
5257.5,3,08:25:21.806227071
5257.5,23,08:25:22.057138978
5257.75,17,08:25:22.057138978
5257.75,4,08:25:22.057156274
5257.5,5,08:25:22.057931637
5257.5,12,08:25:22.058374709
5257.5,2,08:25:22.058420012
5257.5,1,08:25:22.058636320
5257.5,9,08:25:22.058741423
5257.5,2,08:25:22.058741423
5257.5,1,08:25:22.058858789
5257.5,1,08:25:22.058885637
5257.5,1,08:25:22.059052917
5257.5,1,08:25:22.059074159
5257.5,1,08:25:22.059098127
5257.5,7,08:25:22.059221276
5257.5,6,08:25:22.059221276
5257.5,1,08:25:22.059279245
5257.5,1,08:25:22.059453249
5257.5,20,08:25:22.060614927
5257.5,1,08:25:22.080587854
5257.5,4,08:25:22.654614448
5257.5,1,08:25:23.017811437
5257.25,5,08:25:23.539253955
5257.5,2,08:25:23.734097391
5257.25,1,08:25:23.820715259
5257.5,1,08:25:24.569156883
5257.25,1,08:25:25.388573865
5257.25,7,08:25:25.641216949
5257.25,1,08:25:25.653916654
5257.25,2,08:25:25.905612385
5257.25,1,08:25:27.874023345
5257.25,1,08:25:27.930876663
5257.25,2,08:25:27.965554628
5257.25,1,08:25:27.965579141
5257.25,4,08:25:27.965722244
5257.25,3,08:25:29.665343034
5257.25,1,08:25:29.771913507
5257.25,6,08:25:29.772144167
5257.25,1,08:25:29.772181233
5257.25,3,08:25:29.987192282
5257.5,4,08:25:30.238491700
5257.25,5,08:25:30.782780089
5257.25,1,08:25:30.782957527
5257.25,16,08:25:31.894636963
5257.5,4,08:25:31.894636963
5257.5,40,08:25:32.885943593
5257.5,1,08:25:32.886126736
5257.5,3,08:25:32.886840663
5257.5,2,08:25:32.887029938
5257.5,1,08:25:32.887071945
5257.5,1,08:25:34.040994481
5257.25,1,08:25:35.551478258
5257.5,2,08:25:36.414240667
5257.5,1,08:25:36.414272111
5257.5,3,08:25:36.414343878
5257.5,2,08:25:36.414491370
5257.25,2,08:25:36.699022304
5257.5,1,08:25:36.849979544
5257.25,2,08:25:36.918774510
5257.25,9,08:25:37.393286647
5257.25,4,08:25:37.626416630
5257.5,1,08:25:38.567003138
5257.5,1,08:25:38.567013471
5257.25,1,08:25:38.724759660
5257.25,1,08:25:38.750566017
5257.5,1,08:25:40.165557024
5257.5,1,08:25:40.197782704
5257.5,2,08:25:40.827002825
5257.5,7,08:25:41.020693170
5257.5,1,08:25:42.903991155
5257.75,4,08:25:43.752502412
5257.75,2,08:25:43.752716010
5257.75,1,08:25:43.752742856
5257.75,8,08:25:43.753035057
5257.75,4,08:25:43.753108130
5257.75,1,08:25:43.753205255
5257.75,1,08:25:43.753255314
5257.75,2,08:25:43.753324966
5257.75,1,08:25:43.753551733
5257.75,1,08:25:43.753583285
5257.75,1,08:25:43.763206887
5257.75,1,08:25:43.763239157
5257.75,2,08:25:43.787208366
5257.75,1,08:25:43.787233272
5257.75,6,08:25:43.787431890
5257.5,6,08:25:45.268819957
5257.25,1,08:25:45.881208176
5257.5,1,08:25:49.280936239
5257.5,2,08:25:49.281910514
5257.5,1,08:25:49.282294240
5257.5,2,08:25:49.282511970
5257.5,6,08:25:49.282511970
5257.5,3,08:25:49.282511970
5257.5,2,08:25:49.282619530
5257.5,1,08:25:49.282619530
5257.5,4,08:25:49.282655883
5257.5,1,08:25:49.283063612
5257.5,2,08:25:49.283063612
5257.5,1,08:25:49.283398544
5257.5,1,08:25:50.584916637
5257.25,1,08:25:50.724858577
5257.25,1,08:25:50.751397031
5257.5,1,08:25:52.866704319
5257.5,2,08:25:52.866732784
5257.5,1,08:25:55.643874233
5257.25,1,08:25:56.909322987
5257.25,1,08:25:56.965947235
5257.25,1,08:25:57.882592592
5257.5,2,08:25:57.899984181
5257.5,1,08:25:57.900114945
5257.5,1,08:25:57.900171797
5257.5,2,08:25:57.900277629
5257.5,1,08:25:57.900277629
5257.5,4,08:25:57.900388269
5257.5,1,08:25:57.900433181
5257.5,1,08:25:57.900515631
5257.5,3,08:25:57.900745699
5257.5,11,08:25:58.098767283
5257.5,1,08:25:58.109712312
5257.5,5,08:25:58.448574102
5257.5,1,08:25:58.819474111
5257.5,3,08:25:59.114078659
5257.5,2,08:25:59.114257577
5257.5,2,08:25:59.114327333
5257.5,1,08:25:59.114506607
5257.5,5,08:26:00.495574311
5257.5,11,08:26:00.495905974
5257.5,1,08:26:00.495955934
5257.5,1,08:26:00.496154297
5257.5,1,08:26:00.496347536
5257.5,1,08:26:00.496406795
5257.5,3,08:26:01.537521603
5257.75,5,08:26:01.745547684
5257.75,5,08:26:02.556692250
5257.75,40,08:26:02.967184832
5257.75,1,08:26:02.967568901
5257.75,3,08:26:02.967620780
5257.75,1,08:26:02.967939827
5257.75,2,08:26:02.968144932
5257.75,2,08:26:02.968183329
5257.75,3,08:26:06.360698461
5257.75,1,08:26:06.360895780
5257.75,1,08:26:06.360972243
5257.75,2,08:26:06.361032231
5257.75,2,08:26:06.361839261
5257.75,13,08:26:07.506448906
5257.75,1,08:26:10.130752696
5257.75,25,08:26:10.711060423
5257.5,3,08:26:11.366655533
5257.5,40,08:26:13.639073228
5257.25,2,08:26:13.643759310
5257.25,5,08:26:13.643990546
5257.25,3,08:26:13.644074305
5257.25,1,08:26:13.644074305
5257.25,2,08:26:13.644191805
5257.25,1,08:26:14.121625880
5257.25,1,08:26:14.365880529
5257.25,2,08:26:14.670162066
5257.25,3,08:26:14.895557154
5257.5,1,08:26:15.293467598
5257.25,1,08:26:15.441149590
5257.25,2,08:26:16.345016361
5257.25,1,08:26:16.754763585
5257.5,2,08:26:19.621643880
5257.5,1,08:26:19.621673352
5257.5,2,08:26:19.621874720
5257.5,1,08:26:19.621943015
5257.5,1,08:26:19.621980203
5257.5,2,08:26:19.624117955
5257.5,1,08:26:19.624287318
5257.5,1,08:26:19.624361560
5257.5,2,08:26:19.625049945
5257.5,15,08:26:19.632490754
5257.5,1,08:26:19.647595490
5257.5,1,08:26:20.222621129
5257.5,5,08:26:20.896651165
5257.5,12,08:26:20.897063343
5257.5,1,08:26:20.918730113
5257.5,1,08:26:21.230757165
5257.5,4,08:26:21.993488315
5257.5,3,08:26:21.993598294
5257.5,1,08:26:21.993598294
5257.5,2,08:26:21.993820325
5257.5,1,08:26:21.994479954
5257.5,1,08:26:21.994578654
5257.5,1,08:26:21.994693562
5257.5,1,08:26:21.994734593
5257.5,1,08:26:21.994768769
5257.5,1,08:26:23.169106694
5257.5,1,08:26:23.169539215
5257.5,1,08:26:25.814244216
5257.5,1,08:26:26.763109805
5257.5,1,08:26:34.706121485
5257.5,20,08:26:36.137380434
5257.5,6,08:26:36.137594097
5257.5,2,08:26:36.137754119
5257.5,1,08:26:36.137817948
5257.5,1,08:26:36.137966245
5257.25,1,08:26:37.272571532
5257.5,2,08:26:38.082232211
5257.5,1,08:26:38.082364588
5257.5,4,08:26:38.082364588
5257.5,4,08:26:38.082553996
5257.5,5,08:26:38.082553996
5257.5,1,08:26:38.082727456
5257.5,1,08:26:38.082802648
5257.5,1,08:26:38.082913875
5257.5,1,08:26:38.106452052
5257.25,2,08:26:42.242971604
5257.5,3,08:26:42.759589331
5257.5,1,08:26:44.245124123
5257.5,1,08:26:45.006043521
5257.25,2,08:26:47.784304190
5257.25,1,08:26:47.784478824
5257.25,1,08:26:47.784518591
5257.25,2,08:26:47.784696552
5257.25,5,08:26:47.784696552
5257.25,1,08:26:47.785220522
5257.25,5,08:26:49.383654417
5257.25,1,08:26:49.383750959
5257.25,2,08:26:49.383750959
5257.25,2,08:26:49.383849884
5257.25,2,08:26:49.383968014
5257.25,7,08:26:49.383968014
5257.25,1,08:26:49.383968014
5257.25,6,08:26:49.383992911
5257.25,36,08:26:49.384174137
5257.25,1,08:26:49.384420519
5257.25,1,08:26:49.384526643
5257.25,4,08:26:49.384526643
5257.25,3,08:26:49.384596349
5257.25,1,08:26:49.384725933
5257.25,1,08:26:49.384835881
5257.25,1,08:26:49.384888727
5257.25,1,08:26:49.386641767
5257.25,1,08:26:51.160727580
5257.25,9,08:26:51.160998033
5257.25,7,08:26:51.164226530
5257.25,7,08:26:52.093097646
5257.25,10,08:26:52.096141462
5257.25,1,08:26:54.880397401
5257.25,1,08:26:59.524404614
5257.25,1,08:26:59.526922864
5257.25,1,08:27:00.019502167
5257.25,3,08:27:01.546455284
5257.25,15,08:27:01.929894160
5257.25,10,08:27:02.199123973
5257.25,1,08:27:02.199279108
5257.25,3,08:27:02.199396432
5257.25,1,08:27:03.369272256
5257.25,10,08:27:06.215098173
5257.5,1,08:27:07.644683585
5257.5,2,08:27:08.096714655
5257.5,4,08:27:09.153979104
5257.5,1,08:27:10.421583161
5257.5,11,08:27:12.095974546
5257.5,1,08:27:12.096124261
5257.5,1,08:27:12.100643223
5257.5,1,08:27:12.898236365
5257.5,4,08:27:13.718208341
5257.5,8,08:27:13.718508064
5257.5,2,08:27:13.748756560
5257.25,1,08:27:14.170801322
5257.5,11,08:27:15.155551168
5257.5,2,08:27:15.155592989
5257.5,1,08:27:15.155709469
5257.5,2,08:27:15.155778357
5257.75,1,08:27:16.412291372
5257.5,1,08:27:16.835128675
5257.5,2,08:27:16.835190075
5257.5,4,08:27:19.397613025
5257.5,1,08:27:19.397674562
5257.5,1,08:27:19.397709577
5257.5,3,08:27:19.397797531
5257.25,1,08:27:20.103658920
5257.5,1,08:27:20.495324594
5257.5,8,08:27:20.495607917
5257.5,2,08:27:20.495848887
5257.5,1,08:27:20.495923738
5257.5,5,08:27:21.381554820
5257.75,1,08:27:21.675671659
5257.5,2,08:27:24.146353124
5257.5,4,08:27:27.793107788
5257.5,5,08:27:29.368155929
5257.5,1,08:27:29.368583464
5257.5,1,08:27:29.368772402
5257.5,1,08:27:29.414854563
5257.5,2,08:27:29.415001404
5257.5,1,08:27:30.651410277
5257.5,1,08:27:32.604328943
5257.25,1,08:27:38.184592129
5257.25,1,08:27:38.184634934
5257.25,1,08:27:38.184811558
5257.25,4,08:27:38.185033828
5257.25,1,08:27:38.185068813
5257.25,1,08:27:39.374016883
5257.25,1,08:27:39.374060311
5257.25,1,08:27:39.756159847
5257.25,1,08:27:39.818361119
5257.25,1,08:27:41.829448336
5257.25,5,08:27:41.829696449
5257.25,1,08:27:42.900516005
5257.25,1,08:27:46.902174063
5257.25,1,08:27:50.985711615
5257.25,10,08:27:52.724933152
5257.25,4,08:27:52.725219119
5257.25,10,08:27:52.927270532
5257.25,1,08:27:53.340784899
5257.25,1,08:27:53.341603776
5257.25,9,08:27:54.077485019
5257.25,1,08:27:54.077520814
5257.25,8,08:27:54.078331622
5257.25,27,08:27:54.207988205
5257.25,2,08:27:54.533653120
5257.25,2,08:27:54.618128858
5257.5,1,08:27:54.666672867
5257.25,1,08:27:55.058880954
5257.25,5,08:27:55.059127967
5257.25,2,08:27:55.059547380
5257.25,1,08:27:55.059619525
5257.25,1,08:27:55.059742274
5257.5,8,08:27:57.967515231
5257.5,1,08:27:58.152132100
5257.5,10,08:27:58.401079326
5257.5,10,08:27:58.401370279
5257.25,15,08:28:00.045482486
5257.25,7,08:28:00.046442112
5257.25,1,08:28:00.046611699
5257.25,1,08:28:00.046681076
5257.25,6,08:28:00.086679159
5257.25,1,08:28:00.087406031
5257.25,6,08:28:00.152578983
5257.25,5,08:28:00.153531537
5257.5,1,08:28:00.302785559
5257.25,3,08:28:00.303030452
5257.0,1,08:28:00.453730014
5257.0,1,08:28:00.453743557
5257.0,2,08:28:00.453743557
5257.25,2,08:28:00.454552053
5257.25,1,08:28:00.582475843
5257.5,10,08:28:01.239407327
5257.25,3,08:28:01.543454251
5257.25,1,08:28:03.325305372
5257.5,10,08:28:04.078091216
5257.25,3,08:28:06.193406501
5257.5,10,08:28:06.916010901
5257.5,1,08:28:07.653982160
5257.5,10,08:28:09.754585525
5257.25,1,08:28:10.443782944
5257.25,1,08:28:10.443986007
5257.25,1,08:28:10.448253674
5257.25,6,08:28:11.657310989
5257.25,8,08:28:11.659192069
5257.25,4,08:28:11.659454370
5257.25,1,08:28:11.659508279
5257.25,1,08:28:11.659731784
5257.5,10,08:28:12.592855219
5257.5,10,08:28:15.431908273
5257.5,1,08:28:16.436648402
5257.25,1,08:28:17.441742253
5257.5,10,08:28:18.269872947
5257.5,10,08:28:21.107713890
5257.25,1,08:28:21.841661407
5257.25,1,08:28:22.000413765
5257.25,1,08:28:22.159373237
5257.5,10,08:28:23.944461023
5257.5,10,08:28:26.782836032
5257.5,15,08:28:26.783470774
5257.75,10,08:28:29.621716018
5257.5,10,08:28:30.519579821
5257.5,1,08:28:30.519853680
5257.75,1,08:28:30.721589869
5257.75,30,08:28:30.966242112
5257.75,23,08:28:32.426299641
5257.75,1,08:28:32.426749049
5257.75,1,08:28:32.426849085
5258.0,1,08:28:32.811117606
5258.0,2,08:28:32.811131564
5258.0,1,08:28:32.811131564
5258.0,1,08:28:32.811675009
5258.0,1,08:28:32.836661708
5258.0,2,08:28:34.125214041
5258.0,10,08:28:35.296499767
5258.0,10,08:28:35.296873758
5258.0,10,08:28:38.134823635
5258.0,1,08:28:38.658655194
5258.0,4,08:28:38.770779505
5258.0,27,08:28:38.771086836
5258.0,1,08:28:38.771360912
5258.0,22,08:28:38.771370953
5258.0,1,08:28:38.772550920
5258.25,4,08:28:38.775970067
5258.25,1,08:28:38.775985843
5258.0,1,08:28:39.999172342
5258.25,2,08:28:40.289133943
5258.25,1,08:28:40.379580637
5258.0,1,08:28:40.423380953
5258.25,10,08:28:40.972957196
5258.0,31,08:28:41.992087324
5258.0,1,08:28:42.398388740
5258.0,1,08:28:42.496540060
5258.0,1,08:28:42.743749464
5258.0,10,08:28:43.811198134
5258.0,4,08:28:44.053313304
5258.0,1,08:28:44.647096471
5258.0,1,08:28:44.785152748
5257.75,1,08:28:46.231518302
5257.75,2,08:28:46.231586985
5257.75,1,08:28:46.231586985
5257.75,4,08:28:46.231643645
5257.75,5,08:28:46.231740472
5258.0,10,08:28:46.648876831
5258.0,10,08:28:49.486830624
5257.75,1,08:28:50.054272145
5258.0,1,08:28:50.713173875
5258.0,1,08:28:50.921497904
5258.0,10,08:28:52.325099222
5258.0,4,08:28:52.923803257
5258.0,7,08:28:52.926446870
5258.0,1,08:28:54.148183130
5258.0,1,08:28:54.705240385
5258.25,10,08:28:55.162795584
5258.0,33,08:28:56.651958724
5257.75,81,08:28:56.651958724
5257.5,1,08:28:56.651958724
5257.5,2,08:28:56.651977732
5257.75,1,08:28:56.653754078
5257.75,1,08:28:56.654119907
5257.75,2,08:28:56.654143447
5257.75,10,08:28:56.655134711
5257.75,1,08:28:56.655216546
5257.75,1,08:28:56.662346895
5257.75,1,08:28:56.662496767
5258.0,7,08:28:58.001004903
5258.0,1,08:28:59.746120212
5257.75,3,08:29:01.540649180
5257.75,1,08:29:01.723062692
5258.0,5,08:29:09.657642005
5258.0,10,08:29:09.657988286
5258.0,5,08:29:09.658095956
5258.0,1,08:29:09.658095956
5258.0,3,08:29:09.658218003
5258.0,1,08:29:09.658218003
5258.0,2,08:29:09.658284693
5258.0,1,08:29:09.658284693
5258.0,5,08:29:09.658376870
5258.0,4,08:29:09.658551747
5258.0,5,08:29:09.658669571
5257.75,1,08:29:10.549531701
5258.0,1,08:29:12.113104158
5258.0,1,08:29:14.372789946
5258.0,2,08:29:17.610161639
5258.0,4,08:29:17.610312905
5258.0,1,08:29:20.955113398
5258.0,2,08:29:24.249020597
5258.0,1,08:29:28.397260006
5257.75,3,08:29:29.662589525
5258.0,1,08:29:36.747429461
5257.75,1,08:29:37.658395444
5258.0,1,08:29:39.158943473
5258.0,1,08:29:39.922485511
5258.0,1,08:29:39.922551054
5258.0,4,08:29:39.922627366
5258.0,1,08:29:39.922627366
5258.0,1,08:29:39.922723126
5258.0,2,08:29:39.922781450
5258.0,14,08:29:39.922926396
5258.0,1,08:29:39.923136247
5258.0,12,08:29:39.923468571
5258.0,2,08:29:39.923799967
5258.0,6,08:29:39.923926791
5258.0,1,08:29:39.923926791
5258.0,2,08:29:39.924506803
5258.0,1,08:29:39.924753538
5258.0,1,08:29:39.924934791
5258.0,10,08:29:39.925364526
5258.0,1,08:29:39.925553653
5258.0,1,08:29:39.925777411
5258.0,1,08:29:39.925899324
5258.0,1,08:29:39.925988961
5258.0,1,08:29:39.947431608
5257.75,1,08:29:40.462390186
5257.75,1,08:29:44.616735524
5257.75,1,08:29:44.919110813
5257.75,53,08:29:45.863580624
5257.75,39,08:29:45.864706375
5257.75,1,08:29:45.865034915
5257.75,2,08:29:45.865193184
5257.75,1,08:29:45.865193184
5257.75,1,08:29:45.865306543
5257.75,9,08:29:45.866004563
5257.75,1,08:29:45.866298378
5257.75,5,08:29:45.866366414
5257.75,3,08:29:45.866431865
5257.75,1,08:29:45.866629565
5257.75,1,08:29:45.867233664
5257.75,5,08:29:45.867417746
5257.75,7,08:29:45.885855734
5257.75,2,08:29:45.886179638
5257.75,6,08:29:45.905905159
5257.75,2,08:29:45.906222107
5257.75,6,08:29:45.936146491
5257.75,1,08:29:45.936448162
5257.5,1,08:29:46.331051763
5257.75,3,08:29:46.331741434
5257.75,1,08:29:46.332068152
5257.75,1,08:29:46.332711758
5257.75,13,08:29:47.063884235
5257.75,1,08:29:47.064014661
5257.75,4,08:29:47.067428553
5257.75,1,08:29:47.076179005
5257.75,2,08:29:47.076384510
5257.75,1,08:29:47.076587231
5257.75,8,08:29:47.136162012
5257.75,2,08:29:47.136384552
5257.75,1,08:29:47.136489984
5257.75,1,08:29:47.850025314
5257.75,1,08:29:47.874934973
5257.75,2,08:29:49.261951808
5257.75,2,08:29:49.261985433
5257.75,1,08:29:49.262025553
5257.75,1,08:29:49.262077595
5257.75,1,08:29:49.262122652
5257.75,1,08:29:49.262231893
5257.75,1,08:29:49.262285231
5257.75,2,08:29:49.262432841
5257.5,2,08:29:50.786205015
5257.5,1,08:29:51.193354491
5257.5,2,08:29:51.444506247
5257.75,1,08:29:53.048199981
5257.75,1,08:29:56.385969607
5257.75,4,08:29:57.065946796
5257.75,12,08:29:57.066754127
5257.75,8,08:29:57.067199151
5258.0,1,08:29:57.070362376
5257.75,1,08:29:57.730398727
5257.75,2,08:29:58.567960484
5257.75,1,08:29:58.567982135
5257.75,4,08:29:58.569189561
5257.75,2,08:29:58.777574381
5257.75,1,08:29:58.777808168
5258.0,4,08:30:00.066328448
5257.75,3,08:30:00.546176574
5257.75,5,08:30:00.546437609
5257.75,2,08:30:00.546551673
5257.75,3,08:30:00.546551673
5257.75,19,08:30:00.546607818
5257.75,7,08:30:00.546836613
5257.75,4,08:30:00.547193775
5257.75,1,08:30:00.547235744
5257.75,1,08:30:00.547436430
5257.75,2,08:30:00.547627154
5257.75,1,08:30:00.550199839
5257.75,3,08:30:00.550247818
5257.75,2,08:30:00.550415031
5257.75,4,08:30:00.550978802
5257.75,1,08:30:00.551009853
5257.75,1,08:30:00.551257995
5257.75,9,08:30:00.555455744
5257.75,1,08:30:00.555824749
5257.75,1,08:30:00.555902883
5257.75,3,08:30:00.556119341
5257.75,1,08:30:00.556314132
5257.75,1,08:30:00.557053376
5257.75,1,08:30:00.557090801
5257.75,2,08:30:00.557376342
5257.75,1,08:30:00.557574618
5257.5,4,08:30:00.626092006
5257.5,4,08:30:00.626137969
5257.5,1,08:30:00.626240422
5257.5,1,08:30:00.626303712
5257.5,35,08:30:00.626480309
5257.25,25,08:30:00.629463440
5257.0,1,08:30:00.629480251
5257.0,2,08:30:00.629480251
5257.0,1,08:30:00.629484689
5257.0,2,08:30:00.629484689
5257.0,2,08:30:00.629491631
5257.0,1,08:30:00.629491631
5257.25,1,08:30:00.665776628
5257.25,2,08:30:00.665873123
5257.25,1,08:30:00.665873123
5257.25,1,08:30:00.665990798
5257.25,1,08:30:00.666154490
5257.25,2,08:30:00.666154490
5257.25,4,08:30:00.666154490
5257.25,11,08:30:00.681974983
5257.25,4,08:30:00.682846744
5257.25,3,08:30:00.683047229
5257.25,12,08:30:00.994079320
5257.25,3,08:30:00.994350736
5257.25,1,08:30:00.994729288
5257.25,6,08:30:01.049097133
5257.25,3,08:30:01.049454412
5257.25,1,08:30:01.049682807
5257.25,4,08:30:01.050801975
5257.25,4,08:30:01.272931336
5257.25,1,08:30:01.484113753
5257.25,2,08:30:01.484192188
5257.25,1,08:30:01.484192188
5257.25,1,08:30:01.484345851
5257.25,6,08:30:01.484949735
5257.25,1,08:30:01.485367267
5257.25,1,08:30:01.757024949
5257.25,1,08:30:01.757091382
5257.25,4,08:30:01.757131678
5257.25,3,08:30:01.757948561
5257.25,1,08:30:02.124890936
5257.25,19,08:30:02.167823470
5257.25,4,08:30:02.292669533
5257.25,1,08:30:02.292885669
5257.25,3,08:30:02.293110704
5257.25,1,08:30:02.293303617
5257.25,3,08:30:02.293343777
5257.25,2,08:30:02.293565884
5257.25,1,08:30:02.388361092
5257.25,2,08:30:02.468363059
5257.25,4,08:30:02.609531173
5257.25,5,08:30:02.636632029
5257.25,1,08:30:02.636913469
5257.25,1,08:30:02.739850186
5257.25,2,08:30:02.739923672
5257.25,1,08:30:02.739923672
5257.25,4,08:30:02.739983302
5257.25,2,08:30:02.740100559
5257.25,1,08:30:02.741827548
5257.25,1,08:30:02.741899619
5257.25,1,08:30:02.832356530
5257.25,20,08:30:03.859938239
5257.25,17,08:30:04.119901019
5257.25,2,08:30:04.447687334
5257.0,1,08:30:05.902993572
5257.0,1,08:30:06.140864340
5257.25,21,08:30:06.219875785
5257.25,1,08:30:06.220236663
5257.25,13,08:30:07.405727193
5257.25,2,08:30:07.405892646
5257.25,1,08:30:07.405967832
5257.25,3,08:30:07.406063644
5257.25,1,08:30:07.406063644
5257.25,1,08:30:07.406280861
5257.25,1,08:30:07.406398154
5257.25,1,08:30:07.406467545
5257.25,1,08:30:07.429278920
5257.25,1,08:30:07.429335759
5257.0,3,08:30:08.000758086
5257.0,1,08:30:08.419459647
5257.0,2,08:30:09.241970124
5257.0,1,08:30:09.649490807
5257.0,1,08:30:10.193062132
5257.25,2,08:30:11.025280417
5257.25,4,08:30:11.025511289
5257.25,4,08:30:11.026030906
5257.0,3,08:30:11.918849758
5257.25,1,08:30:12.533582532
5257.25,1,08:30:13.622590109
5257.25,2,08:30:13.622693487
5257.25,1,08:30:13.622693487
5257.25,1,08:30:13.622789959
5257.25,3,08:30:13.622789959
5257.25,14,08:30:13.622811034
5257.25,21,08:30:13.624221041
5257.5,4,08:30:13.964515432
5257.5,1,08:30:13.964769156
5257.5,2,08:30:13.965007782
5257.5,2,08:30:13.965312994
5257.5,1,08:30:13.965472411
5257.5,2,08:30:13.965665782
5257.5,3,08:30:13.965790741
5257.5,1,08:30:13.965790741
5257.5,4,08:30:13.966024549
5257.5,1,08:30:13.966069438
5257.5,1,08:30:13.966162534
5257.5,3,08:30:14.054961068
5257.5,3,08:30:14.054997724
5257.5,1,08:30:14.068460380
5257.5,2,08:30:14.159687810
5257.25,1,08:30:14.167992592
5257.5,2,08:30:15.852463632
5257.5,2,08:30:15.852811511
5257.5,8,08:30:15.853249884
5257.5,1,08:30:15.853668316
5257.5,1,08:30:15.853992876
5257.5,1,08:30:15.854107246
5257.5,1,08:30:15.854231994
5257.5,1,08:30:15.854480505
5257.5,1,08:30:16.026617151
5257.5,2,08:30:17.067859316
5257.5,12,08:30:17.068161196
5257.25,2,08:30:18.532342915
5257.25,17,08:30:18.532723236
5257.25,2,08:30:18.532919900
5257.25,1,08:30:18.533004237
5257.25,2,08:30:18.533274326
5257.25,1,08:30:18.533349786
5257.25,5,08:30:18.533532984
5257.25,1,08:30:18.533575286
5257.25,2,08:30:18.533673492
5257.25,1,08:30:18.533673492
5257.25,1,08:30:18.533707438
5257.25,1,08:30:18.533849266
5257.25,2,08:30:18.533929177
5257.25,5,08:30:18.534182181
5257.25,1,08:30:18.534360360
5257.0,1,08:30:19.203636425
5257.25,14,08:30:19.223187846
5257.25,2,08:30:19.223755816
5257.25,1,08:30:19.231431353
5257.25,3,08:30:19.394002023
5257.5,2,08:30:19.635904633
5257.25,6,08:30:19.800951159
5257.25,1,08:30:20.008556707
5257.25,1,08:30:20.008734880
5257.0,1,08:30:20.429047427
5257.0,1,08:30:20.842427166
5257.25,1,08:30:20.954428833
5257.25,1,08:30:20.954459262
5257.25,1,08:30:21.187813586
5257.25,8,08:30:21.190439748
5257.25,1,08:30:23.207948058
5257.5,1,08:30:23.208972719
5257.5,2,08:30:23.209167014
5257.5,1,08:30:23.209346307
5257.5,2,08:30:23.209449544
5257.5,1,08:30:23.209482866
5257.5,1,08:30:23.209815405
5257.5,2,08:30:23.835020304
5257.5,5,08:30:24.512596391
5257.5,2,08:30:24.512650460
5257.5,1,08:30:24.512650460
5257.5,1,08:30:24.512827518
5257.5,1,08:30:24.665911928
5257.5,2,08:30:25.013500028
5257.25,1,08:30:25.252721960
5257.5,1,08:30:25.502482886
5257.5,3,08:30:25.502512215
5257.5,8,08:30:25.502693146
5257.5,1,08:30:27.835648687
5257.5,1,08:30:27.835822591
5257.5,2,08:30:27.836068778
5257.5,7,08:30:27.836335862
5257.5,1,08:30:27.836676720
5257.75,2,08:30:29.992176211
5257.75,2,08:30:29.992339331
5257.75,20,08:30:29.992533708
5257.75,1,08:30:29.992586980
5257.75,1,08:30:29.992639689
5257.75,2,08:30:29.992702490
5257.75,1,08:30:29.992945920
5257.75,5,08:30:29.992945920
5257.75,1,08:30:29.993140887
5257.75,2,08:30:29.993395081
5257.75,1,08:30:29.993686842
5257.75,5,08:30:29.993804739
5257.75,1,08:30:29.994015224
5257.75,1,08:30:29.994061452
5257.75,1,08:30:29.994209795
5257.75,1,08:30:29.994242355
5257.75,1,08:30:29.996858251
5257.75,1,08:30:30.011246400
5257.75,1,08:30:30.011274283
5257.75,1,08:30:30.076319718
5257.75,1,08:30:30.681927144
5257.75,10,08:30:30.909383144
5257.5,1,08:30:31.353285105
5257.75,1,08:30:31.402849135
5257.75,1,08:30:31.402912669
5257.75,5,08:30:31.403168444
5257.75,1,08:30:31.403213475
5257.75,1,08:30:31.403488483
5257.75,2,08:30:31.403585732
5257.75,1,08:30:31.403585732
5257.75,1,08:30:32.426302793
5257.75,7,08:30:32.426388547
5257.75,1,08:30:32.426498515
5257.75,1,08:30:32.426673520
5257.5,1,08:30:32.499204680
5257.75,1,08:30:32.602688421
5257.75,2,08:30:32.602892991
5257.75,1,08:30:32.603082381
5257.75,1,08:30:32.603140413
5257.75,3,08:30:32.604365375
5257.75,8,08:30:32.805151738
5257.75,1,08:30:32.805310782
5257.75,16,08:30:37.043380984
5257.75,1,08:30:37.044101558
5257.75,1,08:30:37.046696321
5257.75,1,08:30:37.047550616
5257.5,92,08:30:37.068773709
5257.25,81,08:30:37.068773709
5257.25,2,08:30:37.069999740
5257.25,1,08:30:37.070613174
5257.0,5,08:30:37.070758501
5257.25,2,08:30:37.070866590
5257.0,2,08:30:37.083520129
5257.0,18,08:30:37.293597200
5257.0,3,08:30:37.312844705
5256.75,29,08:30:38.300716203
5256.75,1,08:30:38.300739490
5256.75,2,08:30:38.301004871
5256.75,2,08:30:38.301099721
5256.75,2,08:30:39.108667247
5256.75,20,08:30:39.235112599
5256.75,1,08:30:39.510742129
5256.75,1,08:30:39.511740896
5256.75,1,08:30:39.512628312
5256.5,5,08:30:40.225883943
5256.5,2,08:30:40.225898188
5256.5,1,08:30:40.225898188
5256.5,4,08:30:40.225898188
5256.5,1,08:30:40.244721613
5256.5,2,08:30:40.330768926
5256.5,1,08:30:40.493861489
5256.5,2,08:30:40.715248116
5256.5,2,08:30:40.715437806
5256.25,2,08:30:41.864445957
5256.25,1,08:30:41.864459013
5256.25,1,08:30:41.865340707
5256.25,1,08:30:41.866445187
5256.25,1,08:30:42.582058346
5256.25,5,08:30:42.611455152
5256.25,4,08:30:42.611506523
5256.25,1,08:30:42.614139056
5256.25,1,08:30:42.614303088
5256.25,1,08:30:42.614345139
5256.25,1,08:30:42.614513768
5256.25,3,08:30:42.614562620
5256.25,5,08:30:43.063946650
5256.25,1,08:30:43.554573572
5256.25,1,08:30:43.554752501
5256.25,1,08:30:43.555406149
5256.25,5,08:30:43.600748947
5256.25,1,08:30:44.042538065
5256.5,1,08:30:44.880926318
5256.25,2,08:30:44.912846939
5256.25,2,08:30:45.377176068
5256.25,1,08:30:46.272059183
5256.25,1,08:30:47.532748915
5256.0,33,08:30:47.963925339
5256.25,17,08:30:47.963925339
5256.0,2,08:30:47.963948420
5256.0,1,08:30:47.963948420
5256.0,1,08:30:47.965134550
5256.25,1,08:30:47.965178043
5256.0,1,08:30:47.965573766
5256.25,1,08:30:47.969978783
5256.0,1,08:30:48.068785560
5256.0,1,08:30:48.069546187
5256.0,2,08:30:49.026313586
5256.0,10,08:30:50.247580610
5256.0,1,08:30:50.247650490
5256.0,6,08:30:50.247729301
5256.0,1,08:30:50.248242431
5256.0,3,08:30:50.248301405
5256.0,8,08:30:50.248541510
5256.0,8,08:30:50.248654823
5256.0,1,08:30:50.248795328
5256.0,4,08:30:50.248795328
5256.0,1,08:30:50.248903514
5256.0,3,08:30:50.787283666
5256.0,1,08:30:51.893503475
5256.0,3,08:30:51.894056701
5256.0,9,08:30:52.511100996
5256.0,1,08:30:52.511401122
5256.0,7,08:30:52.511620463
5256.0,1,08:30:52.511667114
5256.0,1,08:30:52.511744005
5256.0,2,08:30:52.753590270
5256.0,7,08:30:55.016398312
5256.0,7,08:30:55.016712987
5256.0,1,08:30:55.246100949
5256.0,2,08:30:55.640847117
5256.0,1,08:30:57.279303924
5256.0,1,08:30:57.975356649
5256.0,2,08:30:57.975409802
5256.0,1,08:30:57.975523690
5256.0,1,08:30:57.975761117
5256.0,1,08:30:57.975811492
5256.0,3,08:30:57.975952974
5256.0,3,08:30:58.192452452
5256.0,1,08:30:58.192477751
5256.0,1,08:30:58.192742917
5256.0,8,08:30:58.318923461
5256.0,1,08:30:59.590538397
5256.0,5,08:31:00.253684694
5256.0,1,08:31:00.270774805
5256.0,1,08:31:00.912206607
5256.0,1,08:31:01.367125031
5256.0,1,08:31:01.367589517
5256.0,1,08:31:01.367866502
5256.0,1,08:31:01.368146792
5256.0,5,08:31:01.369328364
5256.0,1,08:31:01.369532730
5256.0,9,08:31:01.380195940
5256.0,1,08:31:01.788132821
5256.0,9,08:31:04.602950981
5256.0,9,08:31:04.603917835
5256.0,5,08:31:04.604198782
5256.0,1,08:31:04.717114673
5256.0,1,08:31:04.717260212
5256.0,1,08:31:04.717581447
5256.0,1,08:31:05.069998807
5256.0,6,08:31:07.773183029
5256.0,1,08:31:07.777054267
5256.0,4,08:31:07.777751340
5256.0,3,08:31:07.778955805
5256.0,1,08:31:07.955383827
5256.0,1,08:31:08.096953030
5256.0,7,08:31:08.287877291
5256.0,1,08:31:08.288243151
5256.0,3,08:31:08.288495886
5255.75,2,08:31:08.895828964
5255.75,2,08:31:08.907184112
5255.75,9,08:31:08.907456050
5255.75,1,08:31:08.907610453
5255.75,3,08:31:08.907673714
5255.75,1,08:31:08.907765560
5255.75,3,08:31:08.907794408
5255.75,1,08:31:09.534047639
5255.75,1,08:31:09.834547597
5255.75,1,08:31:09.834625393
5255.75,1,08:31:09.834728541
5255.75,1,08:31:09.835161235
5255.75,3,08:31:09.836406255
5255.75,8,08:31:09.836671642
5255.75,2,08:31:09.836831797
5255.75,1,08:31:09.837067904
5255.75,1,08:31:09.837260531
5255.5,1,08:31:09.981446590
5255.5,2,08:31:10.040894132
5255.5,1,08:31:10.045061282
5255.75,1,08:31:10.127616998
5255.75,1,08:31:10.323009291
5255.75,1,08:31:10.323113286
5255.75,4,08:31:10.323227471
5255.75,1,08:31:10.323305603
5255.75,1,08:31:10.323398150
5255.75,1,08:31:10.324020089
5255.75,1,08:31:10.324056799
5255.75,1,08:31:10.324381817
5255.75,6,08:31:10.324582438
5255.75,3,08:31:10.324790396
5255.75,1,08:31:10.324861583
5256.0,1,08:31:10.327736352
5256.0,1,08:31:10.327816203
5256.0,1,08:31:10.327930756
5256.0,1,08:31:10.328047139
5256.0,1,08:31:10.328130290
5256.0,1,08:31:10.328461221
5256.0,1,08:31:10.328943445
5256.0,1,08:31:10.328976192
5256.0,1,08:31:10.329152329
5256.0,3,08:31:10.329152329
5256.0,1,08:31:10.329224737
5256.0,1,08:31:10.329294844
5256.0,2,08:31:10.329468610
5256.0,1,08:31:10.329468610
5256.0,17,08:31:10.329669892
5256.0,1,08:31:10.329669892
5256.0,1,08:31:10.329832993
5256.0,3,08:31:10.329958016
5256.0,1,08:31:10.330179931
5256.0,3,08:31:10.330314413
5256.0,1,08:31:10.330405507
5256.0,2,08:31:10.330550130
5256.0,1,08:31:10.330872092
5256.0,1,08:31:10.330914380
5256.0,1,08:31:10.331047334
5256.0,2,08:31:10.331251172
5256.0,2,08:31:10.332407349
5255.75,1,08:31:11.509264366
5255.75,1,08:31:11.509286584
5255.75,5,08:31:11.509483912
5255.75,1,08:31:11.510264101
5255.75,2,08:31:11.510359581
5255.75,1,08:31:11.510553013
5255.75,1,08:31:11.510587750
5255.75,4,08:31:11.512638568
5255.75,3,08:31:11.512909752
5255.5,25,08:31:12.315854718
5255.5,11,08:31:12.350248072
5255.5,1,08:31:12.357894681
5255.25,1,08:31:12.689751623
5255.5,8,08:31:12.690039242
5255.25,1,08:31:13.113299610
5255.5,2,08:31:13.989746144
5255.5,7,08:31:13.989920362
5255.5,1,08:31:13.990229373
5255.5,1,08:31:13.990492386
5255.5,2,08:31:13.990776622
5255.5,1,08:31:13.991582757
5255.5,1,08:31:13.991816035
5255.5,1,08:31:14.972368662
5255.75,1,08:31:15.003704202
5255.5,1,08:31:15.010251345
5255.5,3,08:31:15.315950024
5255.5,1,08:31:16.570071687
5255.75,1,08:31:16.672456623
5255.5,1,08:31:17.117737886
5255.5,1,08:31:17.806895940
5255.5,1,08:31:18.017459471
5255.5,2,08:31:18.407758245
5255.75,2,08:31:18.486873259
5255.75,8,08:31:18.487178065
5255.75,1,08:31:18.487308649
5255.75,1,08:31:18.490747279
5255.5,1,08:31:18.833547456
5255.75,1,08:31:20.127283543
5255.5,2,08:31:21.400310535
5255.5,2,08:31:21.400343828
5255.5,3,08:31:21.400586886
5255.5,1,08:31:21.400625853
5255.5,1,08:31:21.400761107
5255.5,1,08:31:21.489615343
5255.5,1,08:31:21.721038895
5255.5,1,08:31:22.161473802
5255.75,2,08:31:22.404624991
5255.5,1,08:31:22.703282708
5255.75,1,08:31:24.012607940
5255.75,3,08:31:24.021159219
5255.5,2,08:31:24.134611849
5255.75,5,08:31:24.542106071
5255.75,4,08:31:24.542461204
5255.75,8,08:31:24.729734312
5255.75,1,08:31:24.729918255
5255.75,3,08:31:24.729983095
5255.75,5,08:31:24.926133975
5255.75,5,08:31:24.926448048
5255.75,7,08:31:24.926954417
5255.75,1,08:31:24.927133713
5255.75,4,08:31:26.273948739
5255.75,1,08:31:26.274203234
5255.75,1,08:31:26.274377791
5255.75,4,08:31:26.274459059
5255.75,13,08:31:26.489560676
5255.75,2,08:31:26.489770863
5255.75,17,08:31:26.490122393
5255.5,1,08:31:26.510376937
5255.75,8,08:31:26.511159101
5255.75,7,08:31:26.692515081
5255.75,2,08:31:27.345602592
5256.0,1,08:31:28.109159508
5256.0,2,08:31:29.878541858
5256.0,1,08:31:30.283599533
5256.0,1,08:31:31.693690458
5256.0,1,08:31:33.140530668
5255.75,11,08:31:34.967115506
5255.75,1,08:31:35.408424175
5255.5,1,08:31:35.429795418
5255.75,1,08:31:35.549619456
5255.5,2,08:31:35.787674772
5255.5,1,08:31:38.100098124
5255.75,1,08:31:40.706670411
5255.75,1,08:31:40.913643114
5255.75,1,08:31:42.655250682
5255.75,8,08:31:42.655531856
5255.5,2,08:31:42.768393527
5255.5,1,08:31:43.131647619
5255.5,13,08:31:43.739071769
5255.5,1,08:31:43.739105056
5255.5,1,08:31:43.739480177
5255.5,6,08:31:43.739643134
5255.5,1,08:31:43.739643134
5255.5,4,08:31:43.739643134
5255.5,3,08:31:43.739794782
5255.5,1,08:31:43.739794782
5255.5,4,08:31:43.739794782
5255.75,2,08:31:44.124319155
5255.75,1,08:31:44.646796136
5255.75,1,08:31:45.173870180
5255.75,8,08:31:45.174320194
5255.75,1,08:31:46.125377001
5255.75,16,08:31:46.126025254
5255.75,3,08:31:46.126258069
5255.75,1,08:31:46.126311161
5255.75,1,08:31:47.582565995
5255.75,5,08:31:49.220330324
5255.75,6,08:31:49.220525797
5255.5,1,08:31:54.033191018
5255.5,3,08:31:54.033376445
5255.5,2,08:31:55.087808593
5255.5,1,08:31:56.767173319
5255.5,5,08:31:56.767412889
5255.5,1,08:31:56.767453993
5255.5,2,08:31:59.322551124
5255.5,1,08:31:59.631690228
5255.5,4,08:31:59.631968221
5255.5,2,08:31:59.632354802
5255.5,1,08:31:59.632385582
5255.5,1,08:31:59.640650140
5255.5,2,08:32:02.373829425
5255.75,1,08:32:02.546327902
5255.5,1,08:32:06.105955052
5255.75,3,08:32:06.852557993
5255.75,1,08:32:06.853101806
5255.75,5,08:32:06.853101806
5255.75,4,08:32:06.853166441
5255.75,1,08:32:06.853376403
5255.75,2,08:32:06.853376403
5255.75,11,08:32:06.853508159
5255.75,1,08:32:06.854657553
5255.75,1,08:32:06.854800871
5255.75,24,08:32:07.244161614
5255.75,3,08:32:07.244415856
5255.75,5,08:32:07.244689573
5255.75,2,08:32:07.244855958
5255.75,1,08:32:07.244855958
5255.75,4,08:32:07.282111569
5255.75,1,08:32:07.282277486
5255.75,2,08:32:07.282525059
5255.75,6,08:32:07.282709494
5255.75,1,08:32:07.282764366
5255.75,2,08:32:07.716838411
5255.75,1,08:32:08.595078450
5255.75,1,08:32:08.595162935
5255.75,1,08:32:08.595250236
5256.0,2,08:32:11.072391926
5255.75,4,08:32:11.408533845
5255.75,1,08:32:11.411471559
5255.75,1,08:32:11.411648061
5255.75,2,08:32:11.411738284
5255.75,3,08:32:11.411738284
5255.75,1,08:32:11.411793634
5256.0,2,08:32:11.955067353
5256.0,2,08:32:11.961690501
5256.0,2,08:32:13.870927315
5256.0,6,08:32:13.871042024
5256.0,1,08:32:13.871042024
5256.0,11,08:32:13.871193186
5256.0,2,08:32:13.871193186
5256.0,3,08:32:13.871392353
5256.0,6,08:32:13.871392353
5256.0,1,08:32:13.871392353
5256.0,1,08:32:13.871402903
5256.0,1,08:32:13.871549176
5256.0,5,08:32:13.871549176
5256.0,1,08:32:13.871768400
5256.0,1,08:32:13.871858092
5256.0,2,08:32:13.871987429
5256.0,4,08:32:13.872170276
5256.0,1,08:32:13.872304827
5256.0,1,08:32:13.872407680
5256.0,1,08:32:13.875159425
5256.0,1,08:32:13.875353602
5256.0,7,08:32:13.926260462
5256.0,3,08:32:13.926632894
5256.0,3,08:32:13.970544423
5256.0,1,08:32:14.772134979
5256.0,1,08:32:16.217955296
5255.75,2,08:32:16.893641394
5255.75,2,08:32:16.893717258
5255.75,1,08:32:16.893717258
5255.75,3,08:32:16.893768011
5255.75,8,08:32:17.907041604
5256.0,1,08:32:17.913664342
5256.0,1,08:32:19.091575055
5256.0,33,08:32:21.151994349
5256.25,17,08:32:21.151994349
5256.0,1,08:32:21.152765389
5256.0,1,08:32:21.152958939
5256.0,5,08:32:21.153063741
5256.0,2,08:32:21.153376525
5256.0,3,08:32:21.153634446
5256.0,1,08:32:21.154249365
5256.0,1,08:32:21.154318662
5256.0,2,08:32:21.154439484
5256.0,1,08:32:21.154481215
5256.25,1,08:32:21.259469637
5256.0,1,08:32:22.030987632
5256.0,1,08:32:22.031099783
5256.0,2,08:32:22.031099783
5256.0,5,08:32:22.031128219
5256.0,1,08:32:22.031375899
5256.0,1,08:32:22.031627545
5256.25,5,08:32:22.298769963
5256.0,1,08:32:22.396370643
5256.25,1,08:32:22.914630529
5256.0,1,08:32:23.176002379
5256.25,2,08:32:24.007283631
5256.0,1,08:32:26.342716743
5256.25,20,08:32:29.063554043
5256.25,25,08:32:29.600178080
5256.25,1,08:32:29.600413647
5256.25,1,08:32:29.600864028
5256.25,10,08:32:29.602321980
5256.25,4,08:32:29.602662019
5256.25,8,08:32:29.602916603
5256.25,1,08:32:29.603076875
5256.25,3,08:32:31.096765745
5256.5,1,08:32:31.688606275
5256.5,1,08:32:31.688615174
5256.25,2,08:32:32.742822550
5256.5,2,08:32:34.391093128
5256.25,1,08:32:34.469235467
5256.5,14,08:32:36.249395595
5256.5,9,08:32:36.250320345
5256.5,8,08:32:36.429103964
5256.5,1,08:32:37.022736204
5256.25,1,08:32:38.765463715
5256.5,1,08:32:38.975915521
5256.5,1,08:32:41.038628811
5256.5,1,08:32:41.038640613
5256.5,1,08:32:41.041996860
5256.5,2,08:32:41.199474967
5256.5,8,08:32:41.199777920
5256.5,1,08:32:41.199922800
5256.5,1,08:32:41.199950288
5256.5,2,08:32:41.200055295
5256.5,1,08:32:41.200173722
5256.5,1,08:32:41.200313512
5256.5,1,08:32:41.200433735
5256.5,1,08:32:41.200507849
5256.25,20,08:32:41.837092730
5256.25,5,08:32:41.952510340
5256.5,1,08:32:42.280698677
5256.5,3,08:32:43.253714371
5256.5,1,08:32:43.254047527
5256.75,2,08:32:43.405642539
5256.5,2,08:32:43.405642539
5256.5,1,08:32:43.524183871
5256.75,8,08:32:45.926261523
5256.75,3,08:32:45.926397379
5256.75,1,08:32:45.926447226
5256.75,1,08:32:46.934076095
5256.75,3,08:32:46.934337200
5256.5,1,08:32:47.031428649
5256.75,1,08:32:50.213792832
5256.75,2,08:32:53.054484493
5256.75,2,08:32:53.054556157
5256.75,1,08:32:53.054556157
5256.75,1,08:32:53.054589383
5256.75,1,08:32:53.054669215
5256.75,2,08:32:54.679879925
5256.5,1,08:32:55.938635627
5256.5,3,08:32:55.938828825
5256.5,1,08:32:55.938870928
5256.5,1,08:32:55.938982665
5256.5,4,08:32:55.939120930
5256.5,1,08:32:55.939120930
5256.5,1,08:32:55.939165401
5256.5,2,08:32:56.073255718
5256.5,1,08:32:57.430522829
5256.75,2,08:32:58.471911985
5256.75,1,08:33:00.059913599
5256.75,1,08:33:00.060076117
5256.75,4,08:33:00.060203224
5256.75,1,08:33:00.060351771
5256.75,1,08:33:00.060424607
5256.75,1,08:33:00.060633473
5257.0,1,08:33:00.128766581
5257.0,2,08:33:00.128775707
5257.0,1,08:33:00.129030461
5257.0,1,08:33:00.223027742
5256.75,11,08:33:00.986250941
5256.5,1,08:33:00.990061611
5256.75,1,08:33:01.257494245
5256.75,44,08:33:09.381893784
5256.75,2,08:33:09.383211235
5256.75,1,08:33:09.383979878
5256.75,11,08:33:10.505007215
5256.75,8,08:33:10.530118877
5256.75,1,08:33:10.530637590
5257.0,2,08:33:14.487796762
5257.0,1,08:33:16.220840689
5257.0,1,08:33:17.710319596
5257.0,1,08:33:17.710347996
5257.0,5,08:33:17.710430449
5257.0,1,08:33:17.710501215
5257.0,2,08:33:17.710598616
5257.0,1,08:33:17.710598616
5257.0,1,08:33:17.710703241
5257.0,4,08:33:17.710703241
5257.0,6,08:33:17.711005613
5257.0,5,08:33:17.711614985
5257.0,2,08:33:17.711758162
5257.0,2,08:33:17.711945676
5257.0,1,08:33:17.715104572
5257.0,1,08:33:17.716865555
5257.0,1,08:33:18.764265937
5257.0,1,08:33:20.434365821
5257.0,9,08:33:21.837121750
5257.0,1,08:33:21.837431913
5257.0,7,08:33:21.837564125
5257.0,1,08:33:21.837629065
5257.0,1,08:33:21.837722894
5257.0,2,08:33:21.838090412
5257.0,2,08:33:21.860104143
5256.75,1,08:33:22.196489101
5257.0,10,08:33:23.909939865
5257.0,2,08:33:31.532639500
5257.0,1,08:33:31.853545921
5257.0,1,08:33:35.071868292
5256.75,4,08:33:37.522934159
5256.75,6,08:33:37.523223845
5256.75,1,08:33:37.523433331
5256.75,1,08:33:37.523548498
5256.75,2,08:33:37.523710728
5256.75,14,08:33:37.523710728
5256.75,2,08:33:37.523863406
5256.75,3,08:33:37.523863406
5256.75,1,08:33:37.523866033
5256.75,1,08:33:37.523897397
5256.75,1,08:33:37.523973133
5256.75,11,08:33:37.524011636
5256.75,26,08:33:37.525085034
5256.75,1,08:33:37.525340200
5256.75,14,08:33:37.525478626
5256.75,3,08:33:37.525553024
5256.75,1,08:33:37.525582878
5256.75,3,08:33:37.525825008
5256.5,2,08:33:37.546170231
5256.75,1,08:33:37.885950100
5256.5,1,08:33:42.890302692
5256.5,1,08:33:42.929525517
5256.5,5,08:33:42.929921641
5256.5,1,08:33:42.930160808
5256.5,6,08:33:42.932794755
5256.5,1,08:33:43.270063895
5256.5,2,08:33:44.546946973
5256.5,1,08:33:44.546971005
5256.5,2,08:33:44.547185880
5256.5,4,08:33:44.547302701
5256.25,1,08:33:47.028438516
5256.25,2,08:33:47.028448759
5256.25,1,08:33:47.262465585
5256.25,7,08:33:47.262897108
5256.25,3,08:33:47.265745159
5256.25,10,08:33:47.266062961
5256.25,18,08:33:47.266602853
5256.25,7,08:33:47.282672607
5256.25,4,08:33:47.282752094
5256.25,2,08:33:47.283087464
5256.25,9,08:33:47.309584696
5256.25,4,08:33:48.099837284
5256.25,2,08:33:51.057311458
5256.25,3,08:33:52.045742002
5256.25,3,08:33:53.002958033
5256.25,7,08:33:53.003098881
5256.25,2,08:33:53.842747456
5256.0,25,08:33:58.843751022
5256.0,1,08:33:58.843775515
5256.0,1,08:33:58.844034532
5256.0,8,08:33:58.844271570
5256.0,4,08:33:58.844630221
5256.25,1,08:34:00.111450108
5256.0,24,08:34:01.484251308
5256.0,10,08:34:01.484773725
5256.0,2,08:34:01.484954319
5256.0,1,08:34:01.485215290
5256.0,1,08:34:09.013901045
5256.0,1,08:34:09.014063655
5256.0,22,08:34:09.014227377
5256.0,13,08:34:09.014757788
5256.0,2,08:34:09.014934045
5256.0,1,08:34:09.015235097
5256.0,1,08:34:09.015363807
5256.0,13,08:34:10.643120666
5255.75,3,08:34:11.855752706
5255.75,6,08:34:13.079034042
5255.75,2,08:34:13.867101802
5255.75,2,08:34:13.867598535
5255.75,2,08:34:14.132402534
5255.5,2,08:34:18.496206477
5255.5,2,08:34:18.496220970
5255.5,1,08:34:18.496220970
5255.5,2,08:34:18.936046433
5255.5,2,08:34:18.936123599
5255.5,1,08:34:18.936123599
5255.5,1,08:34:18.936251771
5255.5,2,08:34:18.936251771
5255.5,2,08:34:18.936321088
5255.5,1,08:34:18.936321088
5255.5,1,08:34:18.936391198
5255.5,20,08:34:18.936771485
5255.5,2,08:34:18.937160283
5255.5,2,08:34:18.937365733
5255.5,4,08:34:18.937485515
5255.5,8,08:34:18.999941197
5255.5,2,08:34:19.000257033
5255.5,8,08:34:19.000664616
5255.25,2,08:34:19.754132350
5255.25,2,08:34:21.140710036
5255.5,5,08:34:21.943379847
5255.5,1,08:34:23.594979649
5255.25,2,08:34:24.470575168
5255.25,1,08:34:25.018522800
5255.5,4,08:34:25.194646408
5255.5,2,08:34:28.028496418
5255.5,1,08:34:29.135363153
5255.5,1,08:34:30.372862401
5255.5,4,08:34:30.730034626
5255.5,1,08:34:30.730207174
5255.5,1,08:34:30.730283284
5255.5,4,08:34:30.730345403
5255.5,1,08:34:30.730544569
5255.25,1,08:34:35.990464710
5255.25,1,08:34:38.466258587
5255.25,1,08:34:39.656878172
5255.25,4,08:34:40.067579276
5255.25,1,08:34:40.067783716
5255.25,5,08:34:40.068860438
5255.25,3,08:34:40.068920590
5255.25,12,08:34:40.069090824
5255.25,1,08:34:40.070398418
5255.0,1,08:34:42.846881079
5255.0,1,08:34:42.846893963
5255.0,2,08:34:42.846893963
5255.0,2,08:34:43.251290941
5255.25,1,08:34:43.760367207
5255.0,30,08:34:44.128393486
5255.0,2,08:34:44.128589574
5255.0,3,08:34:44.128648001
5255.0,1,08:34:44.128648001
5255.0,5,08:34:44.128696802
5255.0,2,08:34:44.128768831
5255.0,1,08:34:44.128811011
5255.0,1,08:34:44.128903776
5255.0,12,08:34:44.128903776
5255.0,1,08:34:44.323058339
5255.0,12,08:34:44.374516562
5255.0,1,08:34:44.374713161
5255.0,1,08:34:44.375019727
5255.0,3,08:34:44.375168158
5255.0,4,08:34:44.382894132
5255.0,8,08:34:44.385063218
5255.0,3,08:34:47.352356078
5255.0,2,08:34:47.352477780
5255.0,4,08:34:47.352477780
5255.0,3,08:34:47.352477780
5255.0,1,08:34:47.352507332
5255.0,2,08:34:47.352617462
5255.0,2,08:34:47.352683003
5255.0,1,08:34:47.352683003
5255.0,4,08:34:47.352760134
5255.0,1,08:34:47.352832379
5255.0,2,08:34:47.353324273
5255.0,1,08:34:47.353547919
5255.0,2,08:34:47.353922596
5255.0,1,08:34:47.354451054
5255.0,1,08:34:48.040457322
5255.0,12,08:34:48.879169236
5255.0,5,08:34:48.887917525
5255.0,1,08:34:48.938568909
5255.0,1,08:34:49.284785197
5255.25,2,08:34:50.210620481
5255.25,2,08:34:50.210643873
5255.25,18,08:34:50.211394346
5255.25,1,08:34:50.211486733
5255.25,4,08:34:50.211559645
5255.25,2,08:34:52.758698386
5255.5,1,08:34:53.199931847
5255.5,1,08:34:54.992509744
5255.5,1,08:34:56.266235166
5255.5,3,08:34:56.266345929
5255.5,1,08:34:56.266345929
5255.5,1,08:34:56.266405338
5255.5,1,08:34:56.266463698
5255.5,1,08:34:56.266502022
5255.5,2,08:34:56.266583416
5255.5,1,08:34:57.204648340
5255.75,1,08:34:57.301252531
5255.5,22,08:34:59.923337154
5255.5,2,08:34:59.923763319
5255.5,2,08:34:59.923844325
5255.5,5,08:34:59.924131467
5255.75,1,08:35:00.806828535
5255.5,1,08:35:00.976693096
5255.5,4,08:35:01.510912143
5255.25,2,08:35:03.655186537
5255.25,1,08:35:04.296314445
5255.25,8,08:35:06.898376036
5255.25,1,08:35:06.898869655
5255.25,1,08:35:08.527437558
5255.0,4,08:35:11.486962594
5255.0,4,08:35:11.487055117
5255.0,2,08:35:11.487144309
5255.0,1,08:35:11.487144309
5255.0,8,08:35:11.487300117
5255.0,2,08:35:12.811660378
5255.0,1,08:35:12.811680225
5255.0,3,08:35:12.811851908
5255.0,1,08:35:12.811967763
5255.0,3,08:35:12.811967763
5255.0,2,08:35:12.812688866
5255.0,1,08:35:12.812941313
5255.0,1,08:35:13.913758934
5255.0,1,08:35:13.914383843
5254.75,1,08:35:14.751231078
5254.75,1,08:35:14.751242713
5254.75,1,08:35:14.932523625
5255.0,1,08:35:15.720735232
5255.0,5,08:35:15.721007906
5255.0,1,08:35:15.722203316
5255.0,2,08:35:15.723350120
5255.0,2,08:35:15.724153345
5255.0,1,08:35:15.724153345
5255.0,1,08:35:15.724312085
5255.0,1,08:35:17.100174264
5255.0,1,08:35:17.100255805
5255.0,2,08:35:17.100255805
5255.0,4,08:35:17.100307591
5255.0,4,08:35:17.100731827
5255.0,1,08:35:18.138931401
5255.0,1,08:35:18.320537740
5255.0,4,08:35:19.823271968
5255.25,1,08:35:20.260525887
5255.0,6,08:35:20.791347700
5255.0,1,08:35:22.896288153
5255.0,1,08:35:22.929023924
5255.0,1,08:35:22.929281554
5255.0,1,08:35:22.929542155
5255.0,2,08:35:22.929903609
5255.0,1,08:35:22.930100589
5255.0,3,08:35:22.930137515
5255.0,3,08:35:22.930370606
5255.0,1,08:35:22.930633189
5254.75,2,08:35:24.294009799
5255.0,1,08:35:24.294913965
5255.0,1,08:35:24.295082029
5255.0,1,08:35:24.295132100
5255.0,4,08:35:24.295210524
5255.0,1,08:35:24.295458241
5255.0,2,08:35:24.295687027
5255.0,2,08:35:24.441217139
5255.0,2,08:35:25.820248534
5255.0,7,08:35:26.129042320
5255.0,1,08:35:26.129447426
5255.0,4,08:35:26.129837671
5255.0,1,08:35:26.129884442
5255.0,1,08:35:26.215536804
5254.75,2,08:35:26.778833890
5255.0,1,08:35:26.935220212
5255.0,1,08:35:27.064132841
5254.75,1,08:35:27.283537017
5255.0,2,08:35:28.695771852
5255.0,1,08:35:28.696088601
5254.75,1,08:35:31.141231996
5254.75,1,08:35:31.542249457
5255.0,1,08:35:32.189177076
5254.75,1,08:35:34.662344680
5254.75,1,08:35:34.662353605
5254.75,1,08:35:34.771468563
5254.75,2,08:35:35.895276152
5255.0,1,08:35:36.566326168
5255.0,1,08:35:36.566400835
5255.0,1,08:35:37.019777647
5254.75,2,08:35:38.850945519
5254.75,1,08:35:40.199011717
5255.0,1,08:35:40.428396783
5255.0,4,08:35:40.432193787
5255.0,1,08:35:40.432383852
5255.0,22,08:35:40.432590458
5255.0,4,08:35:40.432943867
5255.0,2,08:35:40.433162075
5255.0,1,08:35:40.433200170
5255.0,1,08:35:40.433344240
5255.0,1,08:35:40.433403217
5255.0,4,08:35:40.535187724
5255.0,3,08:35:40.535581405
5255.0,1,08:35:40.535893411
5254.75,35,08:35:41.075927743
5255.0,5,08:35:41.075927743
5254.75,1,08:35:41.752709083
5254.75,2,08:35:42.753161519
5254.75,1,08:35:42.861346897
5254.75,1,08:35:44.019606666
5255.0,10,08:35:44.024015196
5255.0,1,08:35:44.024069850
5255.0,1,08:35:44.024583051
5255.0,1,08:35:44.030376972
5255.0,2,08:35:44.030602177
5255.0,1,08:35:44.030687071
5255.0,1,08:35:44.031298690
5255.0,1,08:35:45.155233170
5254.75,1,08:35:45.691256041
5255.0,4,08:35:47.884217889
5255.0,1,08:35:47.884408779
5255.0,3,08:35:47.884468172
5255.0,1,08:35:47.884715597
5255.0,1,08:35:47.884911058
5255.0,1,08:35:47.902708966
5255.0,5,08:35:47.902807560
5255.0,2,08:35:47.903251867
5255.0,1,08:35:47.903493590
5255.0,3,08:35:47.903661315
5255.0,2,08:35:47.903885160
5255.0,2,08:35:47.989417080
5255.0,1,08:35:48.581205491
5255.0,3,08:35:48.608549118
5255.0,1,08:35:48.608733230
5255.0,1,08:35:48.609441661
5255.0,1,08:35:48.609760189
5255.0,1,08:35:48.624938940
5255.0,3,08:35:48.820565354
5255.0,1,08:35:50.458852591
5255.0,1,08:35:51.380189490
5254.75,1,08:35:51.659817668
5254.75,3,08:35:52.487940419
5254.75,3,08:35:52.487994139
5254.75,2,08:35:52.488390279
5254.75,1,08:35:52.488432536
5254.75,2,08:35:52.488493303
5254.75,2,08:35:52.488521132
5254.75,1,08:35:53.385569131
5254.75,2,08:35:53.385622873
5254.75,7,08:35:53.385864855
5254.75,1,08:35:53.386110799
5254.75,2,08:35:53.767618778
5254.75,1,08:35:56.954825777
5254.5,1,08:35:58.116920426
5254.5,1,08:35:58.116930129
5254.5,2,08:35:58.116930129
5254.5,1,08:35:58.241198622
5254.5,1,08:36:00.393898565
5254.75,10,08:36:01.017394788
5254.75,3,08:36:01.210666812
5254.75,1,08:36:02.405801567
5254.75,2,08:36:04.923887930
5254.5,1,08:36:05.848728192
5254.5,1,08:36:06.008597672
5254.5,1,08:36:08.170939368
5254.75,6,08:36:08.881141741
5254.75,1,08:36:08.881479655
5255.0,3,08:36:10.912118551
5255.0,1,08:36:10.912275911
5255.0,4,08:36:10.912275911
5255.0,3,08:36:10.912275911
5255.0,2,08:36:10.912334380
5255.0,1,08:36:10.912519638
5255.0,4,08:36:10.912519638
5255.0,2,08:36:10.912519638
5255.0,1,08:36:10.912787138
5255.0,2,08:36:10.912983385
5255.0,1,08:36:10.913022496
5255.0,1,08:36:10.926294780
5255.0,1,08:36:10.926477014
5255.0,1,08:36:10.926958908
5255.0,4,08:36:11.386134578
5255.0,1,08:36:11.386359286
5255.25,11,08:36:12.632073176
5255.25,2,08:36:12.632475238
5255.25,1,08:36:12.632706392
5255.25,7,08:36:12.632832924
5255.25,2,08:36:12.633094211
5255.25,1,08:36:12.633201588
5255.25,2,08:36:12.776084422
5255.25,4,08:36:12.955412450
5255.25,1,08:36:13.086151154
5255.25,1,08:36:13.944112280
5255.25,1,08:36:16.026610640
5255.5,1,08:36:17.174724038
5255.25,1,08:36:19.394400522
5255.25,4,08:36:21.186924692
5255.25,1,08:36:26.898774029
5255.5,1,08:36:27.177461989
5255.5,2,08:36:28.137718588
5255.5,10,08:36:28.177803260
5255.5,1,08:36:29.537390877
5255.25,3,08:36:30.092437881
5255.25,4,08:36:30.582101449
5255.5,1,08:36:30.820816737
5255.25,1,08:36:30.823685838
5255.25,4,08:36:31.111340133
5255.25,3,08:36:31.111592678
5255.25,3,08:36:31.111679701
5255.25,1,08:36:31.111679701
5255.25,10,08:36:31.111956833
5255.25,2,08:36:31.112052281
5255.25,1,08:36:31.112114334
5255.25,1,08:36:31.112469340
5255.25,1,08:36:31.112543587
5255.25,4,08:36:31.112599806
5255.25,1,08:36:31.112627468
5255.25,1,08:36:31.114795825
5255.25,7,08:36:31.115220153
5255.25,1,08:36:31.115433623
5255.25,3,08:36:31.177250520
5255.25,1,08:36:36.396505435
5255.25,7,08:36:37.866547069
5255.25,1,08:36:37.866725671
5255.25,1,08:36:37.866793138
5255.25,1,08:36:37.866827728
5255.25,2,08:36:37.866889338
5255.25,5,08:36:37.867022742
5255.25,7,08:36:37.867241310
5255.25,7,08:36:38.900595077
5255.25,1,08:36:38.900823321
5255.25,2,08:36:38.901012897
5255.25,1,08:36:38.901062082
5255.25,5,08:36:38.901189698
5255.25,2,08:36:38.901325431
5255.25,1,08:36:41.284163752
5255.25,2,08:36:42.715859858
5255.5,21,08:36:54.705729098
5255.5,6,08:36:54.705845032
5255.5,3,08:36:54.706131471
5255.5,1,08:36:54.706801299
5255.5,1,08:36:54.714140679
5255.5,1,08:36:54.714170231
5255.5,1,08:36:54.720782704
5255.5,4,08:36:55.349632691
5255.5,2,08:36:55.349991895
5255.5,1,08:36:55.350559260
5255.5,2,08:36:55.535862262
5255.5,1,08:36:56.082387684
5255.5,1,08:36:59.298459483
5255.5,2,08:36:59.298548352
5255.5,1,08:36:59.298548352
5255.5,1,08:36:59.298646344
5255.5,2,08:36:59.298646344
5255.5,1,08:36:59.298699864
5255.5,6,08:36:59.299594549
5255.5,1,08:36:59.643089125
5255.25,1,08:36:59.815830281
5255.25,3,08:36:59.815911457
5255.25,2,08:36:59.815963471
5255.25,4,08:36:59.816073758
5255.25,1,08:36:59.816223131
5255.25,4,08:36:59.816223131
5255.25,1,08:36:59.816253678
5255.25,2,08:36:59.817197672
5255.25,2,08:36:59.818865514
5255.25,2,08:36:59.819012201
5255.25,1,08:36:59.819083159
5255.25,4,08:36:59.879659367
5255.25,1,08:36:59.879835879
5255.25,1,08:36:59.888631416
5255.25,2,08:37:00.269195462
5255.25,1,08:37:01.031607718
5255.25,1,08:37:01.741753010
5255.0,3,08:37:01.814933516
5255.0,1,08:37:01.814942735
5255.0,2,08:37:01.815167095
5255.0,1,08:37:01.815384303
5255.0,4,08:37:03.219841501
5255.0,1,08:37:03.423721696
5255.25,1,08:37:04.130467897
5255.25,1,08:37:04.362995555
5255.0,18,08:37:06.192205426
5254.75,1,08:37:07.170779397
5255.0,1,08:37:07.691520856
5254.75,5,08:37:07.944886993
5254.75,1,08:37:07.945046213
5254.75,1,08:37:08.139589399
5254.75,1,08:37:08.338181857
